2423 3861
91 2035 235 2063 Titulus.

90 2154 239 2182 Verbum

77 2198 138 2227 Dei
151 2219 157 2233 ‚
172 2199 251 2226 fons

73 2241 257 2275 sapientiae.

101 2933 243 2963 Diversa

76 2977 263 3012 proverbia.

849 144 989 185 Pssov.
1020 142 1199 195 XXIX,
1238 142 1290 183 17
1323 167 1382 172 —
1411 141 1563 196 XXX
1599 142 1665 183 10.

641 318 685 358 et
709 313 815 368 justi
838 312 987 354 ruinas
1009 325 1159 353 eorum
1184 310 1412 352 videbunt.

528 373 559 399 ¹⁷
584 372 719 415 Erudi
746 371 888 413 filium
913 376 1062 425 tuum,
1087 374 1130 412 et
1154 369 1441 424 refrigerabit
1465 374 1528 424 te,

640 436 682 473 et
708 430 833 473 dabit
855 429 1036 472 delicias
1063 429 1226 471 animae
1249 434 1352 471 tuae.

525 490 558 515 1⁸
581 490 694 533 Cum
716 489 949 546 prophetia
977 488 1213 543 defecerit,
1242 487 1531 544 dissipabitur
1552 487 1768 544 populus3

641 549 714 605 qui
737 563 840 591 vero
866 547 1060 591 custodit
1082 548 1229 604 legem
1250 547 1408 590 beatus
1433 551 1511 589 est.

528 609 561 634 ¹⁰
582 610 742 652 Servus
769 607 915 650 verbis
941 622 1028 650 non
1056 612 1202 664 potest
1228 606 1412 661 erudiri,

641 668 743 725 quia
766 667 881 723 quod
904 666 1014 709 dicis
1036 666 1270 722 intelligit,
1295 671 1338 709 et
1362 665 1626 722 respondere
1653 664 1914 709 contemnit.

523 727 560 753 ‘2⁰
582 727 748 770 Vidisti
771 726 998 770 hominem
1024 727 1223 780 velocem
1248 726 1305 768 ad
1331 725 1604 781 loquendum
1623 724 1644 767 ’ἓ

612 786 803 830 stultitia
826 786 968 842 magis
996 786 1214 843 speranda
1237 791 1303 829 est
1329 799 1462 841 quam
1487 784 1607 827 illius
1631 783 1864 841 correptio.

523 845 557 870 ‘2¹
582 846 664 896 Qui
691 846 882 889 delicate
906 861 932 889 a
958 846 1150 903 pueritia
1175 845 1315 888 nutrit
1336 859 1513 888 servum
1539 858 1668 887 suum

642 911 796 963 postea
817 905 979 949 sentiet
1006 920 1107 949 eum
1129 911 1452 948 contumacem.

525 963 562 990 22
582 966 665 1008 Vir
685 965 924 1009 iracundus
949 970 1160 1022 provocat
1180 965 1320 1020 rixas,

646 1031 689 1068 et
703 1025 776 1081 qui
793 1025 851 1068 ad
869 1024 1201 1081 indignandum
1220 1023 1371 1067 facilis
1387 1028 1454 1066 est
1472 1022 1555 1066 erit
1568 1022 1625 1065 ad
1639 1021 1920 1080 peccandum
1933 1020 2190 1080 proclivior*

527 1084 564 1110 ‘23
585 1085 833 1141 Superbum
855 1085 1054 1140 sequitur
1075 1084 1329 1140 humilitas,

645 1151 688 1188 et
714 1144 929 1187 humilem
955 1144 1113 1201 spiritu
1135 1143 1349 1200 suscipiet
1373 1141 1528 1198 gloria.

526 1204 562 1230 ”24
583 1204 667 1255 Qui
691 1219 792 1247 cum
818 1204 918 1247 fure
945 1203 1186 1261 participat
1212 1202 1305 1246 odit
1329 1202 1529 1245 animam
1551 1216 1703 1256 suam3

643 1264 929 1321 adjurantem
954 1264 1101 1319 audit,
1130 1269 1174 1306 et
1199 1278 1287 1305 non
1309 1262 1493 1305 indicat.

527 1323 564 1349 ‘25
584 1324 668 1374 Qui
690 1324 818 1367 timet
840 1323 1067 1366 hominem
1086 1323 1174 1366 cito
1201 1328 1373 1365 corruet
1391 1339 1400 1377 ς

645 1383 719 1440 qui
746 1389 896 1441 sperat
919 1383 966 1425 in
990 1383 1183 1426 Domino
1209 1382 1530 1425 sublevabitur.
1568 1387 1571 1390 '

528 1442 565 1468 ”2⁶
583 1443 715 1486 Multi
737 1444 966 1499 requirunt
988 1443 1156 1486 faciem
1178 1443 1413 1500 principis,

645 1508 690 1546 et
710 1502 931 1558 judicium
956 1518 983 1546 a
1010 1503 1204 1546 Domino
1231 1502 1458 1558 egreditur
1483 1501 1773 1558 singulorum.

528 1561 563 1587 2⁷
586 1562 917 1605 Abominantur
937 1562 1047 1618 justi
1074 1562 1221 1604 virum
1242 1561 1452 1618 impium,

648 1633 691 1665 et
717 1622 1036 1664 abominantur
1060 1621 1188 1678 impii
1216 1635 1288 1663 eos
1316 1621 1389 1676 qui
1411 1620 1459 1662 in
1479 1624 1602 1663 recta
1628 1625 1731 1662 sunt
1756 1620 1843 1663 via.

589 1681 787 1724 Verbum
815 1681 1068 1724 custodiens
1095 1680 1212 1722 filius

647 1748 770 1784 extra
795 1740 1088 1796 perditionem
1112 1740 1206 1782 erit.

687 1880 707 1932 ξ
732 1878 796 1920 Π.
817 1903 877 1910 --
902 1877 1176 1922 Collectionis
1199 1877 1450 1935 recentioris
1471 1877 1695 1933 appendia·
1709 1877 1849 1932 prior.

411 2008 515 2052 CAP.
543 2009 688 2051 XXX.
712 2034 772 2041 —
796 2008 807 2033 ³
830 2008 978 2051 Verba
1004 2006 1352 2064 Congregantis‚
1380 2006 1461 2049 filii
1484 2006 1732 2050 Vomentis.
1760 2005 1888 2050 Visio
1914 2020 2046 2062 quam
2071 2005 2189 2050 locu-

350 2071 421 2110 tus
444 2072 510 2110 est
533 2067 601 2109 vir
623 2082 722 2110 cum
747 2082 832 2123 quo
855 2072 921 2111 est
946 2069 1079 2123 Deus,
1101 2072 1144 2111 et
1162 2067 1236 2123 qui
1262 2068 1357 2109 Deo
1382 2080 1534 2109 secum
1557 2070 1758 2109 morante
1784 2065 2077 2120 confortatus,
2095 2065 2159 2109 ait
2182 2082 2197 2109 ;

361 3673 409 3706 23]
424 3673 491 3700 Job
517 3668 520 3671 ⁴

548 2125 565 2151 ²
585 2126 884 2170 Stultissimus
909 2142 1007 2170 sum
1030 2127 1245 2182 virorum,

648 2193 691 2230 et
717 2186 938 2243 sapientia
962 2187 1194 2229 hominum
1216 2201 1304 2229 non
1331 2191 1397 2230 est
1423 2200 1612 2228 mecum.

549 2246 567 2272 3
587 2246 688 2289 Non
714 2246 851 2289 didici
876 2247 1164 2303 sapientiam,

648 2312 692 2350 et
712 2320 801 2349 non
827 2307 931 2349 novi
956 2306 1194 2349 scientiam
1216 2310 1482 2350 sanctorum.

550 2364 567 2391 4
588 2365 694 2416 Quis
716 2365 919 2409 ascendit
943 2365 990 2408 in
1017 2366 1199 2421 caelum,
1227 2371 1361 2421 atque
1387 2365 1655 2409 descendit?

649 2425 755 2475 Quis
778 2425 999 2468 continuit
1024 2425 1229 2482 spiritum
1254 2425 1302 2467 in
1324 2425 1531 2468 manibus
1558 2424 1683 2468 suis?

652 2484 758 2535 Quis
784 2485 1018 2541 colligavit
1042 2499 1180 2541 aquas
1207 2485 1334 2541 quasi
1355 2485 1402 2527 in
1427 2484 1731 2538 vestimento?

652 2544 759 2595 Quis
784 2544 1018 2587 suscitavit
1044 2559 1195 2590 omnes
1221 2544 1434 2588 terminos
1460 2549 1588 2587 terrae
1608 2543 1630 2586 ⁴?

652 2603 776 2655 Quod
801 2618 962 2647 nomen
989 2610 1055 2648 est
1080 2605 1198 2661 ejus,
1226 2609 1271 2647 et
1296 2604 1412 2660 quod
1434 2617 1596 2646 nomen
1620 2602 1701 2645 filii
1728 2602 1845 2660 ejus,
1869 2604 1906 2647 si
1930 2603 2086 2647 nosti?

553 2664 570 2690 5
592 2663 747 2707 Omnis
773 2678 915 2707 sermo
941 2664 1024 2707 Dei
1048 2664 1239 2720 ignitus,

655 2723 836 2780 clypeus
860 2729 926 2767 est
951 2723 1232 2780 sperantibus
1257 2723 1304 2765 in
1330 2726 1389 2767 se'.

553 2783 570 2809 ⁶
592 2784 659 2826 Ne
685 2783 824 2826 addas
847 2783 1090 2839 quidquam
1116 2783 1262 2826 verbis
1287 2782 1430 2838 illius,

653 2848 697 2886 et
721 2842 943 2899 arguaris,
966 2841 1296 2898 inveniarisque
1321 2841 1529 2888 mendax,

554 2902 570 2928 ⁷
593 2903 690 2946 Duo
710 2901 865 2958 rogavi
891 2907 954 2958 te,

655 2976 710 3005 ne
734 2962 923 3017 deneges
950 2962 1058 3005 mihi
1082 2967 1322 3018 antequam
1347 2961 1510 3004 moriar
1541 2977 1551 3005 :

555 3020 573 3047 ⁸
594 3021 856 3064 Vanitatem
878 3026 922 3064 et
946 3022 1081 3064 verba
1107 3021 1344 3065 mendacia
1367 3020 1500 3076 longe
1525 3020 1602 3063 fac
1626 3034 1653 3062 a
1678 3034 1760 3063 me.

656 3079 995 3124 Mendicitatem
1021 3086 1064 3124 et
1090 3081 1271 3124 divitias
1293 3095 1348 3124 ne
1371 3079 1544 3124 dederis
1571 3078 1680 3122 mihi
1701 3095 1710 3134 3

657 3140 801 3183 tribue
826 3144 1002 3183 tantum
1027 3140 1167 3183 victui
1189 3155 1287 3184 meo
1313 3139 1586 3194 necessaria3

558 3198 575 3225 9
595 3213 650 3242 ne
675 3199 793 3242 forte
814 3200 1001 3242 satiatus
1026 3199 1191 3243 illiciar
1215 3200 1272 3242 ad
1299 3199 1576 3255 negandum,

659 3264 701 3302 et
727 3258 874 3301 dicam
904 3276 911 3302 :
940 3259 1045 3309 Quis
1072 3264 1138 3302 est
1165 3257 1420 3302 Dominus?

600 3323 680 3361 aut
703 3323 901 3374 egestate
924 3319 1198 3375 compulsus,
1224 3319 1360 3372 furer,

658 3382 701 3421 et
726 3376 948 3434 perjurem
976 3392 1136 3420 nomen
1163 3377 1245 3420 Dei
1269 3377 1369 3420 mei.

540 3435 577 3462 1⁰
600 3437 667 3479 Ne
691 3450 873 3479 accuses
899 3450 1073 3478 servum
1100 3436 1156 3479 ad
1180 3437 1411 3479 dominum
1436 3449 1583 3490 suum,

658 3510 712 3538 ne
736 3496 853 3538 forte
879 3494 1119 3537 maledicat
1142 3495 1244 3550 tibi,
1273 3502 1316 3538 et
1342 3508 1530 3538 corruas,

562 3668 694 3703 1⁷11,ss9.
716 3684 751 3689 -
768 3670 798 3702 5]
817 3669 870 3697 ΡΞ.
888 3668 950 3703 XI,
972 3671 996 3695 7-
1015 3683 1051 3687 -—
1064 3669 1093 3702 6]
1111 3669 1208 3695 Dcut.
1229 3668 1283 3701 JV,
1302 3669 1318 3694 2
1333 3669 1366 3694 ct
1386 3668 1465 3700 xil,
1481 3670 1526 3696 32.

2415 450 2423 536 —-=.a.
2410 411 2413 415 '
