2456 3861
567 114 630 156 IV
667 114 778 157 REG.
814 114 946 168 XIX,
984 115 1034 157 17
1069 140 1127 146 —
1158 114 1264 167 XX,
1298 115 1338 157 3.
1785 117 1865 159 371

42 291 89 330 et
111 284 242 339 vide3
277 284 379 327 audi
415 284 563 326 omnia
590 284 723 327 verba
748 284 1059 340 Sennacherib,
1089 284 1162 340 qui
1196 285 1317 328 misit
1348 290 1397 328 ut
1429 284 1711 342 exprobraret
1743 285 1869 329 nobis

46 345 189 388 Deum
217 343 453 387 viventem.
485 342 515 369 ¹⁷
535 343 660 398 Vere,
683 343 884 398 Domine,
905 343 1233 399 dissipaverunt
1254 358 1380 400 reges
1399 343 1679 400 Assyriorum
1699 349 1866 400 gentes,

41 409 87 447 et
111 407 248 446 terras
278 402 497 457 omnium,
530 401 564 428 ¹⁸
591 408 633 444 et
660 401 872 445 miserunt
898 402 1001 445 deos
1030 416 1179 446 eorum
1205 403 1249 445 in
1284 403 1458 458 ignem3
1485 416 1570 446 non
1597 403 1716 446 enim
1745 408 1871 446 erant

41 461 125 517 dii,
148 461 224 505 sed
251 475 381 516 opera
408 475 617 503 manuum
647 460 877 503 hominum
910 475 964 504 ex
990 460 1111 516 ligno
1141 466 1184 504 ct
1213 461 1381 517 lapide,
1405 466 1448 504 et
1472 461 1759 518 perdiderunt
1783 476 1868 506 eos.

45 520 79 546 ¹⁰
101 521 231 563 Nunc
263 519 412 574 igitur,
449 519 638 562 Domine
673 520 792 562 Deus
825 524 984 574 noster,
1011 520 1156 562 salvos
1189 534 1267 563 nos
1303 521 1379 563 fac
1413 520 1466 563 de
1503 535 1637 563 manu
1671 520 1787 577 ejus,
1822 526 1872 564 ut

40 579 186 621 sciant
210 577 359 621 omnia
380 592 517 634 regna
543 583 670 620 terrae
696 577 800 633 quia
823 582 871 620 tu
898 592 942 621 es
971 577 1185 621 Dominus
1211 580 1328 622 Deus
1354 580 1483 623 solus.

101 636 137 664 ²⁰
161 637 286 680 Misit
314 642 464 679 autem
499 636 660 692 Isaias,
687 636 802 678 filius
833 637 992 690 Amos,
1018 636 1074 679 ad
1110 637 1367 693 Ezechiam,
1395 638 1546 681 dicens
1572 655 1581 682 ε
1615 639 1728 683 Haec
1762 639 1872 683 dicit

41 695 279 752 Dominus,
308 697 425 738 Deus
458 694 596 738 lsrael
623 711 631 738 :
658 694 765 744 Quae
792 694 1053 751 deprecatus
1078 709 1122 738 es
1157 709 1226 738 1118
1259 709 1389 751 super
1422 697 1742 754 Sennacherib,
1768 712 1871 754 rege

39 755 344 812 Assyriorum,
371 754 536 797 audivi.
570 752 603 780 2¹
632 753 724 796 Iste
749 757 815 796 est
839 767 981 796 sermo
1006 767 1137 808 quem
1163 753 1335 796 locutus
1365 759 1430 797 est
1458 756 1674 798 Dominus
1704 757 1757 800 de
1783 771 1834 800 eo
1860 774 1870 802 :

39 813 216 870 Sprevit
247 819 311 869 te,
340 817 383 856 et
407 812 697 855 subsannavit
721 817 785 867 te,
811 812 937 868 virgo
971 811 1062 854 filia
1088 812 1220 868 Sion3
1247 818 1347 869 post
1378 817 1554 869 tergum
1587 819 1713 857 tuum
1739 821 1873 872 caput

40 873 200 929 movit,
227 872 320 915 filia
344 872 607 915 Jerusalem.
635 869 672 896 2⁹²
693 871 772 915 Cui
800 870 1097 927 exprobrasti,
1121 876 1164 914 et
1188 885 1319 927 quem
1340 871 1660 928 blasphemasti
1675 874 1696 917 ἱ)
1720 880 1873 917 0011113

37 946 171 988 quem
197 931 404 975 exaltasti
430 945 586 974 vocem
611 935 754 986 tuam,
781 935 825 974 et
850 930 1033 974 elevasti
1059 929 1106 972 in
1132 931 1356 974 excelsum
1381 931 1529 974 oculos
1555 932 1682 975 tuos?
1710 932 1874 976 Contra

38 992 253 1035 Sanctum
279 990 430 1034 Israel.
454 989 492 1017 23
517 991 600 1033 Per
621 1004 803 1032 manum
828 1003 1055 1034 servorum
1079 994 1252 1033 tuorum
1286 990 1562 1047 exprobrasti
1590 991 1802 1048 Domino,
1829 997 1874 1035 et

39 1050 192 1094 dixisti
226 1067 236 1094 ε
269 1050 323 1092 In
354 1049 641 1093 multitudine
675 1063 880 1092 curruum
913 1063 1112 1092 meorum
1147 1049 1327 1092 ascendi
1366 1049 1542 1093 excelsa
1575 1050 1794 1093 montium
1825 1050 1873 1093 111

36 1109 298 1153 summitate
335 1109 516 1165 Libani,
555 1114 598 1152 et
635 1108 803 1151 succidi
837 1108 1049 1152 sublimes
1086 1108 1238 1152 cedros
1271 1109 1389 1165 ejus,
1428 1114 1471 1153 et
1504 1109 1667 1153 electas
1704 1109 1873 1153 abietes

39 1168 174 1212 illius.
205 1169 262 1212 Et
291 1169 515 1225 ingressus
542 1183 639 1211 sum
661 1182 797 1224 usque
822 1168 879 1211 ad
911 1168 1123 1211 terminos
1149 1167 1267 1225 ejus,
1295 1174 1338 1212 et
1363 1169 1528 1212 saltum
1558 1168 1749 1213 Carmeli
1775 1169 1871 1225 ejus

39 1227 77 1254 24
103 1243 184 1285 ego
209 1228 391 1271 succidi.
417 1229 475 1271 Et
499 1227 591 1270 bibi
614 1242 750 1283 aquas
775 1227 963 1283 alienas,
991 1232 1033 1270 et
1059 1228 1224 1271 siccavi
1254 1228 1457 1284 vestigiis
1485 1228 1649 1285 pedum
1675 1242 1872 1272 meorum

37 1302 193 1331 01111188
217 1302 353 1344 aquas
379 1287 565 1330 clausas.
588 1285 625 1313 ²5
643 1286 871 1343 Numquid
897 1300 983 1329 non
1005 1287 1169 1330 audisti
1192 1287 1297 1343 quid
1322 1287 1378 1330 ab
1403 1287 1532 1330 initio
1557 1287 1776 1331 fecerim?
1803 1289 1873 1330 Ex

38 1347 196 1390 diebus
221 1346 414 1402 antiquis
440 1345 659 1403 plasmavi
680 1345 813 1401 illud,
841 1351 884 1388 et
909 1360 1026 1388 nunc
1047 1345 1214 1389 adduxi
1236 1364 1244 1401 ;
1273 1351 1487 1402 eruntque
1511 1346 1558 1389 in
1583 1346 1758 1389 ruinam
1783 1347 1871 1390 col-

39 1405 151 1448 lium
190 1405 487 1464 pugnantium
529 1404 732 1448 civitates
774 1404 972 1448 munitae.
1015 1403 1051 1431 33
1080 1406 1138 1448 Ε1
1174 1405 1247 1461 (1111
1289 1405 1444 1449 88(18111
1477 1406 1524 1448 111
1561 1406 1642 1462 818,
1680 1406 1870 1449 humiles

39 1479 194 1521 manu,
222 1468 579 1508 contremuerunt
604 1468 646 1506 et
672 1463 847 1506 confusi
880 1468 1009 1518 sunt3
1044 1464 1157 1506 facti
1189 1470 1294 1507 sunt
1324 1464 1448 1508 velut
1477 1465 1651 1508 foenum
1683 1465 1801 1521 agri,
1829 1470 1872 1508 et

38 1524 186 1567 virens
208 1523 344 1566 herba
365 1527 603 1578 tectorum,
630 1536 729 1578 quae
763 1522 963 1565 arefacta
989 1527 1055 1566 est
1086 1527 1326 1579 antequam
1358 1524 1530 1567 veniret
1557 1524 1615 1566 ad
1640 1524 1870 1567 maturita-

37 1588 143 1626 tem.
182 1582 217 1609 9⁷
244 1581 568 1625 Habitaculum
601 1586 747 1637 tuum,
784 1587 828 1625 et
865 1595 1090 1638 egressum
1114 1586 1261 1638 tuum,
1301 1588 1344 1626 et
1375 1583 1608 1626 introitum
1643 1587 1789 1639 tuum,
1828 1587 1872 1626 et

37 1642 160 1685 viam
184 1647 308 1685 tuam
334 1655 413 1697 ego
439 1641 666 1698 praescivi,
690 1645 734 1684 et
758 1641 955 1684 furorem
979 1646 1106 1684 tuum
1133 1647 1284 1684 contra
1310 1656 1399 1687 me.
1420 1641 1456 1668 28
1475 1642 1688 1685 Insanisti
1709 1642 1757 1684 in
1779 1656 1869 1697 me,

35 1706 84 1745 et
107 1701 313 1758 superbia
337 1705 415 1743 tua
439 1700 643 1744 ascendit
673 1700 720 1743 in
752 1714 878 1743 aures
913 1715 1060 1755 meas3
1098 1715 1261 1758 ponam
1293 1701 1444 1757 itaque
1469 1701 1683 1744 circulum
1714 1701 1762 1743 in
1794 1715 1870 1743 na·
1884 1746 1896 1755 Δ,

34 1760 158 1804 ribus
192 1760 278 1804 tuis
314 1765 358 1804 et
394 1774 573 1803 camum
607 1759 654 1802 111
690 1759 821 1803 labiis
857 1760 965 1816 tuis,
1003 1764 1047 1803 et
1082 1760 1292 1803 reducam
1324 1765 1368 1805 te
1399 1761 1446 1803 in
1477 1760 1598 1803 viam
1630 1774 1707 1817 per
1739 1774 1871 1816 quam

35 1819 214 1864 venisti.
240 1818 277 1845 ‘²⁹
301 1819 403 1863 Tibi
428 1824 598 1876 autem,
623 1819 836 1876 Ezechia,
858 1820 941 1863 hoc
967 1819 1049 1863 erit
1073 1819 1252 1876 signum
1274 1836 1283 1864 ε
1311 1819 1504 1864 Comede
1527 1820 1609 1863 hoc
1634 1833 1750 1863 anno
1773 1833 1870 1875 quae

35 1879 269 1936 repereris,
294 1879 342 1922 in
367 1879 560 1922 secundo
585 1883 735 1922 autem
765 1893 882 1922 anno
904 1893 1003 1935 quae
1028 1883 1185 1936 sponte
1209 1884 1477 1934 nascuntur3
1513 1893 1639 1936 porro
1668 1878 1715 1921 in
1740 1878 1871 1922 tertio

34 1952 155 1981 anno
186 1938 403 1981 seminate
436 1943 480 1982 et
511 1938 687 1995 metite,
713 1938 914 1994 plantate
947 1938 1120 1995 vineas,
1148 1943 1192 1981 et
1224 1938 1442 1982 comedite
1474 1938 1673 1981 fructum
1705 1952 1869 1982 earum.

34 1996 76 2024 3⁰
98 1998 155 2040 Et
188 1997 496 2053 quodcumque
527 1997 747 2053 reliquum
778 1997 915 2042 fuerit
949 1997 1003 2041 (18
1029 1998 1157 2042 (101110
1191 1998 1219 2041 d
1225 1998 1313 2041 uda
1345 1997 1494 2041 mittet
1524 1997 1721 2041 radicem
1748 1997 1870 2040 deor-

33 2071 155 2113 sum,
180 2062 224 2100 et
246 2057 388 2099 faciet
411 2057 611 2100 fructum
636 2071 809 2100 sursum
831 2074 839 2101 :
866 2056 899 2083 3¹
924 2058 978 2101 de
1006 2057 1256 2101 Jerusalem
1283 2058 1444 2114 quippe
1469 2057 1750 2113 egredientur
1769 2056 1869 2100 reli-

34 2116 175 2171 quiae‚
202 2120 245 2159 et
270 2115 386 2171 quod
418 2116 614 2159 salvetur
646 2116 700 2159 de
725 2121 875 2160 monte
908 2116 1039 2172 Sion3
1074 2118 1194 2160 zelus
1221 2117 1402 2160 Domini
1433 2116 1706 2160 exercituum
1731 2115 1869 2158 faciet

36 2175 136 2218 hoc.
162 2174 198 2202 3'2
219 2175 515 2226 Quamobrem
538 2175 636 2218 haec
661 2175 770 2218 dicit
801 2175 1015 2219 Dominus
1042 2176 1096 2220 de
1119 2191 1224 2233 rege
1256 2176 1537 2233 Assyriorum
1562 2192 1570 2220 ι
1598 2176 1698 2219 Νο11
1722 2175 1869 2231 ingre-

35 2233 185 2277 dietur
205 2234 361 2278 urbem
388 2235 524 2290 hanc,
547 2249 628 2278 nec
650 2234 799 2278 mittet
829 2234 876 2277 in
903 2249 1001 2278 eam
1026 2235 1258 2292 sagittam,
1285 2249 1367 2279 nec
1393 2235 1629 2292 occupabit
1653 2249 1753 2278 eam
1778 2233 1869 2290 cly-

37 2307 166 2350 peus,
190 2307 270 2336 nec
293 2293 587 2336 circumdabit
609 2308 707 2337 eam
733 2293 935 2338 munitio.
969 2293 1006 2320 33
1031 2295 1115 2337 Per
1139 2295 1261 2338 viam
1287 2309 1372 2350 qua
1397 2294 1521 2338 venit
1544 2299 1800 2348 revertetur,
1827 2298 1870 2336 81

36 2352 270 2396 civitatem
301 2353 416 2396 hanc
448 2367 536 2395 non
568 2353 855 2410 ingredietur,
891 2352 1001 2396 dicit
1034 2353 1264 2398 Dominus.
1298 2353 1335 2380 34
1361 2354 1683 2410 Protegamque
1715 2353 1870 2395 urbem

37 2411 173 2468 hanc,
197 2416 241 2455 et
265 2412 448 2455 salvabo
473 2427 572 2456 eam
597 2418 775 2469 propter
798 2427 888 2468 me,
916 2417 960 2456 et
984 2417 1162 2469 propter
1189 2413 1335 2456 David
1361 2427 1539 2456 servum
1564 2427 1727 2456 meum.

97 2470 133 2498 ³5
159 2472 349 2514 Factum
378 2476 444 2515 est
467 2471 605 2528 igitur
628 2471 675 2514 in
700 2476 830 2515 nocte
854 2471 953 2526 1113,
981 2473 1104 2514 venit
1135 2472 1322 2528 angelus
1353 2471 1556 2527 Domini,
1583 2476 1626 2515 et
1653 2471 1871 2528 percussit

34 2529 84 2572 111
110 2530 264 2573 castris
285 2530 568 2587 Assyriorum
594 2536 774 2575 centum
803 2531 1030 2587 octoginta
1056 2530 1248 2587 quinque
1270 2531 1424 2574 millia.
1448 2531 1648 2586 Cumque
1675 2530 1869 2574 diluculo

35 2589 319 2646 surrexisset,
344 2590 458 2633 vidit
487 2590 636 2633 omnia
665 2605 846 2647 corpora
871 2595 1168 2645 mortuorum,
1205 2594 1248 2633 et
1275 2590 1485 2633 recedens
1509 2589 1642 2642 abiit,
1672 2589 1709 2616 3⁶
1730 2595 1773 2633 et
1804 2604 1869 2633 re-

38 2662 188 2691 versus
214 2654 279 2693 est
305 2649 623 2706 Sennacherib,
650 2664 727 2693 rex
752 2649 1054 2705 Assyriorum,
1083 2654 1125 2692 et
1151 2648 1315 2692 mansit
1342 2649 1389 2691 in
1413 2648 1588 2692 Ninive.
1615 2648 1650 2675 37
1673 2648 1870 2704 Cumque

34 2708 241 2752 adoraret
272 2708 319 2751 in
355 2708 521 2765 templo
557 2709 776 2764 Nesroch,
812 2708 943 2752 deum
975 2722 1124 2764 suum,
1161 2708 1458 2752 Adramelech
1491 2713 1533 2752 et
1563 2709 1756 2763 Sarasar,
1789 2708 1870 2750 filii

36 2766 155 2823 ejuS,
182 2772 491 2824 percusserunt
522 2782 623 2811 eum
655 2768 826 2824 gladio,
853 2767 1152 2823 fugeruntque
1181 2767 1228 2809 in
1261 2773 1424 2810 terram
1457 2766 1799 2823 Armeniorum3
1827 2771 1870 2810 et

36 2826 243 2881 regnavit
267 2827 583 2883 Asarhaddon,
607 2827 723 2870 filius
746 2827 864 2883 ejus,
887 2840 965 2883 pro
987 2840 1048 2869 80.

463 2948 487 3006 ξ
522 2949 584 2992 ΙΙ.
606 2974 666 2982 —
701 2949 840 2993 Ceteri
871 2954 1042 2991 eventus
1073 2949 1198 3004 reyni
1230 2948 1447 2992 Ezechiae.

99 3063 205 3107 CAP.
229 3065 329 3107 XX.
350 3090 411 3096 ——
435 3062 449 3090 ¹
473 3065 528 3107 In
551 3064 703 3108 diebus
728 3064 818 3107 illis
843 3063 1078 3119 aegrotavit
1104 3064 1316 3107 Ezechias
1339 3078 1476 3120 usque
1500 3065 1557 3108 ad
1580 3070 1766 3109 mortem
1788 3083 1797 3120 ;
1827 3070 1870 3114 et

38 3122 162 3165 venit
190 3122 247 3165 ad
268 3137 369 3166 eum
397 3123 560 3179 Isaias,
583 3123 699 3166 filius
725 3123 883 3178 Amos,
907 3122 1140 3179 propheta,
1164 3122 1364 3179 dixitque
1392 3123 1431 3167 ei
1461 3140 1470 3168 :
1501 3124 1615 3167 Haec
1642 3124 1752 3167 dicit
1782 3125 1869 3167 Do-

41 3181 185 3224 minus
212 3183 331 3225 Deus
361 3199 370 3226 :
397 3183 596 3239 Praecipe
617 3182 767 3225 domui
798 3187 907 3237 tuae,
932 3181 1130 3225 morieris
1161 3182 1279 3225 enim
1308 3188 1376 3239 tu,
1404 3188 1446 3226 et
1468 3197 1555 3226 non
1576 3183 1713 3226 vives.
1744 3182 1762 3208 '2
1786 3183 1869 3233 Qui

36 3240 259 3283 convertit
279 3241 446 3284 faciem
470 3256 597 3284 suam
617 3242 674 3284 ad
696 3241 931 3298 parietem,
955 3245 998 3284 et
1026 3240 1168 3284 oravit
1191 3242 1453 3294 Dominum,
1479 3242 1629 3286 dicens
1655 3258 1664 3285 :
1694 3242 1712 3268 3
1733 3242 1868 3285 Obse-

43 3312 134 3355 cro,
158 3300 368 3356 Domine,
392 3306 635 3356 memento,
659 3315 826 3357 quaeso,
851 3300 1069 3356 quomodo
1092 3300 1415 3344 ambulaverim
1449 3315 1594 3344 coram
1621 3306 1663 3343 te
1684 3300 1730 3343 in
1755 3301 1866 3343 veri·
1918 3353 1923 3359 ,-

42 3360 153 3422 1318,
176 3364 220 3401 81
242 3358 289 3401 111
314 3359 443 3403 corde
465 3360 684 3416 perfecto,
709 3365 751 3403 et
780 3359 895 3415 quod
921 3358 1138 3415 placitum
1167 3364 1233 3403 est
1258 3374 1406 3403 coram
1428 3365 1472 3403 te
1499 3359 1696 3403 fecerim.
1722 3359 1868 3402 Flevit

42 3419 190 3470 {taque
212 3418 424 3461 Ezechias
446 3418 552 3461 fletu
575 3433 750 3475 magno.

41 3573 92 3606 35]
107 3573 184 3601 Tob.
204 3574 233 3609 1,
246 3576 292 3602 21,
312 3575 414 3604 Eccli.
434 3577 594 3612 XLVIII,
610 3580 655 3606 24.
679 3579 722 3606 Is.
741 3577 920 3612 XXXVII,
935 3580 981 3606 36.
1005 3578 1018 3605 1
1037 3577 1144 3605 Mach.
1164 3577 1242 3613 VH,
1259 3580 1304 3605 41.
1324 3579 1357 3605 II
1377 3578 1483 3605 Maeli.
1503 3578 1599 3613 VIII,
1618 3579 1707 3606 19.—
1724 3578 1771 3611 37]
1790 3578 1867 3606 Tob.

46 3616 82 3652 1,
97 3618 143 3644 24-
164 3634 201 3639 —
218 3622 246 3654 1]
267 3621 300 3649 11
319 3623 392 3650 Par.
410 3624 566 3658 XXXII,
582 3627 624 3651 24.
645 3625 688 3652 Is.
711 3623 917 3658 XXXVIII,
933 3625 957 3652 1.

1969 641 2147 670 Oraculum

1939 684 2035 713 Isaiae
2061 687 2178 713 contra

1974 728 2140 762 Assyrios.

2002 2474 2114 2502 Ruina

1943 2518 2158 2550 Assyriorum
2169 2540 2176 2554 ‚

2013 2569 2102 2590 mors

1938 2605 2173 2634 Sennacherib.

1985 3070 2124 3100 Morbus

1959 3117 1994 3143 et
2016 3115 2146 3144 sanatio

1955 3158 2158 3188 miraculosa

1977 3203 2137 3233 Ezechiae.
