2423 3861
696 128 769 171 Ps.
803 127 938 182 XXI,
976 129 1027 170 17
1058 154 1118 159 -
1147 127 1307 183 XXII,
1339 130 1375 171 4.
1494 190 1503 198 ·
1862 127 1943 170 561

421 305 464 344 et
488 299 641 356 lingua
667 312 764 341 mea
786 298 976 341 adhaesit
1000 298 1206 341 faucibus
1227 299 1358 354 meis,

421 364 463 403 et
487 358 533 400 in
557 356 786 414 pulverem
811 357 963 400 mortis
990 357 1211 400 deduxisti
1238 372 1321 401 me.

302 417 336 446 ¹⁷
355 417 571 469 Quoniam
595 415 981 459 circumdederunt
1006 430 1076 460 me
1100 430 1233 459 canes
1258 416 1416 462 multi:

420 474 658 520 concilium
679 474 1024 530 malignantium
1045 474 1221 518 obsedit
1245 489 1329 519 me.

360 536 585 581 Foderunt
610 548 769 577 manus
795 548 915 576 meas
940 539 984 577 et
1009 533 1142 590 pedes
1168 548 1308 589 me08‚

362 595 396 622 ¹⁸
413 595 805 638 dinumeraverunt
831 593 978 635 omnia
1005 606 1102 635 ossa
1128 606 1240 635 mea.

419 652 510 711 Ipsi
536 666 638 696 vero
664 651 1056 695 consideraverunt
1080 655 1125 694 et
1144 651 1432 708 inspexerunt
1453 668 1535 701 me.
1590 648 1593 652 ’

303 714 337 740 ¹⁹
355 713 613 757 Diviserunt
637 711 721 754 sibi
751 711 1016 754 vestimenta
1042 724 1160 765 mea,

416 778 459 817 et
483 785 613 828 super
637 775 806 814 vestem
834 783 979 814 meam
1005 769 1219 812 miserunt
1240 776 1417 814 sortem.

299 831 336 859 2⁰
352 832 419 875 Tu
443 836 613 885 autem,
643 828 853 884 Domine,
880 842 935 871 ne
960 827 1238 883 elongaveris
1259 829 1478 872 auxilium
1500 835 1625 872 tuum
1650 845 1675 872 a
1703 845 1797 884 me3

416 890 472 934 ad
498 888 807 934 defensionem
833 901 979 932 meam
1004 887 1223 943 conspice.
1781 915 1783 917 >

298 950 331 977 ‘²¹
352 952 467 994 Erue
491 964 517 992 a
542 949 734 1003 framea,
763 948 904 1002 Deus,
930 946 1127 989 animam
1154 960 1320 1004 meam,

416 1014 459 1053 et
484 1008 538 1051 de
563 1021 698 1050 manu
725 1006 847 1049 canis
874 1006 1053 1048 unicam
1078 1018 1237 1048 meam.

296 1068 333 1095 ‘2⁹2
350 1068 483 1112 Salva
508 1081 579 1110 me
605 1081 660 1110 ex
683 1080 755 1109 ore
780 1065 940 1120 leonis,

413 1132 457 1171 et
477 1142 503 1170 a
526 1126 732 1170 comibus
760 1125 1038 1168 unicornium
1064 1124 1367 1168 humilitatem
1393 1138 1549 1168 meam.

297 1187 334 1213 ‘23
351 1186 551 1230 Narrabo
574 1199 736 1228 nomen
758 1190 885 1227 tuum
906 1184 1122 1226 fratribus
1143 1183 1252 1227 meis
1271 1201 1282 1239 ς
2027 1190 2071 1218 II.
2091 1190 2244 1238 emistus

410 1246 458 1288 in
479 1245 626 1288 medio
653 1243 853 1288 eoelesiae
878 1243 1071 1286 laudabo
1097 1248 1153 1286 te.
2028 1234 2244 1311 tfjtssss'ssglt
2294 1250 2299 1254 ·

296 1305 332 1332 ‘24
348 1305 432 1356 Qui
457 1304 625 1347 timetis
649 1303 912 1358 Dominum,
939 1302 1120 1345 laudate
1142 1316 1243 1345 eum
1262 1319 1271 1357 3
2017 1307 2084 1349 fleo
2101 1329 2159 1354 pro
2177 1321 2256 1350 libe-

413 1364 670 1407 universum
696 1376 848 1406 semen
873 1361 1038 1416 Jacob,
1065 1361 1310 1417 glorificate
1336 1375 1452 1405 eum.
2014 1363 2145 1392 ratmne
2174 1371 2254 1398 sua;

296 1423 332 1450 ‘2⁵
348 1424 523 1467 'I'imeat
549 1437 650 1466 eurn
677 1436 806 1464 omne
829 1435 982 1464 semen
1008 1420 1168 1476 Israel,

413 1482 622 1539 quoniam
643 1495 732 1523 non
749 1480 929 1536 sprevit,
952 1493 1095 1534 neque
1117 1479 1320 1536 despexit
1341 1479 1698 1536 deprecationem
1721 1478 1922 1535 pauperis
1939 1494 1947 1531 ;

351 1556 433 1585 nec
457 1540 619 1583 avertit
644 1539 807 1582 facien]
835 1553 962 1581 suam
987 1553 1013 1580 a
1039 1552 1130 1593 me,

413 1605 457 1644 et
482 1614 584 1642 cum
607 1599 849 1641 clamarem
874 1597 931 1640 ad
957 1612 1059 1641 eum
1084 1597 1315 1640 exaudivit
1338 1611 1421 1640 me.

295 1659 333 1686 ‘²⁶
348 1659 484 1716 Apud
506 1664 550 1702 te
575 1659 672 1701 laus
699 1672 798 1701 mea
820 1657 869 1700 in
895 1657 1085 1700 ecclesia
1106 1671 1272 1713 magna
1291 1672 1300 1711 3

410 1724 516 1762 vota
542 1732 641 1761 mea
662 1717 848 1760 reddam
865 1716 914 1758 in
940 1721 1181 1774 conspectu
1207 1714 1462 1758 timentium
1488 1729 1602 1760 eum.

294 1777 328 1804 2⁷
347 1778 495 1821 Edent
520 1791 755 1834 pauperes,
780 1781 823 1820 et
848 1775 1194 1832 saturabuntur-3

411 1842 455 1887 et
479 1836 730 1879 laudabunt
755 1836 1000 1879 Dominum
1026 1835 1099 1891 qui
1120 1835 1350 1891 requirunt
1375 1848 1506 1889 eum3

410 1896 566 1939 vivent
592 1895 723 1938 corda
750 1909 901 1938 eorum
921 1895 969 1937 in
994 1894 1210 1937 saeculum
1234 1893 1401 1937 saeculi.

293 1954 329 1981 28
349 1955 706 1998 Reminiscentur
724 1959 766 1997 et
787 1958 1101 1997 convertentur
1117 1953 1175 1997 ad
1198 1954 1441 1997 Dominum
1459 1952 1652 1996 universi
1672 1952 1780 1996 fines
1799 1959 1948 2008 terrae3
2061 1951 2212 2007 praedicit

278 2017 289 2026 “
411 2019 454 2058 et
478 2013 729 2057 adorabunt
753 2013 800 2056 in
823 2017 1065 2070 conspectu
1090 2013 1188 2069 ejus
1213 2013 1433 2056 universae
1460 2011 1648 2054 familiae
1673 2012 1902 2068 gentium3
2065 1996 2210 2068 Ξζῖἲζζῖ

292 2071 329 2098 29
346 2073 555 2129 quoniam
582 2072 763 2116 Domini
789 2078 855 2116 est
879 2087 1089 2128 regnum,
2076 2083 2202 2113 mundi.

411 2138 454 2176 et
478 2132 573 2189 ipse
598 2131 901 2174 dominabitur
926 2132 1141 2187 gentium.

293 2191 330 2218 3⁰
347 2191 734 2234 Manducaverunt
760 2196 803 2233 et
828 2191 1126 2234 adoraverunt
1148 2206 1301 2236 omnes
1326 2191 1513 2248 pingues
1540 2196 1697 2245 terrae3

410 2250 458 2293 in
483 2254 723 2306 conspectu
749 2250 846 2305 ejus
872 2250 1035 2292 cadent
1060 2265 1213 2294 omnes
1238 2251 1313 2307 qui
1339 2250 1616 2293 descendunt
1645 2249 1693 2293 in
1715 2254 1890 2292 terram.

291 2309 325 2336 3¹
346 2311 404 2353 Et
427 2309 578 2351 anima
605 2323 702 2352 mea
723 2308 790 2351 illi
812 2309 934 2352 vivet
954 2326 962 2363 3

409 2373 453 2412 et
477 2382 628 2412 semen
654 2382 803 2412 meum
824 2369 985 2411 serviet
1010 2368 1108 2425 ipsi.

291 2426 328 2455 32
345 2427 702 2471 Annuntiabitur
728 2427 919 2470 Domino
943 2427 1169 2484 generatio
1195 2433 1381 2471 ventura
1403 2446 1412 2485 3

411 2492 454 2531 et
478 2487 813 2530 annuntiabunt
841 2486 940 2529 caeli
965 2487 1189 2542 justitiam
1215 2487 1336 2542 ejus,

410 2546 574 2603 populo
601 2546 674 2602 qui
701 2550 919 2601 nascetur,
944 2560 1074 2601 quem
1099 2546 1210 2589 fecit
1238 2545 1468 2589 Dominus.

808 2662 1070 2705 PsALMus
1095 2661 1257 2703 XXII

863 2757 1032 2799 Pastor
1054 2757 1201 2800 bonus.
1249 2763 1254 2767 ’

175 2824 189 2851 1
206 2825 411 2868 Psalmus
438 2825 599 2868 David.
2066 2829 2211 2861 ramus.

344 2905 561 2948 Dominus
586 2904 701 2960 regit
727 2918 817 2959 me,
845 2908 889 2946 et
914 2903 1026 2946 nihil
1051 2903 1160 2946 mihi
1187 2902 1326 2946 deerit
1348 2918 1360 2947 :
1925 2895 1928 2898 ’
2054 2908 2223 2956 Beneficia·

367 2963 447 3007 '²in
467 2963 566 3008 loco
592 2977 770 3020 pascuae
793 2963 857 3005 ibi
884 2976 954 3006 me
980 2962 1229 3005 collocavit.
2035 2952 2241 3025 losslffiffile-

350 3024 488 3081 Super
512 3037 675 3079 aquam
697 3021 955 3066 refectionis
980 3021 1189 3064 educavit
1214 3036 1303 3076 me,
2034 3039 2130 3072 goffia
2160 3039 2238 3069 noni

369 3082 388 3109 3
403 3083 602 3125 animam
627 3097 774 3125 meam
799 3081 1029 3125 convertit.
2051 3081 2220 3117 i·ast01·is;

353 3142 553 3185 Deduxit
577 3156 647 3185 me
673 3156 803 3198 super
827 3140 1008 3183 semitas
1032 3139 1233 3196 justitiae,

409 3207 586 3258 propter
607 3216 769 3244 nomen
795 3214 937 3243 suum.
1070 3203 1075 3208 '

311 3259 330 3286 4
346 3261 484 3315 Nam,
511 3267 554 3303 et
579 3260 615 3303 si
637 3260 923 3303 ambulavero
947 3259 995 3302 in
1021 3259 1166 3303 medio
1193 3258 1360 3303 umbrae
1388 3260 1563 3317 mortis,

409 3334 498 3362 non
523 3319 690 3363 timebo
715 3319 854 3373 mala,
883 3319 1091 3374 quoniam
1117 3324 1164 3361 tu
1191 3332 1365 3361 mecum
1391 3333 1450 3363 es.

351 3379 490 3434 Virga
518 3384 614 3433 tua,
643 3384 685 3422 et
709 3377 896 3421 baculus
919 3383 1043 3433 tuus,

407 3438 503 3494 ipsa
526 3451 596 3480 me
619 3437 846 3480 consolata
867 3442 983 3478 sunt.

115 3598 162 3630 19]
180 3596 302 3624 Matth.
321 3596 474 3630 XXVII,
490 3598 536 3624 35.
553 3596 650 3624 Joan.
668 3595 772 3630 XIX,
789 3596 884 3622 23-24.
902 3608 937 3613 —
955 3594 1003 3628 23]
1024 3595 1125 3624 ΗΘΜ.
1146 3597 1198 3631 11,
1217 3598 1260 3624 12.
1278 3610 1314 3615 —
1331 3596 1360 3629 1]
1385 3596 1427 3623 Is.
1447 3595 1522 3630 XLV,
1541 3595 1585 3622 II.
1605 3595 1673 3624 δεῖ.
1691 3594 1825 3631 XXIII,
1842 3598 1870 3626 4.
1892 3596 1945 3627 Ε3.

114 3640 275 3675 XXXIV,
292 3642 385 3668 11-23.
409 3640 423 3667 1
442 3640 532 3668 Petr.
551 3641 597 3673 11,
617 3643 652 3668 25
669 3642 703 3667 et
721 3640 761 3674 V,
778 3642 803 3667 4.

1711 3701 1767 3743 36
