<?xml version="1.0" encoding="UTF-8"?>
<!DOCTYPE html PUBLIC "-//W3C//DTD XHTML 1.0 Transitional//EN"
    "http://www.w3.org/TR/xhtml1/DTD/xhtml1-transitional.dtd">
<html xmlns="http://www.w3.org/1999/xhtml" xml:lang="en" lang="en">
 <head>
  <title>
</title>
<meta http-equiv="Content-Type" content="text/html;charset=utf-8" />
  <meta name='ocr-system' content='tesseract 3.04.00' />
  <meta name='ocr-capabilities' content='ocr_page ocr_carea ocr_par ocr_line ocrx_word'/>
</head>
<body>
  <div class='ocr_page' id='page_1' title='image "./bibliasacrajuxta00fill_1373.png"; bbox 0 0 2391 3861; ppageno 0'>
   <div class='ocr_carea' id='block_1_1' title="bbox 712 125 1923 179">
    <p class='ocr_par' dir='ltr' id='par_1_1' title="bbox 712 125 1923 179">
     <span class='ocr_line' id='line_1_1' title="bbox 712 125 1923 179; baseline 0.001 -11"><span class='ocrx_word' id='word_1_1' title='bbox 712 126 850 169; x_wconf 73' lang='lat' dir='ltr'>Avoc.</span> <span class='ocrx_word' id='word_1_2' title='bbox 887 125 928 179; x_wconf 85' lang='lat'>1,</span> <span class='ocrx_word' id='word_1_3' title='bbox 964 126 1017 168; x_wconf 88' lang='lat'>14</span> <span class='ocrx_word' id='word_1_4' title='bbox 1050 151 1107 157; x_wconf 89' lang='lat'><em>-</em></span> <span class='ocrx_word' id='word_1_5' title='bbox 1141 125 1210 179; x_wconf 85' lang='lat'>11,</span> <span class='ocrx_word' id='word_1_6' title='bbox 1243 126 1313 169; x_wconf 83' lang='lat'>21.</span> <span class='ocrx_word' id='word_1_7' title='bbox 1814 126 1923 169; x_wconf 87' lang='lat'>1351</span> 
     </span>
    </p>
   </div>
   <div class='ocr_carea' id='block_1_2' title="bbox 97 294 1929 1056">
    <p class='ocr_par' dir='ltr' id='par_1_2' title="bbox 97 294 1929 1056">
     <span class='ocr_line' id='line_1_2' title="bbox 101 294 1925 352; baseline 0.002 -16"><span class='ocrx_word' id='word_1_8' title='bbox 101 294 159 336; x_wconf 85' lang='lat' dir='ltr'>ad</span> <span class='ocrx_word' id='word_1_9' title='bbox 195 295 415 338; x_wconf 75' lang='lat' dir='ltr'><strong>mamillas</strong></span> <span class='ocrx_word' id='word_1_10' title='bbox 452 309 560 339; x_wconf 88' lang='lat' dir='ltr'>zona</span> <span class='ocrx_word' id='word_1_11' title='bbox 593 310 752 350; x_wconf 83' lang='lat' dir='ltr'>aurea3</span> <span class='ocrx_word' id='word_1_12' title='bbox 792 295 824 323; x_wconf 78' lang='lat'>¹¹</span> <span class='ocrx_word' id='word_1_13' title='bbox 850 301 984 351; x_wconf 85' lang='lat' dir='ltr'>caput</span> <span class='ocrx_word' id='word_1_14' title='bbox 1015 301 1163 339; x_wconf 86' lang='lat' dir='ltr'>autem</span> <span class='ocrx_word' id='word_1_15' title='bbox 1201 297 1296 352; x_wconf 77' lang='lat' dir='ltr'>ojus</span> <span class='ocrx_word' id='word_1_16' title='bbox 1331 301 1374 340; x_wconf 84' lang='lat' dir='ltr'>et</span> <span class='ocrx_word' id='word_1_17' title='bbox 1406 295 1555 352; x_wconf 88' lang='lat' dir='ltr'>capilli</span> <span class='ocrx_word' id='word_1_18' title='bbox 1591 302 1715 338; x_wconf 79' lang='lat' dir='ltr'>crant</span> <span class='ocrx_word' id='word_1_19' title='bbox 1747 296 1925 340; x_wconf 89' lang='lat' dir='ltr'>candidi</span> 
     </span>
     <span class='ocr_line' id='line_1_3' title="bbox 103 353 1922 411; baseline 0.002 -17"><span class='ocrx_word' id='word_1_20' title='bbox 103 358 313 408; x_wconf 82' lang='lat' dir='ltr'>tanquam</span> <span class='ocrx_word' id='word_1_21' title='bbox 339 354 442 397; x_wconf 85' lang='lat' dir='ltr'>lana</span> <span class='ocrx_word' id='word_1_22' title='bbox 464 353 569 396; x_wconf 84' lang='lat' dir='ltr'>alba</span> <span class='ocrx_word' id='word_1_23' title='bbox 593 360 635 396; x_wconf 83' lang='lat' dir='ltr'>et</span> <span class='ocrx_word' id='word_1_24' title='bbox 662 360 874 409; x_wconf 81' lang='lat' dir='ltr'>tanquam</span> <span class='ocrx_word' id='word_1_25' title='bbox 894 354 985 409; x_wconf 85' lang='lat' dir='ltr'>nix,</span> <span class='ocrx_word' id='word_1_26' title='bbox 1008 360 1051 397; x_wconf 90' lang='lat' dir='ltr'>et</span> <span class='ocrx_word' id='word_1_27' title='bbox 1077 354 1191 398; x_wconf 91' lang='lat' dir='ltr'>oculi</span> <span class='ocrx_word' id='word_1_28' title='bbox 1213 355 1310 410; x_wconf 85' lang='lat' dir='ltr'>ejus</span> <span class='ocrx_word' id='word_1_29' title='bbox 1335 359 1548 410; x_wconf 88' lang='lat' dir='ltr'>tanquam</span> <span class='ocrx_word' id='word_1_30' title='bbox 1573 353 1752 397; x_wconf 85' lang='lat' dir='ltr'>flamma</span> <span class='ocrx_word' id='word_1_31' title='bbox 1777 355 1922 411; x_wconf 85' lang='lat' dir='ltr'>ignis3</span> 
     </span>
     <span class='ocr_line' id='line_1_4' title="bbox 104 411 1925 468; baseline 0.001 -14"><span class='ocrx_word' id='word_1_32' title='bbox 104 411 138 437; x_wconf 65' lang='lat'>¹³·</span> <span class='ocrx_word' id='word_1_33' title='bbox 156 419 199 454; x_wconf 85' lang='lat' dir='ltr'>ct</span> <span class='ocrx_word' id='word_1_34' title='bbox 224 412 357 468; x_wconf 86' lang='lat' dir='ltr'>pedes</span> <span class='ocrx_word' id='word_1_35' title='bbox 379 412 474 467; x_wconf 82' lang='lat' dir='ltr'>ejus</span> <span class='ocrx_word' id='word_1_36' title='bbox 499 411 665 454; x_wconf 81' lang='lat' dir='ltr'>similes</span> <span class='ocrx_word' id='word_1_37' title='bbox 690 412 963 467; x_wconf 88' lang='lat' dir='ltr'>aurichalco,</span> <span class='ocrx_word' id='word_1_38' title='bbox 985 413 1101 456; x_wconf 86' lang='lat' dir='ltr'>sicut</span> <span class='ocrx_word' id='word_1_39' title='bbox 1124 413 1170 456; x_wconf 92' lang='lat' dir='ltr'>in</span> <span class='ocrx_word' id='word_1_40' title='bbox 1196 413 1369 456; x_wconf 87' lang='lat' dir='ltr'>camino</span> <span class='ocrx_word' id='word_1_41' title='bbox 1395 412 1566 456; x_wconf 81' lang='lat' dir='ltr'>ardenti</span> <span class='ocrx_word' id='word_1_42' title='bbox 1586 429 1595 466; x_wconf 93' lang='grc'>;</span> <span class='ocrx_word' id='word_1_43' title='bbox 1627 418 1671 456; x_wconf 83' lang='grc'>01</span> <span class='ocrx_word' id='word_1_44' title='bbox 1695 427 1782 456; x_wconf 83' lang='lat' dir='ltr'>vox</span> <span class='ocrx_word' id='word_1_45' title='bbox 1805 414 1925 456; x_wconf 91' lang='lat' dir='ltr'>illius</span> 
     </span>
     <span class='ocr_line' id='line_1_5' title="bbox 102 471 1925 526; baseline 0.002 -14"><span class='ocrx_word' id='word_1_46' title='bbox 102 475 314 526; x_wconf 84' lang='lat' dir='ltr'>tanquam</span> <span class='ocrx_word' id='word_1_47' title='bbox 346 484 434 514; x_wconf 86' lang='lat' dir='ltr'>vox</span> <span class='ocrx_word' id='word_1_48' title='bbox 461 484 674 525; x_wconf 83' lang='lat' dir='ltr'>aquarum</span> <span class='ocrx_word' id='word_1_49' title='bbox 710 471 975 525; x_wconf 82' lang='lat' dir='ltr'>multarum3</span> <span class='ocrx_word' id='word_1_50' title='bbox 1017 471 1048 497; x_wconf 76' lang='lat'>¹⁰</span> <span class='ocrx_word' id='word_1_51' title='bbox 1073 478 1117 515; x_wconf 89' lang='lat' dir='ltr'>et</span> <span class='ocrx_word' id='word_1_52' title='bbox 1144 472 1340 515; x_wconf 86' lang='lat' dir='ltr'>habebat</span> <span class='ocrx_word' id='word_1_53' title='bbox 1370 472 1416 515; x_wconf 92' lang='lat' dir='ltr'>in</span> <span class='ocrx_word' id='word_1_54' title='bbox 1450 471 1629 515; x_wconf 86' lang='lat' dir='ltr'>dextera</span> <span class='ocrx_word' id='word_1_55' title='bbox 1662 485 1742 514; x_wconf 84' lang='lat' dir='ltr'>sua</span> <span class='ocrx_word' id='word_1_56' title='bbox 1773 472 1925 515; x_wconf 85' lang='lat' dir='ltr'>stellas</span> 
     </span>
     <span class='ocr_line' id='line_1_6' title="bbox 99 528 1925 587; baseline 0.001 -15"><span class='ocrx_word' id='word_1_57' title='bbox 99 535 291 586; x_wconf 78' lang='lat' dir='ltr'>septem,</span> <span class='ocrx_word' id='word_1_58' title='bbox 324 533 369 572; x_wconf 85' lang='lat' dir='ltr'>et</span> <span class='ocrx_word' id='word_1_59' title='bbox 400 528 456 571; x_wconf 90' lang='lat' dir='ltr'>de</span> <span class='ocrx_word' id='word_1_60' title='bbox 487 543 559 571; x_wconf 88' lang='lat' dir='ltr'>orc</span> <span class='ocrx_word' id='word_1_61' title='bbox 580 528 690 584; x_wconf 87' lang='lat' dir='ltr'>-ejus</span> <span class='ocrx_word' id='word_1_62' title='bbox 724 529 898 584; x_wconf 81' lang='lat' dir='ltr'>gladius</span> <span class='ocrx_word' id='word_1_63' title='bbox 932 536 1116 585; x_wconf 85' lang='lat' dir='ltr'>utraque</span> <span class='ocrx_word' id='word_1_64' title='bbox 1149 537 1273 587; x_wconf 85' lang='lat' dir='ltr'>parte</span> <span class='ocrx_word' id='word_1_65' title='bbox 1309 536 1465 574; x_wconf 88' lang='lat' dir='ltr'>acutus</span> <span class='ocrx_word' id='word_1_66' title='bbox 1498 531 1678 585; x_wconf 86' lang='lat' dir='ltr'>exibat;</span> <span class='ocrx_word' id='word_1_67' title='bbox 1713 535 1756 574; x_wconf 88' lang='lat' dir='ltr'>et</span> <span class='ocrx_word' id='word_1_68' title='bbox 1785 531 1925 574; x_wconf 74' lang='lat' dir='ltr'>facies</span> 
     </span>
     <span class='ocr_line' id='line_1_7' title="bbox 101 587 1924 645; baseline 0.001 -15"><span class='ocrx_word' id='word_1_69' title='bbox 101 588 197 643; x_wconf 87' lang='lat' dir='ltr'>ejus</span> <span class='ocrx_word' id='word_1_70' title='bbox 229 588 344 630; x_wconf 85' lang='lat' dir='ltr'>sicut</span> <span class='ocrx_word' id='word_1_71' title='bbox 375 587 440 630; x_wconf 93' lang='lat' dir='ltr'>sol</span> <span class='ocrx_word' id='word_1_72' title='bbox 475 587 592 630; x_wconf 87' lang='lat' dir='ltr'>lucet</span> <span class='ocrx_word' id='word_1_73' title='bbox 624 587 668 629; x_wconf 86' lang='grc'>111</span> <span class='ocrx_word' id='word_1_74' title='bbox 704 588 866 631; x_wconf 82' lang='lat' dir='ltr'>virtute</span> <span class='ocrx_word' id='word_1_75' title='bbox 897 603 989 631; x_wconf 90' lang='lat' dir='ltr'>sua.</span> <span class='ocrx_word' id='word_1_76' title='bbox 1025 588 1054 615; x_wconf 87' lang='lat'>¹⁷</span> <span class='ocrx_word' id='word_1_77' title='bbox 1085 590 1140 631; x_wconf 84' lang='lat' dir='ltr'>Et</span> <span class='ocrx_word' id='word_1_78' title='bbox 1170 604 1268 632; x_wconf 78' lang='lat' dir='ltr'>cum</span> <span class='ocrx_word' id='word_1_79' title='bbox 1302 589 1509 632; x_wconf 88' lang='lat' dir='ltr'>vidissem</span> <span class='ocrx_word' id='word_1_80' title='bbox 1545 604 1666 645; x_wconf 89' lang='lat' dir='ltr'>eum,</span> <span class='ocrx_word' id='word_1_81' title='bbox 1701 589 1839 633; x_wconf 84' lang='lat' dir='ltr'>cecidi</span> <span class='ocrx_word' id='word_1_82' title='bbox 1868 590 1924 632; x_wconf 90' lang='lat' dir='ltr'>ad</span> 
     </span>
     <span class='ocr_line' id='line_1_8' title="bbox 100 646 1925 705; baseline 0.001 -15"><span class='ocrx_word' id='word_1_83' title='bbox 100 646 233 703; x_wconf 86' lang='lat' dir='ltr'>pedes</span> <span class='ocrx_word' id='word_1_84' title='bbox 257 646 355 701; x_wconf 84' lang='lat' dir='ltr'>ejus</span> <span class='ocrx_word' id='word_1_85' title='bbox 375 651 588 702; x_wconf 77' lang='lat' dir='ltr'>tanquam</span> <span class='ocrx_word' id='word_1_86' title='bbox 609 651 833 700; x_wconf 85' lang='lat' dir='ltr'>mortuus3</span> <span class='ocrx_word' id='word_1_87' title='bbox 859 652 902 690; x_wconf 86' lang='lat' dir='ltr'>et</span> <span class='ocrx_word' id='word_1_88' title='bbox 926 647 1073 704; x_wconf 89' lang='lat' dir='ltr'>posuit</span> <span class='ocrx_word' id='word_1_89' title='bbox 1090 647 1318 691; x_wconf 82' lang='lat' dir='ltr'>dexteram</span> <span class='ocrx_word' id='word_1_90' title='bbox 1340 662 1464 691; x_wconf 87' lang='lat' dir='ltr'>suam</span> <span class='ocrx_word' id='word_1_91' title='bbox 1484 663 1616 705; x_wconf 87' lang='lat' dir='ltr'>super</span> <span class='ocrx_word' id='word_1_92' title='bbox 1636 662 1720 703; x_wconf 91' lang='lat' dir='ltr'>me,</span> <span class='ocrx_word' id='word_1_93' title='bbox 1739 648 1891 692; x_wconf 90' lang='lat' dir='ltr'>dicens</span> <span class='ocrx_word' id='word_1_94' title='bbox 1916 665 1925 692; x_wconf 93' lang='lat'>:</span> 
     </span>
     <span class='ocr_line' id='line_1_9' title="bbox 99 704 1924 762; baseline 0.001 -14"><span class='ocrx_word' id='word_1_95' title='bbox 99 705 203 748; x_wconf 87' lang='lat' dir='ltr'>Noli</span> <span class='ocrx_word' id='word_1_96' title='bbox 234 704 416 760; x_wconf 83' lang='lat' dir='ltr'>timere3</span> <span class='ocrx_word' id='word_1_97' title='bbox 445 720 526 761; x_wconf 89' lang='lat' dir='ltr'>ego</span> <span class='ocrx_word' id='word_1_98' title='bbox 550 719 649 748; x_wconf 88' lang='lat' dir='ltr'>sum</span> <span class='ocrx_word' id='word_1_99' title='bbox 674 705 841 762; x_wconf 87' lang='lat' dir='ltr'>primus</span> <span class='ocrx_word' id='word_1_100' title='bbox 863 710 906 748; x_wconf 87' lang='lat' dir='ltr'>et</span> <span class='ocrx_word' id='word_1_101' title='bbox 927 705 1212 761; x_wconf 88' lang='lat' dir='ltr'>novissimus,</span> <span class='ocrx_word' id='word_1_102' title='bbox 1241 706 1275 733; x_wconf 79' lang='lat'>¹⁸</span> <span class='ocrx_word' id='word_1_103' title='bbox 1294 711 1337 749; x_wconf 92' lang='lat' dir='ltr'>et</span> <span class='ocrx_word' id='word_1_104' title='bbox 1361 707 1511 761; x_wconf 82' lang='lat' dir='ltr'>vivus,</span> <span class='ocrx_word' id='word_1_105' title='bbox 1542 711 1585 750; x_wconf 90' lang='lat' dir='ltr'>et</span> <span class='ocrx_word' id='word_1_106' title='bbox 1612 707 1680 749; x_wconf 78' lang='lat' dir='ltr'>fui</span> <span class='ocrx_word' id='word_1_107' title='bbox 1707 712 1924 762; x_wconf 87' lang='lat' dir='ltr'>mortuus,</span> 
     </span>
     <span class='ocr_line' id='line_1_10' title="bbox 99 763 1928 820; baseline 0.001 -13"><span class='ocrx_word' id='word_1_108' title='bbox 99 769 145 807; x_wconf 87' lang='lat' dir='ltr'>et</span> <span class='ocrx_word' id='word_1_109' title='bbox 182 777 286 807; x_wconf 80' lang='lat' dir='ltr'>ecce</span> <span class='ocrx_word' id='word_1_110' title='bbox 321 778 417 806; x_wconf 89' lang='lat' dir='ltr'>sum</span> <span class='ocrx_word' id='word_1_111' title='bbox 458 764 612 808; x_wconf 85' lang='lat' dir='ltr'>vivens</span> <span class='ocrx_word' id='word_1_112' title='bbox 651 763 699 806; x_wconf 91' lang='lat' dir='ltr'>in</span> <span class='ocrx_word' id='word_1_113' title='bbox 735 763 902 808; x_wconf 85' lang='lat' dir='ltr'>saecula</span> <span class='ocrx_word' id='word_1_114' title='bbox 938 764 1222 820; x_wconf 76' lang='lat' dir='ltr'>saeculorum,</span> <span class='ocrx_word' id='word_1_115' title='bbox 1260 770 1304 807; x_wconf 91' lang='lat' dir='ltr'>et</span> <span class='ocrx_word' id='word_1_116' title='bbox 1336 765 1477 808; x_wconf 85' lang='lat' dir='ltr'>habco</span> <span class='ocrx_word' id='word_1_117' title='bbox 1511 766 1658 808; x_wconf 83' lang='lat' dir='ltr'>claves</span> <span class='ocrx_word' id='word_1_118' title='bbox 1695 766 1847 809; x_wconf 89' lang='lat' dir='ltr'>mortis</span> <span class='ocrx_word' id='word_1_119' title='bbox 1883 771 1928 809; x_wconf 85' lang='lat' dir='ltr'>et</span> 
     </span>
     <span class='ocr_line' id='line_1_11' title="bbox 97 822 1928 881; baseline 0.002 -17"><span class='ocrx_word' id='word_1_120' title='bbox 97 822 278 865; x_wconf 79' lang='lat' dir='ltr'>inferni.</span> <span class='ocrx_word' id='word_1_121' title='bbox 303 822 338 848; x_wconf 79' lang='lat'>¹⁹</span> <span class='ocrx_word' id='word_1_122' title='bbox 353 822 506 866; x_wconf 82' lang='lat' dir='ltr'>Scribe</span> <span class='ocrx_word' id='word_1_123' title='bbox 531 836 634 878; x_wconf 91' lang='lat' dir='ltr'>ergo</span> <span class='ocrx_word' id='word_1_124' title='bbox 660 836 758 878; x_wconf 84' lang='lat' dir='ltr'>quae</span> <span class='ocrx_word' id='word_1_125' title='bbox 788 822 961 877; x_wconf 84' lang='lat' dir='ltr'>vidisti,</span> <span class='ocrx_word' id='word_1_126' title='bbox 985 827 1030 865; x_wconf 90' lang='lat' dir='ltr'>et</span> <span class='ocrx_word' id='word_1_127' title='bbox 1054 837 1152 879; x_wconf 82' lang='lat' dir='ltr'>quae</span> <span class='ocrx_word' id='word_1_128' title='bbox 1175 828 1300 877; x_wconf 88' lang='lat' dir='ltr'>sunt,</span> <span class='ocrx_word' id='word_1_129' title='bbox 1326 828 1371 866; x_wconf 87' lang='lat' dir='ltr'>et</span> <span class='ocrx_word' id='word_1_130' title='bbox 1391 837 1488 879; x_wconf 81' lang='lat' dir='ltr'>quae</span> <span class='ocrx_word' id='word_1_131' title='bbox 1512 828 1682 880; x_wconf 81' lang='lat' dir='ltr'>oportet</span> <span class='ocrx_word' id='word_1_132' title='bbox 1711 824 1803 867; x_wconf 88' lang='lat' dir='ltr'>fieri</span> <span class='ocrx_word' id='word_1_133' title='bbox 1829 830 1928 881; x_wconf 85' lang='lat' dir='ltr'>post</span> 
     </span>
     <span class='ocr_line' id='line_1_12' title="bbox 97 879 1929 939; baseline 0.002 -16"><span class='ocrx_word' id='word_1_134' title='bbox 97 880 207 924; x_wconf 87' lang='lat' dir='ltr'>haec.</span> <span class='ocrx_word' id='word_1_135' title='bbox 238 879 276 907; x_wconf 71' lang='lat'>‘²⁰</span> <span class='ocrx_word' id='word_1_136' title='bbox 300 881 635 925; x_wconf 81' lang='lat' dir='ltr'>Sacramentum</span> <span class='ocrx_word' id='word_1_137' title='bbox 663 886 835 938; x_wconf 81' lang='lat' dir='ltr'>septem</span> <span class='ocrx_word' id='word_1_138' title='bbox 866 881 1095 925; x_wconf 88' lang='lat' dir='ltr'>stellarum</span> <span class='ocrx_word' id='word_1_139' title='bbox 1128 896 1236 937; x_wconf 89' lang='lat' dir='ltr'>quas</span> <span class='ocrx_word' id='word_1_140' title='bbox 1271 881 1423 925; x_wconf 88' lang='lat' dir='ltr'>vidisti</span> <span class='ocrx_word' id='word_1_141' title='bbox 1448 882 1495 924; x_wconf 93' lang='lat' dir='ltr'>in</span> <span class='ocrx_word' id='word_1_142' title='bbox 1521 883 1702 926; x_wconf 87' lang='lat' dir='ltr'>dextera</span> <span class='ocrx_word' id='word_1_143' title='bbox 1734 897 1853 939; x_wconf 89' lang='lat' dir='ltr'>mea,</span> <span class='ocrx_word' id='word_1_144' title='bbox 1884 887 1929 926; x_wconf 90' lang='lat' dir='ltr'>et</span> 
     </span>
     <span class='ocr_line' id='line_1_13' title="bbox 97 940 1925 997; baseline 0.001 -15"><span class='ocrx_word' id='word_1_145' title='bbox 97 946 267 996; x_wconf 81' lang='lat' dir='ltr'>septem</span> <span class='ocrx_word' id='word_1_146' title='bbox 290 940 557 984; x_wconf 83' lang='lat' dir='ltr'>candelabra</span> <span class='ocrx_word' id='word_1_147' title='bbox 575 955 708 984; x_wconf 86' lang='lat' dir='ltr'>aurea</span> <span class='ocrx_word' id='word_1_148' title='bbox 731 956 739 983; x_wconf 93' lang='lat'>:</span> <span class='ocrx_word' id='word_1_149' title='bbox 763 944 932 997; x_wconf 87' lang='lat' dir='ltr'>septem</span> <span class='ocrx_word' id='word_1_150' title='bbox 951 940 1106 995; x_wconf 84' lang='lat' dir='ltr'>stellae,</span> <span class='ocrx_word' id='word_1_151' title='bbox 1129 941 1278 995; x_wconf 80' lang='lat' dir='ltr'>angeli</span> <span class='ocrx_word' id='word_1_152' title='bbox 1297 945 1399 983; x_wconf 88' lang='lat' dir='ltr'>sunt</span> <span class='ocrx_word' id='word_1_153' title='bbox 1420 945 1590 996; x_wconf 86' lang='lat' dir='ltr'>septem</span> <span class='ocrx_word' id='word_1_154' title='bbox 1613 940 1925 997; x_wconf 86' lang='lat' dir='ltr'>ecclesiarum;</span> 
     </span>
     <span class='ocr_line' id='line_1_14' title="bbox 97 998 1202 1056; baseline 0 -14"><span class='ocrx_word' id='word_1_155' title='bbox 97 1004 142 1042; x_wconf 88' lang='lat' dir='ltr'>et</span> <span class='ocrx_word' id='word_1_156' title='bbox 163 998 430 1042; x_wconf 78' lang='lat' dir='ltr'>candelabra</span> <span class='ocrx_word' id='word_1_157' title='bbox 451 1005 641 1056; x_wconf 87' lang='lat' dir='ltr'>septem,</span> <span class='ocrx_word' id='word_1_158' title='bbox 665 1005 834 1056; x_wconf 87' lang='lat' dir='ltr'>septem</span> <span class='ocrx_word' id='word_1_159' title='bbox 859 999 1062 1043; x_wconf 87' lang='lat' dir='ltr'>ecclesiae</span> <span class='ocrx_word' id='word_1_160' title='bbox 1086 1004 1202 1043; x_wconf 86' lang='lat' dir='ltr'>sunt.</span> 
     </span>
    </p>
   </div>
   <div class='ocr_carea' id='block_1_3' title="bbox 707 1120 1318 1178">
    <p class='ocr_par' dir='ltr' id='par_1_3' title="bbox 707 1120 1318 1178">
     <span class='ocr_line' id='line_1_15' title="bbox 707 1120 1318 1178; baseline -0.002 -14"><span class='ocrx_word' id='word_1_161' title='bbox 707 1120 731 1178; x_wconf 64' lang='grc' dir='ltr'>ξ</span> <span class='ocrx_word' id='word_1_162' title='bbox 756 1121 820 1164; x_wconf 89' lang='lat' dir='ltr'>II.</span> <span class='ocrx_word' id='word_1_163' title='bbox 842 1146 902 1152; x_wconf 93' lang='grc'>-</span> <span class='ocrx_word' id='word_1_164' title='bbox 925 1120 1097 1177; x_wconf 77' lang='lat' dir='ltr'>Septem</span> <span class='ocrx_word' id='word_1_165' title='bbox 1116 1121 1318 1176; x_wconf 74' lang='lat' dir='ltr'>epistoloe.</span> 
     </span>
    </p>
   </div>
   <div class='ocr_carea' id='block_1_4' title="bbox 93 1235 1930 3538">
    <p class='ocr_par' dir='ltr' id='par_1_4' title="bbox 93 1235 1930 1941">
     <span class='ocr_line' id='line_1_16' title="bbox 157 1235 1928 1293; baseline 0.001 -15"><span class='ocrx_word' id='word_1_166' title='bbox 157 1235 263 1278; x_wconf 79' lang='lat' dir='ltr'>CAP.</span> <span class='ocrx_word' id='word_1_167' title='bbox 295 1236 358 1279; x_wconf 95' lang='lat' dir='ltr'>II.</span> <span class='ocrx_word' id='word_1_168' title='bbox 391 1262 449 1268; x_wconf 94' lang='grc'>--</span> <span class='ocrx_word' id='word_1_169' title='bbox 484 1236 494 1261; x_wconf 91' lang='lat'>¹</span> <span class='ocrx_word' id='word_1_170' title='bbox 522 1236 700 1292; x_wconf 89' lang='lat' dir='ltr'>Angelo</span> <span class='ocrx_word' id='word_1_171' title='bbox 737 1235 902 1293; x_wconf 85' lang='lat' dir='ltr'>Ephesi</span> <span class='ocrx_word' id='word_1_172' title='bbox 939 1235 1140 1279; x_wconf 78' lang='lat' dir='ltr'>ecclesiae</span> <span class='ocrx_word' id='word_1_173' title='bbox 1173 1236 1316 1279; x_wconf 86' lang='lat' dir='ltr'>scribe</span> <span class='ocrx_word' id='word_1_174' title='bbox 1352 1251 1361 1279; x_wconf 91' lang='lat'><strong>:</strong></span> <span class='ocrx_word' id='word_1_175' title='bbox 1400 1235 1514 1278; x_wconf 74' lang='lat' dir='ltr'>Haec</span> <span class='ocrx_word' id='word_1_176' title='bbox 1547 1235 1656 1279; x_wconf 86' lang='lat' dir='ltr'>dicit</span> <span class='ocrx_word' id='word_1_177' title='bbox 1694 1235 1766 1292; x_wconf 90' lang='lat' dir='ltr'>qui</span> <span class='ocrx_word' id='word_1_178' title='bbox 1808 1240 1928 1280; x_wconf 87' lang='lat' dir='ltr'>tenet</span> 
     </span>
     <span class='ocr_line' id='line_1_17' title="bbox 95 1294 1927 1351; baseline 0.001 -13"><span class='ocrx_word' id='word_1_179' title='bbox 95 1300 267 1350; x_wconf 82' lang='lat' dir='ltr'>septem</span> <span class='ocrx_word' id='word_1_180' title='bbox 296 1294 447 1339; x_wconf 85' lang='lat' dir='ltr'>stellas</span> <span class='ocrx_word' id='word_1_181' title='bbox 476 1295 521 1337; x_wconf 89' lang='grc'>111</span> <span class='ocrx_word' id='word_1_182' title='bbox 544 1294 726 1338; x_wconf 82' lang='lat' dir='ltr'>dextera</span> <span class='ocrx_word' id='word_1_183' title='bbox 746 1309 848 1350; x_wconf 88' lang='lat' dir='ltr'>sua,</span> <span class='ocrx_word' id='word_1_184' title='bbox 871 1295 944 1351; x_wconf 94' lang='lat' dir='ltr'>qui</span> <span class='ocrx_word' id='word_1_185' title='bbox 970 1295 1173 1338; x_wconf 82' lang='lat' dir='ltr'>ambulat</span> <span class='ocrx_word' id='word_1_186' title='bbox 1199 1295 1247 1338; x_wconf 90' lang='lat' dir='ltr'>in</span> <span class='ocrx_word' id='word_1_187' title='bbox 1271 1294 1417 1338; x_wconf 90' lang='lat' dir='ltr'>medio</span> <span class='ocrx_word' id='word_1_188' title='bbox 1443 1299 1613 1351; x_wconf 87' lang='lat' dir='ltr'>septem</span> <span class='ocrx_word' id='word_1_189' title='bbox 1640 1294 1927 1339; x_wconf 86' lang='lat' dir='ltr'>candelabro-</span> 
     </span>
     <span class='ocr_line' id='line_1_18' title="bbox 95 1351 1928 1410; baseline 0.001 -15"><span class='ocrx_word' id='word_1_190' title='bbox 95 1367 193 1395; x_wconf 86' lang='lat' dir='ltr'>rum</span> <span class='ocrx_word' id='word_1_191' title='bbox 217 1368 451 1396; x_wconf 87' lang='lat' dir='ltr'>aureorum</span> <span class='ocrx_word' id='word_1_192' title='bbox 477 1370 486 1397; x_wconf 90' lang='lat'>:</span> <span class='ocrx_word' id='word_1_193' title='bbox 513 1353 530 1380; x_wconf 74' lang='lat'><strong>2</strong></span> <span class='ocrx_word' id='word_1_194' title='bbox 546 1353 646 1398; x_wconf 88' lang='lat' dir='ltr'>Scio</span> <span class='ocrx_word' id='word_1_195' title='bbox 670 1368 800 1410; x_wconf 87' lang='lat' dir='ltr'>opera</span> <span class='ocrx_word' id='word_1_196' title='bbox 826 1360 916 1409; x_wconf 88' lang='lat' dir='ltr'>tua,</span> <span class='ocrx_word' id='word_1_197' title='bbox 940 1360 984 1398; x_wconf 89' lang='lat' dir='ltr'>et</span> <span class='ocrx_word' id='word_1_198' title='bbox 1008 1354 1218 1410; x_wconf 89' lang='lat' dir='ltr'>laborem,</span> <span class='ocrx_word' id='word_1_199' title='bbox 1242 1359 1285 1397; x_wconf 90' lang='lat' dir='ltr'>et</span> <span class='ocrx_word' id='word_1_200' title='bbox 1309 1354 1573 1410; x_wconf 86' lang='lat' dir='ltr'>patientiam</span> <span class='ocrx_word' id='word_1_201' title='bbox 1587 1351 1735 1409; x_wconf 82' lang='lat' dir='ltr'>⁵tuam,</span> <span class='ocrx_word' id='word_1_202' title='bbox 1758 1358 1804 1396; x_wconf 87' lang='lat' dir='ltr'>et</span> <span class='ocrx_word' id='word_1_203' title='bbox 1823 1354 1928 1410; x_wconf 90' lang='lat' dir='ltr'>quia</span> 
     </span>
     <span class='ocr_line' id='line_1_19' title="bbox 96 1413 1926 1470; baseline 0.002 -16"><span class='ocrx_word' id='word_1_204' title='bbox 96 1421 184 1456; x_wconf 88' lang='lat' dir='ltr'>non</span> <span class='ocrx_word' id='word_1_205' title='bbox 217 1418 342 1468; x_wconf 88' lang='lat' dir='ltr'>potes</span> <span class='ocrx_word' id='word_1_206' title='bbox 374 1413 590 1456; x_wconf 86' lang='lat' dir='ltr'>sustinere</span> <span class='ocrx_word' id='word_1_207' title='bbox 623 1413 792 1468; x_wconf 75' lang='lat' dir='ltr'>malos,</span> <span class='ocrx_word' id='word_1_208' title='bbox 826 1418 872 1457; x_wconf 89' lang='lat' dir='ltr'>et</span> <span class='ocrx_word' id='word_1_209' title='bbox 900 1413 1083 1457; x_wconf 81' lang='lat' dir='ltr'>tentasti</span> <span class='ocrx_word' id='word_1_210' title='bbox 1112 1427 1185 1457; x_wconf 90' lang='lat' dir='ltr'>eos</span> <span class='ocrx_word' id='word_1_211' title='bbox 1215 1413 1288 1469; x_wconf 88' lang='lat' dir='ltr'>qui</span> <span class='ocrx_word' id='word_1_212' title='bbox 1313 1427 1360 1456; x_wconf 88' lang='lat' dir='ltr'>se</span> <span class='ocrx_word' id='word_1_213' title='bbox 1386 1413 1539 1456; x_wconf 87' lang='lat' dir='ltr'>dicunt</span> <span class='ocrx_word' id='word_1_214' title='bbox 1564 1413 1786 1470; x_wconf 87' lang='lat' dir='ltr'>apostolos</span> <span class='ocrx_word' id='word_1_215' title='bbox 1813 1426 1926 1470; x_wconf 85' lang='lat' dir='ltr'>esse,</span> 
     </span>
     <span class='ocr_line' id='line_1_20' title="bbox 95 1471 1927 1529; baseline 0 -15"><span class='ocrx_word' id='word_1_216' title='bbox 95 1477 140 1514; x_wconf 89' lang='lat' dir='ltr'>et</span> <span class='ocrx_word' id='word_1_217' title='bbox 172 1485 259 1514; x_wconf 91' lang='lat' dir='ltr'>non</span> <span class='ocrx_word' id='word_1_218' title='bbox 293 1477 417 1527; x_wconf 86' lang='lat' dir='ltr'>sunt,</span> <span class='ocrx_word' id='word_1_219' title='bbox 444 1478 488 1515; x_wconf 88' lang='lat' dir='ltr'>et</span> <span class='ocrx_word' id='word_1_220' title='bbox 515 1472 725 1515; x_wconf 85' lang='lat' dir='ltr'>invenisti</span> <span class='ocrx_word' id='word_1_221' title='bbox 759 1486 832 1515; x_wconf 91' lang='grc'>000</span> <span class='ocrx_word' id='word_1_222' title='bbox 862 1472 1128 1528; x_wconf 74' lang='lat' dir='ltr'>mendaces,</span> <span class='ocrx_word' id='word_1_223' title='bbox 1154 1472 1234 1516; x_wconf 81' lang='grc'>301</span> <span class='ocrx_word' id='word_1_224' title='bbox 1261 1471 1526 1529; x_wconf 88' lang='lat' dir='ltr'>patientiam</span> <span class='ocrx_word' id='word_1_225' title='bbox 1550 1472 1709 1527; x_wconf 81' lang='lat' dir='ltr'>habeS,</span> <span class='ocrx_word' id='word_1_226' title='bbox 1732 1476 1776 1515; x_wconf 88' lang='lat' dir='ltr'>et</span> <span class='ocrx_word' id='word_1_227' title='bbox 1797 1472 1927 1515; x_wconf 87' lang='grc'>00011-</span> 
     </span>
     <span class='ocr_line' id='line_1_21' title="bbox 95 1530 1926 1588; baseline 0.002 -16"><span class='ocrx_word' id='word_1_228' title='bbox 95 1530 231 1573; x_wconf 84' lang='grc'>11111011</span> <span class='ocrx_word' id='word_1_229' title='bbox 257 1536 434 1587; x_wconf 85' lang='lat' dir='ltr'>propter</span> <span class='ocrx_word' id='word_1_230' title='bbox 458 1545 618 1574; x_wconf 87' lang='lat' dir='ltr'>nomen</span> <span class='ocrx_word' id='word_1_231' title='bbox 649 1545 818 1587; x_wconf 87' lang='lat' dir='ltr'>meum,</span> <span class='ocrx_word' id='word_1_232' title='bbox 844 1537 889 1575; x_wconf 91' lang='lat' dir='ltr'>et</span> <span class='ocrx_word' id='word_1_233' title='bbox 915 1545 1004 1574; x_wconf 89' lang='lat' dir='ltr'>non</span> <span class='ocrx_word' id='word_1_234' title='bbox 1030 1531 1251 1575; x_wconf 80' lang='lat' dir='ltr'>defecisti.</span> <span class='ocrx_word' id='word_1_235' title='bbox 1281 1530 1299 1558; x_wconf 82' lang='lat'>4</span> <span class='ocrx_word' id='word_1_236' title='bbox 1315 1531 1401 1575; x_wconf 85' lang='lat' dir='ltr'>Sed</span> <span class='ocrx_word' id='word_1_237' title='bbox 1430 1531 1570 1574; x_wconf 87' lang='lat' dir='ltr'>habeo</span> <span class='ocrx_word' id='word_1_238' title='bbox 1601 1531 1838 1574; x_wconf 86' lang='lat' dir='ltr'>adversum</span> <span class='ocrx_word' id='word_1_239' title='bbox 1863 1537 1926 1588; x_wconf 88' lang='lat' dir='ltr'>te,</span> 
     </span>
     <span class='ocr_line' id='line_1_22' title="bbox 96 1589 1927 1646; baseline 0.001 -15"><span class='ocrx_word' id='word_1_240' title='bbox 96 1589 212 1644; x_wconf 89' lang='lat' dir='ltr'>quod</span> <span class='ocrx_word' id='word_1_241' title='bbox 239 1590 502 1633; x_wconf 88' lang='lat' dir='ltr'>charitatem</span> <span class='ocrx_word' id='word_1_242' title='bbox 528 1595 651 1632; x_wconf 88' lang='lat' dir='ltr'>tuam</span> <span class='ocrx_word' id='word_1_243' title='bbox 678 1591 866 1646; x_wconf 85' lang='lat' dir='ltr'>primam</span> <span class='ocrx_word' id='word_1_244' title='bbox 891 1590 1122 1646; x_wconf 87' lang='lat' dir='ltr'>reliquisti.</span> <span class='ocrx_word' id='word_1_245' title='bbox 1154 1591 1170 1618; x_wconf 79' lang='lat'>5</span> <span class='ocrx_word' id='word_1_246' title='bbox 1187 1591 1357 1633; x_wconf 89' lang='lat' dir='ltr'>Memor</span> <span class='ocrx_word' id='word_1_247' title='bbox 1378 1595 1472 1634; x_wconf 90' lang='lat' dir='ltr'>esto</span> <span class='ocrx_word' id='word_1_248' title='bbox 1495 1590 1647 1645; x_wconf 88' lang='lat' dir='ltr'>itaque</span> <span class='ocrx_word' id='word_1_249' title='bbox 1668 1589 1785 1634; x_wconf 89' lang='lat' dir='ltr'>unde</span> <span class='ocrx_word' id='word_1_250' title='bbox 1810 1590 1927 1634; x_wconf 81' lang='lat' dir='ltr'>exci—</span> 
     </span>
     <span class='ocr_line' id='line_1_23' title="bbox 95 1648 1930 1706; baseline 0 -15"><span class='ocrx_word' id='word_1_251' title='bbox 95 1648 230 1703; x_wconf 88' lang='lat' dir='ltr'>deris,</span> <span class='ocrx_word' id='word_1_252' title='bbox 255 1652 299 1691; x_wconf 88' lang='lat' dir='ltr'>et</span> <span class='ocrx_word' id='word_1_253' title='bbox 323 1662 406 1704; x_wconf 88' lang='lat' dir='ltr'>age</span> <span class='ocrx_word' id='word_1_254' title='bbox 431 1649 764 1705; x_wconf 87' lang='lat' dir='ltr'>poenitentiam,</span> <span class='ocrx_word' id='word_1_255' title='bbox 792 1656 836 1691; x_wconf 89' lang='lat' dir='ltr'>et</span> <span class='ocrx_word' id='word_1_256' title='bbox 860 1650 1003 1705; x_wconf 88' lang='lat' dir='ltr'>prima</span> <span class='ocrx_word' id='word_1_257' title='bbox 1028 1663 1159 1706; x_wconf 90' lang='lat' dir='ltr'>opera</span> <span class='ocrx_word' id='word_1_258' title='bbox 1184 1649 1274 1692; x_wconf 83' lang='lat' dir='ltr'>fac.</span> <span class='ocrx_word' id='word_1_259' title='bbox 1307 1649 1382 1692; x_wconf 90' lang='lat' dir='ltr'>Sin</span> <span class='ocrx_word' id='word_1_260' title='bbox 1403 1655 1572 1704; x_wconf 89' lang='lat' dir='ltr'>autem,</span> <span class='ocrx_word' id='word_1_261' title='bbox 1597 1649 1724 1692; x_wconf 86' lang='lat' dir='ltr'>venio</span> <span class='ocrx_word' id='word_1_262' title='bbox 1751 1648 1854 1705; x_wconf 89' lang='lat' dir='ltr'>tibi,</span> <span class='ocrx_word' id='word_1_263' title='bbox 1886 1655 1930 1692; x_wconf 89' lang='lat' dir='ltr'>et</span> 
     </span>
     <span class='ocr_line' id='line_1_24' title="bbox 94 1706 1928 1764; baseline 0.001 -15"><span class='ocrx_word' id='word_1_264' title='bbox 94 1706 281 1750; x_wconf 88' lang='lat' dir='ltr'>movebo</span> <span class='ocrx_word' id='word_1_265' title='bbox 316 1707 633 1750; x_wconf 87' lang='lat' dir='ltr'>candelabrum</span> <span class='ocrx_word' id='word_1_266' title='bbox 663 1714 791 1749; x_wconf 88' lang='lat' dir='ltr'>tuum</span> <span class='ocrx_word' id='word_1_267' title='bbox 824 1707 879 1750; x_wconf 88' lang='lat' dir='ltr'>de</span> <span class='ocrx_word' id='word_1_268' title='bbox 907 1708 1004 1750; x_wconf 88' lang='grc'>1000</span> <span class='ocrx_word' id='word_1_269' title='bbox 1037 1722 1135 1764; x_wconf 90' lang='grc'>0110,</span> <span class='ocrx_word' id='word_1_270' title='bbox 1170 1708 1255 1750; x_wconf 87' lang='lat' dir='ltr'>nisi</span> <span class='ocrx_word' id='word_1_271' title='bbox 1283 1708 1597 1764; x_wconf 87' lang='lat' dir='ltr'>poenitentiam</span> <span class='ocrx_word' id='word_1_272' title='bbox 1623 1708 1777 1763; x_wconf 85' lang='lat' dir='ltr'>egeris.</span> <span class='ocrx_word' id='word_1_273' title='bbox 1808 1707 1826 1735; x_wconf 73' lang='lat'><strong>⁶</strong></span> <span class='ocrx_word' id='word_1_274' title='bbox 1845 1709 1928 1752; x_wconf 88' lang='lat' dir='ltr'>Sed</span> 
     </span>
     <span class='ocr_line' id='line_1_25' title="bbox 93 1765 1930 1822; baseline 0.001 -14"><span class='ocrx_word' id='word_1_275' title='bbox 93 1766 177 1809; x_wconf 92' lang='lat' dir='ltr'>hoc</span> <span class='ocrx_word' id='word_1_276' title='bbox 203 1765 361 1822; x_wconf 86' lang='lat' dir='ltr'>habes,</span> <span class='ocrx_word' id='word_1_277' title='bbox 392 1766 495 1821; x_wconf 89' lang='lat' dir='ltr'>quia</span> <span class='ocrx_word' id='word_1_278' title='bbox 521 1766 654 1810; x_wconf 90' lang='lat' dir='ltr'>odisti</span> <span class='ocrx_word' id='word_1_279' title='bbox 680 1766 805 1810; x_wconf 75' lang='lat' dir='ltr'>facta</span> <span class='ocrx_word' id='word_1_280' title='bbox 831 1766 1177 1822; x_wconf 88' lang='lat' dir='ltr'>Nicolaitarum,</span> <span class='ocrx_word' id='word_1_281' title='bbox 1204 1781 1304 1822; x_wconf 75' lang='grc'>(11100</span> <span class='ocrx_word' id='word_1_282' title='bbox 1338 1771 1382 1810; x_wconf 89' lang='grc'>01</span> <span class='ocrx_word' id='word_1_283' title='bbox 1414 1781 1496 1822; x_wconf 87' lang='lat' dir='ltr'>ego</span> <span class='ocrx_word' id='word_1_284' title='bbox 1530 1766 1616 1809; x_wconf 89' lang='lat' dir='ltr'>odi.</span> <span class='ocrx_word' id='word_1_285' title='bbox 1644 1766 1658 1792; x_wconf 85' lang='lat'>⁷</span> <span class='ocrx_word' id='word_1_286' title='bbox 1677 1767 1759 1816; x_wconf 77' lang='lat' dir='ltr'>Qui</span> <span class='ocrx_word' id='word_1_287' title='bbox 1793 1767 1930 1810; x_wconf 87' lang='lat' dir='ltr'>habet</span> 
     </span>
     <span class='ocr_line' id='line_1_26' title="bbox 93 1825 1929 1882; baseline 0.001 -14"><span class='ocrx_word' id='word_1_288' title='bbox 93 1839 265 1881; x_wconf 89' lang='lat' dir='ltr'>aurem,</span> <span class='ocrx_word' id='word_1_289' title='bbox 301 1825 457 1868; x_wconf 89' lang='lat' dir='ltr'>audiat</span> <span class='ocrx_word' id='word_1_290' title='bbox 491 1825 599 1881; x_wconf 84' lang='lat' dir='ltr'>quid</span> <span class='ocrx_word' id='word_1_291' title='bbox 636 1825 825 1882; x_wconf 88' lang='lat' dir='ltr'>Spiritus</span> <span class='ocrx_word' id='word_1_292' title='bbox 863 1825 984 1869; x_wconf 89' lang='lat' dir='ltr'>dicat</span> <span class='ocrx_word' id='word_1_293' title='bbox 1019 1825 1219 1869; x_wconf 87' lang='lat' dir='ltr'>ecclesiis</span> <span class='ocrx_word' id='word_1_294' title='bbox 1256 1841 1265 1869; x_wconf 79' lang='lat' dir='ltr'><strong><em>z</em></strong></span> <span class='ocrx_word' id='word_1_295' title='bbox 1297 1825 1510 1868; x_wconf 86' lang='lat' dir='ltr'>Vincenti</span> <span class='ocrx_word' id='word_1_296' title='bbox 1551 1825 1665 1868; x_wconf 88' lang='lat' dir='ltr'>dabo</span> <span class='ocrx_word' id='word_1_297' title='bbox 1707 1825 1834 1868; x_wconf 89' lang='lat' dir='ltr'>edere</span> <span class='ocrx_word' id='word_1_298' title='bbox 1874 1825 1929 1869; x_wconf 90' lang='lat' dir='ltr'>de</span> 
     </span>
     <span class='ocr_line' id='line_1_27' title="bbox 94 1883 1134 1941; baseline 0.001 -15"><span class='ocrx_word' id='word_1_299' title='bbox 94 1883 218 1940; x_wconf 88' lang='lat' dir='ltr'>ligno</span> <span class='ocrx_word' id='word_1_300' title='bbox 241 1884 369 1940; x_wconf 77' lang='lat' dir='ltr'>vitae,</span> <span class='ocrx_word' id='word_1_301' title='bbox 396 1884 513 1940; x_wconf 89' lang='lat' dir='ltr'>quod</span> <span class='ocrx_word' id='word_1_302' title='bbox 537 1889 604 1928; x_wconf 88' lang='lat' dir='ltr'>est</span> <span class='ocrx_word' id='word_1_303' title='bbox 628 1884 674 1926; x_wconf 88' lang='lat' dir='ltr'>in</span> <span class='ocrx_word' id='word_1_304' title='bbox 697 1884 902 1941; x_wconf 87' lang='lat' dir='ltr'>paradiso</span> <span class='ocrx_word' id='word_1_305' title='bbox 925 1884 1008 1928; x_wconf 92' lang='lat' dir='ltr'>Dei</span> <span class='ocrx_word' id='word_1_306' title='bbox 1033 1884 1134 1927; x_wconf 88' lang='lat' dir='ltr'>mei.</span> 
     </span>
    </p>

    <p class='ocr_par' dir='ltr' id='par_1_5' title="bbox 93 1943 1928 2414">
     <span class='ocr_line' id='line_1_28' title="bbox 153 1943 1926 2002; baseline 0.001 -16"><span class='ocrx_word' id='word_1_307' title='bbox 153 1943 170 1970; x_wconf 82' lang='lat'>⁸</span> <span class='ocrx_word' id='word_1_308' title='bbox 189 1944 247 1986; x_wconf 89' lang='lat' dir='ltr'>Et</span> <span class='ocrx_word' id='word_1_309' title='bbox 271 1943 431 1999; x_wconf 86' lang='lat' dir='ltr'>angelo</span> <span class='ocrx_word' id='word_1_310' title='bbox 457 1944 658 2000; x_wconf 77' lang='lat' dir='ltr'>Smyrnae</span> <span class='ocrx_word' id='word_1_311' title='bbox 686 1944 885 1987; x_wconf 85' lang='lat' dir='ltr'>ecclesiae</span> <span class='ocrx_word' id='word_1_312' title='bbox 911 1943 1054 1987; x_wconf 84' lang='lat' dir='ltr'>scribe</span> <span class='ocrx_word' id='word_1_313' title='bbox 1078 1961 1088 1988; x_wconf 72' lang='grc' dir='ltr'>ε</span> <span class='ocrx_word' id='word_1_314' title='bbox 1113 1945 1227 1988; x_wconf 80' lang='lat' dir='ltr'>Haec</span> <span class='ocrx_word' id='word_1_315' title='bbox 1254 1945 1363 1988; x_wconf 88' lang='lat' dir='ltr'>dicit</span> <span class='ocrx_word' id='word_1_316' title='bbox 1383 1945 1551 2002; x_wconf 88' lang='lat' dir='ltr'>primus</span> <span class='ocrx_word' id='word_1_317' title='bbox 1575 1949 1621 1987; x_wconf 86' lang='lat' dir='ltr'>et</span> <span class='ocrx_word' id='word_1_318' title='bbox 1638 1945 1926 2001; x_wconf 83' lang='lat' dir='ltr'>novissimus,</span> 
     </span>
     <span class='ocr_line' id='line_1_29' title="bbox 95 2002 1927 2060; baseline 0.001 -16"><span class='ocrx_word' id='word_1_319' title='bbox 95 2002 169 2058; x_wconf 87' lang='lat' dir='ltr'>qui</span> <span class='ocrx_word' id='word_1_320' title='bbox 200 2003 292 2045; x_wconf 73' lang='lat' dir='ltr'>fuit</span> <span class='ocrx_word' id='word_1_321' title='bbox 324 2008 544 2059; x_wconf 85' lang='lat' dir='ltr'>mortuus,</span> <span class='ocrx_word' id='word_1_322' title='bbox 579 2007 622 2045; x_wconf 86' lang='lat' dir='ltr'>et</span> <span class='ocrx_word' id='word_1_323' title='bbox 655 2003 768 2046; x_wconf 85' lang='lat' dir='ltr'>vivit</span> <span class='ocrx_word' id='word_1_324' title='bbox 800 2020 810 2047; x_wconf 75' lang='lat' dir='ltr'><em>z</em></span> <span class='ocrx_word' id='word_1_325' title='bbox 836 2003 970 2047; x_wconf 83' lang='lat' dir='ltr'>9Scio</span> <span class='ocrx_word' id='word_1_326' title='bbox 1004 2003 1339 2047; x_wconf 83' lang='lat' dir='ltr'>tribulationem</span> <span class='ocrx_word' id='word_1_327' title='bbox 1372 2009 1517 2059; x_wconf 86' lang='lat' dir='ltr'>tuam,</span> <span class='ocrx_word' id='word_1_328' title='bbox 1549 2008 1591 2046; x_wconf 88' lang='lat' dir='ltr'>et</span> <span class='ocrx_word' id='word_1_329' title='bbox 1620 2008 1927 2060; x_wconf 81' lang='lat' dir='ltr'>paupertatem</span> 
     </span>
     <span class='ocr_line' id='line_1_30' title="bbox 93 2061 1928 2118; baseline 0.001 -14"><span class='ocrx_word' id='word_1_330' title='bbox 93 2066 231 2118; x_wconf 88' lang='lat' dir='ltr'>tuam,</span> <span class='ocrx_word' id='word_1_331' title='bbox 258 2061 336 2104; x_wconf 91' lang='lat' dir='ltr'>sed</span> <span class='ocrx_word' id='word_1_332' title='bbox 356 2061 482 2105; x_wconf 86' lang='lat' dir='ltr'>dives</span> <span class='ocrx_word' id='word_1_333' title='bbox 504 2076 548 2106; x_wconf 89' lang='lat' dir='ltr'>es</span> <span class='ocrx_word' id='word_1_334' title='bbox 568 2079 578 2118; x_wconf 82' lang='lat'>3</span> <span class='ocrx_word' id='word_1_335' title='bbox 605 2067 650 2104; x_wconf 89' lang='lat' dir='ltr'>et</span> <span class='ocrx_word' id='word_1_336' title='bbox 674 2061 998 2118; x_wconf 89' lang='lat' dir='ltr'>blasphemaris</span> <span class='ocrx_word' id='word_1_337' title='bbox 1019 2061 1077 2105; x_wconf 89' lang='lat' dir='ltr'>ab</span> <span class='ocrx_word' id='word_1_338' title='bbox 1099 2062 1168 2106; x_wconf 87' lang='lat' dir='ltr'>his</span> <span class='ocrx_word' id='word_1_339' title='bbox 1191 2062 1264 2118; x_wconf 87' lang='lat' dir='ltr'>qui</span> <span class='ocrx_word' id='word_1_340' title='bbox 1288 2077 1337 2106; x_wconf 90' lang='grc'>00</span> <span class='ocrx_word' id='word_1_341' title='bbox 1360 2063 1518 2106; x_wconf 89' lang='lat' dir='ltr'>dicunt</span> <span class='ocrx_word' id='word_1_342' title='bbox 1540 2062 1726 2105; x_wconf 77' lang='lat' dir='ltr'>Judaeos</span> <span class='ocrx_word' id='word_1_343' title='bbox 1751 2077 1858 2118; x_wconf 89' lang='grc'>0000,</span> <span class='ocrx_word' id='word_1_344' title='bbox 1886 2068 1928 2105; x_wconf 88' lang='grc'>01</span> 
     </span>
     <span class='ocr_line' id='line_1_31' title="bbox 94 2120 1928 2178; baseline 0.001 -15"><span class='ocrx_word' id='word_1_345' title='bbox 94 2134 182 2164; x_wconf 87' lang='grc'>1100</span> <span class='ocrx_word' id='word_1_346' title='bbox 206 2126 324 2176; x_wconf 89' lang='lat' dir='ltr'>sunt,</span> <span class='ocrx_word' id='word_1_347' title='bbox 345 2121 423 2165; x_wconf 88' lang='lat' dir='ltr'>sed</span> <span class='ocrx_word' id='word_1_348' title='bbox 441 2126 544 2164; x_wconf 89' lang='lat' dir='ltr'>sunt</span> <span class='ocrx_word' id='word_1_349' title='bbox 568 2135 801 2178; x_wconf 85' lang='lat' dir='ltr'>synagoga</span> <span class='ocrx_word' id='word_1_350' title='bbox 823 2121 1016 2166; x_wconf 80' lang='lat' dir='ltr'>Satanae.</span> <span class='ocrx_word' id='word_1_351' title='bbox 1041 2120 1077 2148; x_wconf 91' lang='lat'>¹⁰</span> <span class='ocrx_word' id='word_1_352' title='bbox 1096 2121 1221 2165; x_wconf 90' lang='lat' dir='ltr'>Nihil</span> <span class='ocrx_word' id='word_1_353' title='bbox 1243 2122 1400 2165; x_wconf 89' lang='lat' dir='ltr'>horum</span> <span class='ocrx_word' id='word_1_354' title='bbox 1419 2121 1576 2164; x_wconf 87' lang='lat' dir='ltr'>timeas</span> <span class='ocrx_word' id='word_1_355' title='bbox 1599 2135 1698 2176; x_wconf 86' lang='lat' dir='ltr'>quae</span> <span class='ocrx_word' id='word_1_356' title='bbox 1718 2136 1928 2178; x_wconf 87' lang='lat' dir='ltr'>passurus</span> 
     </span>
     <span class='ocr_line' id='line_1_32' title="bbox 94 2180 1926 2236; baseline -0.001 -12"><span class='ocrx_word' id='word_1_357' title='bbox 94 2194 153 2224; x_wconf 84' lang='lat' dir='ltr'>eS.</span> <span class='ocrx_word' id='word_1_358' title='bbox 178 2181 294 2224; x_wconf 88' lang='lat' dir='ltr'>Ecce</span> <span class='ocrx_word' id='word_1_359' title='bbox 319 2180 531 2223; x_wconf 81' lang='lat' dir='ltr'>missurus</span> <span class='ocrx_word' id='word_1_360' title='bbox 555 2185 622 2223; x_wconf 88' lang='lat' dir='ltr'>est</span> <span class='ocrx_word' id='word_1_361' title='bbox 642 2180 846 2224; x_wconf 85' lang='lat' dir='ltr'>diabolus</span> <span class='ocrx_word' id='word_1_362' title='bbox 867 2180 1040 2236; x_wconf 87' lang='lat' dir='ltr'>aliquos</span> <span class='ocrx_word' id='word_1_363' title='bbox 1059 2195 1114 2224; x_wconf 82' lang='lat' dir='ltr'>ex</span> <span class='ocrx_word' id='word_1_364' title='bbox 1131 2181 1257 2224; x_wconf 84' lang='lat' dir='ltr'>vobis</span> <span class='ocrx_word' id='word_1_365' title='bbox 1278 2181 1325 2223; x_wconf 88' lang='lat' dir='ltr'>in</span> <span class='ocrx_word' id='word_1_366' title='bbox 1347 2194 1582 2235; x_wconf 86' lang='lat' dir='ltr'>carcerem,</span> <span class='ocrx_word' id='word_1_367' title='bbox 1606 2185 1657 2223; x_wconf 91' lang='lat' dir='ltr'>ut</span> <span class='ocrx_word' id='word_1_368' title='bbox 1677 2180 1926 2236; x_wconf 89' lang='lat' dir='ltr'>tentemini,</span> 
     </span>
     <span class='ocr_line' id='line_1_33' title="bbox 94 2239 1926 2295; baseline 0 -13"><span class='ocrx_word' id='word_1_369' title='bbox 94 2246 137 2283; x_wconf 86' lang='lat' dir='ltr'>et</span> <span class='ocrx_word' id='word_1_370' title='bbox 162 2239 385 2283; x_wconf 87' lang='lat' dir='ltr'>habebitis</span> <span class='ocrx_word' id='word_1_371' title='bbox 409 2239 747 2283; x_wconf 86' lang='lat' dir='ltr'>tribulationem</span> <span class='ocrx_word' id='word_1_372' title='bbox 771 2240 927 2284; x_wconf 89' lang='lat' dir='ltr'>diebus</span> <span class='ocrx_word' id='word_1_373' title='bbox 961 2240 1129 2284; x_wconf 88' lang='lat' dir='ltr'>decem.</span> <span class='ocrx_word' id='word_1_374' title='bbox 1161 2241 1268 2283; x_wconf 87' lang='lat' dir='ltr'>Esto</span> <span class='ocrx_word' id='word_1_375' title='bbox 1296 2240 1440 2283; x_wconf 90' lang='lat' dir='ltr'>fidelis</span> <span class='ocrx_word' id='word_1_376' title='bbox 1468 2253 1606 2295; x_wconf 86' lang='lat' dir='ltr'>usque</span> <span class='ocrx_word' id='word_1_377' title='bbox 1631 2239 1688 2282; x_wconf 87' lang='lat' dir='ltr'>ad</span> <span class='ocrx_word' id='word_1_378' title='bbox 1719 2244 1926 2295; x_wconf 87' lang='lat' dir='ltr'>mortem,</span> 
     </span>
     <span class='ocr_line' id='line_1_34' title="bbox 94 2298 1928 2355; baseline -0.001 -13"><span class='ocrx_word' id='word_1_379' title='bbox 94 2305 137 2342; x_wconf 85' lang='lat' dir='ltr'>et.</span> <span class='ocrx_word' id='word_1_380' title='bbox 164 2298 280 2342; x_wconf 90' lang='lat' dir='ltr'>dabo</span> <span class='ocrx_word' id='word_1_381' title='bbox 303 2299 386 2342; x_wconf 90' lang='lat' dir='ltr'>tibi</span> <span class='ocrx_word' id='word_1_382' title='bbox 409 2313 617 2342; x_wconf 89' lang='lat' dir='ltr'>coronam</span> <span class='ocrx_word' id='word_1_383' title='bbox 639 2299 759 2342; x_wconf 85' lang='lat' dir='ltr'>vitae.</span> <span class='ocrx_word' id='word_1_384' title='bbox 788 2298 820 2325; x_wconf 88' lang='lat'>¹¹</span> <span class='ocrx_word' id='word_1_385' title='bbox 840 2299 923 2350; x_wconf 86' lang='lat' dir='ltr'>Qui</span> <span class='ocrx_word' id='word_1_386' title='bbox 945 2299 1081 2343; x_wconf 88' lang='lat' dir='ltr'>habet</span> <span class='ocrx_word' id='word_1_387' title='bbox 1101 2313 1266 2355; x_wconf 87' lang='lat' dir='ltr'>aurem,</span> <span class='ocrx_word' id='word_1_388' title='bbox 1290 2299 1444 2343; x_wconf 88' lang='lat' dir='ltr'>audiat</span> <span class='ocrx_word' id='word_1_389' title='bbox 1465 2298 1572 2354; x_wconf 85' lang='lat' dir='ltr'>quid</span> <span class='ocrx_word' id='word_1_390' title='bbox 1594 2298 1784 2355; x_wconf 87' lang='lat' dir='ltr'>Spiritus</span> <span class='ocrx_word' id='word_1_391' title='bbox 1808 2298 1928 2341; x_wconf 86' lang='lat' dir='ltr'>dicat</span> 
     </span>
     <span class='ocr_line' id='line_1_35' title="bbox 94 2357 1422 2414; baseline 0 -13"><span class='ocrx_word' id='word_1_392' title='bbox 94 2357 293 2401; x_wconf 83' lang='lat' dir='ltr'>ecclesiis</span> <span class='ocrx_word' id='word_1_393' title='bbox 325 2374 336 2402; x_wconf 71' lang='grc' dir='ltr'><strong><em>ι</em></strong></span> <span class='ocrx_word' id='word_1_394' title='bbox 361 2358 443 2409; x_wconf 86' lang='lat' dir='ltr'>Qui</span> <span class='ocrx_word' id='word_1_395' title='bbox 469 2358 646 2414; x_wconf 79' lang='lat' dir='ltr'>vicerit,</span> <span class='ocrx_word' id='word_1_396' title='bbox 672 2372 762 2401; x_wconf 91' lang='lat' dir='ltr'>non</span> <span class='ocrx_word' id='word_1_397' title='bbox 786 2358 975 2401; x_wconf 81' lang='lat' dir='ltr'>laedetur</span> <span class='ocrx_word' id='word_1_398' title='bbox 999 2373 1026 2401; x_wconf 89' lang='lat' dir='ltr'>a</span> <span class='ocrx_word' id='word_1_399' title='bbox 1047 2363 1187 2402; x_wconf 89' lang='lat' dir='ltr'>morte</span> <span class='ocrx_word' id='word_1_400' title='bbox 1211 2358 1422 2402; x_wconf 85' lang='lat' dir='ltr'>secunda.</span> 
     </span>
    </p>

    <p class='ocr_par' dir='ltr' id='par_1_6' title="bbox 94 2416 1927 3538">
     <span class='ocr_line' id='line_1_36' title="bbox 156 2416 1926 2474; baseline 0.001 -15"><span class='ocrx_word' id='word_1_401' title='bbox 156 2416 190 2442; x_wconf 70' lang='lat'>¹²</span> <span class='ocrx_word' id='word_1_402' title='bbox 209 2417 267 2459; x_wconf 85' lang='lat' dir='ltr'>Et</span> <span class='ocrx_word' id='word_1_403' title='bbox 303 2417 464 2473; x_wconf 87' lang='lat' dir='ltr'>angelo</span> <span class='ocrx_word' id='word_1_404' title='bbox 502 2417 707 2473; x_wconf 84' lang='lat' dir='ltr'>Pergami</span> <span class='ocrx_word' id='word_1_405' title='bbox 749 2417 950 2461; x_wconf 76' lang='lat' dir='ltr'>ecclesiae</span> <span class='ocrx_word' id='word_1_406' title='bbox 989 2417 1132 2461; x_wconf 87' lang='lat' dir='ltr'>scribe</span> <span class='ocrx_word' id='word_1_407' title='bbox 1165 2435 1174 2461; x_wconf 89' lang='lat'>:</span> <span class='ocrx_word' id='word_1_408' title='bbox 1209 2419 1324 2461; x_wconf 87' lang='lat' dir='ltr'>Haec</span> <span class='ocrx_word' id='word_1_409' title='bbox 1362 2417 1472 2461; x_wconf 91' lang='lat' dir='ltr'>dicit</span> <span class='ocrx_word' id='word_1_410' title='bbox 1505 2417 1580 2474; x_wconf 89' lang='lat' dir='ltr'>qui</span> <span class='ocrx_word' id='word_1_411' title='bbox 1611 2417 1750 2460; x_wconf 91' lang='lat' dir='ltr'>habet</span> <span class='ocrx_word' id='word_1_412' title='bbox 1782 2417 1926 2461; x_wconf 90' lang='lat' dir='ltr'>rhom-</span> 
     </span>
     <span class='ocr_line' id='line_1_37' title="bbox 94 2476 1925 2534; baseline 0.001 -16"><span class='ocrx_word' id='word_1_413' title='bbox 94 2476 271 2533; x_wconf 82' lang='lat' dir='ltr'>phaeam</span> <span class='ocrx_word' id='word_1_414' title='bbox 295 2483 482 2532; x_wconf 88' lang='lat' dir='ltr'>utraque</span> <span class='ocrx_word' id='word_1_415' title='bbox 503 2482 628 2534; x_wconf 87' lang='lat' dir='ltr'>parte</span> <span class='ocrx_word' id='word_1_416' title='bbox 652 2482 831 2520; x_wconf 89' lang='lat' dir='ltr'>acutam</span> <span class='ocrx_word' id='word_1_417' title='bbox 861 2493 869 2520; x_wconf 77' lang='grc' dir='ltr'>ε</span> <span class='ocrx_word' id='word_1_418' title='bbox 897 2476 933 2503; x_wconf 84' lang='lat'>¹3</span> <span class='ocrx_word' id='word_1_419' title='bbox 951 2477 1050 2520; x_wconf 88' lang='lat' dir='ltr'>Scio</span> <span class='ocrx_word' id='word_1_420' title='bbox 1075 2477 1151 2519; x_wconf 90' lang='lat' dir='ltr'>ubi</span> <span class='ocrx_word' id='word_1_421' title='bbox 1177 2477 1368 2533; x_wconf 89' lang='lat' dir='ltr'>habitas,</span> <span class='ocrx_word' id='word_1_422' title='bbox 1392 2477 1468 2519; x_wconf 89' lang='lat' dir='ltr'>ubi</span> <span class='ocrx_word' id='word_1_423' title='bbox 1495 2477 1620 2520; x_wconf 84' lang='lat' dir='ltr'>sedes</span> <span class='ocrx_word' id='word_1_424' title='bbox 1645 2481 1712 2519; x_wconf 87' lang='lat' dir='ltr'>est</span> <span class='ocrx_word' id='word_1_425' title='bbox 1734 2476 1925 2531; x_wconf 85' lang='lat' dir='ltr'>Satanae,</span> 
     </span>
     <span class='ocr_line' id='line_1_38' title="bbox 94 2534 1927 2592; baseline 0 -14"><span class='ocrx_word' id='word_1_426' title='bbox 94 2540 138 2578; x_wconf 90' lang='lat' dir='ltr'>et</span> <span class='ocrx_word' id='word_1_427' title='bbox 165 2540 288 2578; x_wconf 88' lang='lat' dir='ltr'>tenes</span> <span class='ocrx_word' id='word_1_428' title='bbox 321 2550 483 2579; x_wconf 89' lang='lat' dir='ltr'>nomen</span> <span class='ocrx_word' id='word_1_429' title='bbox 516 2550 686 2591; x_wconf 88' lang='lat' dir='ltr'>meum,</span> <span class='ocrx_word' id='word_1_430' title='bbox 720 2541 764 2579; x_wconf 90' lang='lat' dir='ltr'>et</span> <span class='ocrx_word' id='word_1_431' title='bbox 796 2550 884 2579; x_wconf 91' lang='lat' dir='ltr'>non</span> <span class='ocrx_word' id='word_1_432' title='bbox 918 2536 1091 2592; x_wconf 81' lang='lat' dir='ltr'>negasti</span> <span class='ocrx_word' id='word_1_433' title='bbox 1125 2536 1259 2579; x_wconf 89' lang='lat' dir='ltr'>fidem</span> <span class='ocrx_word' id='word_1_434' title='bbox 1292 2551 1452 2579; x_wconf 87' lang='lat' dir='ltr'>meam.</span> <span class='ocrx_word' id='word_1_435' title='bbox 1488 2535 1546 2579; x_wconf 85' lang='lat' dir='ltr'>Et</span> <span class='ocrx_word' id='word_1_436' title='bbox 1577 2536 1623 2578; x_wconf 90' lang='lat' dir='ltr'>in</span> <span class='ocrx_word' id='word_1_437' title='bbox 1657 2535 1813 2578; x_wconf 86' lang='lat' dir='ltr'>diebus</span> <span class='ocrx_word' id='word_1_438' title='bbox 1836 2534 1927 2578; x_wconf 89' lang='lat' dir='ltr'>illis</span> 
     </span>
     <span class='ocr_line' id='line_1_39' title="bbox 94 2593 1925 2652; baseline 0 -16"><span class='ocrx_word' id='word_1_439' title='bbox 94 2594 285 2651; x_wconf 86' lang='lat' dir='ltr'>Antipas</span> <span class='ocrx_word' id='word_1_440' title='bbox 310 2595 436 2638; x_wconf 88' lang='lat' dir='ltr'>testis</span> <span class='ocrx_word' id='word_1_441' title='bbox 463 2609 587 2638; x_wconf 85' lang='lat' dir='ltr'>meus</span> <span class='ocrx_word' id='word_1_442' title='bbox 613 2595 770 2651; x_wconf 89' lang='lat' dir='ltr'>fidelis,</span> <span class='ocrx_word' id='word_1_443' title='bbox 788 2595 863 2652; x_wconf 90' lang='lat' dir='ltr'>qui</span> <span class='ocrx_word' id='word_1_444' title='bbox 889 2595 1061 2639; x_wconf 87' lang='lat' dir='ltr'>occisus</span> <span class='ocrx_word' id='word_1_445' title='bbox 1082 2601 1149 2639; x_wconf 86' lang='lat' dir='ltr'>est</span> <span class='ocrx_word' id='word_1_446' title='bbox 1170 2596 1289 2652; x_wconf 90' lang='lat' dir='ltr'>apud</span> <span class='ocrx_word' id='word_1_447' title='bbox 1307 2610 1398 2651; x_wconf 89' lang='lat' dir='ltr'>vos,</span> <span class='ocrx_word' id='word_1_448' title='bbox 1423 2595 1500 2638; x_wconf 88' lang='lat' dir='ltr'>ubi</span> <span class='ocrx_word' id='word_1_449' title='bbox 1524 2595 1714 2638; x_wconf 87' lang='lat' dir='ltr'>Satanas</span> <span class='ocrx_word' id='word_1_450' title='bbox 1736 2593 1925 2637; x_wconf 86' lang='lat' dir='ltr'>habitat.</span> 
     </span>
     <span class='ocr_line' id='line_1_40' title="bbox 95 2652 1927 2712; baseline -0.001 -16"><span class='ocrx_word' id='word_1_451' title='bbox 95 2652 131 2679; x_wconf 80' lang='lat'>¹4</span> <span class='ocrx_word' id='word_1_452' title='bbox 153 2653 241 2697; x_wconf 89' lang='lat' dir='ltr'>Sed</span> <span class='ocrx_word' id='word_1_453' title='bbox 277 2653 420 2698; x_wconf 88' lang='lat' dir='ltr'>habeo</span> <span class='ocrx_word' id='word_1_454' title='bbox 456 2655 668 2698; x_wconf 84' lang='lat' dir='ltr'>adversus</span> <span class='ocrx_word' id='word_1_455' title='bbox 706 2660 749 2698; x_wconf 88' lang='lat' dir='ltr'>te</span> <span class='ocrx_word' id='word_1_456' title='bbox 788 2669 952 2712; x_wconf 89' lang='lat' dir='ltr'>pauca,</span> <span class='ocrx_word' id='word_1_457' title='bbox 994 2655 1098 2710; x_wconf 86' lang='lat' dir='ltr'>quia</span> <span class='ocrx_word' id='word_1_458' title='bbox 1135 2655 1273 2698; x_wconf 88' lang='lat' dir='ltr'>habes</span> <span class='ocrx_word' id='word_1_459' title='bbox 1308 2655 1403 2698; x_wconf 91' lang='lat' dir='ltr'>illic</span> <span class='ocrx_word' id='word_1_460' title='bbox 1440 2659 1641 2697; x_wconf 88' lang='lat' dir='ltr'>tenentes</span> <span class='ocrx_word' id='word_1_461' title='bbox 1678 2652 1927 2696; x_wconf 86' lang='lat' dir='ltr'>doctrinam</span> 
     </span>
     <span class='ocr_line' id='line_1_41' title="bbox 96 2711 1925 2769; baseline 0 -14"><span class='ocrx_word' id='word_1_462' title='bbox 96 2712 303 2769; x_wconf 86' lang='lat' dir='ltr'>Balaam,</span> <span class='ocrx_word' id='word_1_463' title='bbox 329 2713 404 2769; x_wconf 89' lang='lat' dir='ltr'>qui</span> <span class='ocrx_word' id='word_1_464' title='bbox 427 2713 615 2757; x_wconf 85' lang='lat' dir='ltr'>docebat</span> <span class='ocrx_word' id='word_1_465' title='bbox 638 2714 776 2758; x_wconf 88' lang='lat' dir='ltr'>Balac</span> <span class='ocrx_word' id='word_1_466' title='bbox 803 2713 979 2758; x_wconf 86' lang='lat' dir='ltr'>mittere</span> <span class='ocrx_word' id='word_1_467' title='bbox 1001 2714 1264 2758; x_wconf 88' lang='lat' dir='ltr'>scandalum</span> <span class='ocrx_word' id='word_1_468' title='bbox 1288 2728 1438 2757; x_wconf 89' lang='lat' dir='ltr'>coram</span> <span class='ocrx_word' id='word_1_469' title='bbox 1459 2713 1562 2756; x_wconf 91' lang='lat' dir='ltr'>filiis</span> <span class='ocrx_word' id='word_1_470' title='bbox 1589 2712 1749 2767; x_wconf 86' lang='lat' dir='ltr'>Israel,</span> <span class='ocrx_word' id='word_1_471' title='bbox 1775 2711 1925 2768; x_wconf 83' lang='lat' dir='ltr'>edere,</span> 
     </span>
     <span class='ocr_line' id='line_1_42' title="bbox 95 2771 1927 2817; baseline -0.001 -3"><span class='ocrx_word' id='word_1_472' title='bbox 95 2777 140 2814; x_wconf 90' lang='lat' dir='ltr'>et</span> <span class='ocrx_word' id='word_1_473' title='bbox 160 2771 374 2815; x_wconf 83' lang='lat' dir='ltr'>fornicari</span> <span class='ocrx_word' id='word_1_474' title='bbox 399 2789 411 2817; x_wconf 70' lang='grc' dir='ltr'>ε</span> <span class='ocrx_word' id='word_1_475' title='bbox 438 2772 474 2799; x_wconf 80' lang='lat'>¹⁵</span> <span class='ocrx_word' id='word_1_476' title='bbox 497 2772 562 2815; x_wconf 86' lang='lat' dir='ltr'>ita</span> <span class='ocrx_word' id='word_1_477' title='bbox 583 2773 721 2816; x_wconf 87' lang='lat' dir='ltr'>habes</span> <span class='ocrx_word' id='word_1_478' title='bbox 749 2778 794 2817; x_wconf 86' lang='lat' dir='ltr'>et</span> <span class='ocrx_word' id='word_1_479' title='bbox 815 2778 863 2816; x_wconf 88' lang='lat' dir='ltr'>tu</span> <span class='ocrx_word' id='word_1_480' title='bbox 885 2778 1086 2816; x_wconf 86' lang='lat' dir='ltr'>tenentes</span> <span class='ocrx_word' id='word_1_481' title='bbox 1108 2773 1359 2817; x_wconf 88' lang='lat' dir='ltr'>doctrinam</span> <span class='ocrx_word' id='word_1_482' title='bbox 1381 2772 1720 2815; x_wconf 86' lang='lat' dir='ltr'>Nicolaitarum.</span> <span class='ocrx_word' id='word_1_483' title='bbox 1744 2771 1780 2797; x_wconf 73' lang='lat'>¹⁶</span> <span class='ocrx_word' id='word_1_484' title='bbox 1799 2771 1927 2815; x_wconf 89' lang='lat' dir='ltr'>Simi-</span> 
     </span>
     <span class='ocr_line' id='line_1_43' title="bbox 94 2830 1926 2888; baseline -0.001 -15"><span class='ocrx_word' id='word_1_485' title='bbox 94 2830 196 2874; x_wconf 86' lang='lat' dir='ltr'>liter</span> <span class='ocrx_word' id='word_1_486' title='bbox 220 2831 534 2888; x_wconf 88' lang='lat' dir='ltr'>poenitentiam</span> <span class='ocrx_word' id='word_1_487' title='bbox 558 2847 670 2888; x_wconf 80' lang='lat' dir='ltr'>age3</span> <span class='ocrx_word' id='word_1_488' title='bbox 701 2833 739 2876; x_wconf 83' lang='grc'>01</span> <span class='ocrx_word' id='word_1_489' title='bbox 765 2847 848 2888; x_wconf 89' lang='lat' dir='ltr'>quo</span> <span class='ocrx_word' id='word_1_490' title='bbox 875 2832 1043 2888; x_wconf 86' lang='lat' dir='ltr'>minus,</span> <span class='ocrx_word' id='word_1_491' title='bbox 1070 2834 1248 2876; x_wconf 81' lang='lat' dir='ltr'>veniam</span> <span class='ocrx_word' id='word_1_492' title='bbox 1272 2832 1355 2874; x_wconf 88' lang='lat' dir='ltr'>tibi</span> <span class='ocrx_word' id='word_1_493' title='bbox 1381 2832 1491 2887; x_wconf 90' lang='lat' dir='ltr'>cito,</span> <span class='ocrx_word' id='word_1_494' title='bbox 1517 2837 1562 2874; x_wconf 89' lang='lat' dir='ltr'>et</span> <span class='ocrx_word' id='word_1_495' title='bbox 1589 2830 1801 2888; x_wconf 86' lang='lat' dir='ltr'>pugnabo</span> <span class='ocrx_word' id='word_1_496' title='bbox 1826 2844 1926 2873; x_wconf 89' lang='lat' dir='ltr'>cum</span> 
     </span>
     <span class='ocr_line' id='line_1_44' title="bbox 94 2889 1927 2946; baseline -0.001 -14"><span class='ocrx_word' id='word_1_497' title='bbox 94 2889 184 2933; x_wconf 86' lang='lat' dir='ltr'>illis</span> <span class='ocrx_word' id='word_1_498' title='bbox 213 2890 260 2932; x_wconf 90' lang='lat' dir='ltr'>in</span> <span class='ocrx_word' id='word_1_499' title='bbox 293 2890 443 2946; x_wconf 87' lang='lat' dir='ltr'>gladio</span> <span class='ocrx_word' id='word_1_500' title='bbox 474 2891 559 2934; x_wconf 87' lang='lat' dir='ltr'>oris</span> <span class='ocrx_word' id='word_1_501' title='bbox 592 2892 692 2935; x_wconf 85' lang='lat' dir='ltr'>mei.</span> <span class='ocrx_word' id='word_1_502' title='bbox 724 2891 758 2918; x_wconf 84' lang='lat'>¹⁷</span> <span class='ocrx_word' id='word_1_503' title='bbox 783 2892 867 2942; x_wconf 80' lang='lat' dir='ltr'>Qui</span> <span class='ocrx_word' id='word_1_504' title='bbox 900 2891 1036 2935; x_wconf 87' lang='lat' dir='ltr'>habet</span> <span class='ocrx_word' id='word_1_505' title='bbox 1065 2906 1239 2946; x_wconf 88' lang='lat' dir='ltr'>aurem,</span> <span class='ocrx_word' id='word_1_506' title='bbox 1269 2891 1424 2934; x_wconf 86' lang='lat' dir='ltr'>audiat</span> <span class='ocrx_word' id='word_1_507' title='bbox 1451 2890 1556 2946; x_wconf 88' lang='lat' dir='ltr'>quid</span> <span class='ocrx_word' id='word_1_508' title='bbox 1584 2889 1774 2945; x_wconf 87' lang='lat' dir='ltr'>Spiritus</span> <span class='ocrx_word' id='word_1_509' title='bbox 1806 2889 1927 2945; x_wconf 85' lang='lat' dir='ltr'>dicat</span> 
     </span>
     <span class='ocr_line' id='line_1_45' title="bbox 95 2947 1926 3006; baseline -0.001 -14"><span class='ocrx_word' id='word_1_510' title='bbox 95 2948 295 2994; x_wconf 85' lang='grc' dir='ltr'>0001001ίο</span> <span class='ocrx_word' id='word_1_511' title='bbox 334 2966 344 2994; x_wconf 89' lang='lat'>:</span> <span class='ocrx_word' id='word_1_512' title='bbox 382 2949 592 2993; x_wconf 90' lang='lat' dir='ltr'>Vincenti</span> <span class='ocrx_word' id='word_1_513' title='bbox 629 2951 745 2994; x_wconf 89' lang='lat' dir='ltr'>dabo</span> <span class='ocrx_word' id='word_1_514' title='bbox 786 2966 951 2994; x_wconf 86' lang='lat' dir='ltr'>manna</span> <span class='ocrx_word' id='word_1_515' title='bbox 987 2951 1320 3006; x_wconf 88' lang='lat' dir='ltr'>absconditum,</span> <span class='ocrx_word' id='word_1_516' title='bbox 1360 2955 1406 2994; x_wconf 88' lang='lat' dir='ltr'>et</span> <span class='ocrx_word' id='word_1_517' title='bbox 1446 2949 1561 2993; x_wconf 90' lang='lat' dir='ltr'>dabo</span> <span class='ocrx_word' id='word_1_518' title='bbox 1599 2948 1665 2991; x_wconf 91' lang='lat' dir='ltr'>illi</span> <span class='ocrx_word' id='word_1_519' title='bbox 1703 2947 1926 2992; x_wconf 87' lang='lat' dir='ltr'>calculum</span> 
     </span>
     <span class='ocr_line' id='line_1_46' title="bbox 95 3006 1927 3066; baseline -0.001 -16"><span class='ocrx_word' id='word_1_520' title='bbox 95 3008 350 3064; x_wconf 87' lang='lat' dir='ltr'>candidum,</span> <span class='ocrx_word' id='word_1_521' title='bbox 374 3013 418 3052; x_wconf 89' lang='lat' dir='ltr'>et</span> <span class='ocrx_word' id='word_1_522' title='bbox 439 3008 487 3050; x_wconf 90' lang='lat' dir='ltr'>in</span> <span class='ocrx_word' id='word_1_523' title='bbox 509 3009 681 3052; x_wconf 89' lang='lat' dir='ltr'>calculo</span> <span class='ocrx_word' id='word_1_524' title='bbox 703 3024 866 3054; x_wconf 88' lang='lat' dir='ltr'>nomen</span> <span class='ocrx_word' id='word_1_525' title='bbox 887 3024 1054 3054; x_wconf 75' lang='lat' dir='ltr'>novum</span> <span class='ocrx_word' id='word_1_526' title='bbox 1079 3009 1308 3066; x_wconf 86' lang='lat' dir='ltr'>scriptum,</span> <span class='ocrx_word' id='word_1_527' title='bbox 1332 3009 1449 3066; x_wconf 91' lang='lat' dir='ltr'>quod</span> <span class='ocrx_word' id='word_1_528' title='bbox 1474 3022 1605 3052; x_wconf 90' lang='lat' dir='ltr'>nemo</span> <span class='ocrx_word' id='word_1_529' title='bbox 1631 3007 1727 3064; x_wconf 89' lang='lat' dir='ltr'>scit,</span> <span class='ocrx_word' id='word_1_530' title='bbox 1747 3006 1833 3051; x_wconf 86' lang='lat' dir='ltr'>nisi</span> <span class='ocrx_word' id='word_1_531' title='bbox 1851 3006 1927 3063; x_wconf 88' lang='lat' dir='ltr'>qui</span> 
     </span>
     <span class='ocr_line' id='line_1_47' title="bbox 95 3073 1926 3184; baseline -0.002 -14"><span class='ocrx_word' id='word_1_532' title='bbox 95 3073 275 3169; x_wconf 48' lang='lat' dir='ltr'>acffgplliit</span> <span class='ocrx_word' id='word_1_533' title='bbox 310 3127 471 3183; x_wconf 86' lang='lat' dir='ltr'>angelo</span> <span class='ocrx_word' id='word_1_534' title='bbox 504 3128 731 3184; x_wconf 86' lang='lat' dir='ltr'>Thyatirae</span> <span class='ocrx_word' id='word_1_535' title='bbox 767 3129 970 3173; x_wconf 86' lang='lat' dir='ltr'>ecclesiae</span> <span class='ocrx_word' id='word_1_536' title='bbox 1006 3129 1149 3173; x_wconf 86' lang='lat' dir='ltr'>scribe</span> <span class='ocrx_word' id='word_1_537' title='bbox 1190 3146 1199 3173; x_wconf 72' lang='grc' dir='ltr'>ε</span> <span class='ocrx_word' id='word_1_538' title='bbox 1239 3130 1351 3171; x_wconf 84' lang='lat' dir='ltr'>Haec</span> <span class='ocrx_word' id='word_1_539' title='bbox 1389 3128 1498 3172; x_wconf 88' lang='lat' dir='ltr'>dicit</span> <span class='ocrx_word' id='word_1_540' title='bbox 1531 3128 1672 3170; x_wconf 86' lang='lat' dir='ltr'>Filius</span> <span class='ocrx_word' id='word_1_541' title='bbox 1711 3126 1814 3181; x_wconf 86' lang='lat' dir='ltr'>Dei,</span> <span class='ocrx_word' id='word_1_542' title='bbox 1853 3123 1926 3179; x_wconf 85' lang='lat' dir='ltr'>qui</span> 
     </span>
     <span class='ocr_line' id='line_1_48' title="bbox 96 3184 1925 3245; baseline -0.001 -18"><span class='ocrx_word' id='word_1_543' title='bbox 96 3184 233 3228; x_wconf 90' lang='lat' dir='ltr'>habet</span> <span class='ocrx_word' id='word_1_544' title='bbox 258 3186 408 3230; x_wconf 92' lang='lat' dir='ltr'>oculos</span> <span class='ocrx_word' id='word_1_545' title='bbox 433 3192 648 3242; x_wconf 89' lang='lat' dir='ltr'>tanquam</span> <span class='ocrx_word' id='word_1_546' title='bbox 672 3186 900 3230; x_wconf 90' lang='lat' dir='ltr'>flammam</span> <span class='ocrx_word' id='word_1_547' title='bbox 924 3188 1065 3244; x_wconf 89' lang='lat' dir='ltr'>ignis,</span> <span class='ocrx_word' id='word_1_548' title='bbox 1087 3194 1133 3232; x_wconf 93' lang='lat' dir='ltr'>et</span> <span class='ocrx_word' id='word_1_549' title='bbox 1157 3188 1290 3245; x_wconf 88' lang='lat' dir='ltr'>pedes</span> <span class='ocrx_word' id='word_1_550' title='bbox 1313 3187 1408 3243; x_wconf 81' lang='lat' dir='ltr'>ejus</span> <span class='ocrx_word' id='word_1_551' title='bbox 1434 3187 1603 3230; x_wconf 89' lang='lat' dir='ltr'>similes</span> <span class='ocrx_word' id='word_1_552' title='bbox 1628 3184 1881 3228; x_wconf 85' lang='lat' dir='ltr'>aurichalco</span> <span class='ocrx_word' id='word_1_553' title='bbox 1914 3199 1925 3226; x_wconf 80' lang='lat'>2</span> 
     </span>
     <span class='ocr_line' id='line_1_49' title="bbox 98 3242 1925 3302; baseline -0.002 -15"><span class='ocrx_word' id='word_1_554' title='bbox 98 3242 134 3268; x_wconf 80' lang='lat'>¹⁰</span> <span class='ocrx_word' id='word_1_555' title='bbox 152 3244 267 3288; x_wconf 84' lang='lat' dir='ltr'>Novi</span> <span class='ocrx_word' id='word_1_556' title='bbox 293 3259 426 3302; x_wconf 88' lang='lat' dir='ltr'>opera</span> <span class='ocrx_word' id='word_1_557' title='bbox 447 3250 535 3301; x_wconf 85' lang='lat' dir='ltr'>tua,</span> <span class='ocrx_word' id='word_1_558' title='bbox 556 3250 599 3289; x_wconf 88' lang='lat' dir='ltr'>et</span> <span class='ocrx_word' id='word_1_559' title='bbox 623 3245 769 3301; x_wconf 88' lang='lat' dir='ltr'>fidem,</span> <span class='ocrx_word' id='word_1_560' title='bbox 789 3252 832 3290; x_wconf 92' lang='lat' dir='ltr'>et</span> <span class='ocrx_word' id='word_1_561' title='bbox 853 3247 1117 3290; x_wconf 82' lang='lat' dir='ltr'>charitatem</span> <span class='ocrx_word' id='word_1_562' title='bbox 1139 3252 1276 3300; x_wconf 86' lang='lat' dir='ltr'>tuam,</span> <span class='ocrx_word' id='word_1_563' title='bbox 1295 3252 1340 3289; x_wconf 88' lang='lat' dir='ltr'>et</span> <span class='ocrx_word' id='word_1_564' title='bbox 1360 3245 1670 3298; x_wconf 87' lang='lat' dir='ltr'>ministerium,</span> <span class='ocrx_word' id='word_1_565' title='bbox 1690 3250 1733 3286; x_wconf 88' lang='lat' dir='ltr'>et</span> <span class='ocrx_word' id='word_1_566' title='bbox 1755 3242 1925 3299; x_wconf 86' lang='lat' dir='ltr'>patien-</span> 
     </span>
     <span class='ocr_line' id='line_1_50' title="bbox 98 3301 1924 3363; baseline 0 -20"><span class='ocrx_word' id='word_1_567' title='bbox 98 3302 207 3344; x_wconf 86' lang='lat' dir='ltr'>tiam</span> <span class='ocrx_word' id='word_1_568' title='bbox 228 3309 364 3361; x_wconf 88' lang='lat' dir='ltr'>tuam,</span> <span class='ocrx_word' id='word_1_569' title='bbox 391 3310 435 3348; x_wconf 86' lang='lat' dir='ltr'>et</span> <span class='ocrx_word' id='word_1_570' title='bbox 457 3319 589 3361; x_wconf 91' lang='lat' dir='ltr'>opera</span> <span class='ocrx_word' id='word_1_571' title='bbox 613 3309 690 3348; x_wconf 89' lang='lat' dir='ltr'>tua</span> <span class='ocrx_word' id='word_1_572' title='bbox 715 3305 956 3348; x_wconf 87' lang='lat' dir='ltr'>novissima</span> <span class='ocrx_word' id='word_1_573' title='bbox 977 3305 1103 3362; x_wconf 90' lang='lat' dir='ltr'>plura</span> <span class='ocrx_word' id='word_1_574' title='bbox 1128 3305 1362 3363; x_wconf 77' lang='lat' dir='ltr'>prioribus.</span> <span class='ocrx_word' id='word_1_575' title='bbox 1389 3304 1426 3332; x_wconf 67' lang='lat'>”2⁰</span> <span class='ocrx_word' id='word_1_576' title='bbox 1444 3305 1529 3348; x_wconf 89' lang='lat' dir='ltr'>Sed</span> <span class='ocrx_word' id='word_1_577' title='bbox 1551 3303 1693 3346; x_wconf 88' lang='lat' dir='ltr'>habeo</span> <span class='ocrx_word' id='word_1_578' title='bbox 1714 3301 1924 3344; x_wconf 85' lang='lat' dir='ltr'>adversus</span> 
     </span>
     <span class='ocr_line' id='line_1_51' title="bbox 97 3359 1924 3421; baseline -0.001 -17"><span class='ocrx_word' id='word_1_579' title='bbox 97 3366 141 3404; x_wconf 88' lang='lat' dir='ltr'>te</span> <span class='ocrx_word' id='word_1_580' title='bbox 166 3376 327 3419; x_wconf 89' lang='lat' dir='ltr'>pauca,</span> <span class='ocrx_word' id='word_1_581' title='bbox 354 3364 457 3419; x_wconf 87' lang='lat' dir='ltr'>quia</span> <span class='ocrx_word' id='word_1_582' title='bbox 483 3364 703 3421; x_wconf 85' lang='lat' dir='ltr'>permittis</span> <span class='ocrx_word' id='word_1_583' title='bbox 734 3364 964 3406; x_wconf 90' lang='lat' dir='ltr'>mulierem</span> <span class='ocrx_word' id='word_1_584' title='bbox 989 3364 1193 3419; x_wconf 80' lang='lat' dir='ltr'>Jezabel,</span> <span class='ocrx_word' id='word_1_585' title='bbox 1226 3378 1324 3419; x_wconf 85' lang='lat' dir='ltr'>quae</span> <span class='ocrx_word' id='word_1_586' title='bbox 1349 3378 1395 3406; x_wconf 89' lang='lat' dir='ltr'>se</span> <span class='ocrx_word' id='word_1_587' title='bbox 1421 3363 1530 3406; x_wconf 90' lang='lat' dir='ltr'>dicit</span> <span class='ocrx_word' id='word_1_588' title='bbox 1555 3362 1819 3418; x_wconf 88' lang='lat' dir='ltr'>propheten,</span> <span class='ocrx_word' id='word_1_589' title='bbox 1847 3359 1924 3402; x_wconf 92' lang='lat' dir='ltr'>do-</span> 
     </span>
     <span class='ocr_line' id='line_1_52' title="bbox 98 3417 1924 3478; baseline -0.002 -15"><span class='ocrx_word' id='word_1_590' title='bbox 98 3434 218 3476; x_wconf 88' lang='lat' dir='ltr'>cere,</span> <span class='ocrx_word' id='word_1_591' title='bbox 253 3427 297 3464; x_wconf 88' lang='lat' dir='ltr'>et</span> <span class='ocrx_word' id='word_1_592' title='bbox 328 3423 535 3466; x_wconf 83' lang='lat' dir='ltr'>seducere</span> <span class='ocrx_word' id='word_1_593' title='bbox 568 3437 716 3466; x_wconf 86' lang='lat' dir='ltr'>servos</span> <span class='ocrx_word' id='word_1_594' title='bbox 750 3436 889 3477; x_wconf 88' lang='lat' dir='ltr'>meos,</span> <span class='ocrx_word' id='word_1_595' title='bbox 919 3423 1155 3478; x_wconf 78' lang='lat' dir='ltr'>fornicari,</span> <span class='ocrx_word' id='word_1_596' title='bbox 1187 3429 1229 3466; x_wconf 89' lang='lat' dir='ltr'>et</span> <span class='ocrx_word' id='word_1_597' title='bbox 1261 3423 1530 3465; x_wconf 87' lang='lat' dir='ltr'>manducare</span> <span class='ocrx_word' id='word_1_598' title='bbox 1564 3420 1618 3464; x_wconf 91' lang='lat' dir='ltr'>de</span> <span class='ocrx_word' id='word_1_599' title='bbox 1649 3417 1924 3475; x_wconf 88' lang='lat' dir='ltr'>idolothytis.</span> 
     </span>
     <span class='ocr_line' id='line_1_53' title="bbox 98 3477 1925 3538; baseline -0.001 -17"><span class='ocrx_word' id='word_1_600' title='bbox 98 3477 132 3505; x_wconf 76' lang='lat'>²¹</span> <span class='ocrx_word' id='word_1_601' title='bbox 160 3480 218 3522; x_wconf 88' lang='lat' dir='ltr'>Et</span> <span class='ocrx_word' id='word_1_602' title='bbox 255 3480 356 3524; x_wconf 89' lang='lat' dir='ltr'>dedi</span> <span class='ocrx_word' id='word_1_603' title='bbox 391 3482 459 3524; x_wconf 93' lang='lat' dir='ltr'>illi</span> <span class='ocrx_word' id='word_1_604' title='bbox 495 3486 669 3538; x_wconf 89' lang='lat' dir='ltr'>tempus</span> <span class='ocrx_word' id='word_1_605' title='bbox 703 3486 752 3524; x_wconf 89' lang='lat' dir='ltr'>ut</span> <span class='ocrx_word' id='word_1_606' title='bbox 784 3481 1093 3538; x_wconf 86' lang='lat' dir='ltr'>poenitentiam</span> <span class='ocrx_word' id='word_1_607' title='bbox 1127 3486 1298 3537; x_wconf 85' lang='lat' dir='ltr'>ageret,</span> <span class='ocrx_word' id='word_1_608' title='bbox 1333 3485 1376 3523; x_wconf 88' lang='lat' dir='ltr'>et</span> <span class='ocrx_word' id='word_1_609' title='bbox 1408 3494 1495 3522; x_wconf 87' lang='lat' dir='ltr'>non</span> <span class='ocrx_word' id='word_1_610' title='bbox 1528 3478 1626 3522; x_wconf 80' lang='lat' dir='ltr'>vult</span> <span class='ocrx_word' id='word_1_611' title='bbox 1656 3477 1871 3534; x_wconf 86' lang='lat' dir='ltr'>poenitere</span> <span class='ocrx_word' id='word_1_612' title='bbox 1899 3491 1925 3520; x_wconf 87' lang='lat' dir='ltr'>a</span> 
     </span>
    </p>
   </div>
   <div class='ocr_carea' id='block_1_5' title="bbox 99 3623 1777 3661">
    <p class='ocr_par' dir='ltr' id='par_1_7' title="bbox 99 3623 1777 3661">
     <span class='ocr_line' id='line_1_54' title="bbox 99 3623 1777 3661; baseline -0.001 -9"><span class='ocrx_word' id='word_1_613' title='bbox 99 3625 209 3660; x_wconf 64' lang='lat'>17315.</span> <span class='ocrx_word' id='word_1_614' title='bbox 227 3624 318 3660; x_wconf 87' lang='lat' dir='ltr'>XLI,</span> <span class='ocrx_word' id='word_1_615' title='bbox 334 3627 350 3651; x_wconf 78' lang='lat'>4</span> <span class='ocrx_word' id='word_1_616' title='bbox 368 3627 402 3653; x_wconf 83' lang='lat' dir='ltr'>ct</span> <span class='ocrx_word' id='word_1_617' title='bbox 420 3626 540 3661; x_wconf 82' lang='lat' dir='ltr'>XLIV,</span> <span class='ocrx_word' id='word_1_618' title='bbox 558 3631 574 3655; x_wconf 78' lang='lat'>0</span> <span class='ocrx_word' id='word_1_619' title='bbox 595 3631 627 3655; x_wconf 85' lang='lat' dir='ltr'>ct</span> <span class='ocrx_word' id='word_1_620' title='bbox 647 3625 808 3660; x_wconf 82' lang='lat' dir='ltr'>XLVIII,</span> <span class='ocrx_word' id='word_1_621' title='bbox 828 3628 870 3652; x_wconf 73' lang='grc'>12.</span> <span class='ocrx_word' id='word_1_622' title='bbox 889 3624 955 3652; x_wconf 79' lang='lat' dir='ltr'>Illf.</span> <span class='ocrx_word' id='word_1_623' title='bbox 973 3625 1088 3656; x_wconf 83' lang='lat' dir='ltr'>XXII,</span> <span class='ocrx_word' id='word_1_624' title='bbox 1111 3627 1154 3652; x_wconf 78' lang='lat'>13.</span> <span class='ocrx_word' id='word_1_625' title='bbox 1168 3639 1204 3643; x_wconf 97' lang='lat'><strong>—</strong></span> <span class='ocrx_word' id='word_1_626' title='bbox 1227 3625 1272 3657; x_wconf 67' lang='lat'>14]</span> <span class='ocrx_word' id='word_1_627' title='bbox 1291 3625 1387 3651; x_wconf 73' lang='lat' dir='ltr'>Num.</span> <span class='ocrx_word' id='word_1_628' title='bbox 1408 3623 1533 3657; x_wconf 83' lang='lat' dir='ltr'>XXIV,</span> <span class='ocrx_word' id='word_1_629' title='bbox 1547 3626 1563 3650; x_wconf 88' lang='lat'><strong>3</strong></span> <span class='ocrx_word' id='word_1_630' title='bbox 1581 3624 1614 3650; x_wconf 84' lang='lat' dir='ltr'>et</span> <span class='ocrx_word' id='word_1_631' title='bbox 1633 3623 1739 3656; x_wconf 81' lang='lat' dir='ltr'>XXV,</span> <span class='ocrx_word' id='word_1_632' title='bbox 1752 3626 1777 3650; x_wconf 81' lang='grc'>2.</span> 
     </span>
    </p>
   </div>
   <div class='ocr_carea' id='block_1_6' title="bbox 2031 1250 2198 1324">
    <p class='ocr_par' dir='ltr' id='par_1_8' title="bbox 2031 1250 2198 1324">
     <span class='ocr_line' id='line_1_55' title="bbox 2057 1250 2179 1284; baseline 0.008 -5"><span class='ocrx_word' id='word_1_633' title='bbox 2057 1250 2179 1284; x_wconf 83' lang='lat' dir='ltr'>Ephesi</span> 
     </span>
     <span class='ocr_line' id='line_1_56' title="bbox 2031 1294 2198 1324; baseline 0.012 -2"><span class='ocrx_word' id='word_1_634' title='bbox 2031 1294 2198 1324; x_wconf 75' lang='lat' dir='ltr'>Ecclesiae.</span> 
     </span>
    </p>
   </div>
   <div class='ocr_carea' id='block_1_7' title="bbox 2031 1955 2199 2028">
    <p class='ocr_par' dir='ltr' id='par_1_9' title="bbox 2031 1955 2199 2028">
     <span class='ocr_line' id='line_1_57' title="bbox 2044 1955 2192 1988; baseline 0 -5"><span class='ocrx_word' id='word_1_635' title='bbox 2044 1955 2192 1988; x_wconf 75' lang='lat' dir='ltr'>Smyrnae</span> 
     </span>
     <span class='ocr_line' id='line_1_58' title="bbox 2031 1999 2199 2028; baseline 0.012 -2"><span class='ocrx_word' id='word_1_636' title='bbox 2031 1999 2199 2028; x_wconf 83' lang='lat' dir='ltr'>Ecclesiae.</span> 
     </span>
    </p>
   </div>
   <div class='ocr_carea' id='block_1_8' title="bbox 2031 2422 2200 2494">
    <p class='ocr_par' dir='ltr' id='par_1_10' title="bbox 2031 2422 2200 2494">
     <span class='ocr_line' id='line_1_59' title="bbox 2038 2422 2191 2454; baseline 0.007 -6"><span class='ocrx_word' id='word_1_637' title='bbox 2038 2422 2191 2454; x_wconf 81' lang='lat' dir='ltr'>Pergami</span> 
     </span>
     <span class='ocr_line' id='line_1_60' title="bbox 2031 2465 2200 2494; baseline 0.012 -2"><span class='ocrx_word' id='word_1_638' title='bbox 2031 2465 2200 2494; x_wconf 82' lang='lat' dir='ltr'>Ecclesiae.</span> 
     </span>
    </p>
   </div>
   <div class='ocr_carea' id='block_1_9' title="bbox 2028 3131 2196 3203">
    <p class='ocr_par' dir='ltr' id='par_1_11' title="bbox 2028 3131 2196 3203">
     <span class='ocr_line' id='line_1_61' title="bbox 2028 3131 2194 3164; baseline 0 -5"><span class='ocrx_word' id='word_1_639' title='bbox 2028 3131 2194 3164; x_wconf 70' lang='lat' dir='ltr'>Thyatirae</span> 
     </span>
     <span class='ocr_line' id='line_1_62' title="bbox 2028 3174 2196 3203; baseline 0 0"><span class='ocrx_word' id='word_1_640' title='bbox 2028 3174 2196 3203; x_wconf 62' lang='lat' dir='ltr'>Ecclesiae.</span> 
     </span>
    </p>
   </div>
  </div>
 </body>
</html>
