2423 3861
168 393 202 420 20
220 397 278 425 pro
297 390 371 422 pha-

218 440 324 462 risaels

178 476 369 507 incredulis.

218 686 319 713 Jcsus

184 737 218 758 se
236 731 360 757 bonum

186 776 356 807 pastorem

179 825 252 847 esse
270 817 366 846 dicit.

152 2165 245 2193 Nova
266 2165 392 2194 dissen-

163 2209 211 2237 sio
229 2209 267 2237 (lc
286 2209 379 2237 Jesn.

195 2579 350 2609 Christus

163 2626 383 2653 consubstan-

166 2667 258 2696 tialis
278 2669 379 2697 Patri.

460 91 572 133 1200
1054 92 1189 128 ΜΛΝ.
1225 89 1313 139 lX,
1349 88 1405 129 38
1437 112 1495 116 —
1527 91 1589 139 X,
1623 83 1714 129 33s

457 258 650 314 loquitur
676 263 842 310 tecum,
866 256 959 311 ipse
985 260 1063 297 est.
1087 254 1122 279 3³
1141 255 1201 295 At
1232 253 1307 296 ille
1336 253 1399 295 ait
1424 270 1432 296 :
1457 253 1617 308 Crede,
1646 254 1848 297 Domine.
1874 256 1930 296 Et
1953 257 2186 311 procidens
2210 256 2287 300 ad-

457 317 598 361 oravit
624 331 736 360 eum.

515 376 552 403 39
571 378 625 419 Et
653 375 765 417 dixit
791 375 921 416 Jesus
955 390 963 417 :
986 374 1039 415 In
1066 372 1285 428 judicium
1309 386 1390 427 ego
1415 372 1460 414 in
1482 371 1600 414 hunc
1627 371 1842 414 mundum
1867 372 1991 427 veni,
2017 378 2067 415 ut
2097 375 2171 430 qui
2200 391 2286 420 non

455 436 607 479 vident
635 434 907 488 videantfet
933 432 1005 487 qui
1030 432 1182 474 vident
1205 431 1309 474 caeci
1334 432 1456 473 fiant.
1483 430 1520 456 4⁰
1538 432 1595 473 Et
1619 431 1856 474 audierunt
1878 430 2059 486 quidam
2093 446 2147 475 ex
2178 435 2285 490 pha-

454 494 614 547 risaeis,
639 492 712 548 qui
739 506 840 534 cum
864 491 959 547 ipso
982 495 1126 546 erant,
1155 495 1197 533 et
1221 490 1427 532 dixerunt
1450 490 1488 533 ei
1516 506 1524 532 ε
1551 489 1780 545 Numquid
1803 494 1846 533 et
1871 504 1950 533 nos
1972 489 2081 532 caeci
2105 492 2288 535 sumus?

455 554 488 580 ⁴¹
513 552 639 596 Dixit
664 550 726 594 eis
748 551 912 598 Jesus:
953 550 996 593 Si
1028 550 1135 593 caeci
1169 549 1343 605 essetis,
1371 563 1461 592 non
1491 548 1713 592 haberetis
1743 553 2000 606 peccatum;
2036 563 2155 591 nunc
2188 564 2290 594 vero

456 611 603 655 dicitis
635 628 642 655 :
671 610 781 661 Quia
803 610 1031 665 videmus3
1059 613 1293 666 peccatum
1326 613 1520 651 vestrum
1549 613 1713 651 manet.

514 671 620 714 CAP.
647 671 702 714 X.
735 695 793 701 -—
825 669 1021 724 ¹Amen,
1056 683 1187 711 amen
1221 668 1318 711 dico
1349 667 1494 724 vobis,
1530 667 1602 723 qui
1640 682 1727 711 non
1763 668 1902 711 intrat
1938 682 2015 724 per
2052 668 2213 711 ostium
2244 668 2291 711 in

455 730 570 774 ovile
591 730 759 785 ovium,
786 728 862 772 sed
883 728 1085 771 ascendit
1107 727 1307 782 aliunde,
1334 727 1410 770 ille
1435 727 1509 769 fur
1534 731 1600 770 est
1621 733 1665 770 et
1689 727 1816 770 latro.
1839 728 1856 752 ‘²
1874 727 1957 778 Qui
1980 732 2131 770 autem
2153 727 2291 770 intrat

454 804 531 846 per
553 789 734 844 ostium,
764 793 915 844 pastor
941 792 1007 831 est
1033 787 1195 830 ovium.
1220 786 1237 812 3
1257 786 1376 829 Huic
1400 786 1603 829 ostiarius
1624 786 1787 843 aperit,
1814 791 1857 830 et
1883 801 1987 830 oves
2012 800 2168 829 vocem
2194 786 2292 843 ejus

416 888 419 889 γ
454 849 661 904 audiunt,
689 853 732 891 et
757 847 954 904 proprias
977 861 1080 890 oves
1105 851 1237 889 vocat
1260 845 1547 901 nominatim,
1575 850 1619 889 et
1646 845 1794 889 educit
1824 860 1911 889 eae.
1946 845 1963 872 4
1981 845 2039 888 Et
2072 860 2172 888 cum
2195 860 2291 902 pro-

454 908 571 965 prias
599 921 700 950 oves
723 906 939 962 emiserit,
961 911 1065 949 ante
1083 920 1157 949 eas
1179 905 1328 960 vadit3
1357 910 1400 948 et
1435 919 1536 948 oves
1569 905 1698 947 illum
1728 910 1991 961 sequuntur,
2019 904 2121 960 quia
2146 904 2292 948 sciunt

454 982 607 1010 vocem
644 966 753 1022 ejus.
781 966 805 1009 .5
826 966 1037 1009 Alienum
1070 971 1220 1008 autem
1261 979 1348 1007 non
1382 969 1637 1020 sequuntur,
1668 964 1745 1007 sed
1779 964 1966 1020 fugiunt
1994 963 2050 1006 ab
2084 978 2155 1020 eo,
2190 963 2291 1020 quia

454 1041 540 1070 non
563 1031 780 1070 noverunt
803 1040 958 1069 vocem
979 1025 1239 1068 alienorum.
1262 1024 1279 1050 6
1298 1025 1396 1067 Hoc
1422 1024 1705 1080 proverbium
1728 1023 1842 1066 dixit
1867 1023 1929 1067 eis
1949 1023 2101 1078 Jesus3
2125 1023 2193 1069 illi
2214 1038 2291 1066 au-

454 1092 544 1130 tem
569 1099 657 1129 non
681 1090 983 1141 cognoverunt
1008 1084 1114 1140 quid
1139 1084 1391 1139 loqueretur
1415 1083 1490 1126 eis.

514 1145 528 1172 7
550 1145 677 1188 Dixit
699 1159 802 1200 ergo
825 1144 886 1187 eis
908 1144 1068 1187 iterum
1091 1144 1118 1186 J
1123 1157 1222 1186 esus
1255 1160 1263 1187 :
1294 1143 1462 1198 Amen,
1492 1157 1623 1186 amen
1654 1143 1753 1186 dico
1778 1143 1924 1199 vobis,
1952 1143 2055 1199 quia
2085 1157 2166 1199 ego
2196 1157 2293 1186 sum

455 1205 617 1249 ostium
631 1204 1002 1250 ovium.8Ornnes
1023 1208 1238 1259 quotquot
1263 1207 1501 1258 venerunt,
1529 1202 1650 1245 fures
1687 1208 1789 1245 sunt
1819 1208 1862 1246 et
1891 1203 2108 1258 latrones,
2136 1207 2179 1245 et
2204 1216 2292 1245 non

455 1264 690 1307 audierunt
715 1277 788 1306 eos
814 1277 931 1307 oves.
957 1263 1086 1319 9Ego
1108 1277 1205 1305 sum
1227 1262 1402 1305 ostium.
1428 1262 1510 1305 Per
1536 1276 1606 1305 me
1639 1262 1674 1304 si
1705 1262 1802 1317 quis
1833 1261 2072 1317 introierit,
2099 1260 2292 1304 salvabi-

456 1337 549 1379 tur,
571 1328 613 1367 et
635 1321 922 1379 ingredietur,
943 1327 986 1366 et
1011 1322 1275 1378 egredietur,
1296 1326 1339 1365 et
1361 1336 1527 1378 pascua
1551 1321 1763 1365 inveniet.
1787 1321 1821 1348 1⁰
1839 1321 1930 1364 Fur
1950 1335 2038 1364 non
2061 1320 2184 1363 venit
2208 1319 2293 1363 nisi

455 1388 504 1426 ut
527 1383 712 1438 furetur,
737 1387 779 1426 et
804 1387 990 1437 mactet,
1014 1388 1057 1425 et
1086 1381 1255 1438 perdat.
1283 1381 1381 1437 Ego
1402 1381 1504 1424 reni
1526 1385 1575 1423 ut
1596 1380 1736 1423 vitam
1763 1381 1971 1436 habeant,
1995 1385 2038 1424 et
2062 1379 2292 1423 abundan-

455 1443 542 1486 tius
564 1442 772 1486 habeant.
793 1441 825 1468 11
844 1443 938 1497 Ego
956 1456 1055 1484 sum
1073 1446 1221 1498 pastor
1241 1441 1396 1483 bonus.
1417 1441 1566 1483 Bonus
1589 1445 1739 1497 pastor
1756 1440 1956 1483 animam
1973 1454 2100 1482 suam
2119 1439 2197 1482 dat
2216 1452 2292 1495 pro

456 1502 612 1546 ovibus
638 1502 742 1545 suis.
770 1500 805 1527 ¹⁶2
823 1500 1122 1544 Mercenarius
1147 1506 1318 1556 autem,
1348 1498 1392 1544 et
1413 1500 1486 1556 qui
1516 1514 1604 1543 non
1634 1505 1700 1543 est
1725 1505 1887 1557 pastor,
1916 1499 2044 1555 cujus
2073 1513 2159 1542 non
2191 1504 2293 1541 sunt

457 1576 559 1605 oves
580 1561 781 1619 propriae,
805 1561 927 1607 videt
949 1560 1103 1617 lupum
1121 1560 1394 1615 venientem,
1415 1565 1458 1602 et
1484 1559 1672 1602 dimittit
1697 1573 1822 1614 oveS,
1850 1564 1893 1602 et
1917 1558 2067 1614 fugit3
2096 1562 2141 1601 et
2165 1557 2292 1614 lupus

456 1620 591 1678 rapit,
611 1626 655 1664 et
677 1620 890 1677 dispergit
917 1634 1034 1663 oves.
1054 1619 1090 1646 13
1107 1619 1407 1662 Mercenarius
1433 1624 1583 1661 autem
1609 1618 1741 1673 fugit,
1765 1618 1869 1674 quia
1891 1617 2188 1662 mercenarius
2214 1622 2291 1671 est,

457 1687 499 1724 et
525 1694 613 1724 non
638 1680 829 1737 pertinet
853 1679 910 1722 ad
936 1693 1037 1722 eum
1063 1678 1116 1722 de
1142 1678 1312 1721 ovibus.
1341 1677 1375 1704 '¹4
1399 1680 1494 1734 Ego
1520 1692 1617 1721 sum
1642 1683 1792 1734 pastor
1812 1677 1973 1733 bonus,
2005 1682 2048 1720 et
2074 1689 2292 1732 cognosco

457 1754 599 1795 meas,
619 1744 662 1782 et
685 1743 957 1794 cognoscunt
979 1752 1049 1781 me
1072 1752 1196 1781 meae.
1226 1737 1259 1763 ¹5
1279 1738 1402 1782 Sicut
1423 1737 1548 1780 novit
1570 1751 1640 1780 me
1663 1737 1796 1780 Pater
1818 1742 1861 1780 et
1883 1751 1964 1792 ego
1991 1749 2182 1791 agnosco
2210 1735 2292 1778 Pa-

457 1805 581 1855 trem,
602 1803 645 1842 et
670 1798 867 1841 animam
890 1812 1035 1841 meam
1060 1811 1176 1854 pono
1197 1811 1273 1854 pro
1298 1797 1451 1839 ovibus
1478 1797 1599 1841 meis.
1622 1796 1657 1822 ¹⁶
1676 1796 1733 1838 Et
1755 1796 1866 1838 alias
1889 1810 1992 1838 oves
2018 1795 2174 1850 habeo,
2193 1808 2291 1850 quae

457 1873 544 1902 non
570 1863 672 1901 sunt
698 1872 752 1901 ex
777 1858 859 1901 hoc
882 1857 986 1900 ovili
1007 1875 1014 1911 ;
1041 1863 1083 1900 et
1108 1857 1209 1899 illas
1236 1861 1406 1912 oportet
1432 1870 1502 1899 me
1527 1855 1769 1911 adducere,
1797 1860 1839 1897 et
1866 1869 2020 1897 vocem
2050 1868 2196 1897 meam
2217 1868 2293 1897 au-

459 1918 595 1974 dient,
620 1923 662 1961 et
680 1917 755 1960 fiet
772 1931 909 1959 unum
927 1917 1055 1972 ovile,
1075 1922 1118 1959 et
1140 1930 1250 1958 unus
1271 1921 1432 1972 pastor.
1458 1914 1491 1940 '¹⁷
1507 1915 1744 1971 Propterea
1769 1929 1838 1957 me
1858 1913 2007 1970 diligit
2029 1914 2172 1969 Pater,
2194 1912 2295 1969 quia

458 1992 539 2033 ego
573 1991 686 2034 pono
716 1976 913 2019 animam
939 1990 1105 2031 meam,
1136 1980 1184 2018 ut
1216 1975 1376 2017 iterum
1407 1988 1582 2016 sumam
1616 1988 1727 2016 eam.
1764 1973 1798 2000 18
1824 1973 1966 2016 Nemo
1997 1972 2116 2016 tollit
2144 1986 2244 2016 eam
2269 1986 2293 2015 a

459 2051 527 2080 me
544 2054 552 2091 3
573 2036 649 2079 sed
669 2050 749 2091 ego
769 2049 883 2092 pono
902 2050 999 2078 eam
1017 2049 1042 2077 a
1065 2035 1246 2091 meipso,
1264 2039 1306 2077 et
1324 2038 1591 2090 potestatem
1609 2033 1749 2076 habeo
1769 2032 1961 2089 ponendi
1981 2047 2093 2087 eam,
2112 2036 2156 2075 et
2174 2036 2293 2088 pote-

458 2101 618 2139 statem
644 2095 786 2138 habeo
816 2094 974 2138 iterum
1001 2094 1204 2137 sumendi
1230 2108 1328 2136 eam
1361 2110 1369 2137 :
1396 2093 1478 2135 hoc
1504 2092 1766 2135 mandatum
1793 2091 1944 2148 accepi
1973 2106 1998 2134 a
2025 2092 2156 2134 Patre
2182 2104 2293 2134 meo.

520 2154 553 2181 ¹9
569 2154 795 2198 Dissensio
817 2154 978 2197 iterum
1004 2154 1127 2196 facta
1151 2158 1217 2196 est
1236 2153 1352 2196 inter
1376 2151 1561 2195 Judaeos
1586 2156 1765 2208 propter
1786 2165 2007 2195 sermones
2031 2151 2124 2194 hos.
2162 2149 2199 2177 ‘²⁰
2217 2149 2294 2193 Di—

458 2215 618 2258 cebant
650 2219 801 2257 autem
835 2213 965 2255 multi
1000 2227 1053 2256 ex
1082 2212 1190 2269 ipsis
1215 2224 1226 2250 ·.
1257 2210 1542 2255 Daemonium
1574 2211 1729 2267 habet,
1766 2215 1810 2253 et
1841 2210 2032 2264 insanit3
2061 2209 2167 2266 quid
2193 2224 2295 2253 eum

457 2273 655 2317 auditis?
696 2272 728 2299 ²¹
756 2273 849 2316 Alii
885 2272 1095 2316 dicebant
1132 2289 1140 2316 ε
1176 2272 1288 2315 Haec
1319 2271 1455 2314 verba
1489 2285 1576 2314 non
1614 2275 1716 2313 sunt
1754 2269 2025 2313 daemonium
2058 2268 2290 2323 habent-is3

457 2333 672 2389 numquid
700 2332 972 2376 daemonium
995 2336 1140 2388 potest
1166 2345 1384 2374 caecorum
1407 2330 1557 2373 oculos
1580 2328 1779 2386 aperire?

595 2458 618 2510 ξ
649 2455 738 2500 ΙΙΙ.
764 2481 825 2488 -
851 2455 984 2498 Jesus
1016 2455 1172 2497 iterum
1205 2455 1250 2495 in
1274 2453 1543 2506 Jerusalem,
1576 2453 1798 2495 occasione
1830 2451 2151 2494 Enccenioram.

515 2571 552 2598 22
571 2573 710 2616 Facta
732 2577 834 2615 sunt
859 2576 1008 2614 autem
1036 2570 1249 2614 Encaenia
1274 2571 1320 2612 in
1347 2569 1661 2626 Jerosolymis3
1691 2574 1735 2612 et
1759 2569 1900 2611 hiems
1927 2573 2032 2612 erat.
2066 2566 2103 2594 23
2121 2568 2179 2610 Et
2202 2581 2294 2610 am—

457 2632 642 2674 bulabat
672 2632 698 2674 J
705 2645 802 2674 esus
831 2631 877 2673 in
912 2630 1098 2687 templo,
1129 2630 1174 2672 in
1209 2629 1381 2686 porticu
1413 2628 1675 2673 Salomonis.
1709 2627 1746 2654 ²4
1761 2627 2160 2672 Circumdederunt
2191 2639 2296 2682 ergo

458 2705 557 2734 eum
587 2690 757 2746 Judaei,
793 2695 835 2734 et
861 2689 1070 2733 dicebant
1091 2689 1129 2732 ei
1161 2705 1169 2732 ε
1202 2689 1435 2744 Quousque
1463 2688 1662 2731 animam
1695 2692 1893 2730 nostram
1928 2685 2081 2730 tollis?
2108 2685 2153 2730 si
2177 2690 2225 2728 tu
2251 2698 2295 2728 es

459 2750 681 2805 Christus,
709 2750 779 2793 dic
805 2749 932 2792 nobis
955 2749 1116 2805 palam.
1145 2747 1181 2775 ⁶²5
1200 2747 1446 2805 Respondit
1475 2747 1537 2790 eis
1563 2747 1591 2790 J
1595 2761 1694 2790 esus
1729 2763 1736 2790 :
1774 2746 1949 2802 Loquor
1970 2745 2116 2802 vobis,
2140 2750 2183 2788 et
2208 2757 2292 2787 non

459 2809 650 2853 creditis.
680 2810 841 2865 Opera,
877 2823 975 2864 quae
1003 2822 1082 2864 ego
1116 2807 1236 2851 facio
1269 2807 1315 2850 in
1345 2806 1524 2850 nomine
1555 2806 1698 2849 Patris
1730 2805 1836 2861 mei,
1863 2805 1961 2848 haec
1990 2803 2294 2848 testimonium

458 2869 693 2924 perhibent
722 2868 775 2911 de
809 2882 891 2912 me.
926 2867 963 2893 ⁶2ss
982 2867 1066 2911 Sed
1088 2881 1166 2910 vos
1187 2881 1275 2910 non
1303 2866 1505 2922 creditis,
1530 2865 1631 2921 quia
1661 2879 1749 2908 non
1775 2864 1880 2908 estis
1909 2879 1963 2908 ex
1989 2863 2144 2907 ovibus
2170 2861 2292 2905 meis.

459 2927 493 2953 '27
514 2928 630 2972 Oves
656 2942 765 2971 meae
789 2942 941 2970 vocem
971 2941 1116 2970 meam
1138 2926 1352 2981 audiunt3
1374 2931 1417 2969 et
1435 2939 1517 2981 ego
1540 2938 1758 2981 cognosco
1781 2938 1867 2979 eas,
1885 2928 1928 2967 et
1950 2926 2190 2978 sequuntur
2207 2934 2292 2963 me.

460 2985 495 3013 93
511 2988 570 3030 Et
596 3002 676 3043 ego
698 2987 838 3030 vitam
864 2992 1076 3030 {eternam
1103 2986 1158 3029 do
1184 2986 1266 3041 eis,
1291 2991 1334 3029 et
1355 2999 1442 3028 non
1465 2984 1673 3041 peribunt
1693 2984 1739 3026 in
1767 2989 2002 3038 aeternum,
2033 2986 2077 3024 et
2105 2994 2195 3024 non
2222 2994 2293 3022 ra-

459 3046 551 3103 piet
577 3060 650 3089 eas
673 3047 905 3102 quisquam
932 3046 985 3089 de
1011 3060 1145 3088 manu
1172 3059 1284 3089 mea.
1311 3044 1348 3070 99
1370 3045 1502 3087 Pater
1531 3058 1675 3098 meus,
1703 3043 1819 3099 quod
1846 3041 1968 3085 dedit
1994 3039 2124 3095 mihi,
2147 3038 2294 3095 majus

460 3105 664 3148 omnibus
690 3111 777 3159 est3
814 3111 857 3149 et
880 3119 1009 3149 nemo
1035 3110 1179 3162 potest
1200 3118 1352 3161 rapere
1377 3103 1430 3147 de
1455 3117 1590 3145 manu
1617 3102 1760 3146 Patris
1795 3100 1895 3144 mei.
1925 3098 1962 3126 3⁰
1975 3100 2070 3155 Ego
2094 3103 2138 3141 et
2164 3098 2294 3140 Pater

460 3179 597 3207 unum
617 3178 781 3208 sumus.
1841 3199 1845 3203 .

519 3223 552 3250 31
574 3223 852 3267 Sustulerunt
879 3239 981 3280 ergo
1009 3224 1178 3281 lapides
1201 3223 1371 3280 Judaei,
1406 3229 1454 3266 ut
1483 3222 1734 3280 lapidarent
1767 3235 1880 3264 eum.
1907 3217 1943 3246 3²
1962 3216 2206 3273 Respondit
2230 3216 2293 3259 eis

461 3283 590 3326 Jesus
632 3300 640 3327 :
674 3282 816 3326 Multa
850 3283 965 3325 bona
1005 3297 1134 3339 opera
1171 3282 1342 3326 ostendi
1380 3282 1507 3326 vobis
1541 3296 1595 3325 ex
1633 3281 1764 3323 Patre
1802 3292 1930 3331 meo;
1967 3280 2143 3333 propter
2176 3275 2292 3331 quod

461 3355 610 3385 eorum
633 3356 741 3399 opus
767 3356 837 3385 me
856 3341 1100 3399 lapidatis?
1127 3341 1164 3368 33
1183 3342 1522 3398 Responderunt
1547 3341 1585 3384 ei
1611 3340 1639 3383 J
1644 3338 1761 3382 udaei
1795 3355 1803 3381 :
1831 3338 1896 3380 De
1918 3335 2032 3378 bono
2055 3349 2184 3392 opere
2205 3348 2292 3378 non

461 3399 712 3458 lapidamus
735 3407 797 3456 te,
817 3401 892 3445 sed
920 3401 974 3444 de
1002 3400 1298 3457 blasphemia,
1316 3406 1359 3443 et
1385 3400 1487 3456 quia
1506 3405 1574 3453 tu,
1590 3399 1722 3442 homo
1740 3410 1839 3440 cum
1865 3393 2075 3449 sis,facis
2102 3393 2291 3450 teipsum

465 3557 511 3589 11]
535 3557 808 3592 Is.XL,11.Ez.
837 3559 995 3593 XXXIV,
1020 3561 1055 3587 23
1080 3561 1113 3586 ct
1140 3556 1322 3590 XXXVII,
1352 3558 1395 3583 24.
1421 3569 1457 3575 —-
1484 3554 1529 3587 15]
1553 3552 1671 3581 Matth.
1699 3551 1766 3585 XI,
1792 3554 1835 3579 27.
1864 3551 1941 3579 Luc.
1970 3552 2017 3585 X,
2044 3554 2087 3578 2²2.
2113 3565 2147 3570 —
2175 3550 2220 3584 17]
2246 3549 2288 3577 Is.

465 3598 560 3634 L111,
581 3604 603 3628 τ.
621 3616 656 3621 -
676 3603 723 3635 22]
743 3603 756 3630 1
777 3603 882 3630 Maon.
903 3603 957 3636 IV,
976 3606 1021 3631 56
1038 3606 1081 3631 59.
