2423 3861
678 178 788 221 Luc.
822 178 947 225 XIV,
985 179 1038 220 1ss
1069 203 1128 211 -—
1159 177 1258 231 XV,
1295 178 1362 220 14.
1822 177 1933 221 1173

110 354 180 391 tus
202 348 274 404 qui
301 348 587 391 manducabit
610 362 766 404 panem
794 348 835 390 111
869 362 1006 402 regno
1037 348 1132 390 Dei.
1164 347 1195 373 ¹⁶
1213 349 1273 390 At.
1303 347 1395 402 ipse
1424 346 1538 390 dixit.
1562 346 1603 390 ei
1631 362 1638 389 :
1672 346 1932 400 1101110111ιί-

107 407 211 449 dam
239 407 350 449 fecit
372 421 545 450 coenam
569 420 798 461 magnam,
826 412 869 449 et
898 406 1075 448 vocavit
1106 406 1284 449 multos..
1309 405 1341 433 '¹7
1364 406 1420 450 Et
1455 405 1574 448 misit
1606 418 1782 448 servum
1807 418 1934 448 suum

108 466 213 508 hora
241 480 378 508 coenae
402 465 546 508 dicere
567 464 771 508 invitatis
795 470 843 507 ut
865 465 1085 514 venirent,
1105 465 1208 519 quia
1233 465 1326 520 jam
1345 470 1499 521 parata
1517 470 1619 507 sunt
1645 463 1804 508 onmia.
1830 462 1934 507 ‘¹³Et

106 530 335 581 coeperunt
359 523 491 567 simul
515 537 666 567 omnes
688 537 910 567 excusare.
944 524 1113 566 Primus
1136 523 1249 566 dixit
1274 523 1310 566 ci
1339 540 1347 566 :
1372 523 1538 567 Villam
1565 522 1671 578 emi,
1695 527 1739 565 et
1760 535 1935 566 necesse

108 582 251 626 habeo
280 583 419 637 exire,
455 586 499 625 et
530 581 680 625 videre
708 582 858 636 illam3
891 596 996 637 rogo
1031 588 1095 635 te,
1121 582 1235 624 habe
1267 596 1338 625 me
1368 586 1642 626 excusatum.
1679 580 1713 607 ¹⁹
1734 581 1793 625 Er.
1822 581 1934 624 alter

107 641 222 684 dixit
251 659 261 685 t
293 642 412 697 „luga
444 641 579 684 boum
612 642 698 683 emi-
733 641 946 696 quinque,
982 645 1024 683 et
1057 654 1110 682 eo
1140 640 1324 696 probare
1357 640 1460 694 illa3
1496 655 1605 695 rogo
1634 645 1702 694 te,
1728 640 1844 682 habe
1864 653 1934 684 nie

106 706 381 743 excusatum.
404 699 513 742 2⁰·Et
533 699 647 741 alins
673 699 787 742 dixit
818 715 828 742 z
860 700 1047 742 Uxorem
1071 698 1203 752 duxi,
1223 704 1266 740 et
1302 698 1401 742 ideo
1435 713 1520 741 11011
1558 713 1735 754 possum
1771 699 1936 743 venire.

106 758 139 784 ‘2¹
163 760 218 801 Et
243 773 441 802 reversus
463 772 613 801 servus
648 757 872 800 nuntiavit
897 758 994 799 haec
1021 757 1198 800 domino
1228 772 1321 800 suo.
1347 759 1470 802 Tunc
1501 758 1638 799 iratus
1672 756 1933 813 paterfami-

106 817 186 860 lias
213 818 327 861 dixit
348 831 477 861 servo·
495 831 572 860 suo
601 834 610 860 ε
637 817 722 860 Exi
749 817 836 860 cito
861 816 910 859 111
938 816 1108 873 plateas
1141 820 1185 859 et
1216 816 1336 858 vicos
1368 815 1584 858 civitatis:
1623 824 1664 858 et
1698 830 1931 872 pauperes,

105 891 156 919 ac
184 877 372 931 debiles,
399 881 443 919 et
469 890 634 931 czecos,
659 883 702 921 et
724 876 904 918 claudos
929 875 1133 919 introduc
1159 875 1256 918 huc.
1284 874 1393 918 '22Et
1414 874 1477 918 ait
1507 889 1656 917 servus
1684 892 1692 918 z
1722 876 1933 929 Dona-ine,

105 935 281 979 facturn
302 941 368 979 est
393 940 443 977 ut
473 935 720 991 impe-rasti,
759 940 802 978 et
841 935 987 978 adhuc
1025 933 1145 976 locus
1176 939 1254 978 est.
1286 933 1323 961 23
1350 934 1407 978 Et
1435 933 1499 976 ait
1532 933 1736 976 dominus
1770 948 1893 976 servo
1923 950 1932 977 z

107 994 192 1037 Exi
223 995 269 1037 in
303 995 417 1050 vias,
452 999 496 1036 et
531 1008 680 1050 sepes3
723 999 765 1036 et
802 993 1017 1051 compelle
1054 993 1240 1046 int-rare,
1275 997 1323 1035 ut
1360 992 1595 1049 impleatur
1629 991 1784 1034 domus
1822 1007 1934 1037 inea.

104 1052 141 1080 Ψ·
160 1053 272 1096 Dico
295 1059 444 1096 autem
467 1053 612 1109 vobis,
640 1053 755 1109 quod
778 1066 907 1095 1101110
929 1053 1121 1095 virorum
1138 1052 1315 1095 illorum
1342 1051 1414 1107 qui
1438 1051 1583 1094 vocati
1610 1055 1712 1094 sunt
1738 1051 1935 1107 gustabit

103 1126 278 1155 coenam
304 1126 461 1155 meam.

127 1213 131 1217 .
162 1170 199 1198 ‘²5
217 1171 353 1214 Ibant
377 1176 528 1214 autem
545 1171 687 1214 turbae
709 1171 861 1214 1111111·ιο
890 1186 989 1214 cum
1014 1187 1063 1215 00
1083 1190 1095 1226 ;
1118 1177 1161 1215 et
1187 1185 1425 1214 conversus
1454 1169 1569 1212 dixit
1599 1170 1656 1212 ad
1679 1170 1779 1214 illos
1804 1186 1812 1212 :
1835 1168 1872 1194 2ss
1891 1168 1934 1212 Si

89 1231 200 1286 -quis
225 1231 348 1274 venit
365 1230 421 1273 ad
444 1245 537 1287 me,
555 1238 597 1274 et
623 1244 710 1273 11011
733 1230 826 1273 odit
843 1236 1012 1288 patrem
1038 1245 1186 1286 snum,
1213 1236 1257 1273 et
1282 1235 1488 1284 mat-reni,
1516 1234 1560 1272 et
1585 1243 1791 1283 uxorem,
1819 1233 1864 1272 et,
1887 1228 1936 1270 fi-

104 1289 207 1345 lios,
241 1295 286 1333 et
317 1290 499 1344 fratres,
534 1295 578 1333 et
610 1303 799 1346 sorores,
833 1290 977 1334 adhuc
1008 1296 1157 1333 autern.
1190 1295 1233 1333 et
1265 1290 1463 1333 animam
1491 1302 1638 1343 suam,
1673 1303 1761 1332 11011
1790 1292 1935 1344 potest

105 1364 227 1392 meus
249 1363 343 1392 esse
369 1349 627 1405 discipulus.
649 1348 683 1374 ‘27
704 1348 761 1391 Et
795 1349 867 1405 qui
898 1364 986 1392 non
1018 1349 1192 1405 imjulat
1222 1363 1396 1392 crucem
1428 1362 1574 1403 suam,
1605 1353 1648 1391 et
1681 1347 1804 1391 venit
1835 1351 1936 1403 post

103 1423 196 1463 me,
218 1422 306 1450 non
329 1413 473 1465 potest
492 1422 617 1452 meus
641 1422 735 1451 esse
757 1408 1013 1465 discipulus.
1040 1408 1076 1434 ‘2⁶
1094 1408 1200 1458 Quis
1234 1408 1352 1452 enim
1374 1421 1428 1451 ex
1453 1406 1578 1451 vobis
1604 1407 1756 1451 volens
1778 1407 1935 1450 turrim

106 1468 347 1522 aedificare,
374 1481 462 1510 non
487 1467 608 1524 prius
633 1467 790 1510 sedens
817 1472 1046 1524 computat
1071 1472 1271 1523 sumptus
1289 1466 1363 1522 qui
1385 1465 1621 1510 necessarii
1643 1472 1766 1521 sunt,
1795 1466 1832 1509 si
1857 1466 1937 1508 ha·-

103 1527 206 1570 beat
227 1526 284 1570 ad
306 1526 647 1583 perficiendum,
672 1524 709 1552 29
726 1540 801 1582 ne,
833 1533 1123 1583 posteaquam
1148 1526 1342 1582 posuerit
1373 1525 1744 1580 fundamentum,
1772 1530 1817 1568 et
1845 1538 1934 1569 non
1982 1535 1985 1539 '

102 1585 295 1642 potuerit
331 1586 559 1642 perficere,
594 1599 746 1628 omnes
778 1586 851 1640 qui
892 1585 1044 1628 vident
1076 1585 1295 1640 incipiant
1329 1584 1516 1627 illudere
1553 1584 1612 1639 ei,
1643 1583 1680 1611 3⁰
1695 1584 1891 1628 dicentes
1922 1599 1934 1629 :

102 1645 215 1694 Quia
235 1644 306 1687 hic
333 1644 465 1687 1101110
491 1643 625 1700 coepit
651 1644 892 1698 aedificare,
927 1650 968 1687 et
1002 1658 1090 1687 non
1122 1644 1266 1700 potuit
1296 1643 1631 1687 consuminare?
1662 1643 1694 1669 3¹
1716 1645 1808 1686 Aut
1838 1643 1933 1698 quis

102 1718 182 1747 rex
203 1703 344 1746 iturus
378 1703 655 1746 committere
688 1703 857 1746 bellum
887 1703 1099 1746 adversus
1131 1703 1269 1745 alium
1299 1716 1468 1758 regem,
1497 1716 1584 1745 non
1621 1702 1777 1744 sedens
1813 1702 1933 1758 prius

104 1763 294 1819 cogitat,
321 1763 357 1805 si
390 1763 529 1819 possit
555 1777 656 1804 cum
679 1762 832 1805 decem
858 1763 1055 1806 millibus
1082 1776 1309 1805 occurrere
1334 1761 1394 1817 ei,
1421 1760 1495 1816 qui
1522 1775 1622 1803 cum
1648 1760 1810 1816 viginti
1835 1760 1935 1803 mil-

103 1822 219 1866 libus
236 1822 360 1865 venit
381 1821 438 1864 ad
459 1821 537 1865 se?
553 1820 589 1847 3⁶²
604 1821 816 1877 Alioquin
837 1822 1077 1865 adhucillo
1096 1821 1229 1877 longe
1246 1826 1427 1876 agente,
1448 1820 1717 1874 legationem
1739 1820 1932 1874 mittens,

103 1886 230 1937 rogat
258 1895 310 1924 ea
343 1896 441 1937 quae
470 1880 592 1938 pacis
625 1886 741 1925 sunt..
764 1881 801 1909 ³3
815 1882 887 1925 Sic
920 1896 1021 1937 ergo
1059 1880 1201 1924 omnis
1238 1895 1294 1924 ex
1326 1879 1451 1922 vobis
1485 1879 1557 1934 qm·
1594 1893 1681 1923 non
1711 1879 1935 1923 renuntiat

103 1940 308 1983 omnibus
335 1955 432 1997 quae
458 1940 673 1997 possidet,
697 1955 784 1983 non
803 1946 949 1998 potest
967 1954 1089 1984 meus
1113 1954 1206 1982 esse
1229 1938 1487 1995 discipulus.
1511 1938 1548 1964 34
1567 1940 1741 1983 Bonum
1766 1943 1831 1982 est
1853 1938 1935 1983 sal.

103 2000 149 2043 Si
180 2005 332 2043 autem
356 2000 423 2043 sal
448 2000 696 2056 evanuerit,
722 2000 768 2043 in
791 2015 876 2056 quo
897 1998 1158 2044 condietur?
1189 1999 1225 2025 35
1244 2000 1400 2054 Neque
1427 1997 1475 2041 in
1508 2002 1691 2046 terram,
1722 2011 1863 2053 neque
1888 1997 1933 2039 in

102 2059 429 2116 sterquilinium
453 2058 563 2102 utile
587 2064 673 2115 est,
700 2059 777 2103 sed
797 2060 918 2103 foras
942 2059 1155 2102 mittetur.
1189 2058 1273 2108 Qui
1293 2057 1429 2101 habet
1450 2071 1576 2101 aures
1598 2057 1830 2113 audi-endi,
1857 2071 1934 2100 au-

91 2118 208 2162 diat.

161 2179 269 2222 CAP.
287 2180 388 2223 XV.
409 2206 470 2214 --
494 2179 506 2205 ¹
547 2183 669 2222 ⁴urant
694 2184 844 2222 autem
866 2178 1271 2236 appropinquantes
1290 2176 1328 2221 ei
1347 2176 1576 2234 publicani
1595 2180 1638 2220 et
1662 2180 1933 2232 peccatores,

100 2242 150 2280 ut
170 2237 376 2281 audirent
401 2238 543 2282 illum.
566 2237 656 2281 2Et
681 2238 1017 2282 murmurabant
1040 2237 1248 2294 pharisaei
1277 2241 1322 2279 et
1349 2235 1531 2290 scribae,
1557 2235 1757 2280 dicentes
1787 2251 1796 2279 ε
1822 2233 1934 2285 Quia

101 2296 173 2340 hic
198 2303 452 2353 peccatores
477 2297 654 2355 recipit,
678 2304 722 2341 et
747 2297 989 2340 manducat
1015 2296 1241 2339 cumillis.

161 2356 254 2399 3Et
277 2357 342 2399 ait
365 2357 422 2400 ad
447 2357 548 2400 illos
570 2356 828 2414 parabolam
857 2357 1012 2411 istam,
1043 2355 1193 2399 dicens
1223 2372 1231 2398 :
1265 2355 1402 2405 ‘¹Quis
1435 2368 1488 2398 ex
1520 2354 1645 2398 vobis
1677 2354 1832 2410 homo,
1858 2354 1933 2410 qui

101 2415 237 2459 habet
262 2422 441 2460 centum
463 2431 588 2472 oves,
615 2416 716 2459 etsi
741 2415 982 2473 perdiderit
1014 2429 1146 2458 unam
1176 2429 1234 2457 ex
1263 2414 1377 2470 illis,
1406 2428 1554 2458 11011110
1582 2413 1769 2456 dimittit
1797 2428 1934 2457 nona-

99 2475 227 2530 ginta
251 2490 411 2519 novem
434 2476 482 2518 in
504 2476 696 2531 deserto,
724 2481 767 2518 et
795 2475 920 2517 vadit
952 2474 1011 2517 ad
1041 2474 1167 2517 illam
1197 2488 1295 2529 quae
1328 2474 1538 2531 perierat,
1570 2473 1708 2517 donec
1733 2473 1935 2517 inveniat

101 2534 237 2578 eam?
267 2534 284 2562 ⁵
303 2536 361 2578 Et
395 2549 494 2578 cum
524 2534 743 2578 invenerit
775 2549 894 2589 eam,
927 2533 1115 2590 imponit
1147 2533 1193 2577 in
1225 2533 1430 2577 humeros
1459 2546 1559 2576 suos
1592 2532 1820 2587 gaudens;
1848 2532 1865 2558 ⁶
1890 2537 1935 2577 et

101 2594 284 2636 veniens
309 2595 488 2638 domurn
509 2599 725 2637 convocat
749 2593 915 2636 amicos
941 2599 984 2636 et
1011 2593 1200 2648 vicinos»,
1223 2592 1373 2636 dicens
1391 2591 1480 2637 illis
1503 2607 1511 2634 :
1547 2591 1934 2646 Congratulamini

102 2653 232 2708 mihi,
261 2653 364 2709 quia
387 2653 537 2696 inveni
562 2667 689 2695 ove-m
715 2667 880 2707 meam,
905 2667 1002 2708 quae
1028 2652 1233 2708 perierat.
1255 2651 1270 2678 ⁷
1291 2652 1402 2697 Dico
1428 2650 1574 2705 vobis,
1603 2650 1720 2705 quod
1738 2650 1802 2695 ita
1824 2664 1933 2706 gau-

103 2711 225 2754 dium
247 2712 329 2755 erit
352 2712 399 2754 in
430 2713 539 2755 caelo
566 2726 696 2767 super
728 2726 814 2754 uno
846 2716 1077 2768 peccatore
1097 2710 1410 2767 poenitentiam
1439 2715 1624 2765 agente,
1649 2723 1781 2765 quam
1802 2723 1936 2765 super

102 2771 347 2827 nonaginta
372 2785 531 2814 novem
555 2771 708 2826 justis,
733 2771 807 2826 qui
831 2785 919 2814 non
945 2770 1147 2826 indigent
1168 2770 1443 2827 poenitentia.

160 2829 289 2874 8Αι1ῐ
324 2845 423 2886 quae
461 2831 618 2873 mulier
650 2830 817 2873 habens
854 2830 1088 2873 drachmas
1122 2830 1294 2886 decern,
1332 2829 1368 2873 si
1401 2828 1643 2886 perdiderit
1673 2829 1932 2873 drachmam

103 2904 256 2945 unam,
285 2904 428 2933 nonne
453 2889 659 2933 accendit
680 2889 926 2945 lucernam,
950 2895 994 2932 et
1016 2889 1176 2933 everrit
1195 2888 1395 2944 domum,
1419 2894 1463 2932 et
1488 2887 1647 2943 quaertt
1679 2888 1933 2944 diligenter,

103 2949 242 2992 donec
262 2948 502 2992 inveniat?
529 2948 546 2975 9
561 2949 620 2992 Et
641 2963 742 2991 cum
761 2948 1003 3004 invenerit,
1028 2953 1243 2992 convocat
1267 2948 1435 2992 amicas
1462 2953 1507 2991 et
1527 2947 1716 3002 vicinae,
1741 2947 1894 2992 dicens
1922 2965 1935 2992 ε

102 3008 488 3064 Congratulamini
521 3007 654 3064 mihi,
687 3008 791 3064 quia
820 3007 973 3051 inveni
1010 3007 1267 3052 drachmam
1300 3022 1432 3064 quam
1465 3006 1761 3063 perdideram.
1793 3006 1829 3034 ²⁰
1860 3007 1931 3050 Ita

103 3067 207 3110 dico
226 3068 370 3124 vobis,
399 3067 611 3124 gaudium
637 3066 720 3110 erit
741 3081 890 3110 coram
924 3067 1096 3123 angelis
1128 3067 1211 3109 Dei
1244 3081 1376 3123 super
1406 3080 1492 3110 uno
1526 3070 1758 3122 peccatore
1791 3066 1932 3123 poeni-

103 3127 287 3170 tentiam
309 3132 484 3183 agente.

162 3185 195 3211 '¹¹
216 3186 296 3229 Ait
319 3191 469 3229 autem
499 3203 508 3230 ε
537 3187 684 3229 Homo
711 3185 893 3242 quidam
913 3186 1070 3230 habuit
1099 3186 1208 3230 duos
1241 3186 1356 3230 filios
1378 3203 1387 3241 3
1423 3185 1459 3213 ¹2
1477 3190 1520 3229 et
1542 3185 1657 3229 dixit
1677 3184 1931 3228 adolescen-

102 3244 187 3288 tior
212 3260 266 3288 ex
288 3245 379 3288 illis
404 3245 519 3302 patri
553 3262 562 3289 :
587 3246 732 3300 Pater,
758 3245 814 3287 da
836 3245 945 3288 mihi
969 3246 1217 3302 portion-em
1241 3244 1504 3289 snbstantias
1531 3259 1629 3300 quae
1664 3258 1733 3288 me
1761 3242 1931 3286 contin—

96 3304 183 3359 git.
209 3304 270 3347 Et
289 3304 442 3347 divisit
463 3304 552 3347 illis
574 3304 884 3347 substantiam.
919 3304 955 3331 '¹3
973 3305 1031 3348 Et
1058 3319 1147 3348 non
1178 3310 1277 3361 post
1306 3304 1468 3348 multos
1501 3304 1614 3359 dice,
1651 3300 1932 3358 congregatis

102 3363 327 3418 omnibus,
354 3363 677 3407 adolescentior
708 3363 824 3406 filius
853 3377 1034 3420 peregre
1065 3364 1295 3421 profectus
1330 3368 1398 3407 est
1427 3363 1474 3406 in
1503 3363 1727 3418 regionem
1758 3360 1927 3416 longin-

103 3427 326 3478 quam,·et
345 3422 408 3465 ibi
435 3422 668 3479 dissipavit
700 3423 996 3466 substantiam
1028 3438 1155 3467 suain
1185 3423 1376 3467 vivendo
1405 3422 1645 3465 luxuriose.
1678 3420 1714 3448 14
1731 3421 1789 3464 Et
1813 3424 1930 3476 post-

98 3495 237 3536 ·quam
269 3481 416 3524 omnia
446 3487 816 3537 consummasset,
849 3482 974 3524 facta
1006 3487 1072 3525 est
1104 3482 1250 3526 fames
1278 3481 1429 3525 valida
1460 3481 1507 3523 in
1542 3479 1721 3536 regione
1753 3478 1853 3534 illa,
1887 3483 1932 3521 et

105 3639 151 3671 16]
174 3639 295 3667 Matth.
313 3639 437 3675 XXII,
453 3643 479 3668 2.
501 3641 602 3672 Apoc.
623 3641 726 3675 XIX,
743 3643 769 3668 9.
786 3655 823 3659 —-
847 3640 895 3673 26]
921 3640 1042 3667 Matvth.
1061 3639 1111 3674 X,
1127 3643 1172 3668 37.
1194 3655 1230 3658 -
1254 3639 1301 3672 27]
1320 3638 1442 3666 Matth.
1460 3637 1510 3672 X,
1527 3639 1562 3665 38
1584 3640 1618 3664 et
1643 3635 1742 3672 XVI,
1759 3637 1804 3664 24.
1829 3637 1930 3665 Marc.

98 3682 202 3717 WIII,
218 3685 263 3712 34.
277 3697 313 3702 —-
329 3684 377 3717 34]
395 3683 517 3712 Matth.
536 3685 574 3719 V,
592 3687 636 3712 13.
654 3685 754 3712 Marc.
776 3683 833 3716 IX,
847 3686 893 3712 49.
909 3697 946 3702 —-
965 3683 995 3716 4]
1013 3683 1136 3712 Matth.
1153 3683 1286 3717 XVIII,
1305 3684 1344 3712 12.

2061 1180 2182 1215 Quales

1999 1231 2071 1251 esse
2096 1224 2240 1252 debeant

2057 1267 2184 1296 Christi

2021 1313 2217 1339 sectatores.

2079 2171 2158 2198 Tres

2009 2214 2175 2246 parabolae
2186 2214 2226 2242 de

2008 2257 2239 2286 misericordia

2084 2301 2154 2331 Dei.

2054 2371 2086 2395 10
2103 2367 2183 2396 Oris

2048 2410 2188 2443 perdita.

2027 2840 2059 2865 2⁰
2079 2836 2211 2864 Amissa.

2033 2879 2200 2907 drachma.

2032 3195 2065 3220 3⁰
2094 3190 2200 3219 Filius

2031 3235 2204 3268 prodigus.
