2423 3861
133 430 255 456 Contra
273 434 375 455 incre-

197 471 314 499 tricios

132 524 262 546 altiores
275 538 280 551 ‚
295 524 375 549 ’1110-

148 570 221 589 rum
239 562 358 589 damna

158 605 351 634 describun-

221 652 286 678 tur.

138 2160 226 2188 Laus
253 2157 372 2187 amoris

158 2201 358 2238 conjugalis.

172 3464 369 3499 sponsionis

176 3509 362 3538 temerariae

192 3552 351 3588 pericula.

442 127 523 170 666

1073 123 1217 166 Pssov.
1250 122 1306 177 v,
1342 122 1363 164 1
1399 148 1459 153 -
1490 121 1570 175 vi,
1608 121 1644 165 1.

442 318 465 375 ξ
500 319 645 361 H.-—
666 318 740 360 Ab
775 319 947 373 impuro
976 331 1123 359 amore
1151 316 1473 368 abstinendum,
1499 329 1551 357 ac
1568 313 1765 369 proprie&
1795 310 1924 353 umori
1953 306 2276 350 adhaerendum.

499 418 605 461 CAP.
634 419 686 461 V.
713 444 772 451 —
797 417 806 443 ¹
830 417 915 460 Fili
943 417 1024 471 mi,
1052 416 1234 460 attende
1259 415 1316 459 ad
1342 413 1609 471 sapientiam
1632 427 1798 467 meam,

739 482 782 520 et
808 476 1054 534 prudentiae
1082 490 1194 519 meae
1215 475 1383 518 inclina
1408 487 1561 516 aurem
1583 477 1733 515 tuam:

636 535 653 562 ‘2
675 542 723 579 ut
746 536 968 579 custodias
991 535 1306 591 cogitationes,

738 602 781 639 et
807 595 1092 652 disciplinam
1117 595 1238 637 labia
1263 600 1340 637 tua
1362 597 1636 637 conservent.

677 656 745 698 Ne
771 656 977 699 attendas
999 655 1198 698 fallaciae
1221 654 1442 707 mulieris3

696 715 714 741 3
735 715 868 758 favus
895 715 1014 758 enim
1037 714 1260 758 distillans
1286 714 1406 756 labia
1431 711 1694 767 meretricis,

737 780 780 818 et
802 775 986 817 nitidius
1013 775 1108 818 oleo
1132 780 1285 829 guttur
1312 774 1433 830 ejus3

637 833 653 860 ’1
676 834 920 877 novissima
944 840 1095 877 autem
1120 834 1239 876 illius
1266 848 1418 876 amara
1442 831 1565 888 quasi
1589 831 1879 888 absynthium
1886 863 1898 885 ,

738 899 781 937 et
803 900 933 937 acuta
961 894 1085 949 quasi
1111 893 1285 950 gladius
1311 893 1476 949 biceps.

639 953 656 979 5
678 954 818 997 Pedes
845 953 941 1009 ejus
967 953 1244 997 descendunt
1268 952 1316 994 in
1338 957 1546 1006 mortem,

739 1019 782 1056 et
804 1013 860 1056 ad
883 1013 1050 1056 inferos
1076 1027 1250 1069 gressus
1277 1011 1396 1054 illius
1419 1016 1665 1068 penetrant.

637 1071 655 1098 6
677 1073 761 1115 Per
783 1073 988 1115 semitam
1016 1073 1121 1115 vitae
1145 1086 1233 1115 non
1259 1071 1514 1126 ambulant,
1751 1121 1754 1122 ⁷

740 1132 843 1188 vagi
870 1138 971 1175 sunt
998 1146 1174 1188 gressus
1197 1131 1294 1187 ejus
1318 1137 1362 1174 et
1382 1129 1733 1185 investigabiles.

639 1190 654 1219 ⁷
677 1193 807 1235 Nunc
826 1192 954 1247 ergo,
980 1192 1040 1234 fili
1070 1191 1151 1246 mi,
1178 1190 1282 1233 audi
1307 1205 1397 1245 me,

739 1257 782 1295 et
808 1266 862 1294 ne
888 1252 1068 1295 recedas
1093 1266 1119 1294 a
1147 1251 1292 1294 verbis
1318 1251 1404 1294 oris
1428 1249 1529 1293 mei.

638 1311 655 1338 8
677 1312 830 1366 Longe
857 1312 932 1353 fac
958 1312 1014 1353 ab
1041 1326 1093 1354 ea
1115 1311 1235 1353 viam
1261 1316 1406 1366 tuam,

739 1376 782 1414 et
804 1386 858 1414 ne
883 1371 1211 1428 appropinques
1237 1370 1410 1413 foribus
1438 1370 1594 1413 domus
1617 1369 1728 1426 ejus.

639 1430 656 1457 9
677 1432 744 1474 Ne
767 1430 843 1473 des
865 1430 1022 1474 alienis
1044 1432 1256 1474 honorem
1283 1436 1428 1485 tuum,

740 1496 783 1533 et
808 1505 947 1533 annos
974 1496 1071 1534 tuos
1098 1490 1265 1534 crudeli
1289 1507 1297 1535 :

623 1549 658 1576 ¹⁰
679 1565 733 1593 ne
764 1550 880 1593 forte
906 1550 1177 1607 impleantur
1203 1550 1402 1593 extranei
1430 1550 1599 1592 viribus
1622 1549 1729 1605 tuis,

741 1616 785 1653 et
810 1610 982 1652 labores
1009 1610 1073 1653 tui
1095 1610 1185 1652 sint
1209 1610 1255 1652 in
1283 1610 1414 1653 domo
1437 1609 1609 1664 aliena3

623 1670 655 1696 11
680 1675 722 1713 et
748 1683 901 1725 gemas
925 1669 971 1711 in
995 1669 1269 1725 novissimis,

744 1728 919 1785 quando
946 1729 1270 1786 consumpseris
1298 1744 1450 1773 carnes
1474 1735 1571 1772 tuas
1595 1734 1638 1772 et
1661 1744 1816 1785 corpus
1838 1733 1984 1783 tuum,

682 1795 725 1832 et
751 1789 899 1832 dicas:
930 1787 962 1813 ¹⁹2
981 1789 1067 1832 Cur
1091 1789 1337 1832 detestatus
1363 1804 1461 1831 sum
1489 1788 1794 1845 disciplinam,

740 1854 783 1892 et
808 1848 1187 1904 increpationibus
1215 1863 1302 1891 non
1329 1849 1554 1904 acquievit
1581 1863 1653 1891 cor
1679 1862 1846 1903 mcum,

623 1908 659 1935 13
680 1923 759 1951 nec
786 1907 938 1950 audivi
964 1922 1119 1950 vocem
1146 1908 1401 1952 docentium
1429 1922 1517 1962 me,

741 1973 784 2011 et
805 1967 1031 2023 magistris
1055 1981 1141 2009 non
1168 1967 1382 2011 inclinavi
1411 1982 1563 2011 aurem
1589 1965 1767 2010 meam?

624 2028 659 2054 ¹4
682 2028 800 2071 Pene
822 2027 890 2069 fui
917 2027 962 2069 in
990 2027 1109 2070 omni
1137 2027 1275 2083 malo,

740 2088 785 2129 in
813 2087 958 2130 medio
986 2087 1186 2130 ecclesiae
1214 2093 1258 2131 et
1279 2102 1538 2145 synagogae.

623 2147 658 2174 15
681 2147 793 2190 Bibe
818 2162 979 2203 aquam
1004 2147 1058 2190 de
1085 2147 1276 2190 cisterna
1300 2153 1396 2203 tua,

741 2212 784 2250 et
810 2207 974 2250 fluenta
1002 2207 1122 2263 putei
1149 2207 1239 2262 tui3

626 2267 660 2293 16
682 2267 936 2310 deriventur
958 2268 1107 2310 fontes
1135 2267 1198 2309 tui
1221 2267 1364 2323 foras,

741 2333 784 2370 et
805 2327 850 2369 in
878 2326 1036 2384 plateis
1063 2341 1200 2382 aquas
1227 2332 1326 2370 tuas
1353 2326 1517 2372 divide.

624 2386 658 2413 17
683 2387 863 2430 Habeto
889 2401 961 2430 eas
988 2387 1128 2442 solus,

742 2461 822 2491 nec
849 2447 938 2489 sint
959 2446 1093 2490 alieni
1118 2447 1356 2504 participes
1383 2447 1461 2490 tui.

624 2506 659 2533 ¹8
681 2507 748 2550 Sit
772 2521 885 2549 vena
912 2512 987 2549 tua
1013 2506 1270 2562 benedicta,

744 2572 787 2609 et
809 2566 961 2609 laetare
984 2581 1085 2609 cuin
1108 2566 1294 2609 muliere
1320 2564 1635 2609 adolescentia?
1662 2567 1764 2608 tuae.

625 2625 661 2653 19
683 2627 823 2670 Cerva
846 2625 1095 2681 carissima,
1124 2632 1167 2669 et
1189 2625 1470 2681 gratissimus
1497 2623 1706 2667 hinnulus
1727 2640 1736 2666 ε

742 2686 878 2729 ubera
900 2685 998 2741 ejus
1020 2685 1243 2729 inebrient
1269 2691 1311 2728 te
1338 2684 1383 2727 in
1407 2684 1526 2726 omni
1553 2689 1773 2739 tempore,

742 2745 788 2788 in
814 2759 963 2788 amore
986 2744 1083 2800 ejus
1111 2744 1334 2789 delectare
1360 2744 1541 2800 jugiter.

626 2804 663 2832 20
683 2806 825 2857 Quare
847 2804 1092 2860 seduceris,
1120 2804 1182 2847 fili
1206 2804 1288 2859 mi,
1315 2804 1371 2846 ab
1398 2803 1565 2858 aliena,

745 2870 787 2908 et
813 2864 979 2907 foveris
1002 2863 1047 2906 in
1069 2864 1169 2907 sinu
1194 2863 1375 2908 alterius
1389 2863 1410 2906 ⁶?

627 2923 661 2951 2¹
686 2923 886 2981 Respicit
914 2924 1131 2967 Dominus
1157 2924 1253 2966 vias
1279 2923 1494 2978 hominis,

746 2990 788 3027 et
817 2997 967 3026 omnes
993 2997 1168 3038 gressus
1195 2983 1292 3039 ejus
1319 2982 1585 3026 considerat.

628 3042 665 3069 22
687 3043 953 3099 Iniquitates
976 3057 1066 3086 suae
1093 3043 1276 3100 capiunt
1301 3042 1514 3100 impium,

747 3108 789 3146 et
816 3103 1000 3145 funibus
1026 3108 1311 3160 peccatorum
1337 3117 1516 3146 suorum
1540 3100 1874 3156 constringitur.

629 3160 666 3189 23
687 3162 789 3219 Ipse
813 3162 1035 3217 morietur,
1059 3162 1162 3218 quia
1186 3176 1271 3204 non
1297 3161 1456 3205 habuit
1478 3160 1784 3217 disciplinam,

747 3226 791 3264 et
815 3221 860 3263 in
887 3221 1174 3264 multitudine
1200 3221 1406 3264 stultit-iae
1432 3235 1525 3264 suae
1552 3219 1811 3276 decipietur.

906 3343 930 3401 ξ
965 3344 1054 3387 III.
1088 3370 1148 3377 —
1179 3344 1417 3400 sapientiai
1450 3343 1626 3386 diversa
1658 3342 1836 3386 monita.

512 3453 621 3497 CAP.
646 3453 724 3496 VI.
742 3479 802 3485 -—
826 3452 838 3478 ¹
863 3452 947 3495 Fili
976 3453 1056 3507 mi,
1083 3453 1119 3495 si
1146 3452 1433 3509 spoponderis
1460 3464 1536 3508 pro
1561 3449 1706 3492 amico
1730 3455 1823 3505 tuo,

749 3512 942 3556 defixisti
968 3512 1084 3569 apud
1109 3519 1368 3555 extraneum
1398 3523 1578 3552 manum
1600 3512 1751 3561 tua1n3

455 3657 503 3690 21]
521 3657 598 3691 σοὶ),
616 3657 708 3685 xlv,
726 3659 760 3684 m
777 3659 809 3683 ot
831 3656 959 3690 xxxi,
976 3659 991 3683 4
1011 3659 1045 3683 et
1065 3655 1221 3690 xxxiv,
1240 3658 1284 3683 «ιι.
