2456 3861
662 73 840 115 Junrru
875 73 974 127 XV,
1011 73 1064 114 13
1095 97 1154 104 —
1185 71 1316 126 XVI,
1354 71 1420 114 18.
1865 69 1947 113 491

194 246 227 272 13
244 246 327 289 Per
344 245 436 288 dies
457 250 605 288 autem
627 243 826 298 triginta,
847 243 921 285 vix
943 242 1128 286 collecta
1153 246 1256 285 sunt
1279 241 1420 298 spolia
1442 240 1722 296 Assyriorum
1744 254 1770 282 a
1791 238 1952 296 populo

130 304 282 349 Israel.
310 303 341 330 ¹¹
361 304 493 346 Porro
517 307 666 345 autem
689 301 893 344 universa
919 316 1015 357 quae
1047 301 1306 344 Holofernis
1336 299 1576 357 peculiaria
1605 298 1744 341 fuisse
1769 298 1953 355 probata

130 369 252 414 sunt,
279 362 495 406 dederunt
516 360 676 404 «Iudith
699 360 746 402 in
767 374 872 403 auro
899 366 942 404 et
962 366 1166 415 argento,
1194 365 1237 403 et
1262 359 1458 402 vestibus
1483 363 1527 402 et
1550 357 1750 414 gemmis,
1770 362 1812 400 et
1835 356 1952 400 omni

129 422 416 479 supellectili,
443 426 486 465 et
508 419 670 463 tradita
695 423 799 462 sunt
824 419 972 461 onmia
1000 419 1066 461 illi
1091 434 1118 461 a
1148 418 1322 475 populo.
1348 418 1383 444 ¹⁵
1412 418 1468 460 Et
1494 430 1644 460 omnes
1670 416 1820 472 populi
1846 430 1953 471 gau-

130 481 314 535 debant,
335 495 435 524 cum
458 478 714 523 mulieribus
736 482 780 521 et
800 477 1048 533 Virginibus
1073 483 1117 520 et
1137 477 1398 532 juvenibus,
1421 476 1465 519 in
1489 475 1664 532 organis
1691 480 1734 518 et
1759 474 1953 518 citharis.

189 540 295 584 CAP.
320 540 443 582 XVI.
462 564 521 570 -—-
542 537 554 564 ¹
574 538 698 581 Tunc
724 537 923 580 cantavit
946 536 1169 578 canticum
1192 536 1274 578 hoc
1299 535 1488 578 Domino
1509 534 1690 590 Judith,
1714 533 1864 576 dicens
1885 549 1893 576 :

329 597 346 623 ‘²
372 597 563 655 Incipite
588 596 779 640 Domino
804 595 849 638 in
875 595 1120 651 tympanis,

425 661 602 700 cantate
628 655 818 698 Domino
840 654 886 697 in
913 653 1151 709 cymbalis,

366 714 658 759 modulamini
682 714 748 757 illi
774 713 997 770 psalmum
1022 726 1186 754 novum
1206 729 1214 766 3

425 775 619 819 exaltate
641 778 684 818 et
703 773 910 816 invocate
932 784 1092 814 nomen
1114 770 1225 825 ejus.

330 835 347 861 3
370 834 587 879 Dominus
612 837 840 876 conterens
863 830 1001 886 bella,

427 893 642 936 Dominus
667 904 829 935 nomen
854 895 921 934 est
944 889 1025 933 illi.

328 952 344 979 ·¹
366 953 448 1003 Qui
472 951 617 1009 posuit
643 955 787 994 castra
808 964 887 993 sua
911 949 958 992 in
981 949 1128 992 medio
1149 948 1300 1006 populi
1322 948 1410 1003 sui,

424 1018 471 1054 ut
497 1011 682 1067 eriperet
704 1023 782 1053 nos
808 1008 862 1052 de
888 1023 1022 1051 manu
1047 1008 1246 1052 omnium
1270 1007 1554 1050 inimicorum
1580 1010 1839 1051 nostrorum.

328 1072 344 1097 ⁵
366 1070 502 1114 Venit
528 1070 665 1112 Assur
687 1083 740 1112 ex
767 1067 991 1111 montibus
1016 1067 1072 1111 ab
1100 1067 1307 1123 aquilone

425 1129 470 1172 iu
494 1127 780 1171 multitudine
804 1126 1082 1170 fortitudinis
1104 1141 1219 1180 suae;

367 1188 494 1244 cujus
521 1186 761 1230 multitudo
786 1185 1012 1229 obturavit
1037 1190 1275 1239 torrentes,

423 1254 466 1290 et
493 1246 592 1302 equi
615 1260 765 1290 eorum
789 1250 1106 1301 cooperuerunt
1127 1244 1280 1287 valles.

325 1306 342 1333 ⁶
370 1305 495 1349 Dixit
520 1319 566 1348 se
590 1305 874 1348 incensurum
899 1304 1007 1347 fines
1034 1317 1178 1359 meOS,

423 1369 466 1407 et
487 1364 672 1419 juvenes
698 1377 818 1406 meos
841 1363 1088 1406 occisurum
1109 1362 1280 1418 gladio,

362 1423 560 1465 infant-es
587 1437 705 1466 meos
735 1422 838 1465 dare
861 1422 909 1464 in
933 1421 1153 1477 praedam,

424 1487 466 1525 et
490 1481 682 1537 virgines
708 1481 754 1523 in
776 1480 1100 1537 captivitatem.

324 1540 339 1566 7
360 1540 577 1583 Dominus
598 1545 748 1583 autem
772 1539 1050 1595 omnipotens
1075 1538 1228 1581 nocuit
1253 1552 1373 1593 eum,

423 1605 465 1643 et
491 1599 676 1642 tradidit
699 1613 802 1642 eum
825 1598 872 1640 in
898 1612 1054 1640 manus
1077 1597 1332 1651 feminae,et
1357 1596 1559 1639 confodit
1577 1609 1689 1639 eum.

327 1658 344 1685 8
366 1659 465 1701 Nou
492 1658 611 1701 enim
635 1657 796 1701 cecidit
821 1662 977 1714 potens
996 1670 1146 1700 eorum
1171 1671 1196 1698 a
1219 1655 1481 1712 juvenibus3

421 1731 502 1760 nec
527 1717 608 1759 filii
633 1717 766 1760 Titan
792 1720 1101 1773 percusserunt
1126 1730 1247 1770 eum,
1366 1753 1368 1756 ,

423 1791 504 1819 nec
527 1776 690 1819 excelsi
713 1776 918 1832 gigantes
945 1780 1243 1832 opposuerunt
1264 1789 1310 1818 se
1334 1774 1428 1828 illi;

364 1835 440 1878 sed
466 1835 647 1891 J11dith,
674 1835 766 1877 filia
788 1834 971 1890 Merari,

421 1894 469 1937 in
491 1894 637 1951 specie
658 1894 800 1937 faciei·
820 1908 910 1936 suae
938 1893 1142 1936 dissolvit
1168 1907 1282 1936 eum.

335 1954 352 1980 9
373 1953 510 1996 Exuit
532 1953 652 1997 enim
673 1967 719 1996 se
741 1953 1007 1996 vestimento
1033 1952 1291 2007 viduitatis,

424 2017 467 2055 et
491 2012 639 2055 induit
663 2026 709 2056 se
731 2012 996 2055 vestimento
1024 2011 1198 2054 laetitiae

421 2071 468 2113 in
490 2071 765 2114 exultatione
786 2071 978 2114 filiorum
1002 2071 1154 2113 Israel.

306 2131 342 2158 ¹⁰
365 2130 506 2174 Unxit
531 2130 695 2173 faciem
720 2144 847 2173 suam
868 2135 1119 2186 unguento,

423 2194 465 2232 et
491 2189 722 2245 colligavit
748 2189 975 2232 cincinnos
1001 2203 1101 2232 suos
1128 2189 1284 2244 mitra3

422 2248 597 2304 accepit
617 2248 779 2291 stolam
803 2262 965 2291 novam
990 2248 1047 2290 ad
1073 2247 1384 2304 decipiendum
1410 2247 1552 2290 illum.

307 2307 340 2333 ¹¹
364 2306 576 2350 Sandalia
598 2307 694 2363 ejus
716 2312 957 2363 rapuerunt
979 2306 1126 2350 oculos
1149 2307 1268 2363 ejus,

423 2366 706 2423 pulchritudo
732 2366 829 2421 ejus
859 2366 1084 2423 captivam
1112 2366 1224 2409 fecit
1249 2366 1447 2408 animam
1477 2365 1601 2422 ejus3

422 2425 673 2482 amputavit
695 2425 888 2481 pugione
915 2425 1133 2468 cervicem
1154 2425 1266 2480 ejus.

306 2484 342 2511 ¹2
364 2485 642 2527 Horruerunt
676 2485 823 2527 Persae
858 2483 1156 2527 constantiam
1189 2484 1309 2540 ejus,

425 2550 468 2587 et
492 2544 634 2599 Medi,
660 2543 896 2586 audaciam
921 2543 1032 2599 ejus.

307 2603 343 2630 ¹3
363 2604 487 2646 Tunc
510 2603 794 2646 ululaverunt
820 2607 964 2644 castra
986 2603 1291 2660 Assyriorum,

424 2663 600 2718 quando
625 2667 924 2719 apparuerunt
949 2662 1137 2705 humiles
1160 2661 1267 2716 mei,
1294 2665 1541 2703 arescentes
1566 2659 1614 2702 in
1635 2659 1721 2703 siti,

306 2721 341 2747 ¹4
360 2721 464 2764 Filii
490 2721 738 2777 puellarum
763 2727 1115 2778 compunxerunt
1137 2735 1231 2775 eos,

423 2786 466 2823 et
490 2780 606 2823 sicut
635 2794 790 2837 pueros
817 2780 1043 2835 fugientes
1069 2779 1326 2823 occiderunt
1353 2793 1450 2833 eos3

422 2840 647 2897 perierunt
671 2840 717 2882 in
743 2839 896 2896 praelio
921 2854 946 2881 a
972 2839 1092 2882 facie
1119 2837 1299 2881 Domini
1327 2837 1410 2881 Dei
1438 2836 1538 2881 mei.

305 2898 340 2925 ¹5
363 2900 595 2956 Hymnum
624 2904 853 2942 cantemus
882 2898 1098 2953 Domino;

422 2959 640 3015 hymnum
665 2972 831 3001 novum
857 2963 1086 3000 cantemus
1114 2958 1207 3000 Deo
1232 2961 1393 2999 nostro.

308 3016 343 3043 16
362 3017 539 3061 Adonai
568 3017 778 3073 Domine,
806 3031 995 3072 magnus
1022 3031 1066 3060 es
1091 3022 1159 3071 tu,

423 3083 466 3121 et
492 3077 732 3135 praeclarus
757 3077 804 3119 in
826 3076 989 3119 virtute
1014 3080 1110 3131 tua,

423 3142 466 3180 et
491 3151 622 3193 quem
646 3150 853 3193 superare
878 3148 1008 3178 nemo
1033 3139 1190 3191 potest.

305 3193 340 3221 ¹⁷
361 3195 464 3238 Tibi
489 3196 654 3239 serviat
680 3195 822 3239 omnis
848 3199 1047 3237 creatura
1072 3199 1167 3249 tua,

422 3255 524 3311 quia
551 3255 725 3311 dixisti,
753 3260 796 3298 et
821 3255 944 3297 facta
970 3259 1097 3301 sunt:

424 3315 585 3357 misisti
611 3314 818 3371 spiritum
843 3318 989 3367 tuum,
1016 3317 1059 3355 et
1089 3318 1235 3355 creata
1253 3321 1391 3365 ‚sunt3

422 3380 465 3417 et
490 3387 578 3416 non
604 3379 670 3417 est
695 3373 769 3429 qui
795 3372 971 3416 resistat
996 3371 1093 3414 voci
1117 3375 1220 3413 tuae.

305 3432 341 3460 ¹3
362 3433 536 3476 Montes
561 3447 587 3475 a
613 3431 920 3475 fundamentis
947 3429 1242 3473 movebuntur
1264 3443 1366 3472 cum
1387 3428 1511 3485 adluis
1532 3446 1541 3484 3

129 3591 176 3624 17]
194 3590 272 3618 Gen.
291 3591 317 3618 1.
343 3594 396 3622 PS.
416 3595 564 3631 XXXII,
577 3597 604 3624 9.

2074 249 2205 283 Accipit

2087 293 2193 327 spolia

2037 336 2243 366 Holofernis.

2052 541 2227 572 Canticum

2075 585 2208 615 Judith.
