2423 3861
833 177 967 221 JOAN.
1004 178 1134 232 XXl,
1173 178 1307 218 4³25.
1875 178 1985 217 1213

218 340 385 384 ⁴Mane
417 345 567 384 autem
603 340 747 395 facto,
785 339 908 382 stetit
946 340 1075 383 <Iesus
1112 341 1157 383 in
1191 341 1361 395 littore;
1391 354 1479 383 non
1511 345 1660 383 tamen
1684 346 1987 394 cognorerunt

159 398 365 455 discipuli
390 399 494 455 quia
515 399 644 442 Jesus
666 404 746 441 est.
773 398 789 424 ⁵
809 397 934 441 Dixit
960 412 1064 453 ergo
1085 399 1147 442 eis
1173 400 1201 442 J
1206 412 1303 444 esus
1338 416 1346 443 :
1369 398 1522 454 Pueri,
1544 397 1760 453 numquid
1785 397 1987 454 pulmen-

158 457 319 501 tarium
344 455 552 501 habetis?
575 455 913 513 Responderunt
935 456 975 498 ei
1005 473 1014 499 :
1040 457 1152 500 Non.
1180 458 1197 484 ⁰
1218 458 1338 502 Dicit
1363 458 1425 502 eis
1457 473 1468 502 ε
1492 456 1660 501 Mittite
1683 455 1732 499 in
1757 456 1987 499 dexteram

157 516 325 572 navigii
352 521 461 571 rete,
488 520 532 559 et
555 514 807 558 invenietis.
831 513 1049 557 Miserunt
1075 530 1205 571 ergo;
1229 522 1271 559 ct
1296 517 1390 571 jam
1420 531 1505 559 nou
1532 515 1742 559 valebant
1765 514 1879 557 illud
1902 520 1987 557 tra-

156 575 258 619 here
282 590 373 632 prae
402 573 689 617 multitudine
710 573 913 630 piscium.
933 572 947 599 ⁷
966 573 1091 616 Dixit
1110 588 1213 629 ergo
1236 575 1478 632 discipulus
1504 575 1599 630 ille,
1619 588 1750 631 quem
1773 573 1988 629 diligebat

156 635 307 689 -Jesus,
332 634 461 677 Petro
489 649 498 677 :
526 632 755 678 Dominus,
776 636 855 675 est.
892 632 1046 675 Simon
1076 633 1233 676 Petrus
1267 648 1367 676 cum
1400 634 1596 677 audisset
1633 633 1735 690 quia
1771 632 1987 676 Dominus

155 698 240 748 est,
264 692 414 735 tunica
440 691 663 735 succinxit
688 705 754 747 se,
779 695 871 734 erat
896 691 1015 734 enim
1041 691 1204 747 nudus,
1230 697 1272 735 et
1291 692 1412 734 misit
1440 707 1486 735 se
1518 692 1563 735 in
1598 707 1730 736 mare.
1760 692 1778 719 ⁸
1796 691 1887 735 Alii
1912 706 1990 734 au-

155 765 244 794 tem
270 750 477 808 discipuli
504 750 683 807 navigio
711 754 926 794 venerunt
949 751 1061 807 (non
1087 750 1206 794 enim
1229 750 1360 807 longe
1382 758 1505 794 eraut
1542 766 1567 793 a
1594 757 1729 807 terra,
1764 750 1841 795 sed
1864 751 1988 807 quasi

156 809 317 853 cubitis
351 809 591 868 ducentis),
619 810 847 854 trahentes
870 815 962 852 rete
987 809 1190 867 piscium.
1224 809 1242 835 9
1260 809 1324 853 Ut
1349 824 1451 865 ergo
1478 810 1799 854 descenderunt
1826 810 1872 852 in
1906 815 1990 853 ter-

154 883 270 925 ram,
296 869 503 912 viderunt
521 883 684 926 prunas
706 868 894 926 positaS,
921 872 965 911 et
986 867 1153 925 piscem
1175 869 1522 925 superpositum,
1550 874 1593 912 et
1618 884 1792 925 panem.
1821 869 1853 895 ¹⁰
1870 868 1989 912 Dicit

155 929 216 972 eis
243 929 270 971 J
275 942 372 972 esus
405 945 414 972 z
437 928 611 971 Afferte
634 928 687 971 de
712 927 908 985 piscibus
934 941 1042 983 quos
1064 927 1350 984 prendidistis
1383 942 1513 970 nunc.
1537 927 1574 953 ·¹¹
1597 928 1814 971 Ascendit
1839 928 1991 972 Simon

155 988 331 1043 Petrus,
359 992 403 1031 et
428 987 564 1030 traxit
589 993 681 1031 rete
714 987 761 1029 in
791 991 974 1042 terram,
1004 986 1187 1044 plenum
1220 986 1395 1042 magnis
1425 986 1621 1043 piscibus
1654 993 1832 1030 centum
1865 987 1991 1043 quin-

155 1047 369 1102 quaginta
393 1047 548 1092 tribus.
578 1047 761 1090 Etcum
794 1045 909 1089 tanti
940 1051 1105 1102 essent,
1142 1060 1229 1089 non
1260 1051 1326 1089 est
1358 1045 1545 1089 scissum
1577 1052 1681 1089 rete.
1722 1045 1753 1071 ¹⁶³
1772 1046 1892 1088 Dicit
1929 1045 1991 1088 eis

155 1106 285 1148 ›Jesus
318 1123 326 1149 :
354 1105 536 1161 Venite,
577 1106 803 1163 prandete.
839 1106 898 1148 Et
931 1120 1059 1150 nemo
1089 1105 1285 1150 audebat
1316 1105 1692 1148 discumbentium
1720 1104 1992 1160 interrogare

155 1179 254 1208 eum
284 1182 292 1208 ε
315 1165 383 1207 Tu
410 1165 506 1221 quis
533 1165 610 1209 es‘?
637 1165 827 1209 scientes
854 1165 958 1221 quia
985 1165 1203 1209 Dominus
1228 1170 1308 1210 est.
1330 1164 1366 1191 13
1380 1165 1438 1206 Et
1458 1164 1578 1207 venit
1597 1164 1624 1206 J
1630 1178 1749 1219 esus,
1768 1168 1810 1206 et
1828 1163 1993 1219 accipit

153 1237 334 1281 panem,
358 1230 400 1269 et
427 1225 504 1268 dat
526 1225 607 1280 eis,
636 1231 679 1268 et
703 1225 873 1282 piscem
898 1223 1172 1268 similiter(14
1187 1225 1287 1268 Hoc
1311 1224 1408 1281 jam
1430 1223 1558 1266 tertio
1586 1223 1901 1265 manifestatus
1927 1228 1992 1265 est

154 1283 182 1326 J
186 1297 284 1326 esus
312 1283 542 1340 discipulis
557 1284 667 1340 suis,
695 1298 797 1328 oum
821 1283 1130 1328 resurrexisset
1155 1298 1182 1326 a
1207 1283 1405 1327 mortuis.

218 1343 250 1369 ¹5
275 1344 387 1386 Cum
416 1357 518 1399 ergo
552 1343 855 1400 prandissent,
891 1343 1000 1386 dicit
1034 1343 1203 1387 Simoni
1237 1344 1366 1386 Petro
1398 1345 1528 1387 Jesus
1562 1361 1570 1388 ε
1602 1344 1756 1387 Simon
1782 1341 1990 1397 Joannis,

155 1403 306 1458 diligis
329 1417 397 1446 me
420 1403 519 1459 plus
544 1402 646 1446 his‘?
671 1403 793 1446 Dicit
810 1403 850 1446 ei
883 1420 892 1447 :
920 1403 1089 1458 Etiam,
1116 1402 1325 1457 Domine,
1352 1408 1400 1446 tu
1422 1403 1507 1446 scis
1534 1403 1636 1459 quia
1659 1416 1761 1446 amo
1787 1406 1843 1444 te.
1871 1401 1993 1444 Dicit

155 1462 193 1504 ei
228 1479 236 1505 :
266 1463 404 1504 Pasce
430 1477 568 1518 agnos
595 1476 729 1506 meos.
765 1462 800 1488 ¹⁶
820 1462 944 1506 Dicit
975 1463 1014 1506 ei
1045 1462 1205 1505 iterum
1238 1479 1246 1506 :
1283 1462 1432 1506 Simon
1462 1461 1672 1518 Joannis,
1707 1460 1858 1516 diligis
1886 1473 1957 1503 me
1971 1462 1991 1503 ἱ)

155 1521 234 1564 Ait
266 1521 331 1564 illi
361 1538 369 1564 :
402 1522 572 1577 Etiam,
602 1522 813 1576 Domine,
846 1527 896 1565 tu
925 1521 1011 1566 scis
1045 1522 1146 1578 quia
1179 1537 1279 1566 amo
1314 1527 1369 1565 te.
1406 1521 1527 1564 Dicit
1560 1521 1598 1564 ei
1632 1538 1640 1565 ε
1675 1521 1814 1564 Pasce
1853 1533 1992 1576 agnos

155 1594 288 1624 meos.
316 1579 349 1606 ‘¹⁷
372 1580 494 1623 Dicit
519 1580 560 1624 ei
582 1581 711 1623 tertio
743 1597 752 1624 :
776 1580 928 1625 Simon
953 1581 1162 1637 Joannis,
1189 1596 1313 1625 amas
1346 1581 1449 1624 me?
1483 1580 1779 1624 Contristatus
1813 1584 1878 1622 est
1910 1578 1993 1621 Pe-

154 1650 265 1694 trus,
301 1639 403 1695 quia
441 1639 556 1683 dixit
593 1639 633 1683 ei
671 1639 802 1684 tertio
831 1657 840 1684 :
873 1642 1013 1684 Amas
1052 1640 1154 1683 me?
1182 1644 1225 1683 et
1262 1640 1375 1683 dixit
1408 1640 1448 1683 ei
1478 1657 1486 1684 :
1522 1639 1732 1695 Domine,
1758 1644 1807 1682 tu
1845 1636 1994 1680 omnia

153 1698 268 1742 nosti
288 1715 297 1752 ;
326 1703 374 1742 tu
396 1699 481 1742 scis
507 1699 611 1756 quia
636 1714 737 1743 amo
759 1705 815 1743 te.
845 1699 972 1742 Dixit
994 1700 1032 1743 ei
1067 1717 1076 1744 :
1101 1700 1241 1743 Pasce
1265 1713 1368 1753 oves
1391 1713 1525 1742 meas.

167 1805 171 1808 ,
218 1758 249 1784 '0'
264 1758 434 1815 Amen,
457 1773 589 1804 amen
615 1760 714 1803 dico
740 1759 846 1815 tibi,
874 1773 975 1802 cum
1000 1772 1118 1801 esses
1143 1758 1306 1815 junior,
1335 1757 1546 1814 cingebas
1572 1761 1638 1811 te,
1661 1760 1704 1798 et
1729 1752 1992 1796 ambulabas

153 1820 228 1862 ubi
255 1819 460 1874 volebas3
490 1834 591 1863 cum
615 1824 768 1863 autem
793 1819 1009 1873 senueriS,
1034 1818 1245 1862 extendes
1272 1831 1429 1861 manus
1456 1822 1574 1872 tuas,
1601 1822 1645 1860 et
1677 1814 1791 1857 alius
1825 1819 1867 1858 te
1902 1813 1994 1857 cin-

144 1885 248 1935 get,
277 1884 320 1922 et
345 1879 478 1922 ducet
503 1893 589 1936 quo
612 1883 660 1921 tu
690 1893 777 1922 non
806 1878 888 1924 vis,
917 1878 951 1904 19
968 1879 1066 1922 Hoc
1094 1882 1247 1921 autem
1277 1877 1410 1933 dixit,
1444 1875 1702 1932 significans
1735 1888 1820 1931 qua
1853 1879 1993 1917 morte

155 1938 475 1982 clarificaturus
501 1943 616 1982 esset
651 1939 810 1983 Deum.
844 1938 903 1982 Et
937 1952 1037 1981 cum
1069 1938 1151 1982 hoc
1187 1937 1392 1992 dixisset,
1429 1935 1538 1979 dicit
1568 1935 1608 1978 ei
1648 1951 1657 1979 :
1690 1934 1880 1989 Sequere
1910 1946 1992 1975 me.

155 1996 191 2024 ²0
205 1996 452 2042 Conversus
490 1998 670 2053 Petrus,
707 1997 820 2042 vidit
851 1997 980 2042 illum
1019 1996 1286 2054 discipulum
1323 2010 1453 2052 quem
1490 1993 1890 2051 diligebat-Jesus,
1929 2005 1993 2034 se-

155 2062 387 2113 quentem,
414 2057 488 2114 qui
511 2063 554 2100 et
578 2056 784 2100 recubuit
807 2057 855 2100 in
878 2071 1005 2100 coena
1028 2071 1160 2114 super
1187 2061 1342 2116 pectus
1368 2055 1484 2111 ejus,
1519 2058 1563 2098 et
1595 2052 1710 2096 dixit
1741 2069 1751 2097 :
1783 2051 1992 2105 Domine,

155 2116 253 2173 quis
278 2122 345 2160 est
371 2117 444 2172 qui
470 2116 616 2160 tradet
639 2116 713 2160 te‘?
739 2116 774 2145 2¹
793 2117 927 2160 Hunc
953 2131 1056 2172 ergo
1079 2131 1180 2160 cum
1202 2115 1388 2159 vidisset
1406 2115 1583 2169 Petrus,
1610 2111 1724 2155 dixit
1746 2111 1774 2154 J
1779 2125 1881 2154 esu:
1907 2110 1994 2152 Do-

154 2175 294 2232 mine,
317 2176 391 2220 hic
411 2182 563 2219 autem
591 2175 727 2232 quid?
754 2175 792 2201 22
810 2176 931 2219 Dicit
957 2176 996 2219 ei
1018 2176 1046 2219 J
1050 2190 1150 2219 esus
1169 2193 1178 2219 ;
1199 2175 1272 2218 Sic
1299 2189 1400 2217 eum
1424 2173 1524 2217 volo
1552 2185 1730 2214 manere
1756 2169 1896 2213 donec
1921 2183 1994 2211 ve-

155 2235 299 2290 niam,
325 2235 433 2291 quid
457 2236 515 2279 ad
538 2235 614 2279 te?
653 2236 722 2279 Tu
746 2250 816 2279 me
843 2250 1036 2291 sequere.
1068 2233 1106 2261 23
1123 2234 1247 2277 Exiit
1269 2248 1371 2290 ergo
1398 2246 1540 2276 sermo
1572 2231 1655 2273 iste
1685 2230 1800 2272 inter
1832 2229 1994 2271 fratres

156 2294 258 2351 quia
283 2295 529 2352 discipulus
550 2295 627 2339 ille
648 2309 736 2339 non
758 2295 956 2338 moritur.
972 2296 1030 2338 Et
1054 2309 1143 2338 non
1170 2294 1283 2337 dixit
1305 2294 1344 2335 ei
1371 2293 1397 2335 J
1403 2306 1499 2335 esus
1523 2308 1530 2334 :
1559 2291 1659 2334 Non
1681 2288 1877 2343 moritur,
1897 2285 1994 2330 sed:

155 2353 229 2398 Sic
254 2369 355 2398 eum
379 2355 481 2398 volo
507 2369 686 2398 manere
712 2354 851 2397 donec
877 2354 1076 2409 veniam,
1103 2351 1208 2410 quid
1233 2353 1290 2396 ad
1318 2351 1392 2395 te‘?

215 2412 252 2441 24
271 2414 360 2458 Hie
383 2419 450 2458 est
471 2414 715 2471 discipulus
749 2414 826 2457 ille
856 2413 929 2470 qui
962 2412 1268 2456 testimonium
1302 2410 1504 2468 perhibet
1538 2410 1591 2454 de
1622 2409 1712 2465 his,
1743 2412 1787 2451 et
1819 2407 1995 2465 scripsit

156 2474 279 2529 haec;
308 2478 352 2518 et
369 2473 534 2518 scimus
561 2474 663 2530 quia
695 2488 848 2517 verum
879 2478 944 2516 est
974 2471 1280 2516 testimonium
1313 2471 1423 2528 ejus.
1454 2469 1490 2496 25
1513 2471 1623 2514 Sunt
1655 2472 1806 2511 autem
1834 2471 1879 2510 et
1906 2466 1995 2509 alia

156 2533 300 2578 multa
321 2548 420 2589 quae
444 2533 557 2577 fecit
583 2534 738 2588 Jesus3
760 2547 859 2590 quae
884 2533 921 2576 si
944 2532 1195 2575 scribantur
1215 2545 1292 2589 per
1312 2529 1510 2586 singula,
1531 2542 1612 2572 nec
1637 2527 1783 2586 ipsum
1807 2525 1996 2570 arbitror

118 2623 119 2626 =
142 2593 374 2637 >mundum
399 2607 556 2650 capere
580 2606 708 2650 posse
734 2607 832 2650 eos,
860 2591 932 2648 qui
958 2589 1180 2635 scribendi
1202 2594 1324 2646 sunt,
1351 2588 1499 2632 libros.

158 2740 207 2775 18]
228 2739 263 2768 11
281 2739 371 2769 Petr.
386 2740 414 2774 Ι,
431 2741 474 2770 14.
488 2753 525 2760 —
544 2740 592 2774 20]
612 2739 690 2773 sup.
712 2739 813 2774 XIII,
831 2740 874 2766 23.
893 2752 928 2757 —-
946 2738 993 2770 25]
1013 2737 1090 2769 Sup.
1110 2736 1181 2771 XX,
1200 2737 1244 2764 30.

2123 1350 2243 1378 Petrus

2092 1400 2245 1426 SUDI‘QHU!
2256 1401 2268 1420 3
2302 1423 2307 1427 ,

2121 1444 2243 1470 pastor.

2089 1764 2264 1793 Praeuicti)

2073 1809 2113 1836 de
2133 1808 2232 1836 Petro
2251 1814 2283 1836 ἐς

2110 1852 2251 1880 Joanne.

2095 2417 2271 2447 Conclusio

2097 2461 2266 2495 evangelii

2106 2506 2126 2535 J
2130 2505 2256 2535 oannis,
