2456 3861
212 317 343 346 Electio

169 362 388 395 septuaginta

201 407 353 434 virorum

187 452 355 479 seniorum
361 472 367 479 .

173 1077 382 1107 coturnices.

222 1728 332 1755 Aaron

200 1773 234 1799 et
252 1770 357 1798 Maria

226 1823 246 1844 a
263 1816 330 1843 Deo

173 1859 379 1893 reprehensi.

171 2495 276 2525 Maria
292 2497 385 2529 lepra

179 2539 380 2573 percutitur.

160 3441 400 3473 Exploratores

185 3484 373 3512 mittuntur

174 3528 208 3556 in
230 3528 393 3557 chanaan.

466 141 548 183 134
1054 138 1182 182 NUM.
1216 139 1306 193 XI,
1342 139 1398 180 24
1429 164 1488 171 —
1519 138 1662 193 XIII,
1697 139 1736 181 2.

523 309 560 337 94
577 310 716 353 Venit
742 310 881 365 igitur
904 310 1102 365 Moyses,
1137 312 1180 350 et
1208 307 1407 349 narravit
1436 307 1599 364 populo
1623 307 1760 350 verba
1792 308 1994 362 Domini,
2022 321 2313 364 congregans·

463 369 748 426 septuaginta
770 369 886 411 viros
910 368 962 410 de
989 367 1168 410 senibus
1195 366 1356 420 Israel,
1383 379 1491 421 quos
1516 371 1633 408 stare
1658 365 1771 408 fecit
1798 366 1916 408 circa
1944 367 2296 411 tabernaculum.

463 427 499 455 25
519 428 848 483 Descenditque
872 426 1089 469 Dominus
1114 439 1192 482 per
1219 424 1406 479 nubem,
1434 430 1477 467 et
1498 425 1672 467 locutus
1694 430 1761 467 est
1781 424 1838 467 ad
1864 439 1987 480 eum,
2009 425 2218 469 auferens
2243 426 2307 469 de*

463 487 620 544 spiritu
648 487 720 542 qui
748 491 840 528 erat
861 485 907 527 in
930 485 1103 540 Moyse,
1132 489 1174 527 et
1196 483 1306 526 dans
1332 484 1618 540 septuaginta
1644 483 1764 527 viris.
1789 483 1990 539 Cumque
2009 485 2298 540 requievisset

462 547 510 589 in
545 547 607 589 eis
645 545 846 602 spiritus,
884 545 1280 601 prophetaverunt,
1320 556 1400 586 nec
1434 543 1550 585 ultra
1587 547 1884 586 cessaverunt.
1920 542 1959 570 ⁹2⁶
1977 543 2298 587 Remanserant

464 610 613 648 autem
638 605 683 646 in
707 603 861 646 castris
885 603 972 646 duo
994 602 1090 658 viri,
1118 617 1303 658 quorum
1328 616 1441 645 unus
1463 602 1708 644 vocabatur
1729 602 1888 658 Eldad,
1914 607 1957 645 et
1981 602 2095 645 alter
2118 602 2297 658 Medad,

463 678 593 720 super
634 677 739 718 quos
776 662 994 718 requievit
1037 662 1217 719 spiritus
1239 679 1247 716 3
1288 676 1392 704 nam
1435 666 1478 705 et
1512 661 1597 718 ipsi
1639 661 1848 718 descripti
1886 661 2088 717 fuerant,
2127 667 2170 704 et
2212 677 2299 705 non

464 723 664 765 exierant
697 721 753 764 ad
788 721 1140 764 tabernaculum.
1179 719 1214 746 ⁹²⁷
1242 721 1441 776 Cumque
1472 721 1788 778 prophetarent
1820 720 1866 762 in
1898 720 2075 775 castriS,
2107 721 2300 764 cucurrit

462 795 582 839 puer,
606 787 648 824 et
674 780 900 823 nuntiavit
924 780 1091 837 Moysi,
1115 780 1266 824 dicens
1301 797 1309 824 :
1336 780 1482 823 Eldad
1509 785 1552 823 et
1581 780 1745 823 Medad
1772 780 2039 837 prophetant
2059 779 2107 822 in
2129 780 2311 823 castris..

463 840 499 867 ⁶28
516 840 679 883 Statim
705 840 862 895 Josue,
889 839 1006 883 filius
1038 840 1161 895 Nun,
1196 839 1398 882 minister
1427 839 1593 896 Moysi,
1631 844 1674 882 et
1703 839 1871 882 electus
1898 853 1920 882 0
1949 838 2172 896 pluribus,
2198 839 2262 882 ait
2289 855 2298 884 :

465 899 655 942 Domine
690 899 750 942 mi
788 899 986 956 Moyses,
1009 899 1193 956 prohibe
1220 913 1307 942 eos.
1335 897 1371 924 ²²9
1389 898 1451 941 At
1471 897 1548 941 ille
1578 916 1586 943 :
1615 898 1750 954 Quid,
1775 898 1943 954 inquit,
1967 898 2191 943 aemularis
2224 912 2311 955 pro-

464 957 570 1002 me?
601 958 706 1009 Quis
734 958 901 1001 tribuat
930 963 979 1001 ut
1001 958 1143 1001 omnis
1173 958 1361 1015 populus
1387 958 1640 1015 prophetet,
1669 963 1712 1000 et
1741 957 1816 1000 det
1839 958 1900 1001 eis
1929 958 2147 1002 Dominus
2173 957 2298 1015 spiri-

463 1023 558 1061 tum
583 1016 746 1061 suum?
773 1017 810 1043 30
829 1018 1133 1073 Reversusque
1159 1022 1225 1060 est
1246 1017 1443 1073 Moyses,
1473 1022 1516 1059 et
1548 1017 1740 1073 majores
1770 1022 1878 1059 natu
1901 1015 2042 1061 Israel
2067 1017 2114 1060 in
2141 1022 2310 1061 castra„

523 1077 556 1104 3¹
581 1078 754 1120 Ventus
780 1081 931 1119 autem
963 1076 1192 1132 egrediens
1221 1091 1247 1118 a.
1275 1076 1488 1131 Domino,
1519 1081 1716 1132 arreptas
1746 1081 1868 1119 trans
1898 1091 2018 1119 mare
2053 1077 2300 1120 coturnices

464 1137 646 1191 detulit,
681 1141 725 1179 et
751 1136 929 1180 demisit
961 1136 1007 1178 in
1038 1141 1182 1178 castra
1215 1135 1373 1178 itinere
1404 1140 1620 1190 quantum
1649 1149 1737 1178 uno
1767 1135 1838 1178 die
1865 1135 2022 1178 confici
2053 1140 2218 1193 potest,
2247 1150 2301 1178 ex

464 1196 583 1239 omni
610 1201 733 1252 parte
764 1200 1008 1238 castrorum
1033 1209 1110 1251 per
1139 1194 1375 1237 circuitum
1395 1212 1403 1249 ς
1432 1193 1731 1250 volabantque
1751 1194 1798 1236 in
1823 1208 1923 1237 aere
1947 1194 2117 1238 duobus
2140 1195 2315 1238 cubitis-

463 1254 701 1298 altitudine
723 1268 853 1310 super
874 1259 1050 1297 terram.
1076 1253 1112 1280 32
1129 1254 1323 1309 Surgens
1347 1268 1449 1309 ergo
1476 1252 1665 1310 populus
1689 1258 1781 1296 toto
1804 1254 1876 1296 die
1897 1253 1990 1309 illo,
2013 1259 2057 1297 et
2078 1259 2221 1309 nocte,
2247 1268 2314 1296 acv

464 1314 534 1357 die
556 1313 716 1368 altero,
743 1314 1032 1368 congregavit
1054 1313 1354 1368 coturnicum,
1381 1312 1454 1368 qui
1478 1327 1654 1369 parum,
1683 1312 1836 1357 decem
1860 1327 2011 1369 coros;
2036 1318 2080 1356 et
2105 1312 2301 1358 siccave-

463 1378 565 1416 runt
591 1387 664 1416 eas
691 1387 766 1429 per
792 1387 953 1428 gyrum
976 1378 1236 1416 castrorum,
1263 1372 1300 1399 33
1318 1373 1479 1415 Adhuc
1503 1386 1656 1415 carnes
1680 1377 1805 1415 erant
1829 1373 1875 1415 in
1899 1372 2106 1416 dentibus
2135 1386 2298 1427 eorum,

464 1447 543 1475 nec
578 1431 806 1475 defecerat
840 1432 1150 1488 hujuscemodi
1188 1432 1334 1489 cibus,
1374 1437 1417 1475 et
1451 1445 1552 1474 ecce
1585 1431 1712 1474 furor
1749 1432 1932 1475 Domini
1969 1432 2218 1475 concitatus
2254 1431 2313 1474 1117

464 1491 698 1548 populum,
737 1491 954 1547 percussit
995 1506 1095 1534 eum
1144 1490 1276 1548 plaga
1323 1505 1488 1547 magna
1525 1491 1672 1534 nimis.
1719 1490 1755 1518 34
1782 1492 2068 1547 Vocatusque
2113 1496 2179 1534 est
2225 1490 2302 1534 ille

464 1550 585 1593 locus
616 1567 624 1594 :
651 1549 861 1607 Sepulcra
885 1550 1258 1607 concupiscentiae
1280 1568 1288 1605 ;
1315 1550 1378 1594 ibi
1408 1550 1529 1595 enim
1558 1550 1827 1607 sepelierunt
1853 1550 2066 1608 populum
2091 1549 2165 1606 qui
2189 1550 2314 1594 desi-2

464 1609 709 1653 dei-averat.
753 1609 931 1665 Egressi
973 1615 1125 1653 autem
1170 1609 1224 1653 de
1272 1609 1495 1666 Sepulcris
1549 1609 1946 1666 concupiscentiae,
1993 1616 2213 1653 venerunt
2253 1609 2303 1652 in

464 1669 710 1721 Haseroth,
739 1674 781 1711 et
803 1674 1062 1712 manserunt
1083 1668 1178 1713 tibi.

524 1728 630 1772 CAP.
658 1729 767 1772 XII.
793 1754 852 1761 —
877 1728 889 1754 ¹
912 1730 1168 1784 Locutaque
1196 1734 1260 1772 est
1286 1729 1428 1772 Maria
1456 1734 1498 1773 et
1531 1729 1683 1772 Aaron
1713 1734 1864 1772 contra
1890 1730 2099 1787 Moysen,
2126 1734 2314 1786 propter·

465 1802 647 1830 uxorem
663 1788 761 1844 ejus
780 1787 1118 1844 AEthiopissam.
1142 1787 1159 1813 ‘2
1175 1789 1231 1831 Et
1254 1788 1462 1832 dixerunt
1483 1805 1492 1832 z
1515 1789 1636 1832 Num
1654 1803 1731 1845 per
1753 1788 1896 1831 solum
1918 1789 2105 1846 Moysen
2128 1789 2303 1832 locutus

466 1850 535 1890 est
559 1847 776 1890 Dominus
793 1847 814 1889 ⁶?
841 1861 986 1890 nonne
1012 1852 1055 1890 et
1088 1847 1214 1890 nobis
1241 1848 1447 1891 similiter
1477 1853 1542 1890 est
1576 1847 1783 1891 locutus?
1818 1847 1942 1898 Quod
1973 1863 2075 1891 cum
2103 1848 2303 1891 audisset

468 1906 684 1961 Dominus
718 1906 736 1932 3
756 1911 870 1962 (erat
900 1906 1019 1949 enim
1045 1907 1222 1962 Moyses
1251 1907 1318 1949 vir
1348 1907 1610 1950 mitissimus
1651 1921 1782 1964 super
1816 1921 1966 1950 omnes
1996 1907 2198 1950 homines
2227 1906 2300 1964 (1111

465 1965 753 2009 morabantur
796 1966 843 2010 in
891 1968 1051 2022 terra),
1097 1966 1114 1992 4
1139 1967 1293 2009 statim
1329 1967 1503 2009 locutus
1542 1972 1607 2010 est
1647 1965 1704 2009 ad
1742 1981 1856 2021 eum,
1899 1972 1942 2010 et
1977 1967 2035 2010 ad
2073 1967 2223 2009 Aaron
2259 1971 2302 2009 et

464 2025 655 2068 Mariam
685 2043 692 2069 :
718 2025 995 2082 Egredimini
1021 2040 1099 2069 vos
1125 2031 1301 2068 tantum
1323 2031 1410 2069 tres
1436 2025 1493 2070 ad
1515 2025 1855 2069 tabernaculum
1876 2026 2074 2070 foederis.
2102 2025 2316 2081 Cumque<

464 2084 657 2127 fuissent
702 2085 888 2141 egressi,
933 2085 950 2111 5
980 2084 1210 2129 descendit
1248 2085 1467 2128 Dominus
1503 2085 1550 2128 in
1589 2085 1796 2128 columna
1829 2085 1981 2141 nubis,
2004 2091 2064 2129 'et
2100 2085 2225 2128 stetit
2246 2084 2303 2127 -in

463 2144 648 2187 introitu
674 2144 972 2200 tabernaculi,
1000 2159 1160 2188 vocans
1186 2145 1337 2188 Aaron
1361 2150 1403 2187 et
1432 2144 1635 2188 Mariam.
1659 2144 1742 2195 Qui
1766 2159 1868 2188 cum
1892 2145 2045 2200 issent,
2075 2144 2092 2172 ‘³
2110 2144 2227 2191 dixit
2245 2144 2303 2187 ad

465 2217 536 2246 eos
568 2221 576 2248 :
606 2203 774 2247 Audite
800 2218 1023 2247 sermones
1050 2218 1170 2247 meos
1200 2221 1208 2248 ε
1241 2204 1287 2247 Si
1314 2204 1410 2260 quis
1440 2204 1578 2247 fuerit
1603 2204 1719 2248 inter
1747 2218 1824 2247 vos
1855 2205 2070 2262 propheta.
2098 2203 2301 2259 Domini,

464 2263 510 2305 in
536 2262 706 2307 visione
731 2264 955 2320 apparebo
982 2263 1042 2319 ei,
1072 2263 1143 2307 vel
1169 2278 1245 2321 per
1274 2263 1496 2306 somnium
1526 2264 1680 2320 loquar
1704 2263 1762 2307 ad
1790 2264 1932 2307 illum.
1964 2262 1979 2289 7
1997 2264 2060 2308 At
2085 2277 2172 2306 11011
2199 2262 2301 2305 talis

465 2336 616 2365 servus
642 2337 766 2365 meus
792 2323 991 2379 Moyses,
1019 2323 1092 2379 qui
1121 2323 1167 2366 in
1194 2323 1313 2366 0111111
1338 2321 1468 2366 (101110
1491 2337 1589 2366 mea
1615 2322 1900 2366 fidelissimus
1923 2328 2017 2378 est,
2048 2322 2066 2350 8
2085 2337 2156 2366 ore
2182 2321 2303 2366 enim

464 2381 520 2424 ad
556 2396 601 2424 os
635 2382 788 2438 loquor
822 2382 882 2438 01,
919 2388 961 2425 et
997 2383 1168 2440 palam,
1209 2387 1251 2426 et
1285 2397 1372 2426 non
1405 2396 1482 2439 per
1512 2382 1754 2438 aenigmata
1784 2387 1828 2425 et
1859 2382 2022 2439 figuras
2058 2381 2309 2425 Dominum.

466 2440 600 2484 videt.
625 2442 766 2493 Quare
790 2456 894 2498 ergo
916 2457 1003 2485 non
1026 2442 1239 2486 timuistis
1262 2442 1492 2485 detrahere
1517 2456 1643 2485 servo
1669 2456 1766 2485 meo
1792 2440 1974 2498 Moysi?

525 2500 542 2527 9
559 2501 794 2557 Iratusque
820 2507 972 2545 contra
996 2515 1082 2556 005,
1104 2501 1245 2556 abiit3
1276 2501 1311 2527 ¹⁰
1328 2501 1468 2545 nubes
1495 2515 1668 2558 quoque
1693 2501 1894 2556 recessit,
1926 2515 2024 2557 quae
2051 2506 2144 2544 erat
2172 2514 2321 2557 super-

465 2559 833 2616 tabernaculurn3
864 2566 907 2604 et
933 2575 1034 2604 ecce
1057 2561 1199 2605 Maria
1228 2560 1436 2618 apparuit
1463 2560 1659 2604 candens
1686 2560 1808 2618 lepra
1830 2560 1954 2616 quasi
1983 2559 2074 2603 nix.
2102 2559 2306 2615 Cumque

464 2620 732 2677 respexisset
764 2635 863 2664 eam
897 2621 1069 2676 Aaron,
1100 2626 1144 2664 et
1172 2620 1358 2663 vidisset
1392 2619 1623 2677 perfusam
1652 2619 1796 2677 lepra,
1832 2619 1864 2646 ¹¹
1883 2619 1947 2662 ait
1979 2618 2037 2662 ad
2071 2619 2259 2676 Moysen
2292 2635 2304 2662 z

467 2679 678 2735 Obsecro,
707 2679 885 2723 domine
911 2680 994 2735 mi,
1021 2695 1076 2724 ne
1104 2679 1308 2737 imponas
1331 2679 1458 2722 nobis
1484 2679 1567 2721 hoc
1593 2684 1849 2736 peccatum,
1877 2678 1993 2735 quod
2019 2678 2154 2721 stulte
2183 2692 2303 2722 com·

466 2738 691 2795 misimus,
717 2739 752 2765 '1'2
771 2754 825 2782 ne
847 2739 924 2782 fiat
945 2739 1040 2783 haec
1065 2739 1189 2795 quasi
1217 2744 1411 2795 mortua,
1436 2744 1480 2782 et
1502 2743 1551 2780 ut
1571 2738 1826 2781 abortivum
1848 2737 1964 2794 quod
1991 2737 2226 2795 projicitur
2248 2736 2320 2780 de-

465 2796 600 2840 vulva
626 2798 779 2841 matris
806 2813 926 2854 suae3
964 2813 1065 2842 ecce
1095 2799 1189 2854 jam
1214 2798 1413 2841 medium
1443 2797 1588 2841 carnis
1614 2798 1710 2854 ejus
1737 2798 1997 2841 devora-tum
2024 2802 2091 2840 est
2113 2811 2141 2840 a
2164 2796 2300 2854 lepra..

467 2855 503 2882 ¹3
521 2856 831 2913 Clamavitque
857 2858 1032 2915 Moyses
1062 2858 1119 2901 ad
1147 2857 1412 2913 Dominum,
1437 2857 1588 2900 dicens
1619 2874 1628 2902 :
1660 2858 1801 2912 Deus,
1827 2856 2030 2912 obsecro,
2057 2871 2166 2899 sana
2188 2870 2300 2899 eam.

467 2915 502 2941 ¹¹
521 2915 602 2958 Cui
626 2917 851 2973 respondit
880 2917 1098 2960 Dominus
1132 2934 1140 2961 :
1171 2917 1215 2961 Si
1238 2922 1364 2974 pater
1386 2916 1482 2972 ejus
1505 2916 1696 2973 spuisset
1721 2916 1767 2959 in
1793 2916 1962 2959 faciem
1986 2916 2130 2972 illius,
2156 2928 2303 2958 nonne

467 2974 681 3018 debuerat
729 2976 888 3019 saltem
937 2982 1108 3034 septem
1158 2976 1313 3021 diebus
1359 2975 1517 3019 rubore
1566 2974 1804 3019 suffundi?
1850 2975 2088 3032 Separetur
2131 2979 2303 3031 septem

475 3032 622 3078 dicbus
656 3040 779 3077 extra
814 3040 979 3091 castra,
1010 3041 1054 3079 et
1083 3041 1236 3093 postea
1269 3035 1564 3079 revocabitur.
1599 3034 1634 3062 '¹5
1654 3034 1847 3078 Exclusa
1882 3040 1947 3077 est
1979 3035 2130 3091 itaque
2159 3033 2303 3075 Maria

469 3099 590 3138 extra
614 3099 757 3137 castra
782 3100 952 3150 septem
980 3094 1134 3138 diebus
1155 3113 1163 3151 ;
1189 3100 1232 3138 et
1254 3093 1442 3152 populus
1468 3108 1555 3137 non
1583 3099 1649 3137 est
1674 3099 1819 3137 motus
1842 3093 1896 3136 de
1922 3093 2019 3137 loco
2039 3093 2138 3149 illo,
2163 3091 2303 3134 donec

465 3159 672 3196 revocata
696 3158 760 3196 est
786 3153 940 3196 Maria.

526 3276 548 3330 ξ
570 3274 659 3319 ΠΙ,
685 3300 744 3308 ——
770 3274 914 3318 Terroe
927 3280 1158 3332 promissae
1181 3277 1443 3334 exploratio,
1466 3291 1562 3333 quoe
1575 3280 1760 3333 propter
1780 3275 1958 3330 culpam
1981 3273 2171 3317 Israelis
2186 3273 2246 3327 fit

1285 3337 1482 3379 exitiosa.

525 3448 632 3493 CAP.
656 3450 789 3495 XIII.
813 3477 873 3484 --
894 3449 907 3476 ¹
933 3450 1252 3507 Profectusque
1284 3457 1349 3495 est
1378 3451 1566 3509 populus
1594 3450 1647 3494 de
1684 3449 1928 3504 Haseroth,
1966 3447 2066 3490 fixis
2100 3444 2318 3489 tentoriis¹

465 3508 512 3550 in
547 3509 718 3552 deserto
749 3510 937 3553 Pharan.
976 3508 1170 3565 ‘²Ibique
1207 3510 1379 3553 locutus
1415 3516 1481 3553 est
1516 3509 1734 3553 Dominus
1772 3508 1829 3551 ad
1864 3508 2070 3564 Moysen,
2108 3504 2260 3548 dicens
2292 3521 2307 3546 :

465 3652 514 3685 31]
537 3651 590 3679 Ps.
612 3651 793 3686 Lxxvn,
809 3654 902 3681 26-27.
931 3665 968 3671 --
1003 3652 1051 3686 33]
1071 3653 1123 3680 ΡΞ.
1144 3652 1302 3681 LXXVII
1319 3671 1325 3684 ,
1340 3654 1385 3680 ΒΟ,
1412 3665 1448 3671 —-
1477 3653 1506 3686 7]
1526 3651 1628 3679 Hebr.
1655 3650 1727 3685 111,
1749 3653 1775 3678 2.
1808 3664 1845 3670 --
1872 3651 1902 3684 8]
1922 3650 1984 3677 Ex.
2005 3647 2181 3683 XXXIII,
2198 3649 2243 3675 11.
