2423 3861
655 144 730 187 Ps.
762 140 961 195 nvn,
999 139 1024 180 9
1054 162 1113 170 -
1143 132 1370 185 xcviii,
1407 129 1471 172 15.

152 258 313 265 κ’»
323 258 325 260 -
337 252 660 260 ---.——--—-———

354 318 372 344 ⁹
389 316 512 360 Sicut
535 313 807 367 audivimus,
834 310 894 353 sic
918 308 1129 362 vidimus,

450 375 495 417 in
519 374 701 417 civitate
727 369 906 414 Domini
934 368 1168 420 virtutum,
1189 363 1234 406 in
1262 361 1443 405 civitate
1470 354 1553 400 Dei
1575 352 1724 397 nostri.

455 435 573 477 Deus
599 430 809 475 fundavit
833 442 930 471 eam
956 427 1001 468 in
1027 430 1251 467 aeternnm.

341 492 690 548 ι0811800111111118,
721 491 859 542 Deus,
886 482 1233 529 misericordiam
1260 486 1382 522 tuam

454 552 498 594 in
525 549 669 594 medio
696 546 849 603 templi
875 545 953 588 tui.

342 610 368 637 ¹¹
397 610 648 654 Secundum
670 620 829 650 nomen
855 609 1001 656 tunm,
1030 602 1167 654 Deus,

453 670 515 712 sic
541 675 584 712 et.
605 667 701 710 laus
726 671 801 708 tua
825 663 871 706 in
893 662 1002 704 fines
1027 664 1168 702 terrae.

455 730 483 771 «J
489 726 638 770 ustitia
661 725 793 782 plena
817 727 884 765 cst
909 720 1089 763 dextera
1115 722 1203 759 tua.

343 787 374 813 ¹²
393 789 588 830 Laetetur
609 798 734 827 mons
756 781 880 836 Sion,

456 851 497 890 et
520 844 719 889 exultent
743 840 847 883 filiae
874 839 902 882 J
907 838 1027 893 udae,

456 909 632 962 propter
653 899 821 957 judicia
847 904 943 953 tua,
969 894 1171 939 Domine.

345 965 376 991 ¹³
393 962 672 1009 Circumdate
696 959 818 1014 Sion,
845 962 888 1001 et
913 950 1259 1012 complectimini
1286 963 1410 1002 eam3

457 1027 630 1065 narrate
653 1019 698 1062 in
725 1017 917 1061 turribus
940 1015 1048 1071 ejus.

346 1082 375 1109 ¹¹
396 1082 551 1126 Ponite
577 1078 708 1123 corda
730 1082 876 1120 vestra
901 1075 947 1117 in
975 1073 1136 1116 virtute
1162 1070 1278 1126 ejus,

457 1147 501 1184 et
523 1137 771 1183 distribuite
797 1135 949 1179 domos
975 1133 1091 1188 ejus,
1118 1135 1168 1173 ut
1189 1126 1400 1172 enarretis
1424 1125 1470 1168 in
1495 1122 1706 1180 progenie
1730 1120 1883 1164 altera.

343 1202 376 1227 ¹⁵
394 1199 610 1251 Quoniam
634 1197 707 1240 hic
731 1202 796 1239 est
823 1195 961 1249 Deus,
990 1192 1110 1235 Deus
1135 1193 1284 1231 noster
1304 1186 1349 1228 in
1378 1189 1613 1239 aeternum,
1641 1186 1684 1225 et
1705 1180 1750 1222 in
1775 1176 1990 1277 saeculqm

1786 1239 1924 1295 [saecu
1946 1234 1959 1276 i
1978 1250 1987 1288 3

458 1259 550 1316 ipse
572 1261 695 1313 reget
717 1268 794 1298 nos
821 1254 865 1296 in
888 1250 1066 1296 saecula.

851 1361 1065 1404 PsALMus
1098 1354 1301 1399 XLVIII

674 1450 814 1505 Impii
832 1462 917 1490 ozon
938 1444 1171 1495 metuendi,
1198 1442 1296 1485 licet
1315 1439 1482 1483 divites.

224 1542 313 1587 1111
338 1544 492 1595 finem,
518 1539 620 1582 filiis
642 1538 773 1592 Core,
799 1534 1016 1577 Psalmus.

361 1615 378 1640 ‘²
396 1613 561 1657 Audite
586 1613 704 1667 haec,
733 1623 884 1653 omnes
910 1610 1065 1663 gentes
1086 1621 1096 1660 3

460 1671 639 1716 auribus
661 1668 897 1727 percipite,
920 1679 1073 1709 omnes
1096 1662 1169 1719 qui
1194 1658 1409 1704 habitatis
1437 1657 1586 1700 orbem
1605 1672 1616 1711 3

363 1734 380 1760 3
396 1732 557 1789 quique
581 1729 815 1785 terrigenae
841 1731 885 1770 et
906 1725 985 1768 filii
1007 1722 1258 1775 hominum,

461 1790 593 1834 simul
617 1789 663 1832 in
689 1801 825 1831 unum
852 1785 976 1828 dives
998 1788 1043 1826 et
1066 1795 1246 1838 pauper.

365 1851 380 1877 4
399 1851 456 1894 Os
478 1864 627 1893 meum
651 1848 854 1903 loquetur
876 1841 1165 1901 sapientiam,

465 1914 508 1953 et
532 1906 766 1952 meditatio
791 1903 935 1948 cordis
957 1901 1045 1945 mei
1070 1898 1366 1958 prudentiam.

367 1969 383 1995 ⁵¹
403 1967 636 2012 Inclinabo
660 1966 708 2009 in
728 1962 989 2022 parabolam
1014 1973 1166 2003 aurem
1192 1971 1339 2000 meam
1359 1973 1367 2011 3

463 2027 660 2084 aperiam
681 2025 728 2067 in
750 2021 960 2081 psalterio
984 2016 1330 2077 propositionem
1354 2029 1513 2058 meam.

366 2088 383 2113 ⁰
401 2087 486 2131 Cur
509 2085 676 2129 timebo
699 2084 747 2126 in
773 2082 844 2126 die
869 2080 1023 2124 mala?

465 2145 677 2201 iniquitas
703 2140 902 2186 calcanei
923 2139 1011 2183 mei
1037 2134 1333 2182 circumdabit
1354 2148 1437 2176 me.

367 2206 381 2232 7
401 2205 482 2257 Qui
506 2203 733 2247 confidunt
756 2201 803 2243 in
828 2199 991 2243 virtute
1016 2212 1114 2253 sua,

471 2269 514 2307 et
533 2263 581 2306 in
606 2259 893 2305 multitudine
919 2257 1175 2301 divitiarum
1197 2267 1377 2297 suarum
1400 2250 1658 2308 gloriantur.

370 2324 386 2350 ⁸
407 2326 560 2368 Frater
583 2336 671 2365 non
693 2318 873 2363 redimit
891 2353 899 2372 ,
926 2316 1116 2360 redimet
1135 2314 1293 2357 homo:

484 2396 571 2425 non
593 2379 718 2424 dabit
741 2379 835 2422 Deo
860 2375 1161 2433 placationem
1185 2386 1332 2426 suam,

430 2442 447 2469 9
465 2447 509 2485 et
533 2439 725 2498 pretium
749 2434 1066 2492 redemptionis
1092 2432 1256 2475 animae
1279 2444 1384 2473 suae.

412 2503 471 2545 Et
491 2498 713 2543 laborabit
733 2497 780 2540 in
807 2500 1048 2547 aeternum3

417 2561 451 2588 ¹0
468 2565 512 2604 et
535 2559 658 2602 vivet
682 2556 828 2600 adhuc
854 2554 900 2597 in
925 2553 1072 2596 finem.

358 2622 387 2648 ¹¹
410 2622 510 2664 Non
530 2617 702 2661 videbit
722 2614 974 2668 interitum,

473 2693 574 2722 cum
597 2675 758 2719 viderit
783 2673 1004 2730 sapientes
1027 2669 1278 2713 morientes.

414 2737 556 2784 Simul
580 2734 794 2793 insipiens
817 2738 860 2776 et
880 2731 1040 2775 stultus
1065 2728 1296 2786 peribunt3

475 2802 519 2841 et
542 2795 794 2851 relinquent
818 2791 974 2835 alienis
999 2788 1178 2833 divitias
1200 2801 1301 2830 suas
1321 2803 1330 2842 3

359 2857 394 2886 ¹2
411 2862 455 2901 et
479 2855 682 2914 sepulcra
704 2866 854 2897 eorum
881 2851 1036 2894 domus
1057 2848 1236 2891 illorum
1259 2846 1307 2888 in
1331 2850 1557 2888 aeternum.

476 2912 783 2960 Tabernacula
809 2924 959 2955 eorum
984 2909 1030 2951 in
1054 2905 1265 2965 progenie
1286 2910 1332 2949 et
1354 2902 1592 2961 progenie3

477 2977 747 3018 vocaverunt
772 2970 952 3014 nomina
977 2982 1057 3011 sua
1078 2967 1124 3009 in
1146 2965 1272 3009 terris
1294 2963 1397 3008 suis.

362 3037 396 3063 ¹3
412 3038 468 3079 Et
491 3035 644 3088 homo,
671 3046 772 3075 cum
796 3030 844 3073 in
868 3029 1031 3072 honore
1058 3030 1193 3080 esset,
1219 3038 1307 3068 non
1331 3021 1568 3066 intellexit.

480 3094 771 3150 Comparatus
795 3094 861 3133 est
885 3085 1100 3144 jumentis
1123 3081 1455 3141 insipientibus,

479 3158 524 3197 et
547 3150 705 3196 similis
730 3150 880 3192 factus
903 3152 968 3190 est
991 3145 1096 3188 illis.

363 3214 397 3242 ¹¹
417 3215 530 3257 Haec
554 3211 628 3254 via
653 3209 830 3253 illorum
852 3205 1114 3250 scandalum
1133 3203 1241 3260 ipsis
1261 3220 1271 3258 3

481 3277 525 3315 et
548 3275 701 3328 postea
723 3268 768 3311 in
791 3281 862 3310 ore
887 3279 965 3309 suo
988 3261 1339 3320 complacebunt.

364 3333 399 3359 '¹5
417 3332 539 3376 Sicut
565 3343 667 3373 oves
690 3328 738 3370 in
758 3327 934 3370 inferno
957 3322 1088 3381 positi
1114 3325 1244 3375 sunt3

480 3404 596 3433 mors
618 3388 826 3445 depascet
851 3399 938 3428 eos.

425 3451 482 3494 Et
506 3446 853 3492 dominabuntur
874 3457 1024 3488 eorum
1048 3440 1156 3498 justi
1181 3440 1228 3483 in
1249 3438 1469 3482 matutino
1488 3455 1497 3493 3

483 3513 527 3552 et
547 3505 767 3550 auxilium
792 3517 943 3548 eorum
963 3503 1210 3545 veterascet
1233 3498 1280 3541 in
1300 3498 1477 3541 inferno
1503 3510 1529 3539 a
1550 3493 1692 3552 gloria
1716 3505 1879 3537 eorum.

190 3657 220 3690 ⁵]
239 3655 293 3682 Ps.
310 3653 486 3688 Lxxvn,
503 3656 528 3680 2.
550 3651 672 3679 Mattn.
691 3651 791 3685 xm,
807 3652 852 3678 35.

2122 468 2211 497 Laus

2044 516 2080 542 et
2097 511 2283 545 gratiarum

2116 554 2216 584 actio.

2107 1527 2250 1557 Titulus.
2288 1511 2292 1514 ¹

2105 1596 2261 1627 Prolusio

2098 1640 2269 1671 solemnis.

2097 2068 2281 2102 Impiorum

2086 2112 2216 2142 divitiae
2231 2119 2289 2140 eos

2067 2166 2086 2187 a
2109 2160 2217 2186 morte
2241 2162 2307 2184 non

2112 2201 2267 2230 liberant.

2104 3197 2288 3232 Impiorum

2077 3242 2186 3278 gloria
2195 3240 2265 3275 peri
2270 3242 2319 3269 bit

2096 3288 2131 3317 in
2148 3287 2300 3321 inferno,

2123 3331 2229 3366 iustis
2249 3338 2269 3358 a

2143 3378 2252 3404 morte

2104 3418 2296 3452 redemptis.
