2456 3861
718 146 863 189 DEUT.
897 145 1126 200 XXVIII,
1164 146 1323 188 12-43.
1851 145 1930 187 187

112 323 237 360 terrae
268 322 375 372 tuae,
407 331 540 373 quam
568 316 734 373 juravit
763 317 978 360 Dominus
1004 316 1202 373 patribus
1228 315 1312 357 tuis
1346 320 1392 358 ut
1416 315 1539 358 daret
1568 313 1663 356 tibi.
1692 313 1726 340 ¹⁹²
1751 315 1933 371 Aperiet

113 375 328 419 Dominus
361 376 616 419 thesaurum
650 390 777 418 suum
812 376 1048 432 optimum,
1083 375 1264 429 caelum,
1298 381 1345 418 ut
1378 373 1543 416 tribuat
1575 373 1772 429 pluviam
1807 379 1932 416 terrae

109 439 210 489 tuae,
238 434 282 476 in
309 440 504 491 tempore
530 448 631 488 suo,
659 434 977 490 benedicetque
1003 434 1172 477 cunctis
1198 435 1401 490 operibus
1428 446 1638 475 manuum
1665 437 1853 475 tuarum.
1877 433 1934 474 Et

108 493 350 536 foenerabis
379 493 586 548 gentibus
617 494 788 548 multis,
814 499 857 537 et
885 494 979 550 ipse
1002 508 1028 535 a
1059 493 1178 535 nullo
1208 493 1356 536 finnus
1384 491 1589 548 accipies.
1620 490 1656 517 ¹3
1685 490 1934 534 Constituet

109 557 152 594 te
184 552 400 594 Dominus
432 552 478 595 in
509 557 662 609 caput,
693 558 735 596 et
764 566 851 595 non
880 552 924 594 in
959 551 1175 606 caudam3
1205 557 1248 595 et
1277 552 1360 595 eris
1389 565 1560 607 semper
1588 564 1739 607 supra,
1771 556 1813 593 et
1846 564 1933 593 non

108 610 277 666 subter,
308 611 343 653 si
375 616 523 654 tamen
560 610 752 654 audieris
791 610 1000 653 mandata
1040 610 1218 653 Domini
1255 610 1335 653 Dei
1371 610 1456 664 tui,
1487 624 1584 665 quae
1614 623 1696 665 ego
1725 609 1933 666 praecipio

108 669 189 711 tibi
220 669 370 724 hodie,
402 676 444 713 et
474 669 732 712 custodieris
766 675 809 712 et
841 669 1021 723 feceris,
1057 668 1091 695 11
1120 683 1171 711 ac
1207 683 1293 711 non
1328 669 1617 712 declinaveris
1650 668 1706 711 ab
1736 667 1820 723 eis,
1854 682 1933 711 nec

107 727 163 770 ad
197 728 446 783 dexteram,
478 741 557 770 nec
593 727 649 770 ad
679 727 927 781 sinistra1n3
960 741 1039 770 nec
1069 732 1244 770 secutus
1273 727 1411 770 fueris
1442 728 1544 771 deos
1576 727 1764 780 alienos,
1795 741 1934 782 neque

108 786 294 830 colueris
323 801 409 830 eos.

171 846 202 872 15
228 845 353 895 Quod
379 845 415 888 si
444 845 597 889 audire
623 844 813 888 nolueris
836 859 990 888 vocem
1010 843 1190 887 Domini
1219 845 1300 888 Dei
1316 844 1401 899 tui,
1421 851 1469 887 ut
1495 845 1717 888 custodias
1736 850 1778 888 et
1792 845 1934 887 facias

109 904 256 947 omnia
286 904 496 947 mandata
525 904 622 960 ejus
655 908 698 947 et
731 903 1027 958 ceremonias,
1062 917 1168 958 quas
1202 917 1283 958 ego
1318 903 1525 960 praecipio
1559 903 1640 946 tibi
1674 903 1824 958 hodie,
1866 917 1933 946 ve-

107 963 230 1006 nient
258 977 388 1019 super
416 969 459 1006 te
491 977 642 1006 omnes
664 962 998 1006 maledictiones
1026 962 1144 1017 istae,
1176 967 1219 1004 et
1247 962 1580 1019 apprehendent
1612 968 1668 1005 te.

168 1021 202 1048 ¹⁶
231 1022 498 1065 Maledictus
529 1022 614 1065 eris
643 1021 689 1064 in
720 1021 922 1076 civitate,
954 1020 1218 1064 maledictus
1247 1020 1294 1063 in
1324 1035 1444 1076 agro.
1475 1020 1509 1046 ¹⁷
1530 1020 1821 1064 Maledictum
1839 1021 1936 1064 hor-

107 1095 228 1124 reum
265 1086 411 1136 tuum,
448 1085 490 1124 et
523 1080 775 1124 maledictae
808 1080 1006 1136 reliquiae
1040 1085 1142 1124 tuae.
1186 1080 1221 1107 18
1256 1080 1523 1123 Maledictus
1556 1080 1730 1122 fructus
1772 1080 1936 1123 ventris

107 1140 192 1195 tui,
223 1145 267 1183 et
295 1140 469 1183 fructus
499 1145 627 1183 terrae
657 1144 769 1195 tuae,
794 1144 995 1183 armenta
1024 1139 1158 1182 boum
1185 1145 1381 1195 tuorum,
1412 1144 1455 1182 et
1481 1153 1635 1194 greges
1663 1138 1812 1182 ovium
1842 1144 1936 1181 tua-

106 1213 216 1242 rum.
249 1199 284 1225 19
313 1199 580 1243 Maledictus
610 1198 693 1242 eris
722 1198 997 1255 ingrediens,
1028 1204 1070 1242 et
1101 1198 1365 1242 maledictus
1397 1197 1641 1254 egrediens,

165 1257 202 1284 “²⁰
230 1258 381 1301 Mittet
420 1259 636 1302 Dominus
677 1272 807 1316 super
839 1263 882 1302 te
915 1258 1085 1301 famem
1119 1264 1161 1301 et
1191 1257 1399 1313 esuriem,
1436 1262 1479 1301 et
1511 1256 1859 1313 increpationem
1892 1256 1938 1299 in

107 1317 255 1360 omnia
284 1332 415 1374 opera
445 1323 541 1373 tua,
572 1332 669 1374 quae
700 1323 747 1360 tu
773 1318 934 1373 facies,
966 1317 1104 1360 donec
1135 1322 1333 1360 conterat
1362 1322 1425 1372 te,
1457 1321 1500 1359 et
1529 1315 1684 1372 perdat
1713 1315 1936 1369 velociter,

106 1382 282 1433 propter
314 1376 651 1420 adinventiones
686 1382 784 1419 tuas
817 1377 1030 1433 pessimas
1062 1376 1108 1418 in
1142 1375 1299 1432 quibus
1329 1375 1546 1431 reliquisti
1580 1389 1663 1417 me.
1694 1373 1727 1400 ‘²¹
1764 1374 1936 1430 Adjun-

106 1442 182 1490 gat
213 1435 292 1479 tibi
321 1436 538 1479 Dominus
567 1435 889 1492 pestilentiam,
917 1436 1055 1479 donec
1076 1439 1307 1478 consumat
1336 1440 1379 1477 te
1409 1434 1463 1477 de
1489 1439 1602 1477 terra
1627 1433 1684 1476 ad
1711 1448 1844 1489 quam
1872 1433 1937 1475 in-

106 1494 318 1550 gredieris
351 1494 677 1552 possidendam.
712 1493 749 1520 22
785 1494 1011 1537 Percutiat
1048 1499 1091 1537 te
1127 1494 1344 1537 Dominus
1382 1498 1600 1549 egestate,
1634 1492 1750 1535 febri
1785 1497 1828 1535 et
1859 1491 1936 1534 fri-

106 1553 403 1610 gorm->ardore
425 1559 468 1597 et
495 1559 626 1609 aestu,
657 1558 699 1597 et
724 1568 824 1597 aere
850 1558 1053 1610 corrupto
1079 1567 1131 1596 ac
1161 1552 1386 1608 rubigine,
1418 1557 1461 1595 et
1490 1557 1776 1608 persequatur
1801 1551 1939 1594 donec

106 1627 270 1670 pereas.
290 1611 327 1639 23
341 1612 409 1656 Sit
439 1612 601 1655 caelum
631 1612 747 1668 quod
781 1627 912 1669 supra
937 1617 982 1656 te
1010 1617 1096 1667 est,
1130 1626 1327 1666 aeneum3
1362 1616 1404 1655 et
1433 1616 1568 1666 terra,
1603 1624 1736 1665 quam
1773 1610 1938 1665 calcas,

105 1673 262 1715 ferrea.
297 1670 333 1698 24
360 1673 447 1715 Det
474 1672 692 1715 Dominus
716 1671 906 1715 imbrem
931 1676 1058 1715 terrae
1087 1677 1179 1714 tuae
1207 1671 1449 1728 pulverem,
1477 1675 1520 1713 et
1546 1669 1599 1712 de
1625 1669 1735 1712 caelo
1761 1669 1938 1712 descen-

106 1730 182 1774 dat
210 1745 341 1788 super
373 1736 416 1774 te
450 1730 582 1787 cinis,
617 1731 756 1774 donec
786 1730 1040 1774 conteraris.
1071 1730 1108 1757 25
1140 1729 1308 1773 Tradat
1338 1734 1381 1772 te
1414 1729 1631 1772 Dominus
1665 1732 1940 1771 corruentem

104 1795 208 1833 ante
240 1790 386 1834 hostes
419 1795 543 1845 tuos3
579 1805 656 1847 per
684 1804 820 1833 unam
849 1790 969 1833 viam
1001 1789 1240 1845 egrediaris
1271 1793 1422 1832 contra
1453 1802 1548 1844 eos,
1586 1792 1629 1831 et
1662 1802 1739 1844 per
1771 1791 1941 1843 septem

104 1849 276 1905 fugias,
312 1854 355 1892 et
387 1849 655 1906 dispergaris
691 1863 768 1906 per
801 1849 949 1892 omnia
985 1863 1122 1905 regna
1157 1854 1298 1892 terrae.
1332 1846 1370 1874 2ss
1403 1847 1555 1903 Sitque
1592 1846 1783 1890 cadaver
1814 1852 1941 1888 tuum

103 1907 150 1950 in
176 1923 324 1951 escam
350 1908 521 1952 cunctis
546 1908 804 1952 volatilibus
830 1908 949 1964 caeli,
977 1913 1020 1951 et
1046 1908 1199 1951 bestiis
1222 1913 1373 1962 terrae,
1400 1912 1442 1950 et
1468 1921 1556 1949 non
1586 1905 1643 1948 sit
1673 1905 1746 1961 qui
1771 1905 1939 1960 abigat.

163 1966 198 1993 ²⁷
230 1968 455 2011 Percutiat
485 1973 528 2012 te
556 1968 772 2011 Dominus
799 1968 944 2011 ulcere
973 1967 1186 2024 AEgypti,
1219 1972 1261 2010 et
1286 1971 1459 2023 partem
1488 1964 1680 2022 corpon‘s
1707 1979 1783 2022 per
1808 1979 1941 2020 quam

105 2032 296 2070 stercora
329 2032 586 2083 egeruntur,
621 2026 769 2070 scabie
807 2041 977 2083 quoque
1009 2031 1053 2070 et
1085 2026 1332 2084 prurigine,
1366 2025 1430 2068 ita
1463 2030 1512 2067 ut
1550 2024 1691 2068 curari
1734 2038 1938 2079 nequeas.

105 2084 142 2112 28
170 2086 396 2129 Percutiat
429 2092 472 2130 te
507 2086 724 2130 Dominus
765 2086 982 2142 amentia,
1017 2091 1060 2130 et
1101 2086 1305 2129 caecitate
1337 2099 1390 2127 ac
1422 2085 1572 2128 furore
1610 2083 1791 2138 mentis,
1833 2081 1869 2108 ²⁹
1898 2088 1941 2126 et

104 2145 257 2202 palpes
284 2145 332 2188 in
361 2146 545 2189 meridie
574 2146 689 2189 sicut
717 2145 898 2203 palpare
929 2145 1040 2189 solet
1074 2159 1219 2188 caecus
1254 2144 1302 2187 in
1334 2144 1546 2199 tenebris,
1578 2147 1621 2186 et
1653 2156 1741 2185 non
1774 2141 1941 2197 dirigas

105 2204 198 2248 vias
228 2210 341 2249 tuas..
374 2205 595 2260 Omnique
623 2209 820 2262 tempore
851 2204 1122 2248 calumniam
1147 2204 1386 2259 sustineas,
1415 2209 1457 2247 et
1487 2201 1748 2259 opprimaris
1774 2201 1940 2244 violen-

104 2263 187 2320 tia,
215 2278 296 2308 nec
321 2264 485 2308 habeas
512 2264 586 2320 qui
612 2263 769 2307 liberet
793 2269 849 2307 te.
877 2263 914 2290 3⁰
934 2264 1132 2307 Uxorem
1157 2263 1373 2320 accipias,
1400 2267 1444 2306 et
1467 2262 1591 2318 alius,
1612 2260 1803 2304 dormiat
1839 2274 1940 2302 cum

105 2337 169 2366 ea.
198 2324 393 2366 Domum
425 2323 638 2379 aedifices,
669 2328 712 2366 et
742 2337 829 2366 non
854 2322 1027 2366 habites
1056 2323 1103 2365 in
1132 2337 1196 2366 ea.
1224 2323 1404 2365 Plantes
1434 2321 1632 2376 vineam,
1660 2325 1703 2363 et
1728 2334 1816 2363 non
1845 2318 1941 2361 vin·

106 2382 273 2426 demies
308 2397 418 2426 eam.
455 2383 488 2409 3¹
526 2384 612 2426 Bos
647 2388 749 2425 tuus
778 2382 1033 2425 immoletur
1065 2396 1214 2425 coram
1245 2387 1310 2437 te,
1345 2386 1387 2424 et
1420 2395 1507 2424 non
1541 2379 1747 2423 comedas
1781 2392 1836 2421 ex
1875 2392 1939 2421 eo.

105 2441 271 2485 Asinus
300 2447 401 2485 tuus
430 2442 629 2499 rapiatur
659 2441 706 2484 in
740 2446 978 2498 conspectu
1015 2446 1112 2496 tuo,
1144 2446 1187 2484 et
1216 2455 1304 2484 non
1333 2440 1544 2484 reddatur
1577 2438 1673 2481 tibi.
1702 2438 1816 2482 Oves
1850 2442 1939 2479 tuae

107 2501 265 2544 dentur
292 2501 486 2545 inimicis
515 2501 623 2557 tuis,
655 2507 698 2545 et
727 2515 813 2544 non
847 2501 904 2544 sit
937 2499 1011 2556 qui
1040 2505 1084 2543 te
1116 2499 1316 2556 adjuvet.
1347 2498 1384 2527 3²
1411 2498 1516 2542 Filii
1550 2497 1614 2540 tui
1644 2502 1687 2541 et
1715 2496 1820 2539 filiae
1850 2501 1939 2539 tuae

106 2560 338 2603 tradantur
369 2561 497 2604 alteri
527 2561 710 2618 populo,
744 2560 998 2604 videntibus
1029 2559 1167 2602 oculis
1196 2559 1304 2615 tuis,
1336 2564 1379 2603 et
1412 2556 1719 2601 deficientibus
1747 2555 1804 2598 ad
1838 2569 1939 2598 con-

106 2625 309 2677 spectum
338 2634 489 2664 eorum
518 2625 611 2663 tota
642 2620 733 2675 die,
769 2625 812 2663 et
845 2633 933 2662 non
966 2619 1023 2662 sit
1057 2618 1275 2662 fortitudo
1311 2618 1357 2661 in
1391 2631 1525 2660 manu
1559 2620 1648 2658 tua.
1684 2614 1722 2642 33
1749 2614 1939 2657 Fructus

106 2684 235 2722 terrae
268 2684 378 2735 tuae,
413 2685 456 2723 et
489 2694 641 2723 omnes
674 2679 845 2723 labores
878 2685 998 2735 tuos,
1034 2677 1238 2722 comedat
1271 2676 1460 2734 populus
1493 2689 1623 2731 quem
1658 2674 1861 2730 ignoras,
1897 2678 1940 2717 et

106 2738 165 2781 sis
194 2753 367 2795 semper
396 2738 668 2782 calumniam
702 2740 945 2793 sustinens,
980 2743 1022 2782 et
1040 2751 1271 2794 oppressus
1302 2735 1474 2779 cunctis
1504 2733 1680 2789 diebus,
1711 2732 1748 2759 34
1777 2737 1819 2776 et
1849 2737 1938 2775 stu-

107 2811 213 2854 pens
249 2798 306 2841 ad
335 2804 545 2841 terrorem
575 2812 724 2841 eorum
753 2812 852 2853 quae
877 2797 1094 2841 videbunt
1123 2796 1238 2840 oculi
1269 2795 1347 2839 tui.

165 2856 201 2883 35
231 2857 456 2901 Percutiat
486 2862 529 2900 te
559 2857 776 2901 Dominus
806 2857 952 2901 ulcere
980 2856 1170 2913 pessimo
1198 2854 1246 2898 in
1278 2854 1466 2911 genibus
1497 2858 1539 2897 et
1574 2853 1621 2896 in
1650 2851 1783 2907 suris,
1813 2865 1940 2894 sana-

106 2916 229 2972 rique
264 2931 352 2959 non
388 2916 528 2974 possis
568 2930 595 2958 a
621 2916 774 2973 planta
812 2916 935 2973 pedis
965 2929 1103 2972 usque
1127 2914 1185 2957 ad
1221 2914 1435 2958 verticem
1460 2918 1600 2956 tuum.
1639 2910 1677 2937 36
1711 2911 1856 2953 Ducet
1897 2915 1941 2953 te

108 2975 348 3030 Dominus,
374 2980 417 3019 et
442 2990 592 3031 regem
618 2980 764 3031 tuum,
796 2990 926 3032 quem
952 2973 1230 3018 constitueris
1256 2988 1386 3030 super
1411 2978 1474 3028 te,
1499 2971 1546 3014 in
1575 2974 1776 3028 gentem,
1807 2983 1941 3025 quam

106 3033 285 3090 ignoras
317 3040 365 3077 tu
391 3039 434 3078 et
460 3040 606 3091 patres
635 3035 725 3090 tui3
758 3040 801 3079 et
828 3034 991 3078 servies
1020 3033 1082 3077 ibi
1109 3033 1193 3077 diis
1218 3032 1398 3088 alienis,
1428 3031 1550 3087 ligno
1580 3036 1623 3074 et
1647 3028 1812 3086 lapidi;
1845 3027 1879 3055 ³⁷
1898 3034 1942 3071 et

108 3092 191 3136 eris
224 3093 421 3151 perditus
454 3094 500 3137 in
534 3095 816 3151 proverbium
849 3108 902 3137 ac
941 3093 1148 3136 fabulam
1181 3091 1385 3135 omnibus
1419 3090 1617 3148 populis,
1659 3088 1716 3131 ad
1757 3102 1864 3144 quos
1897 3093 1941 3130 te

107 3151 403 3196 introduxerit
433 3153 664 3197 Dominus.
695 3153 732 3180 38
759 3154 1014 3197 Sementem
1046 3152 1236 3194 multam
1265 3150 1404 3207 jacies
1436 3150 1483 3192 in
1511 3155 1694 3203 terram,
1727 3152 1770 3190 et
1801 3145 1940 3189 modi-

109 3224 210 3254 cum
240 3212 553 3269 congregabis,
582 3213 685 3269 quia
710 3212 894 3256 locustae
925 3211 1200 3255 devorabunt
1225 3209 1388 3254 omnia.
1416 3209 1453 3236 39
1481 3208 1673 3252 Vineam
1702 3205 1938 3263 plantabis,

109 3276 152 3313 et
183 3272 354 3328 fodies3
386 3278 429 3315 et
461 3272 617 3315 vinum
649 3286 737 3315 non
766 3271 911 3326 bibes,
945 3284 1026 3314 nec
1060 3269 1243 3326 colliges
1277 3284 1332 3312 ex
1364 3283 1415 3312 ea
1449 3267 1697 3324 quippiam,
1733 3264 1941 3321 quoniam

108 3331 356 3375 vastabitur
381 3331 619 3375 vermibus.
647 3331 684 3358 4⁰
713 3330 864 3375 Olivas
888 3329 1074 3373 habebis
1102 3329 1149 3371 in
1174 3328 1380 3372 omnibus
1409 3325 1610 3370 terminis
1638 3324 1746 3378 tuis,
1780 3329 1823 3366 et
1853 3329 1940 3365 Iron

110 3390 287 3446 ungeris
317 3390 434 3446 oleo,
464 3389 568 3446 quia
598 3389 812 3445 defluent,
840 3395 882 3432 et
911 3389 1131 3446 peribunt.
1158 3387 1192 3415 4¹
1224 3387 1362 3430 Filios
1396 3384 1628 3442 generabis
1658 3389 1701 3426 et
1729 3382 1863 3435 filias,
1897 3386 1940 3424 et

111 3461 198 3491 non
237 3449 397 3493 frueris
434 3449 519 3504 eis,
554 3449 763 3505 quoniam
796 3448 1012 3491 ducentur
1042 3447 1089 3490 in
1129 3446 1451 3504 captivitatem.
1492 3443 1529 3470 4'2
1562 3444 1725 3487 Omnes
1764 3440 1940 3483 arbores

111 3510 208 3550 tuas
238 3513 282 3550 et
307 3508 461 3564 finges
492 3514 619 3552 terrae
648 3514 737 3551 tuae
766 3507 923 3563 rubigo
959 3511 1200 3550 consumet.
1236 3504 1273 3531 ‘¹3
1307 3504 1514 3557 Advena,
1553 3501 1626 3557 qui
1661 3506 1808 3543 tecum
1844 3512 1937 3541 ver-

113 3650 160 3683 15]
179 3649 258 3678 Lev.
272 3650 398 3686 XXVI,
415 3654 459 3680 14.
481 3652 599 3680 Thren.
615 3652 662 3687 11,
679 3654 722 3680 17.
746 3651 818 3678 Bar.
841 3651 868 3685 1,
886 3653 930 3678 20.
951 3649 1027 3677 Mal.
1044 3649 1089 3682 11,
1106 3651 1131 3675 2.
1148 3663 1185 3666 —
1200 3648 1248 3681 38]
1264 3645 1434 3679 Mic11.V1,
1447 3648 1491 3673 15.
1509 3645 1595 3677 Agg.
1615 3644 1641 3678 1,
1654 3646 1680 3671 6.

2027 849 2221 879 omnimoda

2019 892 2220 922 maledictio.
