2456 3861
250 2775 353 2803 David

199 2819 341 2852 ungitur
368 2818 402 2847 in

243 2870 365 2896 regem.

489 160 576 203 268
1044 160 1065 201 Ι
1101 161 1212 202 REG.
1247 159 1346 212 XV,
1380 160 1432 201 21
1468 185 1527 192 —
1557 159 1690 214 XVI,
1725 161 1763 202 7.

491 330 536 372 in
561 329 633 371 via
658 343 735 384 per
757 342 889 383 quam
914 327 1036 370 misit
1060 342 1130 369 me
1158 327 1394 382 Dominus,
1422 331 1467 370 et
1490 327 1659 370 adduxi
1685 329 1839 383 Agag,
1862 341 2016 383 regem
2042 329 2250 385 Amalec,
2275 334 2320 372 et

492 387 676 432 Amalec
701 386 923 429 interfeci.
951 385 984 411 ‘2¹
1001 385 1123 428 Tulit
1144 393 1295 428 autem
1321 385 1374 429 de
1400 386 1550 442 praeda
1573 386 1762 442 populus
1789 400 1892 429 oves
1918 391 1963 429 et
1989 386 2144 441 boves,
2172 388 2319 444 primi-

490 447 574 488 tias
612 460 761 488 eorum
797 459 895 500 quae
932 455 1048 488 caesa'
1082 451 1204 500 sunt,
1242 451 1292 488 ut
1323 445 1526 488 immolet
1564 445 1757 488 Domino
1791 446 1886 488 Deo
1919 459 1996 488 suo
2027 444 2072 487 in
2104 446 2318 502 Galgalis.

491 504 526 530 22
545 506 602 547 Et
623 504 687 546 ait
707 504 886 547 Samuel
909 521 918 548 ε
947 503 1173 559 Numquid
1199 504 1297 546 vult
1323 504 1539 547 Dominus
1564 503 1826 547 holocausta
1850 508 1895 547 et
1918 503 2138 559 victimas,
2165 509 2210 547 et
2234 519 2322 548 non

489 563 635 620 potius
671 568 719 605 ut
760 563 993 606 obediatur
1035 562 1133 606 voci
1175 563 1392 606 Domini?
1430 563 1589 606 Melior
1629 568 1696 606 est
1733 563 1852 606 enim
1895 562 2150 606 obedientia
2191 577 2323 619 quam

489 622 709 677 victimae,
745 627 789 664 et
820 622 1070 665 auscultare
1095 622 1240 678 magis
1265 637 1398 678 quam
1431 622 1569 665 offere
1599 621 1780 678 adipem
1804 621 2024 677 arietum3
2059 621 2097 649 23
2115 622 2323 678 quoniam

490 681 614 737 quasi
650 689 886 737 peccatum
920 681 1140 724 ariolandi
1176 687 1264 737 est,
1301 696 1578 738 repugnare3
1614 686 1659 724 et
1694 681 1820 737 quasi
1853 681 1996 724 scelus
2033 681 2321 736 idololatriae,

489 740 607 783 nolle
633 740 926 796 acquiescere.
951 741 1036 783 Pro
1063 755 1114 784 6ο
1140 755 1245 797 ergo
1271 741 1387 797 quod
1413 740 1623 797 abjecisti
1648 753 1897 784 sermonem
1925 739 2120 796 Domini,
2151 740 2323 796 abjecit

488 804 532 843 te
561 799 778 842 Dominus
803 814 857 842 ne
884 800 942 842 sis
967 814 1058 843 reX.

548 858 583 884 '24
603 858 817 914 Dixitque
845 859 949 902 Saul
974 859 1031 902 ad
1063 859 1316 903 Samuelem
1350 876 1358 903 :
1394 859 1603 915 Peccavi,
1631 859 1735 915 quia
1759 859 2080 916 praevaricatus
2111 874 2210 903 sum
2234 873 2323 903 ser-

487 933 665 961 monem
701 918 880 961 Domini
913 923 958 961 et
990 919 1126 961 verba
1160 924 1255 974 tua,
1283 918 1445 962 timens
1471 919 1684 975 populum
1709 923 1754 962 et
1779 918 1991 962 obediens
2013 918 2114 962 voci
2141 933 2321 974 eorum;

488 976 525 1004 ‘25
554 977 631 1020 sed
677 991 795 1020 nunc
838 982 985 1033 porta,
1024 992 1195 1033 quaeso,
1234 983 1469 1034 peccatum
1509 992 1679 1032 meum,
1718 982 1763 1021 et
1800 984 2022 1021 revertere
2059 992 2235 1021 mecum
2275 982 2325 1020 ut

487 1036 668 1080 adorem
695 1036 949 1082 Dominum.
978 1036 1014 1063 ⁶26
1034 1038 1092 1079 Et
1121 1037 1185 1079 ait
1205 1037 1384 1080 Samuel
1410 1037 1467 1079 ad
1496 1036 1602 1080 Saul
1631 1052 1638 1079 :
1669 1037 1770 1080 Non
1794 1042 1992 1080 revertar
2021 1042 2192 1093 tecum,
2220 1037 2325 1093 quia

487 1096 718 1152 projecisti
754 1110 1002 1139 sermonem
1040 1095 1242 1151 Domini,
1279 1100 1323 1139 et
1357 1095 1549 1152 projecit
1582 1100 1626 1138 te
1662 1095 1879 1138 Dominus
1911 1110 1966 1139 ne
2000 1096 2059 1138 sis
2091 1110 2168 1139 rex
2194 1110 2325 1152 super

488 1155 641 1198 Israel.
681 1154 715 1180 9⁷
737 1156 794 1197 Et
831 1169 1068 1198 conversus
1104 1160 1173 1198 est
1207 1155 1387 1198 Samuel
1420 1160 1469 1198 ut
1505 1155 1676 1210 abiret3
1720 1154 1796 1198 ille
1836 1160 1988 1198 autem
2028 1155 2324 1211 apprehendit

488 1214 793 1257 summitatem
829 1214 956 1270 pallii
989 1214 1108 1270 ejus,
1146 1228 1244 1270 quae
1277 1220 1322 1257 et
1356 1214 1494 1257 scissa
1527 1219 1606 1257 est.
1637 1213 1673 1240 28
1700 1215 1759 1257 Et
1790 1213 1855 1256 ait
1886 1214 1944 1257 ad
1976 1228 2077 1257 eum
2102 1214 2281 1257 Samuel
2311 1230 2321 1257 :

490 1273 630 1317 Scidit
657 1272 875 1316 Dominus
899 1287 1087 1329 regnum
1113 1273 1254 1316 Israel
1280 1288 1306 1316 a
1330 1279 1374 1317 te
1399 1273 1551 1329 hodie,
1579 1279 1623 1316 et
1648 1272 1836 1316 tradidit
1859 1272 1971 1316 illud
1996 1272 2198 1330 proximo
2225 1278 2318 1330 tuo,
2381 1328 2383 1330 q

487 1331 659 1375 meliori
686 1338 743 1376 te.
764 1331 801 1358 ”29
820 1333 953 1375 Porro
979 1332 1296 1389 Triumphator
1318 1333 1366 1375 in
1393 1333 1533 1376 Israel
1556 1347 1643 1375 non
1668 1332 1842 1389 parcet,
1863 1337 1908 1376 et
1933 1332 2209 1389 poenitudine
2236 1346 2347 1376 non,

487 1390 718 1446 flectetur;
758 1406 900 1447 neque
937 1391 1056 1434 enim
1093 1391 1225 1435 homo
1262 1397 1329 1435 est
1366 1397 1415 1434 ut
1452 1398 1557 1448 agat
1593 1391 1920 1449 poenitentiam.
1955 1391 1993 1418 3⁰
2014 1393 2075 1434 At
2109 1391 2183 1435 ille
2218 1391 2283 1434 ait
2312 1407 2321 1435 ε

489 1451 698 1505 Peccavi‚
737 1451 813 1494 sed
850 1465 968 1493 nunc
1004 1451 1172 1494 honora
1208 1465 1279 1494 me
1312 1466 1461 1495 coram
1497 1451 1742 1494 senioribus
1778 1450 1931 1508 populi
1967 1450 2055 1494 mei
2092 1456 2136 1494 et
2176 1464 2325 1494 coram

490 1509 640 1565 Israel,
668 1515 712 1552 et
733 1515 954 1553 revertere
979 1524 1152 1553 mecum
1174 1516 1222 1553 ut
1238 1510 1419 1554 adorem
1443 1510 1685 1554 Dominum
1711 1511 1857 1553 Deum
1883 1515 2023 1553 tuum.
2050 1509 2083 1536 3¹
2107 1510 2324 1553 Reversus

487 1583 591 1624 ergo
615 1569 795 1612 Samuel
817 1575 992 1612 secutus
1017 1574 1085 1612 est
1108 1569 1288 1613 Saulem
1308 1587 1317 1625 3
1345 1574 1390 1612 et
1414 1569 1619 1613 adoravit
1643 1569 1748 1613 Saul
1775 1569 2032 1612 Dominum.

546 1626 583 1654 3‘2
603 1628 817 1684 Dixitque
841 1628 1021 1672 Samuel
1052 1645 1060 1672 :
1090 1629 1314 1672 Adducite
1340 1628 1397 1671 ad
1423 1643 1493 1672 me
1520 1630 1675 1685 Agag,
1702 1643 1854 1685 regem
1881 1628 2082 1672 Amalec.
2112 1630 2169 1671 Et
2198 1628 2323 1672 obla-

486 1692 557 1730 tus
582 1693 649 1730 est
670 1687 710 1730 ei
735 1689 871 1743 Agag
895 1687 1212 1743 pinguissimus
1236 1693 1280 1731 et
1304 1694 1511 1732 tremens.
1536 1689 1594 1730 Et
1620 1687 1735 1731 dixit
1759 1690 1894 1743 Agag
1919 1704 1928 1731 :
1950 1687 2124 1731 Siccine
2147 1691 2325 1744 separat

487 1761 639 1789 amara
664 1747 814 1790 mors?
841 1747 878 1773 33
897 1747 955 1790 Et
984 1747 1047 1789 ait
1078 1747 1258 1790 Samuel
1292 1765 1300 1791 ε
1333 1747 1457 1790 Sicut
1482 1747 1594 1790 fecit
1619 1747 1786 1802 absque
1811 1746 1962 1789 liberis
1989 1747 2195 1790 mulieres
2229 1747 2323 1803 gla—

488 1805 585 1848 dius
610 1811 730 1861 tuus,
758 1805 821 1848 sic
850 1806 1016 1862 absque
1043 1806 1193 1849 liberis
1219 1806 1302 1849 erit
1328 1807 1443 1849 inter
1471 1807 1679 1850 mulieres
1711 1811 1855 1849 mater
1887 1811 1978 1851 tua.
2015 1806 2072 1848 Et
2106 1806 2151 1848 in
2177 1805 2324 1848 frusta

489 1864 683 1907 concidit
707 1879 809 1908 eum
833 1865 1013 1908 Samuel
1039 1879 1189 1908 coram
1215 1865 1427 1921 Domino,
1456 1865 1501 1907 in
1525 1865 1741 1921 Galgalis.

547 1923 582 1950 34
600 1923 729 1966 Abiit
761 1929 912 1967 autem
947 1925 1127 1968 Samuel
1165 1925 1209 1967 in
1247 1925 1498 1980 Ramatha3
1536 1925 1643 1968 Saul
1680 1939 1784 1968 vero
1821 1924 2022 1968 ascendit
2060 1924 2106 1967 in
2144 1925 2324 1968 domum

487 1997 633 2039 suam,
659 1983 705 2025 in
733 1984 902 2027 Gabaa.
929 1983 966 2009 35
986 1985 1044 2026 Et
1069 1998 1157 2027 non
1182 1984 1297 2027 vidit
1328 1985 1508 2028 Samuel
1541 1984 1658 2026 ultra
1690 1983 1796 2027 Saul
1821 1998 1958 2040 usque
1984 1983 2041 2026 ad
2067 1984 2185 2027 diem
2211 1998 2323 2027 mor-

487 2042 544 2085 tis
569 2057 687 2098 suae3
716 2049 1024 2086 verumtamen
1050 2043 1236 2099 lugebat
1260 2044 1439 2087 Samuel
1464 2043 1657 2099 Saulem,
1685 2042 1895 2100 quoniam
1921 2042 2162 2086 Dominum
2183 2042 2324 2100 poeni-

486 2101 610 2144 tebat
635 2102 751 2158 quod
778 2102 1083 2146 constituisset
1108 2117 1210 2146 eum
1235 2117 1385 2158 regem
1411 2117 1542 2160 super
1567 2103 1720 2146 Israel.

1110 2279 1326 2334 PARS
1385 2279 1700 2334 TERTIA

756 2409 1116 2449 POSTREMA
1169 2410 1445 2464 SAULIS,
1498 2409 1782 2449 DAVIDIS
1832 2409 2051 2449 INITIA

952 2531 1113 2573 Sam-10
1149 2531 1185 2573 Ι.
1212 2556 1271 2561 -
1304 2531 1462 2573 DAVID
1495 2542 1544 2572 IN
1577 2541 1699 2573 AULA
1734 2530 1854 2573 SAUL

839 2649 862 2701 ξ
887 2647 923 2689 Ι.
948 2672 1008 2680 —-
1032 2647 1231 2690 Davidis
1253 2648 1398 2690 unctio
1417 2653 1457 2690 et
1473 2646 1685 2689 adventus
1702 2647 1749 2689 in
1765 2645 1933 2688 aulam.

545 2754 650 2798 CAP.
678 2754 803 2797 XVI.
825 2780 885 2787 —
910 2754 922 2780 ‘¹
952 2753 1166 2810 Dixitque
1203 2754 1419 2802 Dominus
1446 2754 1503 2797 ad
1528 2753 1781 2797 Samuelem
1812 2768 1821 2795 :
1858 2752 2097 2807 Usquequo
2124 2758 2171 2795 tu
2198 2752 2324 2808 luges

484 2813 611 2867 Saul,
650 2827 749 2855 cum
787 2827 871 2869 ego
906 2814 1172 2871 projecerim
1207 2828 1308 2856 eum
1346 2828 1400 2856 ne
1436 2818 1595 2868 regnet
1627 2826 1758 2869 super
1793 2811 1971 2854 Israel?
2006 2811 2151 2868 Imple
2189 2825 2325 2854 cornu

486 2878 611 2915 tuum
643 2872 758 2927 oleo,
786 2879 829 2915 et
855 2872 979 2928 veni,
1007 2878 1056 2915 ut
1080 2873 1257 2915 mittam
1285 2878 1328 2916 te
1364 2872 1420 2915 ad
1447 2871 1539 2915 Isai
1574 2870 1978 2923 Bethlehemitem3
2006 2869 2181 2926 providi
2204 2870 2323 2913 enim

486 2931 532 2973 in
554 2931 655 2973 filiis
677 2931 775 2986 ejus
798 2931 905 2973 mihi
927 2946 1092 2987 regem.
1120 2931 1138 2957 '2
1154 2933 1210 2974 Et
1231 2932 1295 2975 ait
1315 2931 1495 2976 Samuel
1518 2948 1527 2976 :
1551 2930 1777 2982 Quomodo
1802 2929 2000 2973 vadam?
2026 2929 2178 2972 audiet
2205 2928 2323 2973 enim

486 2990 612 3045 Saul,
648 2996 692 3032 et
723 2990 961 3034 interficiet
995 3005 1078 3034 me.
1116 2992 1174 3034 Et
1199 2991 1263 3034 ait
1294 2991 1511 3034 Dominus
1544 3007 1552 3034 :
1583 2989 1786 3033 Vitulum
1813 2988 1868 3031 de
1894 2994 2094 3032 armento
2121 2987 2252 3031 tolles
2277 2987 2322 3030 in

487 3064 622 3092 manu
647 3054 736 3103 tua,
764 3054 807 3092 et
833 3050 951 3092 dices
986 3067 994 3094 :
1022 3050 1094 3093 Ad
1117 3050 1442 3094 immolandum
1470 3049 1662 3093 Domino
1688 3048 1803 3092 veni.
1831 3047 1848 3073 3
1868 3049 1926 3090 Et
1947 3047 2128 3090 vocabis
2153 3047 2244 3090 Isai
2265 3046 2322 3089 ad

487 3108 731 3162 victimam,
760 3113 805 3151 et
829 3122 912 3163 ego
937 3109 1169 3152 ostendam
1194 3109 1277 3152 tibi
1303 3109 1408 3165 quid
1434 3109 1590 3164 facias,
1622 3114 1667 3151 et
1691 3121 1831 3163 unges
1853 3121 2176 3162 quemcumque
2200 3119 2323 3148 mon-

488 3173 684 3210 stravero
710 3166 806 3210 tibi.
833 3167 849 3193 4
870 3168 996 3210 Fecit
1021 3183 1124 3225 ergo
1152 3169 1330 3213 Samuel
1356 3169 1470 3211 sicut
1496 3168 1667 3211 locutus
1693 3171 1759 3210 est
1783 3165 1823 3209 ei
1851 3165 2088 3220 Dominus,
2113 3165 2322 3220 venitque

488 3226 532 3269 in
562 3226 852 3280 Bethlehem3
889 3232 933 3268 et
957 3227 1166 3270 admirati
1192 3233 1295 3270 sunt
1328 3228 1522 3271 seniores
1549 3225 1765 3281 civitatis,
1795 3230 2076 3268 occurrentes
2111 3225 2170 3279 ei,
2199 3223 2323 3267 dixe-

487 3292 676 3342 runtque
708 3302 716 3329 :
753 3285 1026 3328 Pacificusne
1050 3292 1117 3329 est
1138 3287 1362 3343 ingressus
1388 3287 1522 3330 tuus?
1549 3287 1566 3313 5
1585 3287 1644 3328 Et
1668 3285 1733 3327 ait
1763 3302 1771 3328 :
1808 3285 2024 3327 Pacificus
2046 3301 2055 3337 ;
2081 3283 2139 3326 ad
2165 3283 2322 3325 immo—

488 3345 670 3388 landum
706 3344 898 3388 Domino
935 3344 1065 3399 veni3
1101 3346 1466 3401 sanctificamini,
1508 3351 1552 3389 et
1587 3344 1736 3388 venite
1778 3358 1953 3387 mecum
1995 3348 2044 3386 ut
2078 3341 2321 3385 immolem.

491 3404 796 3447 Sanctificavit
831 3418 936 3459 ergo
974 3404 1063 3446 Isai
1110 3410 1154 3447 et
1194 3405 1307 3447 filios
1349 3405 1468 3460 ejus,
1512 3410 1556 3447 et
1592 3402 1772 3446 vocavit
1815 3418 1889 3446 eos
1934 3402 1991 3446 ad
2039 3400 2321 3445 sacrificium.

489 3463 506 3488 ὓ
532 3463 728 3519 Cumque
760 3463 946 3518 ingressi
982 3468 1148 3518 essent,
1184 3463 1297 3506 vidit
1332 3464 1484 3519 Eliab,
1512 3468 1557 3506 et
1581 3463 1645 3505 ait
1677 3479 1685 3506 :
1722 3463 1840 3504 Num
1864 3475 2013 3505 coram
2041 3459 2232 3504 Domino
2256 3463 2324 3502 est

490 3522 676 3564 christus
703 3522 835 3578 ejus?
868 3521 882 3548 ⁷
909 3523 966 3565 Et
992 3522 1107 3565 dixit
1142 3523 1356 3565 Dominus
1389 3523 1445 3566 ad
1480 3521 1732 3566 Samuelem
1764 3539 1772 3563 :
1808 3521 1875 3564 Ne
1904 3520 2114 3578 respicias
2149 3518 2322 3561 vultum
2385 3566 2390 3571 ,

490 3667 537 3700 22]
557 3666 658 3695 Eccii.
679 3668 734 3702 1v,
752 3669 794 3695 17.
816 3668 868 3694 6.
888 3667 987 3701 v1‚0.
1010 3665 1131 3693 Matm.
1154 3665 1213 3700 ix,
1236 3668 1269 3692 13
1287 3664 1421 3698 02:511,
1451 3664 1475 3690 7.
1501 3679 1536 3683 —
1553 3665 1601 3697 25]
1627 3663 1991 3699 1nf.xxv111‚17.-
2009 3663 2036 3696 τ]
2057 3662 2109 3690 Ps.
2130 3662 2208 3696 VII,
2224 3663 2269 3690 10.
