2423 3861
685 113 756 154 Ps.
791 113 941 167 XCII,
977 115 1002 153 5
1037 140 1092 145 —-
1126 115 1302 161 XCIII,
1337 115 1406 155 23.
1874 114 1957 157 617

331 280 348 306 ⁵
365 281 637 325 Testimonia
663 288 738 325 tua
763 283 994 326 credibilia
1018 284 1137 326 factu
1165 289 1267 325 sunt
1292 283 1435 326 nimis.

433 341 622 384 Domum
648 347 769 384 tuam
795 342 922 385 decet
946 342 1220 393 sanctitudo,

432 400 637 455 Domine,
662 400 706 441 in
734 400 1054 456 longitudinem
1083 401 1263 444 dierum.

842 557 1053 599 PsAmws
1088 558 1241 600 XCIII

542 664 803 720 Deprecatio
829 670 979 706 contra
1003 665 1160 719 impios
1185 665 1322 707 hostes
1347 666 1544 708 Israelis.

191 769 392 813 Psalmus
418 771 501 827 ipsi
530 770 696 826 David,
724 776 879 826 quarta
905 770 1094 813 sabbati.

331 864 340 890 ¹
363 867 481 908 Deus
507 866 725 909 ultionum
748 866 964 909 Dominus
992 883 1001 921 3

428 925 545 968 Deus
563 922 789 967 'ultionum
815 925 952 968 libere
973 925 1078 980 egit.

325 982 342 1008 ²
361 983 589 1039 Exaltare,
617 984 690 1039 qui
716 984 890 1039 judicas
912 990 1101 1039 terram,

424 1043 557 1086 redde
584 1043 919 1086 retributionem
941 1044 1152 1099 superbis.

326 1100 342 1126 3
360 1101 597 1158 Usquequo
624 1108 902 1159 peccatores,
932 1102 1140 1158 Domine,

424 1175 648 1216 usquequo
674 1166 929 1218 peccatores
953 1161 1288 1216 gloriabuntur?

325 1219 341 1245 4
360 1218 632 1263 Effabuntur
656 1225 701 1264 et
725 1221 960 1276 loquentur
983 1220 1286 1276 iniquitatem,

425 1278 657 1334 loquentur
678 1294 830 1322 omnes
856 1280 930 1334 qui
956 1285 1193 1335 operantur
1214 1280 1514 1336 injustitiam?

325 1337 341 1363 ‘0
359 1337 577 1394 Populum
599 1343 743 1394 tuum,
770 1338 979 1393 Domine,
1006 1339 1377 1395 humiliaverunt;

424 1402 467 1439 et
492 1397 785 1439 hereditatem
808 1403 931 1439 tuam
956 1403 1243 1440 vexaverunt.

323 1454 340 1481 ⁶
358 1455 548 1498 Viduam
575 1463 619 1497 et
640 1456 862 1498 advenam
883 1455 1229 1510 interfecerunt3

420 1518 465 1556 et
489 1513 679 1569 pupillos
703 1514 972 1557 occiderunt.

320 1572 337 1598 7
356 1574 413 1615 Et
439 1572 646 1614 dixerunt
671 1589 679 1615 :
707 1573 807 1615 Non
832 1573 1004 1615 videbit
1031 1573 1264 1629 Dominus,

418 1645 500 1673 nec
521 1630 748 1687 intelliget
775 1633 894 1674 Deus
920 1632 1076 1675 Jacob.

322 1689 338 1716 ⁸
355 1689 625 1745 Intelligite,
651 1689 912 1747 insipientes
937 1691 983 1733 in
1009 1691 1196 1748 populo;

419 1753 464 1791 et
488 1749 634 1805 stulti,
662 1749 901 1805 aliquando
923 1751 1080 1807 sapite.

323 1808 339 1833 9
355 1807 437 1858 Qui
463 1808 686 1864 plantavit
708 1823 860 1852 aurem
885 1824 973 1852 non
1000 1810 1180 1853 audiet?

420 1872 497 1910 aut
519 1868 594 1923 qui
614 1868 744 1910 finxit
770 1869 946 1911 oculum
968 1884 1057 1912 non
1083 1869 1366 1912 considerat?

306 1926 338 1952 ¹0
355 1925 437 1977 Qui
463 1927 642 1984 corripit
667 1933 822 1983 gentes
847 1942 936 1970 non
961 1935 1137 1985 arguet,

420 1986 494 2042 qui
520 1986 649 2029 docet
673 1987 898 2030 hominem
920 1988 1187 2031 seientiam?

307 2044 336 2070 ¹¹
357 2045 575 2088 Dominus
599 2045 684 2089 scit
709 2047 1002 2102 cogitationes
1027 2048 1276 2104 hominum,

420 2104 629 2159 quoniam
653 2120 781 2148 vanae
806 2111 922 2149 sunt.

307 2162 340 2188 ¹²
359 2164 522 2206 Beatus
547 2164 678 2207 homo
704 2179 835 2220 quem
859 2171 908 2208 tu
934 2167 1167 2221 erudieris,
1196 2166 1406 2223 Domine,

421 2228 466 2265 et
491 2223 545 2266 de
567 2223 666 2279 lege
689 2228 766 2266 tua
789 2224 987 2268 docueris
1013 2240 1138 2281 eum,

306 2280 338 2306 ¹3
355 2286 403 2323 ut
427 2281 607 2338 mitiges
629 2283 669 2326 ei
694 2297 721 2325 a
742 2281 897 2326 diebus
918 2285 1068 2340 malis,

421 2341 560 2385 donec
582 2341 782 2385 fodiatur
807 2343 1029 2398 peccatori
1056 2345 1203 2389 fovea.

306 2399 338 2425 ¹4
356 2399 467 2450 Quia
487 2415 575 2443 non
599 2401 785 2458 repellet
810 2401 1025 2444 Dominus
1048 2403 1224 2459 plebem
1249 2419 1394 2461 suam,

421 2466 465 2503 et
486 2460 782 2503 hereditatem
807 2475 932 2503 suam
960 2475 1044 2504 non
1070 2462 1358 2519 derelinquet.

307 2517 339 2544 ¹⁵
357 2518 649 2575 Quoadusque
673 2520 849 2576 justitia
877 2526 1159 2564 convertatur
1182 2522 1229 2564 in
1254 2522 1494 2581 judicium,

422 2584 465 2621 et
489 2578 564 2634 qui
589 2579 718 2634 juxta
742 2578 869 2622 illam
893 2593 1044 2622 omnes
1067 2581 1140 2635 qui
1161 2586 1282 2624 recto
1304 2587 1406 2624 sunt
1432 2584 1573 2627 corde.

306 2635 341 2662 ¹⁶
358 2636 463 2687 Quis
490 2647 728 2694 consurget
752 2639 862 2680 mihi
888 2638 1097 2681 adversus
1121 2640 1450 2696 malignantes?

420 2703 497 2740 aut
522 2697 619 2753 quis
645 2697 781 2740 stabit
806 2712 980 2741 mecum
1005 2698 1216 2741 adversus
1242 2705 1473 2756 operantes
1496 2700 1809 2758 iniquitatem?

308 2755 340 2781 ¹⁷
359 2755 456 2798 Nisi
482 2757 586 2812 quia
608 2757 825 2800 Dominus
846 2757 1022 2813 adjuvit
1046 2772 1137 2814 me,

422 2815 553 2873 paulo
579 2816 726 2859 minus
751 2817 996 2860 habitasset
1021 2817 1066 2859 in
1091 2818 1268 2861 inferno
1293 2819 1443 2862 anima
1469 2835 1580 2863 mea.

308 2873 341 2900 ¹⁸
359 2874 403 2917 Si
431 2874 636 2918 dicebam
663 2893 672 2919 :
696 2876 843 2918 Motus
866 2882 932 2919 est
956 2891 1033 2933 pes
1058 2892 1205 2933 meus,

421 2933 724 2978 misericordia
749 2941 845 2991 tua,
873 2936 1082 2992 Domine,
1109 2936 1357 2993 adjuvabat
1377 2953 1461 2982 1116.

307 2991 341 3017 19
358 2992 608 3037 Secundum
630 2994 963 3038 multitudinem
992 2995 1192 3039 dolorum
1216 3011 1415 3040 meorum
1439 2999 1486 3041 in
1510 2999 1639 3042 corde
1661 3014 1777 3058 meo,

425 3054 749 3097 consolationes
776 3061 863 3097 tuae
891 3054 1232 3098 laetificaverunt
1254 3056 1450 3100 animam
1473 3071 1632 3100 meam.

305 3109 343 3136 ‘²⁰
359 3111 586 3168 Numquid
608 3113 808 3157 adhaeret
833 3114 914 3156 tibi
937 3113 1063 3156 sedes
1088 3114 1357 3172 iniquitatis,

424 3171 497 3227 qui
522 3172 654 3228 fingis
679 3173 876 3217 laborem
897 3173 942 3215 in
969 3174 1222 3230 praecepto?

305 3227 339 3255 ‘²¹
360 3230 616 3287 Captabunt
637 3232 683 3274 in
707 3233 904 3276 animam
925 3233 1054 3289 justi,

364 3294 366 3297 ’
424 3294 469 3333 et
489 3291 753 3347 sanguinem
774 3293 1056 3335 innocentem
1082 3294 1454 3341 condemnabunt.

307 3346 344 3373 ‘²2
361 3350 418 3392 Et
442 3349 593 3394 factus
614 3356 681 3394 est
704 3352 813 3394 mihi
841 3351 1056 3394 Dominus
1081 3352 1128 3395 in
1153 3353 1398 3409 refugium,

425 3414 468 3451 et
493 3409 613 3453 Deus
638 3425 761 3454 meus
782 3411 828 3453 in
850 3411 1120 3466 adjutorium
1141 3413 1234 3469 spei
1259 3427 1384 3456 meae.

307 3464 345 3493 “²3
361 3467 420 3512 Et
442 3468 599 3512 reddet
622 3469 711 3512 illis
736 3470 1018 3526 iniquitat-em
1042 3470 1255 3528 ipsorum,

425 3532 470 3570 et
488 3527 536 3570 in
560 3529 733 3572 malitia
755 3544 904 3573 eorum
931 3529 1155 3586 disperdet
1179 3545 1277 3586 eos;

427 3585 650 3643 disperdet
675 3588 774 3631 illos
797 3588 1014 3631 Dominus
1037 3589 1154 3632 Deus
1176 3600 1334 3633 noster.

2058 296 2236 325 Conclusio

2074 339 2219 368 moralis.

2074 785 2219 814 Titulus.

2027 876 2141 906 Oratio
2166 877 2269 905 intro-

2063 919 2230 948 ductoria.

2043 1120 2255 1149 Describitur

2042 1164 2256 1193 inimicorum

2078 1207 2218 1237 malitia.

2104 1707 2195 1735 Deus

2052 1751 2131 1780 illos
2148 1750 2243 1779 videt

2053 1799 2088 1824 et
2104 1795 2244 1831 puniet,

2091 2178 2204 2212 justos

2025 2224 2139 2250 autem
2154 2228 2270 2250 conso-

2077 2265 2217 2300 labitur=

2055 2656 2146 2685 sicut
2167 2655 2238 2689 ipse

2026 2703 2187 2734 expertus
2215 2704 2268 2728 est

2088 2748 2212 2774 orator.

2055 3121 2237 3155 Recapitu-

2094 3166 2195 3195 latur.
