2423 3861
771 167 843 209 ΕΖ.
878 166 1047 214 XXIV,
1082 168 1108 210 6
1140 194 1199 199 —
1231 168 1374 223 XXV,
1407 170 1447 211 4.
1939 172 2024 215 947

254 334 272 361 ⁶
298 335 534 391 Propterea
562 335 659 378 haec
689 335 797 378 dicit
833 337 1050 380 Dominus
1082 339 1201 382 Deus
1231 355 1240 382 :
1273 339 1355 381 Vae
1389 338 1562 382 civitati
1594 339 1888 395 sanguinum,
1924 341 2022 384 011ae

192 393 322 450 cujus
348 393 505 450 rubigo
530 393 575 437 in
600 408 654 438 ea
675 400 752 450 est,
781 401 824 438 et
844 395 1003 452 rubigo
1029 397 1126 452 ejus
1151 412 1237 440 non
1260 397 1400 440 exivit
1424 397 1478 441 de
1500 398 1576 441 ea!
1600 398 1684 441 Per
1707 404 1853 455 partes
1879 404 1921 442 et
1948 414 2024 455 per

193 458 340 509 partes
365 467 467 496 suas
492 453 606 509 ejice
630 467 750 507 eam,
776 468 864 497 non
887 455 1050 498 cecidit
1070 469 1202 512 super
1218 470 1317 499 eam
1338 470 1442 499 sors.
1466 455 1482 482 ⁷
1501 456 1689 513 Sanguis
1715 456 1834 500 enim
1855 457 1952 513 ejus
1976 458 2022 500 in

194 511 339 555 medio
368 512 466 568 ejus
492 517 577 567 est,
604 526 736 569 super
768 513 1126 569 limpidissimam
1160 521 1330 572 petram
1361 515 1524 558 effudit
1551 515 1707 571 illum;
1741 530 1829 559 non
1858 516 2020 559 effudit

191 570 319 613 illum
351 585 482 628 super
517 576 698 626 terram,
730 577 777 614 ut.
810 572 948 628 possit
980 574 1138 629 operiri
1171 574 1365 629 pulvere.
1399 574 1416 600 ⁸
1443 575 1506 618 Ut
1537 574 1925 631 superinducerem
1954 575 2020 618 in-

190 629 498 685 dignationem
532 645 697 685 meam,
732 637 777 673 et
805 631 1004 674 vindicta
1038 632 1292 688 ulciscerer,
1327 633 1429 676 dedi
1462 633 1726 689 sanguinem
1761 634 1858 690 ejus
1892 649 2022 692 super

190 695 363 744 petram
385 689 768 746 limpidissimam,
796 703 849 733 ne
871 691 1126 746 operiretur.

249 747 266 773 ⁹
292 748 530 804 Propterea
558 748 656 791 haec
689 747 800 791 dicit
834 749 1050 791 Dominus
1082 750 1200 793 Deus
1224 766 1232 793 :
1259 751 1342 793 Vae
1374 751 1546 794 civitati
1577 753 1864 809 sanguinum,
1893 754 2020 810 cujus

189 821 270 862 ego
295 807 510 863 grandem
531 806 701 849 faciam
722 807 902 863 pyram!
933 807 967 833 ¹⁰
984 808 1184 864 Congere
1210 823 1327 864 ossa,
1353 824 1451 865 quae
1473 810 1577 866 igne
1600 811 1892 866 succendam3
1917 826 2019 855 con-

188 871 418 909 sumentur
454 879 632 921 carneS,
667 870 711 909 et
752 870 963 921 coquetur
999 867 1203 910 universa
1240 869 1527 925 compositio,
1565 875 1608 913 et
1644 884 1743 914 ossa
1776 871 2018 915 tabescent.

192 925 221 950 ¹¹
242 926 361 967 Pone
387 938 559 980 quoque
585 938 682 967 eam
709 938 838 980 super
866 939 1029 981 prunas
1055 940 1263 982 vacuam,
1291 933 1340 970 ut
1363 927 1627 982 incalescat,
1657 935 1700 972 et
1725 929 1924 985 liquefiat
1959 945 2019 973 aes

186 984 304 1039 ejus,
335 989 377 1026 et
407 982 623 1026 confletur
642 983 688 1025 in
715 983 861 1026 medio
890 983 986 1039 ejus
1014 984 1403 1040 inquinamentum
1425 987 1544 1043 ejus,
1571 993 1615 1030 et
1640 995 1925 1031 consumatur
1949 1004 2018 1032 ru-

186 1041 289 1097 bigo
314 1041 424 1097 ejus.
454 1040 487 1068 ¹²
506 1042 646 1086 Multo
669 1042 820 1085 labore
848 1043 1056 1087 sudatum
1081 1053 1168 1099 est,
1191 1051 1236 1088 et
1266 1059 1353 1088 non
1378 1046 1520 1089 exivit
1545 1046 1598 1089 de
1624 1061 1676 1089 ea
1701 1047 1840 1089 nimia
1860 1047 2018 1104 rubigo

184 1100 303 1156 ejus,
327 1115 470 1157 neque
498 1115 575 1158 per
603 1101 768 1157 ignem.
802 1101 837 1128 ¹3
861 1102 1157 1146 Immunditia
1181 1109 1257 1147 tua
1283 1105 1567 1160 execrabilis,
1595 1105 1697 1161 quia
1727 1106 1941 1149 mundare
1975 1115 2016 1150 te

184 1160 324 1215 volui,
352 1166 396 1202 et
425 1174 514 1203 non
542 1174 590 1203 es
619 1160 834 1203 mundata
867 1175 894 1204 a
930 1161 1132 1205 sordibus
1165 1163 1277 1218 tuis;
1316 1164 1393 1207 sed
1430 1178 1512 1208 nec
1549 1165 1834 1208 mundaberis
1872 1166 2015 1223 prius,

183 1218 322 1263 donec
363 1219 587 1276 quiescere
627 1219 796 1262 faciam
841 1219 1197 1276 indignationem
1230 1237 1376 1266 meam
1409 1223 1455 1265 in
1495 1229 1551 1267 te.
1590 1223 1624 1250 ¹4
1662 1225 1758 1280 Ego
1799 1224 2016 1268 Dominus

183 1278 354 1323 locutus
387 1293 506 1325 sum:
542 1278 726 1333 Veniet,
752 1285 796 1321 et
825 1279 1023 1335 faciam;
1054 1294 1142 1324 non
1175 1287 1418 1337 transeam,
1454 1297 1535 1326 nec
1570 1297 1772 1340 parcam,
1807 1298 1888 1327 nec
1922 1283 2015 1340 pla-

181 1337 339 1393 cabor;
376 1338 506 1394 juxta
539 1337 633 1380 vias
667 1343 791 1394 tuas,
826 1344 869 1381 et
901 1338 1030 1395 juxta
1063 1339 1401 1385 adinventiones
1435 1347 1533 1386 tuas
1561 1341 1773 1398 judicabo
1807 1348 1871 1398 te,
1907 1343 2015 1385 dicit

184 1397 412 1441 Dominus.

242 1455 275 1482 ¹5
293 1457 349 1499 Et
371 1457 547 1500 factum
568 1462 635 1500 est
651 1457 837 1500 verbum
860 1457 1042 1500 Domini
1055 1459 1113 1503 ad
1128 1473 1211 1514 me,
1228 1457 1403 1504 dicens:
1419 1458 1455 1485 ¹⁶
1469 1459 1559 1504 Fili
1573 1460 1780 1517 hominis,
1805 1475 1905 1504 ecce
1933 1456 2014 1517 ego

178 1515 286 1558 tollo
309 1529 336 1558 a
361 1521 404 1559 te
431 1515 724 1558 desiderabile
752 1515 976 1558 oculorum
998 1522 1175 1559 tuorum
1199 1518 1245 1559 in
1270 1518 1404 1574 plaga
1419 1527 1433 1571 ;’
1457 1527 1501 1561 et
1530 1534 1618 1562 non
1642 1519 1848 1576 planges,
1873 1534 2014 1576 neque

178 1573 393 1630 plorabis,
419 1588 561 1629 neque
587 1573 726 1617 fluent
755 1573 966 1630 lacrymae
996 1580 1098 1618 tuae.
1123 1575 1158 1602 ¹7
1178 1576 1428 1632 Ingemisce
1451 1583 1623 1633 tacens,
1652 1585 1924 1622 mortuorum
1949 1579 2012 1621 lu-

177 1637 299 1675 ctum
329 1647 417 1675 non
450 1632 620 1687 facies3
657 1647 818 1676 corona
851 1640 927 1675 tua
957 1633 1270 1691 circumligata
1299 1635 1357 1678 sit
1391 1636 1495 1691 tibi,
1527 1642 1570 1679 et
1604 1637 1906 1680 calceamenta
1936 1644 2013 1680 tua

176 1697 304 1734 erunt
335 1691 383 1734 in
411 1692 600 1749 pedibus
629 1691 742 1748 tuis3
775 1706 856 1735 nec
889 1692 1057 1736 amictu
1087 1708 1162 1737 ora
1192 1694 1382 1750 velabis,
1410 1709 1491 1738 nec
1518 1695 1639 1738 cibos
1665 1696 1916 1751 lugentium
1942 1711 2011 1739 co-

177 1751 340 1795 medes.
369 1751 404 1778 18
423 1752 617 1795 Locutus
640 1765 740 1794 sum
769 1766 873 1807 ergo
906 1751 963 1794 ad
988 1753 1203 1809 populum
1228 1768 1380 1809 mane,
1408 1760 1451 1797 et
1479 1759 1652 1797 mortua
1682 1760 1749 1798 est
1774 1769 1884 1798 uxor
1914 1770 2011 1798 mea

177 1823 382 1866 vespere3
405 1811 584 1867 fecique
605 1825 736 1854 mane
758 1811 873 1854 sicut
898 1818 1171 1869 praeceperat
1197 1813 1320 1856 mihi.

235 1869 271 1895 ¹⁹
289 1871 346 1912 Et
376 1869 492 1913 dixit
516 1869 573 1913 ad
602 1884 674 1913 me
699 1870 886 1926 populus
909 1887 918 1914 ε
945 1871 1088 1921 Quare
1113 1887 1201 1915 non
1225 1872 1398 1917 indicas
1432 1873 1559 1917 nobis
1588 1873 1695 1930 quid
1723 1873 1808 1917 ista
1842 1874 2008 1931 signifi-

174 1934 277 1972 cent
302 1944 402 1985 quae
430 1935 480 1972 tu
503 1929 652 1972 facis?
678 1929 715 1956 '2⁰
733 1931 791 1972 Et
817 1929 909 1972 dixi
939 1930 996 1973 ad
1023 1945 1096 1974 eos
1121 1948 1130 1975 :
1161 1932 1313 1976 Sermo
1348 1933 1528 1976 Domini
1557 1933 1707 1976 factus
1732 1939 1799 1977 est
1826 1934 1885 1977 ad
1917 1949 2008 1989 me,

175 1988 356 2033 dicens:
386 1988 420 2015 ²¹
441 1989 639 2045 Loquere
669 1988 820 2032 domui
850 1989 990 2032 Israel
1017 2005 1026 2033 ε
1060 1991 1173 2034 Haec
1202 1991 1312 2034 dicit
1342 1992 1560 2036 Dominus
1590 1993 1709 2036 Deus
1736 2008 1745 2036 ε
1782 1994 1897 2036 Ecce
1927 2007 2009 2049 ego

173 2047 372 2104 polluam
404 2047 708 2091 sanctuarium
743 2063 912 2103 meum,
953 2050 1206 2106 superbiam
1238 2051 1414 2108 imperii
1445 2051 1604 2108 vestri,
1637 2058 1683 2095 et
1714 2052 2010 2095 desiderabile

174 2107 400 2151 oculorum
433 2112 701 2162 vestrorum,
737 2115 781 2151 et
820 2122 952 2164 super
991 2123 1075 2164 quo
1108 2116 1244 2166 pavet
1275 2111 1428 2153 anima
1460 2116 1633 2164 vestra3
1661 2110 1740 2153 filii
1774 2111 1930 2167 vestri,
1965 2117 2010 2154 et

173 2165 278 2209 filiae
301 2174 479 2223 vestrae,
506 2181 615 2222 quas
638 2166 900 2223 reliquistis,
923 2167 1074 2222 gladio
1096 2169 1270 2213 cadent.
1298 2168 1335 2195 ²2
1360 2171 1419 2212 Et
1446 2169 1626 2213 facietis
1656 2169 1770 2212 sicut
1790 2170 1881 2213 feci
1901 2185 1910 2212 :
1933 2185 2009 2213 ora

172 2225 340 2268 amictu
366 2241 452 2269 non
470 2225 700 2281 velabitis,
727 2231 770 2269 et
796 2225 916 2269 cibos
942 2226 1192 2282 lugentium
1216 2243 1305 2271 non
1328 2229 1582 2272 comedetis.
1601 2227 1638 2255 '23
1655 2229 1848 2271 Coronas
1872 2229 2008 2272 habe-

174 2283 279 2327 bitis
315 2284 361 2327 in
398 2283 618 2341 capitibus
653 2285 833 2340 vestris,
872 2290 916 2328 et
949 2285 1254 2330 calceamenta
1290 2287 1336 2330 in
1373 2287 1594 2344 pedibus,
1632 2302 1720 2330 non
1756 2287 2005 2344 plangetis,

174 2357 314 2400 neque
350 2343 540 2397 flebitis,
578 2343 656 2387 sed
692 2344 932 2387 tabescetis
971 2344 1019 2386 in
1064 2345 1375 2401 iniquitatibus
1411 2347 1589 2403 vestris,
1628 2353 1672 2390 et
1708 2347 2006 2403 unusquisque

173 2408 322 2458 gemet
349 2403 407 2446 ad
435 2403 624 2446 fratrem
651 2417 794 2445 suum.
817 2402 854 2429 ‘24
877 2403 1059 2459 Eritque
1090 2405 1298 2450 Ezechiel
1328 2406 1452 2449 vobis
1479 2406 1527 2449 in
1557 2411 1810 2462 portentum
1836 2423 1844 2450 :
1877 2406 2007 2462 juxta

173 2462 321 2504 omnia
348 2477 444 2518 quae
466 2461 599 2518 fecit,
626 2462 806 2505 facietis
829 2476 930 2504 cum
947 2463 1119 2506 venerit
1142 2464 1288 2520 istud3
1312 2472 1357 2508 et
1381 2465 1529 2509 scietis
1556 2464 1659 2521 quia
1683 2480 1765 2521 ego
1789 2465 2006 2508 Dominus

173 2521 305 2566 Deus.

230 2579 267 2607 '2⁵
286 2582 344 2623 Et
364 2586 426 2637 tu,
449 2581 513 2624 fili
534 2581 738 2637 hominis,
760 2596 860 2625 ecce
882 2581 929 2624 in
951 2582 1021 2625 die
1048 2597 1134 2639 qua
1151 2584 1308 2627 tollam
1331 2584 1387 2627 ab
1414 2585 1475 2628 eis
1499 2584 1814 2629 fortitudinem
1839 2599 2003 2640 eorum,

171 2646 217 2684 et
237 2640 453 2696 gaudium
474 2640 729 2697 dignitatis,
757 2646 801 2684 et
825 2641 1094 2684 desiderium
1116 2642 1343 2686 oculorum
1365 2658 1537 2697 eorum,
1563 2658 1693 2700 super
1717 2659 1803 2700 quo
1835 2645 2004 2701 requie-

170 2704 300 2743 scunt
327 2699 490 2743 animae
517 2714 688 2756 eorum,
715 2700 828 2743 filios
850 2706 893 2743 et
918 2699 1032 2744 filias
1059 2715 1235 2757 eorum3
1263 2702 1362 2745 ‘²6in
1389 2703 1460 2746 die
1485 2703 1584 2759 illa,
1608 2717 1710 2745 cum
1738 2703 1909 2747 venerit
1933 2704 2005 2746 fu-

169 2759 297 2815 giens
321 2759 378 2802 ad
408 2765 452 2802 te
477 2764 527 2802 ut-
550 2759 789 2802 annuntiet
817 2759 926 2814 tibi;
958 2758 993 2786 '²7
1018 2760 1066 2802 in
1092 2760 1184 2816 die,
1210 2761 1414 2818 inquam,
1446 2762 1524 2805 illa
1552 2762 1775 2819 aperietur
1801 2776 1847 2805 os
1878 2768 2004 2805 tuum

169 2832 271 2861 cum
293 2832 345 2861 eo
370 2819 444 2874 qui
466 2819 589 2875 fugit
609 2836 618 2863 :
644 2825 688 2862 et
717 2819 928 2874 loqueriS,
959 2825 1001 2863 et
1026 2833 1115 2862 non
1135 2820 1287 2864 silebis
1314 2820 1454 2876 ult1·a;
1484 2820 1654 2877 erisque
1676 2821 1739 2864 eis
1759 2821 1805 2864 in
1828 2827 2001 2878 porten-

168 2882 284 2934 tum,
311 2883 356 2921 et
377 2877 527 2921 scietis
553 2877 657 2934 quia
683 2892 764 2934 ego
788 2878 1018 2921 Dominus.

170 2985 334 3029 SEOT1o
359 2987 422 3030 II.
447 3012 504 3019 --
527 2987 855 3030 MINISTERIUM
890 2998 1221 3031 PROPHETIGUM
1255 2989 1533 3032 EZECHIELIS
1558 3000 1792 3032 ADVERSUS
1827 3000 2003 3033 GENTES

525 3090 547 3143 ξ
579 3088 616 3130 Ι.
642 3114 702 3119 -
732 3088 954 3131 Vaticinia
986 3088 1198 3132 adversus
1227 3095 1372 3144 yentes
1406 3090 1645 3133 viciniores.

226 3182 334 3226 CAP.
369 3183 512 3226 XXV.
542 3208 602 3216 —
633 3182 643 3209 ¹
672 3183 730 3225 Et
762 3182 910 3226 factus
945 3187 1011 3225 est
1046 3196 1188 3226 sermo
1222 3183 1404 3226 Domini
1437 3183 1493 3227 ad
1530 3199 1621 3239 me,
1661 3184 1841 3228 dicens:
1874 3184 1892 3210 '²
1913 3184 2000 3228 Fili

167 3240 380 3297 hominis,
414 3256 528 3298 pone
554 3242 721 3285 faciem
744 3247 868 3284 tuam
895 3247 1047 3284 contra
1080 3241 1194 3286 filios
1219 3243 1435 3299 Ammon,
1462 3249 1507 3287 et
1531 3244 1817 3301 prophetabis
1844 3243 1898 3287 de
1924 3244 1998 3286 eis.

167 3298 186 3325 3
202 3300 260 3342 Et
285 3300 405 3344 dices
429 3300 532 3344 filiis
554 3303 749 3345 Ammon
770 3318 779 3345 :
802 3300 968 3344 Audite
986 3300 1171 3344 verbum
1192 3302 1373 3345 Domini
1397 3302 1493 3346 Dei.
1514 3303 1628 3346 Haec
1651 3302 1760 3346 dicit
1782 3302 1999 3346 Dominus

169 3358 289 3402 Deus
311 3376 320 3403 :
350 3360 434 3404 Pro
457 3374 507 3404 eo
534 3361 650 3417 quod
672 3360 852 3405 dixisti:
885 3361 1032 3416 Euge,
1058 3374 1190 3417 euge,
1220 3375 1352 3419 super
1375 3362 1679 3406 sanctuarium
1705 3376 1872 3417 meum,
1896 3361 2000 3417 quia

167 3417 387 3473 pollutum
408 3425 500 3476 est3
528 3426 572 3463 et
597 3434 728 3477 super
752 3426 913 3464 terram
939 3419 1100 3475 Israel,
1126 3420 1336 3476 quoniam
1362 3421 1562 3465 desolata
1583 3427 1675 3476 est3
1702 3427 1746 3463 et
1767 3435 1898 3477 super
1922 3421 1997 3464 do-

167 3490 290 3519 mum
315 3478 343 3520 J
348 3478 455 3534 uda,
482 3479 692 3535 quoniam
715 3479 836 3523 ducti
862 3484 964 3522 sunt
988 3479 1034 3521 in
1061 3479 1371 3536 captivitatem
1394 3497 1403 3524 :
1427 3480 1444 3507 ⁴
1461 3480 1627 3524 idcirco
1649 3494 1731 3536 ego
1757 3479 1931 3523 tradam
1953 3486 1997 3524 te

167 3534 269 3578 filiis
291 3537 579 3581 orientalibus
604 3539 650 3581 in
675 3539 994 3594 hereditatem3
1022 3543 1065 3581 et
1095 3538 1378 3583 collocabunt
1399 3539 1550 3582 caulas
1575 3553 1676 3582 suas
1695 3539 1743 3581 in
1765 3547 1828 3582 te.
1851 3545 1896 3582 et
1917 3553 1996 3597 po-

165 3681 197 3715 9]
214 3681 297 3710 Nan.
312 3681 379 3716 111,
396 3684 421 3710 1.
443 3683 530 3712 Hah.
549 3684 595 3718 11,
613 3687 657 3713 12.

2114 356 2162 383 Ex
2167 355 2305 388 plicatio

2121 401 2294 432 parabolae·

2119 1480 2286 1510 Ezechieli

2092 1522 2307 1553 interdicitur

2112 1567 2227 1596 luctus
2244 1569 2284 1597 (le

2146 1619 2253 1641 uxore

2126 1660 2271 1686 mortua.

2087 1892 2115 1919 H
2122 1890 2153 1925 ιι]
2160 1899 2198 1919 us
2216 1890 2306 1925 signi

2100 1934 2293 1968 explicatio.

2141 3195 2232 3224 Onus

2110 3240 2260 3268 Ammon.
