2391 3861
151 108 230 150 22*
840 103 906 144 JV
939 80 1078 145 Em.
1112 103 1175 156 x,
1209 104 1265 145 ‘26
1298 128 1356 135 .-
1389 103 1476 157 xl,
1511 103 1580 145 20.

148 289 248 319 visus
271 286 368 325 61115,
393 285 435 315 ut
463 291 577 315 essem
609 290 747 322 pavens
770 282 878 314 valde
909 281 957 313 ad
988 289 1091 322 eam,
1117 282 1155 314 et
1179 281 1382 320 cogitarem
1406 280 1496 320 quid
1519 283 1615 313 esset
1639 281 1718 313 hoc.
1746 271 1781 298 26
1799 280 1847 312 Et
1879 288 1961 312 ecce
1992 280 2117 313 subito
2144 282 2268 315 emisit

148 338 309 370 sonitum
328 336 426 367 vocis
450 342 627 374 magnum
650 333 784 366 timore
808 334 978 374 plenum,
1005 335 1049 365 ut
1073 334 1373 366 commoveretur
1399 334 1501 365 terra
1524 341 1546 364 a
1570 332 1736 365 mulieris
1760 341 1859 365 sono.
1882 333 1929 364 Et
1946 331 2022 364 vidi
2041 341 2048 365 :
2067 324 2102 350 ²⁷
2115 333 2154 364 et
2174 341 2267 375 6666,

147 388 302 428 amplius
328 387 461 419 mulier
481 395 557 418 non
588 387 825 426 comparebat
850 385 962 426 mihi,
990 386 1051 418 sed
1078 385 1208 417 civitas
1232 385 1501 425 aedificabatur,
1523 387 1562 417 et
1587 385 1686 416 106115
1711 384 2041 417 demonstrabatur
2067 384 2113 416 de
2136 384 2269 417 tunda-

146 440 282 473 mentis
309 438 473 479 magnis3
498 440 537 471 et
561 438 691 478 timui,
715 440 753 470 et
774 437 933 470 clamavi
956 446 1044 470 voce
1076 445 1229 477 magna,
1253 440 1294 470 et
1318 437 1423 470 dixi:
1449 428 1484 455 ²⁸
1507 435 1578 469 Ubi
1607 438 1665 468 est
1694 436 1798 469 Uriel
1824 437 1999 475 angelus,
2025 436 2091 475 qui
2119 444 2141 467 a
2170 435 2268 475 prin-

146 493 240 532 cipio
263 494 365 523 venit
388 491 434 523 ad
460 498 518 523 me
533 492 549 523 ⁴?
575 491 751 529 quoniam
776 491 851 530 ipse
876 497 934 522 me
958 490 1049 523 fecit
1066 489 1193 523 venire
1217 489 1256 521 in
1276 489 1524 522 multitudine
1551 488 1589 520 in
1612 496 1762 520 excessu
1784 490 1923 521 mentis
1943 488 2073 528 hujus,
2091 489 2130 520 et
2145 488 2271 521 factus

145 548 200 578 est
224 543 307 576 finis
333 551 435 575 meus
458 542 497 574 in
521 543 819 582 corruptionem,
843 543 881 574 et
905 542 1028 574 oratio
1053 550 1136 575 mea
1160 542 1200 573 in
1225 541 1500 581 improperium.

197 587 233 614 29
252 596 300 628 Et
324 604 408 627 cum
436 602 551 627 essem
576 595 728 634 loquens
752 602 820 634 ego
843 594 942 634 haec,
967 602 1049 627 6666
1073 594 1183 627 venit
1205 594 1251 625 ad
1281 601 1357 633 me,
1390 595 1428 626 et
1449 592 1546 625 vidit
1577 601 1646 626 me.
1671 584 1707 611 30
1734 593 1784 625 Et
1815 601 1897 625 ecce
1930 601 2031 625 eram
2057 592 2198 632 positus
2227 595 2271 625 ut

145 650 333 689 mortuus,
353 650 392 680 et
418 647 630 679 intellectus
655 655 758 679 meus
782 646 965 678 alienatus
988 647 1093 686 erat;
1120 647 1158 678 et
1179 645 1302 678 tenuit
1327 646 1522 678 dexteram
1545 653 1684 685 meam,
1709 647 1748 678 et
1772 645 2001 677 confortavit
2029 653 2109 684 me,
2133 646 2173 677 et
2193 646 2270 677 sta·

144 701 218 733 tuit
250 708 307 732 me
340 707 450 738 super
480 699 589 738 pedes
621 707 738 738 meos,
767 700 804 731 et
837 699 936 730 dixit
967 698 1087 732 mihi:
1113 689 1144 716 31
1170 697 1266 737 Quid
1293 697 1363 730 tibi
1387 698 1471 730 est?
1492 699 1530 729 et
1558 705 1673 736 quare
1697 697 1944 730 conturbatus
1964 698 2021 729 est
2053 696 2270 729 intellectus

142 760 249 792 tuus,
277 753 316 784 et
348 759 475 783 sensus
503 751 622 782 cordis
654 752 731 791 tui,
759 752 797 783 et
828 758 946 789 quare
975 749 1239 783 conturbaris?
1273 750 1322 782 Et
1357 749 1434 782 dixi
1457 759 1465 783 ι
1491 740 1526 767 32
1551 749 1728 788 Quoniam
1763 749 1994 789 dereliquisti
2028 756 2104 789 me,
2135 750 2176 781 et
2203 756 2271 788 ego

143 805 291 844 quidem
315 803 385 836 feci
409 804 611 835 secundum
634 811 818 835 sermones
836 804 941 841 tuos,
959 805 998 835 et
1022 802 1120 835 exivi
1142 803 1180 833 in
1205 810 1398 842 campum3
1423 802 1462 834 et
1487 809 1570 834 ecce
1590 801 1686 842 vidi,
1711 803 1749 834 et
1766 802 1873 834 video
1897 801 1994 841 quod
2021 809 2095 833 non
2119 809 2270 841 possum

140 864 328 889 enarrare.

195 909 244 941 Et
270 908 367 941 dixit
390 908 437 940 ad
461 916 546 940 me:
572 898 608 925 33
627 907 692 939 Sta
716 908 759 939 ut
777 906 846 946 vir,
871 908 909 938 et
932 906 1174 938 commonebo
1198 907 1248 939 te.
1275 906 1323 939 Et
1348 906 1449 939 dixi:
1476 898 1512 925 34
1530 907 1715 947 Loquere,
1736 905 1894 938 Domine
1919 914 2039 946 meus,
2062 908 2105 938 tu
2129 905 2167 938 in
2191 914 2269 946 me;

142 961 218 993 noli
238 969 297 993 me
322 960 594 999 derelinquere,
620 962 662 991 ut
686 968 761 991 non
782 960 927 991 frustra
953 959 1113 998 moriar;
1136 949 1173 977 35
1190 958 1364 998 quoniam
1381 959 1457 991 vidi
1483 967 1568 997 quae
1594 967 1670 990 non
1694 958 1874 997 sciebam,
1899 959 1937 990 et
1961 958 2069 990 audio
2093 965 2177 997 quae
2195 966 2271 990 non

142 1013 228 1046 scio.
253 1004 290 1031 3⁶
307 1013 385 1045 Aut
411 1011 596 1052 numquid
621 1019 748 1044 sensus
773 1019 877 1043 meus
901 1011 1064 1051 fallitur,
1089 1012 1127 1043 et
1158 1010 1282 1043 anima
1307 1019 1388 1043 mea
1412 1010 1574 1044 somniat
1589 1012 1606 1043 i>
1637 1002 1672 1029 37
1690 1010 1800 1042 Nunc
1830 1018 1919 1049 ergo
1943 1010 2121 1049 deprecor
2140 1011 2197 1051 te,
2225 1012 2270 1043 ut

142 1066 373 1097 demonstres
396 1072 503 1096 servo
526 1066 593 1096 tuo
618 1064 662 1096 de
686 1071 836 1096 excessu
858 1063 939 1095 1106.
1921 1080 1924 1084 ·

195 1118 244 1149 Et
269 1117 459 1157 respondit
483 1117 529 1148 ad
553 1124 630 1156 me,
650 1117 688 1149 et
706 1115 803 1148 dixit
821 1126 829 1148 ι
846 1107 882 1134 38
900 1115 998 1147 Audi
1019 1123 1079 1147 me
1099 1116 1137 1147 et
1161 1115 1313 1148 doceam
1334 1116 1392 1155 te,
1419 1117 1458 1148 et
1483 1115 1602 1147 dicam
1626 1115 1697 1148 tibi
1723 1115 1766 1148 de
1791 1114 1924 1155 quibus
1940 1116 2072 1156 times;
2093 1115 2270 1155 quoniam

143 1168 356 1202 Altissimus
389 1168 574 1201 revelavit
606 1168 677 1200 tibi
705 1167 884 1207 mysteria
912 1168 1044 1199 multa.
1067 1158 1104 1185 39
1120 1167 1224 1200 Vidit
1241 1170 1381 1200 rectam
1405 1168 1507 1200 viam
1536 1169 1659 1208 tuam,
1687 1168 1861 1207 quoniam
1885 1168 1964 1200 sine
1997 1167 2272 1200 intermissione

142 1221 423 1254 contristabaris
452 1229 520 1261 pro
548 1221 684 1261 populo
708 1221 795 1259 tuo,
820 1222 859 1253 et
882 1220 990 1252 valde
1015 1220 1167 1258 lugebas
1192 1222 1345 1259 propter
1371 1219 1469 1253 Sion.
1493 1211 1532 1238 40
1550 1220 1620 1252 Hic
1648 1228 1737 1259 ergo
1764 1219 1977 1252 intellectus
2002 1219 2157 1252 visionis
2185 1228 2270 1259 quae

142 1274 210 1306 tibi
236 1274 411 1313 apparuit
439 1275 527 1305 ante
551 1274 758 1313 paululum.
785 1263 818 1290 41
836 1273 953 1311 Quam
982 1271 1109 1303 vidisti
1139 1273 1350 1311 lugentem,
1386 1272 1571 1304 inchoasti
1600 1271 1782 1304 consolari
1811 1281 1906 1305 eam.
1938 1264 1975 1291 42
2003 1271 2113 1305 Nunc
2144 1274 2272 1305 autem

142 1327 219 1366 jam
244 1326 400 1365 speciem
426 1325 591 1357 mulieris
615 1333 691 1357 non
717 1324 836 1365 vides,
865 1325 930 1356 sed
963 1323 1141 1364 apparuit
1168 1323 1240 1356 tibi
1268 1323 1398 1356 civitas
1428 1323 1630 1365 aeffificari;
1656 1316 1694 1343 43
1711 1326 1751 1357 61,
1774 1324 1950 1364 quoniam
1974 1324 2177 1357 enarrabat
2203 1323 2273 1357 tibi

143 1379 185 1411 de
211 1387 298 1410 63511
320 1377 386 1409 filii
411 1378 490 1417 sui,
515 1377 596 1410 haec
621 1378 805 1409 absolutio
829 1378 899 1410 est.
924 1368 961 1394 44
984 1376 1076 1408 Haec
1104 1377 1238 1408 mulier
1263 1384 1375 1416 quam
1405 1376 1552 1417 vidisti,
1577 1377 1658 1409 haec
1689 1378 1746 1409 est
1773 1376 1879 1417 Sion;
1907 1380 1947 1410 et
1972 1377 2152 1416 quoniam
2177 1375 2274 1409 dixit

142 1430 229 1470 tibi,
254 1438 368 1469 quam
392 1431 431 1461 et
454 1438 554 1462 nunc
576 1429 795 1470 conspicies,
819 1432 864 1461 ut
884 1428 1080 1461 civitatem
1100 1429 1342 1462 aedificatam.
1368 1421 1405 1447 45
1424 1429 1474 1462 Et
1496 1429 1673 1468 quoniam
1698 1429 1794 1462 dixit
1818 1428 1907 1470 tibi,
1932 1429 2022 1469 quia
2039 1428 2177 1462 sterilis
2194 1429 2273 1461 fuit

141 1484 301 1522 triginta
331 1482 456 1522 annis,
484 1484 637 1523 propter
662 1482 760 1521 quod
791 1483 900 1514 erant
927 1481 1018 1513 anni
1051 1480 1191 1513 scilicet
1223 1480 1400 1522 triginta,
1433 1481 1582 1521 quando
1614 1490 1690 1513 non
1719 1483 1802 1514 erat
1834 1481 1872 1514 in
1905 1490 1947 1514 ea
1975 1481 2099 1514 adhuc
2124 1481 2271 1516 oblatio

140 1535 275 1567 oblata.
299 1525 337 1552 46
356 1535 403 1566 Ε1,
431 1535 574 1566 factum
599 1537 655 1566 est
685 1536 768 1574 post
788 1542 906 1565 annos
931 1532 1110 1573 triginta,
1136 1532 1341 1566 aedificavit
1371 1534 1545 1566 Salomon
1570 1533 1783 1574 civitatem,
1812 1536 1851 1567 et
1880 1533 2018 1566 obtulit
2042 1533 2270 1574 oblationes3

141 1595 233 1619 111116
256 1586 332 1619 fuit
356 1587 506 1626 quando
533 1576 678 1626 peperit
701 1586 839 1619 sterilis
865 1586 997 1619 filium.
1027 1577 1064 1603 47
1084 1585 1132 1617 Et
1156 1585 1256 1625 quod
1281 1585 1352 1618 tibi
1376 1586 1490 1626 dixit,
1516 1586 1694 1625 quoniam
1719 1586 1884 1619 nutrivit
1905 1595 1992 1619 eum
2016 1594 2102 1619 cum
2124 1586 2271 1626 labore,

140 1639 209 1671 1106
231 1640 332 1679 erat,
353 1638 540 1671 habitatio
565 1638 604 1671 in
624 1639 648 1671 J
651 1639 855 1677 erusalem;
881 1629 919 1656 48
932 1639 971 1671 61,
990 1637 1168 1678 quoniam
1194 1638 1290 1670 dixit
1311 1638 1384 1671 tibi
1404 1638 1505 1678 quod
1531 1638 1628 1670 filius
1653 1647 1756 1671 meus
1774 1639 1927 1671 veniens
1949 1640 1989 1670 in
2017 1647 2083 1671 suo
2105 1638 2272 1670 thalamo

141 1693 309 1723 mortuus
334 1693 449 1731 esset,
474 1692 513 1723 et
536 1690 754 1730 contigisset
777 1690 810 1723 ei
831 1699 957 1729 casus,
982 1690 1052 1722 1106
1075 1691 1176 1730 erat,
1202 1698 1288 1729 quae
1314 1690 1417 1722 facta
1445 1692 1502 1723 est
1530 1690 1642 1722 ruina
1666 1690 1888 1723 Jerusalem.
1911 1682 1949 1708 49
1968 1691 2018 1722 Et
2039 1698 2119 1723 6666
2144 1689 2272 1722 vidisti

141 1744 424 1776 similitudinem
449 1744 549 1783 ejus;
574 1745 611 1775 et
632 1743 807 1783 quoniam
831 1741 949 1774 filium
971 1743 1137 1782 lugeret,
1160 1741 1344 1774 inchoasti
1369 1741 1554 1774 consolari
1576 1750 1680 1781 eam;
1701 1744 1740 1775 et
1763 1743 1808 1776 de
1828 1742 1885 1775 his
1906 1750 1990 1782 quae
2010 1742 2269 1782 contigerunt,

141 1795 220 1828 haec
247 1797 354 1828 erant
378 1795 445 1828 tibi
471 1794 680 1835 aperienda.

196 1840 231 1866 50
254 1849 301 1880 Et
326 1856 425 1880 nunc
444 1847 544 1880 videt
569 1847 783 1880 Altissimus
801 1847 977 1887 quoniam
1002 1855 1047 1879 ex
1068 1848 1193 1879 animo
1213 1846 1462 1879 contristatus
1487 1855 1542 1887 es,
1566 1848 1606 1879 et
1627 1847 1801 1886 quoniam
1827 1856 1873 1880 ex
1893 1850 1975 1880 toto
1999 1847 2107 1879 corde
2132 1847 2273 1886 pateris

142 1908 210 1939 pro
238 1908 300 1941 ea,
324 1899 488 1932 ostendit
512 1899 582 1932 tibi
603 1901 815 1932 claritatem
839 1899 969 1939 gloriae
996 1901 1095 1939 ejuS,
1115 1900 1154 1931 et
1178 1899 1498 1938 pulchritudinem
1524 1899 1666 1931 decoris
1687 1901 1776 1939 ejus.
1797 1890 1828 1917 51
1845 1900 2049 1938 Propterea
2074 1897 2174 1931 enim
2194 1897 2273 1930 dixi

142 1952 232 1991 tibi,
254 1953 297 1983 ut
322 1959 490 1984 maneres
515 1952 554 1983 in
579 1960 708 1991 campo
728 1951 793 1983 ubi
817 1952 947 1984 domus
968 1959 1044 1982 non
1068 1952 1125 1983 est
1154 1950 1353 1983 aedificata.
1378 1942 1413 1968 5²
1430 1950 1597 1983 Sciebam
1617 1950 1718 1983 enim
1747 1960 1831 1991 ego,
1857 1951 2032 1991 quonjam
2061 1949 2274 1983 Altissimus

142 2003 338 2043 incipiebat
365 2003 434 2036 tibi
455 2004 651 2036 ostendere
675 2004 778 2043 haec;
804 1995 839 2022 53
854 2004 1053 2043 propterea
1077 2002 1153 2035 dixi
1174 2002 1264 2043 tibi,
1289 2005 1333 2035 ut
1350 2004 1496 2036 venires
1519 2003 1559 2035 in
1575 2012 1709 2043 agrum
1727 2005 1791 2036 ubi
1808 2012 1884 2036 non
1901 2006 1957 2037 est
1981 2004 2274 2036 fundamentum

143 2056 299 2088 aedificii.
331 2047 366 2074 54
391 2055 469 2087 Nec
500 2056 599 2088 enim
634 2057 780 2095 poterat
812 2064 903 2096 opus
935 2055 1083 2088 aedificii
1115 2054 1277 2087 hominis
1310 2055 1485 2088 sustineri
1513 2056 1553 2087 in
1585 2057 1684 2096 loco,
1716 2057 1781 2089 ubi
1809 2056 2057 2096 incipiebatur
2089 2053 2275 2088 Altissimi

141 2108 272 2140 civitas
297 2108 453 2141 ostendi.
481 2100 518 2126 55
535 2108 591 2140 Tu
620 2117 709 2148 ergo
732 2108 811 2140 noli
835 2108 985 2148 timere,
1010 2115 1130 2147 neque
1155 2110 1378 2147 expavescat
1410 2116 1473 2140 cor
1493 2109 1628 2149 tuum;
1656 2109 1719 2141 sed
1751 2109 1962 2149 ingredere,
1986 2109 2023 2140 et
2048 2108 2133 2140 vide
2156 2108 2275 2147 splen-

142 2161 269 2193 dorem
301 2162 339 2193 et
363 2159 661 2199 magnitudinem
687 2160 857 2200 aedificii,
891 2165 1078 2200 quantum
1109 2168 1225 2200 capax
1249 2163 1306 2192 est
1337 2160 1406 2192 tibi
1430 2161 1534 2192 visus
1558 2162 1755 2194 oculorum
1783 2162 1929 2201 videre3
1962 2151 1998 2178 56
2019 2161 2058 2193 et
2082 2161 2166 2200 post
2192 2159 2276 2191 haec

141 2213 265 2245 audies
290 2214 472 2252 quantum
498 2212 595 2252 capit
621 2213 772 2245 auditus
796 2213 945 2245 aurium
966 2214 1119 2244 tuarum
1144 2213 1288 2245 audire.
1316 2204 1350 2230 57
1370 2213 1426 2244 Tu
1450 2212 1549 2245 enim
1571 2213 1703 2245 beatus
1722 2221 1761 2245 es
1786 2222 1866 2254 prae
1893 2213 2041 2252 multiS,
2058 2213 2098 2245 et
2113 2215 2272 2244 vocatus

141 2273 178 2298 es
201 2265 298 2305 apud
324 2264 559 2297 Altissimum
580 2264 677 2298 sicut
701 2266 739 2298 et
755 2267 874 2304 pauci.
902 2257 938 2283 5⁸
956 2264 1073 2297 Nocte
1098 2266 1225 2297 autem
1251 2273 1336 2304 quae
1357 2265 1395 2296 in
1420 2264 1629 2297 crastinum
1650 2266 1784 2298 futura
1800 2268 1875 2306 est,
1898 2264 2063 2298 manebis
2083 2264 2166 2305 hic;
2186 2255 2222 2282 59
2236 2268 2275 2295 et

142 2317 310 2349 ostendet
343 2316 412 2349 tibi
444 2317 660 2350 Altissimus
688 2326 751 2350 eas
776 2317 936 2350 visiones
967 2324 1246 2357 supremorum,
1277 2325 1362 2356 quae
1393 2317 1505 2350 faciet
1538 2316 1753 2351 Altissimus
1781 2318 1839 2351 his
1871 2317 1934 2357 qui
1967 2316 2141 2349 habitant
2163 2322 2275 2356 super

143 2372 282 2402 terram
310 2378 332 2401 a
352 2370 565 2402 novissimis
589 2370 727 2402 diebus.

195 2413 230 2438 ⁶⁰
249 2422 297 2454 Et
322 2420 480 2453 dormivi
504 2422 607 2453 illam
633 2423 782 2454 noctem
807 2423 843 2455 et
869 2421 999 2462 aliam,
1025 2422 1122 2454 sicut
1144 2421 1291 2454 dixerat
1316 2421 1420 2454 mihi.

930 2522 953 2579 ξ
988 2523 1043 2565 V.
1072 2549 1132 2553 —
1170 2523 1291 2565 Visio
1316 2524 1486 2578 quinta.

193 2632 282 2664 CAP.
308 2632 375 2665 XI.
398 2650 441 2654 —
461 2622 474 2648 ¹
495 2631 542 2664 Et
563 2631 639 2664 vidi
661 2631 869 2672 somnium,
893 2633 931 2664 et
956 2639 1037 2664 6666
1061 2631 1285 2664 ascendebat
1310 2632 1354 2665 de
1379 2632 1475 2664 mari
1499 2632 1642 2673 aquila,
1671 2631 1728 2664 cui
1753 2636 1861 2665 erant
1879 2630 2073 2664 duodecim
2096 2631 2167 2663 alae
2188 2637 2275 2670 pen-

143 2692 277 2716 narum
302 2686 341 2717 et
365 2683 488 2724 capita
512 2684 601 2717 tria.
628 2676 645 2702 2
671 2684 719 2715 Et
743 2683 839 2724 vidi,
864 2685 903 2715 et
935 2691 1017 2716 6666
1042 2684 1279 2723 expandebat
1304 2685 1381 2716 alas
1409 2693 1494 2717 suas
1518 2683 1557 2717 in
1587 2693 1735 2716 omnem
1762 2685 1923 2724 terram,
1953 2686 1991 2716 et
2019 2691 2146 2715 omnes
2170 2681 2276 2715 venti

143 2736 225 2769 caeli
250 2736 490 2768 insufflabant
511 2736 551 2768 in
567 2744 648 2768 eam
661 2761 669 2775 ‚
687 2738 727 2769 et
748 2735 1031 2776 colligebantur.
1051 2727 1068 2754 3
1087 2736 1135 2768 Et
1154 2736 1252 2776 vidi,
1269 2738 1309 2769 et
1327 2736 1373 2770 de
1394 2736 1524 2776 pennis
1544 2737 1623 2777 ejus
1642 2736 1892 2769 nascebantur
1907 2735 2109 2768 contrariae
2127 2741 2274 2775 pennae,

142 2790 181 2820 et
205 2787 294 2829 ipsae
314 2789 453 2820 fiebant
477 2789 517 2820 in
541 2789 758 2828 pennaculis
783 2788 938 2821 minutis
963 2789 1002 2820 et
1027 2787 1187 2820 modicis.
1213 2780 1230 2806 4
1252 2788 1349 2821 Nam
1375 2789 1504 2829 capita
1527 2790 1606 2828 ejus
1631 2790 1740 2821 erant
1761 2788 2002 2828 quiescentia,
2023 2789 2061 2820 et
2079 2786 2273 2819 dimidium

142 2843 255 2880 caput
280 2842 361 2873 erat
387 2841 506 2880 majus
531 2841 691 2873 aliorum
720 2840 903 2880 capitum,
929 2840 993 2873 sed
1017 2841 1098 2880 ipsa
1117 2841 1337 2879 quiescebat
1361 2850 1446 2873 cum
1470 2841 1533 2874 eis.
1554 2833 1570 2859 5
1589 2842 1638 2873 Ε1,
1654 2841 1749 2880 vidi,
1768 2843 1808 2873 et
1829 2849 1910 2874 ecce
1935 2840 2060 2880 aquila
2078 2837 2220 2871 volavit
2235 2837 2271 2868 in

142 2893 274 2932 pennis
298 2894 393 2931 suis,
418 2894 457 2925 et
477 2893 653 2931 regnavit
673 2900 782 2932 super
806 2894 970 2932 terram,
991 2894 1030 2925 et
1054 2901 1164 2932 super
1187 2901 1248 2925 eos
1274 2892 1337 2932 qui
1361 2893 1538 2926 habitant
1558 2893 1597 2925 in
1617 2902 1675 2926 63.
1701 2885 1718 2911 ⁶
1737 2894 1784 2926 Et
1800 2893 1896 2933 vidi,
1914 2893 2093 2932 quoniam
2108 2890 2274 2929 subjecta

143 2947 251 2977 erant
276 2944 308 2977 ei
329 2945 454 2977 omnia
478 2945 546 2977 sub
579 2945 688 2984 caelo,
712 2946 751 2978 et
775 2953 884 2977 nemo
916 2944 973 2976 illi
1001 2944 1302 2984 contradicebat,
1327 2954 1448 2986 neque
1477 2954 1574 2978 unus
1598 2946 1644 2978 de
1672 2947 1846 2978 creatura
1875 2953 1959 2985 quae
1982 2944 2040 2978 est
2064 2950 2173 2982 super
2199 2943 2272 2974 ter-

144 3005 233 3030 ram.
253 2988 270 3014 7
290 2996 338 3028 Et
355 2996 453 3037 vidi,
466 2999 505 3030 et
522 3005 603 3030 ecce
625 2996 790 3029 surrexit
810 2997 937 3037 aquila
954 3005 1064 3036 super
1081 3005 1224 3036 ungues
1242 3006 1345 3039 SUOS,
1364 3004 1403 3031 et
1421 2997 1525 3031 misit
1542 3006 1670 3030 vocem
1691 2999 1822 3038 pennis
1840 2998 1927 3037 suis,
1946 2998 2072 3029 dicens
2087 3005 2095 3028 :
2117 2986 2133 3012 ⁸
2149 2993 2275 3026 Nolite

143 3057 268 3081 omnes
292 3049 401 3081 simul
422 3048 598 3089 vigilare,
624 3050 784 3082 dormite
809 3048 1060 3089 unusquisque
1088 3049 1127 3081 in
1155 3050 1235 3082 loco
1263 3058 1348 3090 suo,
1374 3052 1413 3083 et
1438 3058 1504 3090 per
1525 3051 1674 3089 tempus
1701 3049 1866 3090 vigilate.
1894 3041 1911 3068 9
1928 3049 2059 3088 Capita
2082 3047 2209 3079 autem
2233 3045 2273 3077 in

145 3100 343 3133 novissimo
369 3105 578 3133 serventur.
602 3092 636 3119 ¹⁰
658 3101 707 3133 Et
731 3101 826 3142 vidi,
848 3104 885 3133 et
913 3109 994 3133 ecce
1019 3110 1090 3133 vox
1119 3109 1195 3133 non
1219 3101 1346 3135 exibat
1375 3103 1420 3135 de
1449 3102 1632 3142 capitibus
1659 3103 1758 3142 ejus,
1787 3103 1851 3134 sed
1883 3102 1927 3134 de
1960 3099 2160 3132 medietate
2195 3105 2274 3129 cor-

147 3154 245 3193 poris
270 3154 361 3193 ejus.

197 3196 223 3221 ¹¹
244 3205 292 3236 Et
315 3206 511 3237 numeravi
543 3207 754 3238 contrarias
786 3214 925 3245 pennas
959 3207 1058 3246 ejus,
1082 3207 1122 3238 et
1150 3215 1232 3239 6666
1264 3205 1354 3246 ipsae
1383 3208 1492 3239 erant
1516 3208 1607 3240 octo.
1639 3198 1672 3226 ¹²
1699 3206 1747 3239 Et
1773 3205 1868 3246 vidi,
1896 3208 1935 3239 et
1967 3211 2049 3237 6666
2072 3211 2095 3235 3
2119 3203 2275 3235 dextera

146 3259 250 3296 parte
271 3258 435 3289 surrexit
460 3266 535 3289 una
559 3266 700 3297 penna,
725 3259 763 3290 et
784 3259 958 3297 regnavit
982 3267 1093 3298 super
1109 3266 1257 3291 omnem
1285 3260 1440 3291 terram.
1465 3249 1498 3277 13
1522 3259 1570 3291 Et
1594 3260 1739 3291 factum
1760 3259 1817 3291 est
1845 3265 1928 3290 cum
1952 3256 2147 3295 regnaret,
2170 3252 2275 3286 venit

147 3309 179 3340 ei
199 3308 301 3348 finis,
327 3312 364 3341 et
389 3318 463 3341 non
488 3310 663 3349 apparuit
688 3311 789 3342 locus
813 3311 910 3349 ejus,
932 3312 970 3343 et
990 3319 1146 3350 sequens
1167 3309 1380 3350 exurrexit,
1396 3311 1436 3342 et
1460 3312 1662 3351 regnabat3
1684 3310 1762 3350 ipsa
1786 3310 1948 3342 multum
1970 3307 2091 3340 tenuit
2113 3308 2273 3346 tempus.

150 3352 182 3377 ¹4
200 3361 247 3392 Et
272 3361 414 3393 factum
439 3362 497 3393 est
519 3370 603 3394 cum
627 3364 823 3401 regnaret,
844 3364 883 3394 et
903 3362 1079 3395 veniebat
1103 3362 1187 3395 finis
1208 3364 1306 3402 ejus,
1331 3366 1375 3395 ut
1401 3371 1478 3394 non
1498 3365 1697 3404 appareret
1721 3362 1817 3394 sicut
1843 3359 1964 3400 prior;
1991 3351 2075 3392 ¹5et
2103 3367 2184 3391 6666
2201 3365 2273 3390 vox

148 3411 278 3444 emissa
301 3415 358 3445 est
381 3414 470 3452 illi„
484 3412 608 3446 dicens
627 3424 635 3446 :
655 3405 688 3431 ¹⁰
707 3413 824 3454 Audi,
854 3416 898 3446 tu
922 3422 1007 3454 quae
1036 3416 1148 3447 tanto
1171 3416 1338 3454 tempore
1364 3414 1519 3447 tenuisti
1544 3418 1686 3448 terram
1709 3425 1717 3448 :
1739 3414 1829 3445 Haec
1857 3412 2044 3444 annuntio
2073 3410 2143 3444 tibi
2168 3411 2272 3442 ante-

149 3470 260 3501 quam
277 3464 430 3504 incipias
447 3473 517 3497 non
539 3473 727 3506 apparere.
741 3457 774 3483 ¹7
784 3465 902 3498 Nemo
919 3468 1002 3506 post
1020 3468 1057 3499 te
1070 3465 1214 3498 tenebit
1231 3468 1382 3506 tempus
1399 3468 1520 3506 tuum,
1538 3468 1601 3499 sed
1618 3475 1686 3499 1166
1702 3463 1894 3498 dimidium
1911 3465 2004 3504 ejus.
2019 3456 2052 3482 ¹⁸
2069 3463 2116 3495 Et
2133 3460 2273 3495 levavit

150 3522 187 3546 56
214 3516 346 3555 tertia,
373 3520 411 3548 et
442 3517 568 3550 tenuit
592 3517 842 3558 principatum
870 3517 966 3550 sicut
997 3520 1034 3551 et
1063 3519 1227 3558 priores;
1258 3520 1296 3551 et
1327 3526 1402 3550 non
1427 3519 1601 3559 apparuit
1632 3519 1671 3550 et
1697 3517 1787 3557 ipsa.
1813 3506 1847 3532 ¹⁹
1869 3517 1918 3549 Et
1946 3517 1997 3549 sic
2026 3513 2272 3554 contingebat

150 3566 316 3598 omnibus
337 3567 417 3599 aliis
437 3570 656 3607 singulatim
685 3570 936 3609 principatum
958 3578 1103 3610 gerere,
1128 3572 1166 3602 et
1189 3571 1328 3602 iterum
1349 3578 1535 3609 nusquam
1559 3575 1780 3608 comparere.

205 3608 240 3635 ²⁰
257 3617 305 3649 Et
326 3618 419 3659 vidi,
441 3621 479 3652 et
501 3628 582 3652 6666
607 3622 643 3652 111
668 3624 833 3660 tempore
858 3625 1053 3661 sequentes
1074 3629 1206 3662 pennae
1233 3621 1475 3660 erigebantur
1494 3629 1517 3653 a
1540 3621 1695 3653 dextera
1715 3621 1840 3660 parte,
1858 3621 1901 3652 ut
1926 3619 2100 3652 tenerent
2120 3619 2159 3651 et
2178 3619 2272 3658 ipsae

2385 274 2391 295 l
