2456 3861
769 179 915 223 DssU'r.
949 180 1126 233 XXIX,
1163 180 1291 223 1-26.
1857 184 1939 227 189

118 355 166 392 ut
191 364 287 392 eam
312 350 503 406 amplius
533 365 621 393 non
648 350 843 405 videres3
877 351 937 392 ibi
963 351 1166 394 venderis
1198 351 1392 395 inimicis
1415 353 1502 396 tuis
1528 352 1572 395 in
1606 367 1753 396 servos
1781 364 1826 395 et
1861 367 1936 396 an·
1982 403 1986 406 .

117 408 268 463 cillas;
297 415 341 451 et
366 423 453 451 non
480 409 562 451 erit
583 410 655 464 qui
683 415 815 452 emat.

426 533 447 584 ξ
476 531 561 574 111.
584 555 644 562 ———
663 530 841 572 Instans
867 531 1055 573 hortatio
1080 531 1304 587 aclfiedus
1324 534 1630 576 renovandum.

173 645 281 688 CAP.
316 645 484 689 XXIX.
510 669 570 677 -—-
607 644 615 670 ¹
650 644 756 685 Haec
789 650 891 686 sunt
920 645 1054 687 verba
1087 646 1290 698 foederis,
1326 648 1439 702 quod
1473 649 1686 704 praecepit
1723 650 1938 694 Dominus

115 703 257 758 Moysi
284 708 332 745 ut
357 704 511 745 feriret
537 717 635 744 culn
660 702 760 743 filiis
784 703 921 745 Israel
947 702 991 744 in
1018 709 1132 745 terra
1155 705 1301 759 Moab,
1329 713 1489 760 praeter
1506 707 1615 749 illud
1634 708 1796 764 foedus,
1822 710 1936 765 quod

114 775 213 803 cuin
240 763 303 805 eis
329 762 499 818 pepigit
523 762 570 803 in
597 760 762 802 Horeb.

173 820 190 845 *²
217 820 491 874 vocavitque
519 821 694 875 Moyses
717 833 892 862 omnem
919 821 1078 875 Israel,
1106 826 1150 863 et
1176 821 1290 864 dixit
1315 822 1370 864 ad
1394 837 1469 866 eos
1492 841 1500 867 :
1527 826 1616 868 Vos
1641 826 1816 869 vidistis
1842 828 1937 870 uni-

113 893 258 934 versa,
282 892 381 934 quae
404 879 516 921 fecit
542 877 759 921 Dominus
781 891 929 921 coram
954 880 1080 922 vobis
1105 879 1149 922 in
1172 884 1287 922 terra
1314 882 1501 937 AEgypti
1524 884 1761 940 Pharaoni,
1783 891 1826 928 et
1848 901 1937 928 om-

113 938 242 980 nibus
274 937 411 980 servis
445 938 562 994 ejus,
592 935 897 992 universaeque
930 943 1058 980 terrae
1093 938 1231 993 illius,
1255 938 1273 965 3
1299 941 1569 985 tentationes
1598 957 1804 999 magnas,
1831 959 1938 999 quas

111 996 317 1039 viderunt
341 996 457 1039 oculi
479 997 563 1051 tui,
590 995 718 1051 signa
741 996 840 1051 illa,
873 1002 1162 1053 portentaque
1195 997 1417 1053 ingentia,
1444 999 1461 1025 4
1482 1006 1526 1043 et
1548 1015 1635 1043 non
1657 1001 1780 1045 dedit
1813 1003 1939 1046 vobis

113 1055 329 1098 Dominus
352 1069 425 1098 cor
448 1054 726 1110 intelligens,
755 1059 799 1098 et
821 1055 970 1098 oeulos
996 1056 1219 1112 videntes,
1247 1061 1291 1099 et
1311 1071 1437 1100 aures
1455 1073 1554 1114 quae
1571 1065 1755 1115 possunt
1772 1061 1937 1118 audire,

111 1128 246 1170 usque
273 1114 318 1156 in
343 1120 609 1170 praesentem
634 1113 766 1157 diem.
786 1114 803 1140 5
823 1114 1024 1157 Adduxit.
1042 1129 1119 1158 vos
1137 1115 1432 1172 quadraginta
1450 1118 1578 1161 annis
1596 1132 1673 1175 per
1691 1119 1936 1175 desertum,

110 1187 198 1216 non
233 1178 337 1216 sunt
369 1174 524 1216 attrita
553 1173 822 1217 vestimenta
851 1178 1023 1229 vestra,
1047 1188 1127 1217 nec
1161 1175 1462 1218 calceamenta
1495 1177 1658 1234 pedum
1694 1183 1939 1221 vestrorum

109 1238 330 1276 vetustate
357 1237 619 1289 consumpta
645 1237 761 1275 sunt.
788 1232 805 1259 ὃ
828 1233 995 1275 Panem
1010 1247 1096 1276 non
1117 1233 1390 1290 comedistis,
1410 1235 1564 1278 vinum
1582 1241 1626 1279 et
1646 1237 1833 1280 siceram
1851 1252 1939 1281 non

110 1291 306 1347 bibistis,
335 1297 382 1334 ut
407 1292 578 1335 sciretis
602 1292 706 1347 quia
731 1305 812 1347 ego
834 1306 931 1333 sum
967 1292 1183 1335 Dominus
1214 1294 1332 1336 Deus
1355 1299 1512 1337 vester.
1544 1295 1558 1321 7
1586 1297 1644 1338 Et
1665 1296 1849 1339 venistis
1882 1297 1938 1340 ad

110 1351 227 1393 hunc
252 1351 423 1406 locum,
451 1365 737 1407 egressusque
757 1356 824 1393 est
847 1350 1011 1405 Sehon,
1035 1366 1115 1394 rex
1139 1351 1370 1407 Hesebon,
1391 1358 1434 1396 et
1460 1355 1548 1410 Og,
1574 1369 1653 1398 rex
1672 1356 1839 1412 Basan,
1868 1370 1938 1399 oc-

113 1416 341 1453 currentes
378 1410 507 1453 nobis
532 1409 589 1452 ad
627 1423 850 1466 pugnam,
895 1414 938 1452 et
976 1411 1269 1466 percussimus
1310 1425 1404 1467 eos,
1443 1412 1513 1456 8et
1553 1414 1734 1457 tulimus
1775 1419 1938 1457 terram

110 1483 279 1525 eorum,
305 1483 358 1512 ac
376 1469 639 1511 tradidimus
662 1468 976 1525 possidendam
1001 1469 1156 1512 Ruben
1180 1475 1223 1512 et
1249 1470 1367 1526 Gad,
1394 1476 1439 1514 et
1462 1472 1657 1516 dimidiae
1682 1473 1816 1516 tribui
1842 1474 1937 1516 Ma-

109 1542 251 1572 nasse.

169 1587 186 1613 ⁹
203 1588 430 1631 Custodite
446 1601 550 1644 ergo
563 1588 700 1631 verba
713 1587 833 1643 pacti
859 1587 1005 1644 hujus,
1025 1593 1070 1631 et
1091 1588 1273 1644 implete
1296 1603 1359 1645 ea,
1383 1594 1432 1632 ut
1448 1589 1713 1646 intelligatis
1732 1591 1938 1636 universa

108 1661 205 1702 quae
229 1647 398 1690 facitis.
425 1646 462 1673 10
488 1647 578 1689 Vos
602 1646 731 1690 statis
756 1646 887 1690 hodie
913 1648 1060 1689 cuncti
1095 1661 1243 1690 coram
1278 1648 1469 1691 Domino
1503 1649 1598 1692 Deo
1627 1655 1792 1706 vestro,
1819 1651 1937 1706 prin-

108 1706 228 1761 cipes
248 1706 405 1761 vestri,
439 1711 484 1749 et
512 1706 673 1761 tribus,
705 1719 758 1748 ac
789 1706 979 1762 madores
1006 1711 1135 1762 natu,
1170 1712 1301 1763 atque
1335 1707 1556 1764 doctores,
1583 1709 1726 1752 omnis
1749 1710 1937 1765 populus

107 1765 266 1821 Israel,
291 1765 324 1792 11
344 1765 472 1808 liberi
495 1770 541 1808 et
563 1779 720 1809 uxores
742 1770 921 1820 vestrae,
949 1770 993 1808 et
1017 1766 1191 1808 advena
1216 1766 1290 1822 qui
1310 1771 1459 1809 tecum
1483 1772 1680 1810 moratur
1704 1768 1750 1811 in
1768 1769 1935 1825 castris,

107 1825 306 1881 exceptis
330 1825 552 1880 lignorum
574 1824 833 1879 caesoribus,
861 1831 906 1867 et
930 1825 998 1868 his
1019 1825 1094 1880 qui
1120 1830 1399 1882 comportant
1424 1840 1585 1882 aquas3
1609 1825 1646 1852 ¹²
1667 1832 1715 1870 ut
1735 1833 1937 1871 transeas

105 1883 152 1925 in
175 1883 347 1927 foedere
371 1883 550 1926 Domini
579 1883 662 1926 Dei
684 1883 769 1938 tui,
796 1889 842 1926 et
865 1883 910 1925 in
947 1883 1237 1940 jurejurando
1263 1884 1378 1940 quod
1410 1885 1540 1928 hodie
1575 1886 1791 1929 Dominus
1818 1887 1936 1930 Deus

105 1947 206 1985 tuus
231 1942 424 1999 percutit
454 1948 627 1997 tecum3
656 1942 692 1969 13
715 1947 766 1985 ut
797 1943 979 1986 suscitet
1011 1948 1055 1985 te
1080 1942 1165 1986 sibi
1197 1943 1244 1986 in
1274 1943 1507 2000 populum,
1541 1949 1586 1988 et
1615 1945 1708 2002 ipse
1733 1946 1791 1988 sit
1817 1946 1936 1989 Deus

105 2006 227 2058 tuus,
254 2003 369 2045 sicut
393 2002 565 2045 locutus
585 2006 651 2045 est
669 2001 775 2057 tibi,
802 2007 846 2045 et
863 2002 978 2045 sicut
993 2003 1163 2059 juravit
1181 2002 1381 2059 patribus
1398 2003 1507 2059 tuis,
1527 2004 1770 2060 Abraham,
1791 2006 1934 2054 Isaac,

106 2065 151 2103 et
172 2062 328 2104 Jacob.
352 2061 387 2088 14
406 2062 499 2104 Nec
520 2061 646 2104 vobis
673 2061 776 2104 solis
802 2075 884 2117 ego
916 2062 1000 2104 hoc
1025 2062 1175 2104 foedus
1200 2061 1335 2118 ferio,
1370 2066 1415 2105 et
1439 2063 1535 2105 haec
1559 2063 1813 2119 J'uramenta
1836 2078 1935 2106 con-

105 2119 250 2176 firmo,
278 2121 314 2148 15
331 2121 409 2164 sed
431 2121 602 2163 cunctis
626 2121 921 2177 praesentibus
946 2126 991 2164 et
1011 2120 1283 2164 absentibus.

166 2179 202 2207 16
222 2182 315 2223 Vos
339 2180 458 2223 enim
479 2179 619 2223 nostis
650 2180 869 2235 quomodo
900 2180 1250 2223 habitaverimus
1282 2180 1329 2223 in
1358 2186 1475 2223 terra
1507 2181 1718 2237 AEgypti,
1755 2187 1798 2225 et
1830 2197 1935 2238 quo-

106 2240 236 2283 modo
266 2239 572 2282 transierimus
597 2254 675 2295 per
708 2238 904 2282 medium
937 2239 1189 2296 nationum,
1225 2254 1332 2296 quas
1364 2245 1664 2295 transeunteS,
1700 2241 1734 2267 17
1760 2241 1935 2284 vidistis

106 2299 462 2342 abominationes
480 2304 525 2341 et
545 2298 715 2354 sordes,
742 2298 788 2340 id
813 2303 904 2354 est,
928 2298 1050 2341 idola
1076 2313 1246 2353 eorum,
1273 2298 1447 2355 lignum
1470 2304 1515 2342 et
1536 2299 1751 2355 lapidem,
1769 2314 1935 2359 argen-

105 2363 201 2401 tum
222 2363 266 2402 et
287 2372 462 2413 aurum,
489 2371 586 2413 quae
612 2357 832 2401 colebant.
860 2357 896 2384 18
914 2359 981 2400 Ne
1006 2358 1123 2400 forte
1144 2358 1202 2400 sit
1224 2357 1342 2400 inter
1363 2373 1442 2401 vos
1462 2359 1530 2400 vir
1554 2363 1631 2401 aut
1656 2359 1833 2416 mulier,
1867 2360 1935 2402 fa-

106 2417 230 2460 milia
251 2422 328 2460 aut
349 2417 509 2473 tribus,
534 2417 661 2473 cujus
684 2431 757 2460 cor
781 2431 985 2459 aversum
1009 2421 1077 2459 est
1107 2417 1240 2459 hodie
1273 2431 1299 2459 a
1333 2417 1522 2460 Domino
1557 2418 1652 2460 Deo
1684 2423 1853 2474 nostro,
1887 2424 1936 2462 ut

106 2477 242 2520 vadat
268 2481 312 2520 et
337 2476 500 2519 serviat
522 2476 605 2519 diis
634 2475 812 2518 illarum
845 2475 1066 2531 gentium,
1099 2480 1144 2518 et
1179 2476 1237 2518 sit
1267 2476 1385 2519 inter
1416 2490 1494 2519 vos
1522 2476 1652 2519 radix
1681 2478 1936 2532 germinans

106 2536 171 2579 fel
204 2541 249 2580 et
277 2535 634 2579 amaritudinem.
669 2535 706 2561 19
733 2536 931 2590 Cumque
959 2534 1150 2577 audierit
1181 2535 1318 2577 verba
1349 2535 1592 2591 juramenti
1623 2536 1780 2592 hujus,
1803 2536 1935 2580 bene-

107 2595 228 2638 dicat
251 2595 336 2639 sibi
361 2595 409 2637 in
432 2596 562 2638 corde
586 2609 685 2650 suo,
710 2594 861 2637 dicens
883 2611 892 2638 :
920 2594 1015 2636 Pax
1040 2594 1124 2637 erit
1145 2593 1278 2650 mihi,
1305 2598 1349 2637 et
1373 2594 1612 2637 ambulabo
1636 2594 1682 2636 in
1715 2595 1935 2651 pravitate

107 2654 250 2698 cordis
271 2655 383 2708 mei3
408 2659 453 2697 et
477 2654 683 2697 absumat
716 2653 838 2696 ebria
870 2653 1115 2708 sitientem,
1147 2651 1185 2679 2⁰
1207 2657 1252 2695 et
1283 2653 1500 2696 Dominus
1524 2667 1612 2696 non
1640 2652 1844 2708 ignoscat
1868 2654 1933 2710 ei;

107 2714 183 2758 sed
208 2719 314 2757 tunc
339 2728 473 2770 qnam
497 2714 692 2757 maxime
710 2713 834 2756 furor
857 2713 954 2768 ejus
978 2712 1143 2767 fumet,
1166 2717 1212 2755 et
1231 2712 1352 2755 zelus
1374 2717 1526 2755 contra
1543 2712 1768 2755 hominem
1793 2713 1933 2770 illum,

106 2778 151 2816 et
170 2774 356 2816 sedeant
379 2787 508 2830 super
525 2787 626 2816 eum
645 2772 793 2816 omnia
812 2771 1073 2826 maledicta,
1095 2785 1192 2826 quae
1211 2771 1376 2827 scripta
1392 2776 1496 2814 sunt
1515 2771 1563 2813 in
1580 2771 1664 2814 hoc
1681 2771 1907 2815 volumine
1923 2790 1932 2827 ς

106 2838 151 2875 et
185 2832 334 2875 deleat
357 2833 573 2876 Dominus
600 2846 764 2875 nomen
797 2831 894 2887 ejus
927 2830 1007 2873 sub
1030 2830 1161 2886 caelo,
1192 2829 1226 2856 2¹
1250 2834 1294 2874 et
1327 2835 1558 2873 consumat
1585 2844 1687 2873 eum
1710 2830 1758 2873 in
1789 2831 1934 2887 perdi-

105 2892 274 2935 tionem
307 2907 362 2936 ex
395 2891 599 2935 omnibus
628 2891 830 2934 tribubus
862 2889 1021 2944 Israel,
1056 2889 1187 2946 juxta
1219 2889 1578 2945 maledictiones,
1611 2904 1711 2946 quae
1743 2889 1790 2932 in
1823 2890 1935 2934 libro

105 2951 216 3007 legis
240 2951 373 3008 hujus
398 2964 451 2993 ac
472 2950 658 2994 foederis
686 2949 983 2994 continentur.
1010 2948 1048 2974 ²2
1072 2948 1288 3005 Dicetque
1311 2962 1498 3004 sequens
1515 2949 1766 3005 generatio,
1792 2955 1837 2992 et
1853 2949 1933 2992 filii

106 3010 179 3066 qui
215 3015 452 3053 nascentur
489 3010 716 3066 deinceps,
753 3014 798 3052 et
834 3007 1076 3065 peregrini,
1110 3008 1183 3064 qui
1217 3007 1270 3051 de
1304 3007 1435 3063 longe
1471 3008 1697 3064 venerint,
1731 3008 1934 3051 videntes

104 3069 261 3126 plagas
296 3075 426 3113 terrae
466 3068 607 3126 illius,
650 3074 696 3112 et
743 3067 1045 3123 infirmitates,
1090 3066 1249 3122 quibus
1296 3081 1396 3110 eam
1440 3066 1646 3110 afflixerit
1695 3067 1929 3122 Dominus,

106 3127 144 3155 23
168 3129 397 3186 sulphure,
427 3132 471 3171 et
495 3128 600 3171 salis
631 3128 785 3171 ardore
819 3126 1103 3182 comburens,
1132 3126 1197 3168 ita
1224 3130 1274 3169 ut
1294 3126 1412 3169 ultra
1440 3140 1529 3169 non
1553 3131 1742 3182 seratur,
1765 3140 1847 3169 nec
1867 3126 1932 3168 vi—

105 3202 206 3231 rens
229 3187 459 3244 quippiam
481 3187 722 3243 germinet,
747 3187 795 3229 in
824 3185 1080 3242 exemplum
1117 3184 1414 3228 subversionis
1444 3185 1647 3230 Sodomae
1672 3190 1717 3228 et
1749 3186 1932 3229 Gomor-

106 3247 217 3303 rhae,
242 3247 429 3290 Adamae
459 3252 504 3290 et
533 3246 731 3302 Seboim,
765 3259 872 3301 quas
904 3244 1123 3288 subvertit
1159 3244 1376 3287 Dominus
1409 3244 1455 3287 in
1487 3244 1553 3287 ira
1582 3249 1627 3287 et
1658 3245 1808 3287 furore
1840 3257 1934 3299 suo,

107 3304 143 3332 ‘²⁴
181 3312 226 3350 et
251 3306 401 3350 dicent
422 3320 574 3349 omnes
599 3310 754 3362 gentes
781 3321 789 3348 :
816 3304 957 3354 Quare
979 3304 1042 3347 sic
1066 3303 1178 3347 fecit
1204 3303 1421 3346 Dominus
1442 3308 1570 3346 terrae
1594 3302 1728 3346 huic?
1746 3317 1844 3358 quae
1866 3308 1933 3345 est

106 3365 202 3409 haec
233 3365 299 3408 ira
327 3365 489 3409 furoris
519 3365 617 3421 ejus
647 3363 894 3407 immensa?
924 3361 961 3389 ²5
986 3364 1046 3406 Et
1065 3362 1396 3419 respondebunt
1420 3379 1429 3406 ε
1463 3362 1574 3413 Quia
1607 3361 1932 3416 dereliquerunt

106 3430 287 3480 pactum
311 3424 513 3478 Domini,
537 3423 654 3480 quod
674 3423 846 3480 pepigit
871 3436 972 3465 cum
996 3422 1196 3478 patribus
1218 3435 1390 3477 eorum,
1414 3421 1588 3477 quando
1612 3420 1765 3463 eduxit
1782 3433 1854 3462 eos
1878 3419 1932 3462 de

105 3488 223 3526 terra
247 3483 461 3540 AEgypti;
489 3482 526 3510 2⁶
543 3488 588 3526 et
612 3482 859 3526 servierunt
880 3481 964 3524 diis
986 3480 1164 3537 alienis,
1191 3486 1236 3524 et
1267 3480 1562 3523 adoraverunt
1587 3493 1680 3535 eos,
1717 3491 1824 3534 quos
1856 3492 1931 3521 ne-

107 3640 138 3673 2]
156 3641 216 3668 Ex.
239 3640 334 3675 XIX,
354 3643 380 3669 4.
402 3655 438 3660 —
462 3641 492 3674 5]
512 3641 589 3673 Sup.
608 3640 706 3675 VIII,
723 3642 748 3668 2.
778 3654 812 3659 —
839 3640 866 3673 7]
882 3639 959 3672 Sup.
978 3639 1045 3674 III,
1063 3641 1088 3667 1.
1113 3653 1149 3657 —
1170 3638 1218 3671 23]
1233 3638 1311 3666 Gen.
1329 3636 1425 3671 XIX,
1443 3638 1487 3664 24.
1512 3650 1548 3654 —
1573 3636 1620 3669 24]
1641 3635 1695 3663 111
1718 3635 1801 3668 ch.
1825 3635 1887 3671 IX,
1903 3638 1931 3663 8.

105 3684 176 3711 δεῖ.
194 3683 310 3720 XXII,
323 3687 350 3713 8.

2058 669 2188 697 Thema.

2072 850 2175 877 Bene-

2010 892 2161 921 ociorum
2184 894 2242 922 Dei

2084 944 2170 965 com-

2022 980 2228 1009 memoratio,

2069 1613 2186 1639 Trans-

2051 1655 2161 1682 eundu
2169 1663 2197 1682 m

2040 1698 2073 1726 in
2094 1699 2206 1727 foedus

2054 1742 2196 1771 Domini.

2025 2191 2220 2220 Dehortatie

2026 2243 2045 2263 a
2062 2235 2220 2263 violando

2053 2279 2190 2308 soedere.
