2456 3861
527 633 1012 738 LIBER
1112 633 1701 740 JUDITH

947 832 1058 836 .—..
1074 820 1282 844 -ss—¹——‘

845 959 1062 1014 PARS
1116 959 1383 1014 PRIOR

310 1085 574 1126 EVENTUS
618 1084 827 1131 QUIBUS
871 1085 1126 1124 INDUCTA
1168 1086 1298 1124 Furi*
1341 1085 1572 1125 osssrnro
1615 1086 1922 1126 BETHULIAE

301 1227 324 1285 ξ
360 1228 395 1270 1.
425 1253 484 1260 —
515 1227 728 1270 Rationes
761 1226 1045 1282 expeditionis
1078 1225 1278 1281 Assyriae
1311 1232 1461 1268 contra
1492 1226 1656 1269 Asiam
1688 1227 1926 1269 occiduam.

273 1308 376 1351 CAP.
409 1307 444 1349 Ι.

529 1412 749 1443 RPHAXAD
774 1400 943 1455 itaque,
967 1414 1045 1442 rex
1068 1399 1317 1454 Medorum,
1344 1399 1664 1455 subjugaverat
1685 1400 1847 1443 multas
1873 1405 2027 1456 gentes

549 1459 732 1515 imperio
768 1473 866 1514 suo,
902 1465 944 1501 et
980 1459 1074 1514 ipse
1111 1458 1348 1501 aedificavit
1385 1458 1612 1502 civitatem
1648 1459 2024 1517 potentissimam,

551 1532 683 1573 quam
728 1517 972 1574 appellavit
1018 1516 1280 1570 Ecbatanis,
1325 1515 1342 1542 ἓ
1368 1531 1423 1560 ex
1458 1517 1681 1573 lapidibus
1719 1518 1943 1573 quadratis
1984 1525 2026 1563 et

484 1590 488 1603 '
549 1576 708 1619 sectis:
735 1577 846 1619 fecit
879 1590 1025 1619 muros
1060 1576 1155 1631 ejus
1188 1576 1235 1617 in
1260 1574 1544 1619 altitudinem
1575 1577 1822 1620 cubitorum
1851 1583 2024 1634 septua-

416 1670 420 1671 γ
549 1635 696 1691 ginta,
731 1641 774 1678 et
809 1635 856 1678 in
889 1635 1172 1678 latitudinem
1211 1636 1460 1678 cubitorum
1501 1635 1713 1691 triginta,
1752 1641 1892 1679 turres
1925 1651 2025 1681 vero

195 1695 292 1751 ejus
315 1695 461 1752 posuit
485 1695 531 1736 in
557 1694 842 1738 altitudinem
864 1694 1114 1737 cubitorum
1136 1699 1328 1737 centum.
1351 1693 1369 1720 3
1387 1694 1469 1737 Per
1491 1695 1707 1750 quadrum
1728 1709 1829 1739 vero
1856 1710 2025 1753 earum,

195 1754 312 1797 latus
350 1759 584 1809 utrumque
616 1753 873 1797 vicenorum
909 1753 1072 1810 pedum
1109 1753 1250 1810 spatio
1288 1753 1576 1809 tendebatur3
1611 1754 1844 1810 posuitque
1879 1760 2026 1812 portas

195 1813 293 1868 ejus
313 1813 360 1855 in
378 1813 662 1856 altitudinem
680 1813 867 1855 turrium
884 1830 891 1867 3
913 1812 930 1838 4
944 1818 987 1856 et
1004 1812 1279 1868 gloriabatur
1296 1812 1421 1868 quasi
1442 1818 1596 1869 potens
1618 1813 1665 1855 in
1686 1814 1883 1870 potentia
1906 1828 2024 1858 exer-

196 1873 310 1914 citus
331 1872 419 1928 sui,
443 1877 485 1915 et
505 1872 553 1914 in
575 1872 717 1928 gloria
739 1872 1055 1928 quadrigarum
1077 1886 1268 1914 suarum.

257 1931 273 1956 5
290 1931 422 1974 Anno
450 1931 588 1987 igitur
618 1931 878 1975 duodecimo
908 1931 1033 1987 regni
1063 1931 1150 1987 sui,
1182 1932 1602 1988 Nabuchodonosor,
1624 1946 1703 1976 rex
1723 1932 2026 1989 Assyriorum,

195 1989 270 2045 qui
300 1990 516 2045 regnabat
545 1990 593 2032 in
618 1990 801 2047 Ninive,
834 1991 1015 2034 civitate
1045 2005 1229 2047 magna,
1259 1992 1478 2048 pugnavit
1507 1997 1659 2035 contra
1689 1992 1953 2048 Arphaxad,
1985 1999 2027 2035 et

195 2048 390 2091 obtinuit
419 2063 520 2091 eum
541 2049 558 2075 ⁶
574 2049 621 2091 in
644 2063 800 2106 campo
826 2065 1010 2106 magno,
1034 2049 1108 2105 qui
1136 2051 1387 2107 appellatur
1410 2052 1585 2107 Ragau,
1610 2051 1725 2094 circa
1748 2051 2025 2108 Euphraten,

195 2114 243 2151 et·
266 2107 442 2163 Tigrin,
466 2113 510 2151 et
532 2108 749 2165 Jadason,
771 2109 818 2151 in
841 2123 996 2166 campo
1024 2109 1204 2165 Erioch,
1230 2108 1350 2166 regis
1374 2110 1611 2153 Elicorum.

257 2166 272 2192 ⁷
291 2167 415 2209 Tunc
434 2167 681 2209 exaltatum
699 2173 764 2210 est
781 2182 967 2223 regnum
990 2168 1409 2224 Nabuchodonosor,
1430 2175 1472 2212 et
1491 2184 1563 2212 cor
1580 2169 1676 2225 ejus
1694 2170 1916 2213 elevatum
1935 2176 2000 2214 est
2016 2189 2024 2226 3

196 2232 242 2269 et
271 2226 391 2268 misit
419 2226 476 2268 ad
498 2240 649 2269 omnes
673 2226 746 2282 qui
772 2226 1037 2269 habitabant
1061 2227 1107 2269 in
1130 2227 1305 2283 Cilicia,
1333 2234 1375 2271 et
1406 2230 1646 2284 Damasco,
1671 2234 1713 2272 et
1735 2229 1926 2286 Libano,
1950 2229 1966 2256 8
1985 2236 2026 2273 et

197 2284 254 2328 ad
277 2290 430 2341 gentes
457 2299 556 2340 quae
586 2291 689 2328 sunt
716 2285 763 2327 in
793 2286 1016 2341 Carmelo,
1047 2291 1089 2330 et
1118 2286 1270 2343 Cedar,
1306 2292 1348 2330 et
1379 2288 1682 2331 inhabitantes
1716 2289 1952 2332 Galilaeam
1981 2289 2027 2331 in

196 2358 356 2400 campo
378 2358 543 2400 magno
566 2344 801 2401 Esdrelon,
825 2344 842 2370 9
860 2349 902 2388 et
923 2345 980 2387 ad
1003 2359 1152 2388 omnes
1175 2345 1249 2400 qui
1273 2352 1396 2389 erant
1416 2347 1463 2389 in
1486 2347 1702 2403 Samaria,
1726 2353 1768 2391 et
1798 2353 1918 2391 trans
1947 2347 2026 2390 flu-

199 2417 300 2446 men
333 2403 576 2446 Jordanem
610 2418 748 2459 usque
775 2403 832 2446 ad
862 2404 1131 2459 Jerusalem,
1165 2410 1207 2447 et
1240 2418 1416 2448 omnem
1448 2411 1609 2449 terram
1643 2407 1768 2450 Jesse
1804 2421 2028 2463 quousque

197 2462 482 2518 perveniatur
502 2462 559 2505 ad
582 2463 792 2506 terminos
813 2463 1071 2519 AEthiopiae.

262 2520 295 2548 ¹0
312 2521 384 2564 Ad
406 2522 485 2564 hos
509 2536 659 2565 omnes
682 2522 802 2564 misit
827 2522 1004 2564 nuntios
1027 2522 1446 2580 Nabuchodonosor,
1470 2539 1547 2568 rex
1568 2525 1875 2580 Assyriorum;
1901 2524 1933 2551 ¹¹
1953 2525 2027 2581 qui

198 2595 351 2623 omnes
373 2595 460 2624 uno
482 2581 631 2624 animo
655 2581 1030 2636 contradixerunt,
1051 2586 1093 2624 et
1114 2582 1376 2625 remiserunt
1398 2597 1469 2626 eos
1488 2597 1662 2638 vaCUOS,
1682 2589 1725 2626 et
1749 2584 1843 2627 sine
1864 2584 2028 2628 honore

198 2639 475 2695 abjecerunt.
500 2639 535 2666 12
553 2641 679 2683 Tunc
707 2640 968 2696 indignatus
991 2640 1398 2684 Nabuchodonosor
1417 2656 1493 2685 rex
1515 2642 1725 2685 adversus
1746 2657 1921 2686 omnem
1943 2648 2026 2687 ter-

198 2713 293 2740 ram
321 2698 467 2755 illam,
490 2699 660 2755 juravit
686 2714 762 2756 per
782 2700 989 2742 thronum
1018 2704 1061 2742 et
1089 2713 1274 2755 regnum
1307 2714 1434 2743 suum
1462 2701 1578 2756 quod
1607 2701 1866 2745 defenderet
1896 2716 1941 2745 se
1976 2702 2028 2746 de

196 2757 404 2801 omnibus
425 2758 680 2815 regionibus
706 2759 787 2802 his.

260 2817 367 2861 CAP.
395 2819 459 2861 ΙΙ.
488 2844 548 2850 -
576 2817 590 2844 ¹
611 2819 741 2861 Anno
772 2819 900 2862 tertio
931 2818 1101 2862 decimo
1132 2818 1539 2862 Nabuchodonosor
1570 2819 1707 2876 regis,
1740 2820 1956 2876 vigesima
1985 2826 2028 2864 et

194 2876 394 2920 >secunda
417 2877 488 2920 die
512 2877 676 2920 mensis
705 2878 855 2934 primi,
878 2877 1051 2920 factum
1077 2882 1142 2920 est
1165 2877 1346 2921 verbum
1373 2877 1420 2920 in
1449 2877 1578 2921 domo
1606 2879 2025 2936 Nabuchodonosor,

196 2935 314 2991 regis
345 2936 649 2993 Assyriorum,
679 2943 729 2980 ut
758 2937 1016 2980 defenderet
1049 2950 1106 2982 se.
1138 2935 1155 2962 ²
1185 2937 1456 2993 Vocavitque
1490 2951 1640 2981 omnes
1673 2938 1864 2995 majores
1897 2945 2026 2993 natu,

193 3008 438 3051 omnesque
465 2996 619 3052 duces,
651 3002 694 3040 et
719 2996 952 3039 bellatores
975 3009 1096 3051 SUOS,
1119 3000 1162 3039 et
1183 2995 1340 3039 habuit
1361 3010 1461 3039 cum
1487 2997 1548 3040 eis
1570 2998 1830 3053 mysterium
1855 2998 2027 3041 consilii

199 3054 292 3108 sui3
316 3053 334 3080 3
348 3054 548 3110 dixitque
570 3055 886 3111 cogitationem
908 3069 1033 3097 suam
1053 3054 1100 3096 in
1122 3069 1171 3098 eo
1193 3069 1306 3111 esse,
1327 3060 1375 3098 ut
1397 3070 1571 3100 omnem
1593 3061 1755 3099 terram
1776 3071 1854 3100 suo
1874 3057 2024 3113 subju-

199 3118 326 3168 garet
354 3113 552 3170 imperio.
580 3114 596 3141 4
615 3114 738 3166 Quod
762 3115 930 3157 dictum
961 3128 1061 3157 cum
1083 3114 1319 3171 placuisset
1345 3115 1569 3171 omnibus,
1592 3116 1769 3159 vocavit
1792 3117 2027 3159 Nabucho-

199 3171 390 3215 donosor
410 3187 488 3216 rex
511 3174 827 3229 Holofernem,
851 3173 1094 3230 principem
1123 3173 1296 3216 militiae
1325 3189 1436 3230 suae,
1459 3174 1476 3201 5
1494 3180 1536 3218 et
1566 3174 1679 3217 dixit
1708 3175 1746 3218 ei
1770 3192 1778 3218 :
1808 3175 2028 3231 Egredere

198 3230 410 3275 adversus
433 3247 562 3276 omne
583 3247 769 3289 regnum
793 3232 1058 3288 Occidentis,
1078 3238 1121 3276 et
1143 3238 1294 3276 contra
1316 3248 1388 3277 eos
1413 3234 1634 3291 praecipue
1655 3234 1728 3289 qui
1755 3239 2011 3291 contempse

199 3295 302 3333 runt
333 3291 569 3349 imperium
602 3307 762 3336 meum.
793 3292 810 3319 ⁶
837 3293 935 3334 Non
965 3296 1116 3347 parcet
1150 3292 1301 3335 oculus
1330 3297 1430 3336 tuus
1463 3293 1542 3335 ulli
1575 3307 1731 3349 regno,
1766 3307 2026 3348 omnemque

200 3349 354 3393 urbem
379 3351 598 3394 munitam
619 3351 882 3407 subjugabis
906 3350 1027 3393 mihi.

603 3452 626 3509 ξ
660 3453 722 3496 Π.
753 3478 810 3484 —-
845 3453 1105 3494 Nar-rantur
1135 3454 1326 3496 victorine
1357 3454 1478 3496 Holo
1503 3455 1629 3497 ernis.

261 3543 276 3570 ⁷
295 3545 419 3588 Tunc
443 3546 711 3590 Holofernes
735 3546 911 3590 vocavit
933 3546 1065 3590 duces
1087 3552 1130 3590 et
1151 3548 1437 3604 magistratus
1457 3547 1633 3590 virtutis
1659 3548 1960 3603 Assyriorum,
1983 3554 2025 3591 et

202 3601 499 3647 dinumeravit
521 3605 636 3648 viros
663 3605 709 3647 in
739 3605 1087 3662 expeditionem,
1110 3606 1225 3649 sicut
1245 3606 1455 3664 praecepit
1476 3606 1514 3650 ei
1544 3621 1641 3663 reX,
1665 3612 1842 3650 centum
1863 3607 2024 3663 viginti

2137 1426 2294 1455 Potentia

2118 1471 2305 1503 arphaxad.

2104 1941 2322 1970 Nabuchodo-

2129 1992 2239 2020 nosor,
2257 1993 2296 2013 eo

2136 2028 2272 2057 devicto
2283 2050 2291 2064 ,

2091 2182 2201 2216 exigit
2241 2185 2334 2212 obsc-

2136 2227 2253 2261 quium
2271 2236 2289 2256 a

2092 2271 2226 2304 populis
2247 2272 2334 2300 Asiae

2137 2316 2294 2345 occiuuae.

2118 2536 2316 2564 Recusanti-

2130 2580 2192 2607 bus
2208 2579 2300 2614 jurat

2118 2622 2314 2654 vindictam.

2104 2831 2322 2864 Expeditioni

2123 2875 2305 2908 praeficitur

2108 2920 2318 2948 HoloferneS.

2114 3559 2304 3592 Apparatus

2107 3603 2149 3631 ad
2176 3603 2311 3631 bellum.
