2456 3861
635 179 743 222 JUD.
778 179 910 234 XVI,
944 180 994 222 ‘21
1033 205 1090 213 --
1122 180 1280 234 XVII,
1319 182 1385 223 10.
1838 184 1918 225 241

98 362 387 405 consurgens,
419 347 533 391 dixit
558 348 605 390 in
634 348 784 391 animo
809 363 886 391 suo
921 366 929 392 :
962 349 1176 405 Egrediar
1200 350 1315 392 sicut
1345 357 1448 394 ante
1479 350 1590 406 feci,
1622 356 1667 393 et
1696 366 1765 395 me
1791 366 1921 395 excu-

97 408 228 462 tiam,
262 407 464 450 nesciens
492 407 608 462 quod
638 407 891 451 recessisset
917 408 975 449 ab
997 422 1049 451 eo
1078 409 1305 453 Dominus.
1333 408 1366 436 ²¹
1390 410 1528 459 Quem
1551 424 1651 452 cum
1676 411 1921 467 apprehen-

97 466 266 509 dissent
304 465 596 521 Philisthiim,
634 466 787 509 statim
820 472 1026 509 eruerunt
1064 468 1211 510 oculos
1252 468 1370 523 ejus,
1409 473 1453 511 et
1491 468 1715 511 duxerunt
1753 470 1921 513 Gazam

96 524 295 567 vinctum
320 525 510 580 catenis,
534 530 579 567 et
600 524 799 567 clausum
826 525 870 566 in
892 539 1065 568 carcere
1090 526 1251 569 molere
1277 527 1495 570 fecerunt.

155 582 192 608 '²²
209 584 399 638 Jamque
426 583 577 641 capilli
603 583 700 638 ejus
722 584 893 625 renasci
920 590 1159 639 cuperant,
1183 584 1220 610 '2³
1238 590 1282 627 et
1308 586 1530 642 principes
1553 587 1921 630 Philisthinorum

95 647 398 684 convenerunt
415 641 460 684 in
483 656 618 684 unum
641 646 688 683 ut
711 641 992 684 immolarent
1010 642 1175 684 hostias
1198 645 1458 699 magnificas
1483 646 1638 701 Dagon
1662 645 1744 689 deo
1762 660 1852 701 suo,
1878 654 1921 688 et

95 700 390 756 epularentur,
426 700 625 743 dicentes
655 716 662 742 :
694 699 898 742 Tradidit
927 700 1033 742 deus
1067 706 1214 743 noster
1244 702 1473 744 inimicum
1508 710 1706 748 nostrum
1737 706 1919 749 Samson

93 758 140 802 in
170 773 328 801 manus
363 764 547 801 nostras.
579 757 616 784 ²⁴
641 758 765 808 Quod
792 759 928 801 etiam
954 759 1142 814 populus
1168 759 1343 815 videns,
1375 761 1589 805 laudabat
1618 763 1749 806 deum
1771 778 1918 819 suum,

93 818 337 873 eademque
363 816 542 859 dicebat
570 833 578 860 :
605 816 810 859 Tradidit
835 816 942 859 deus
965 822 1112 860 noster
1142 818 1444 861 adversarium
1470 826 1666 863 nostrum
1698 822 1742 863 in
1765 837 1921 865 manus

94 882 286 931 nostras,
313 875 387 930 qui
415 875 581 918 delevit
607 881 771 918 terram
801 881 1017 930 nostram,
1045 880 1089 918 et
1114 876 1277 919 occidit
1301 877 1527 933 plurimos.
1554 878 1590 905 25
1610 882 1921 936 Laetantesque

93 949 171 991 per
193 934 418 989 convivia,
451 934 640 990 sumptis
660 934 755 990 jam
784 934 947 991 epulis,
980 941 1287 991 praeceperunt
1316 941 1362 978 ut
1391 943 1624 980 vocaretur
1650 940 1853 994 Samson,
1877 946 1922 982 et

29 1010 47 1022 ·-
93 999 197 1037 ante
220 1007 292 1036 eos
313 993 498 1036 luderet.
525 992 606 1043 Qui
629 992 850 1035 adductus
882 993 935 1036 de
961 1007 1135 1036 carcere
1159 994 1341 1037 ludebat
1370 1000 1475 1038 ante
1500 1010 1573 1038 eos
1594 1014 1603 1052 3
1632 998 1922 1053 feceruntque

93 1066 192 1095 eum
218 1058 334 1095 stare
357 1052 474 1095 inter
501 1051 614 1094 duas
639 1052 880 1094 columnas.
907 1050 945 1079 ”2⁶
966 1052 1047 1102 Qui
1073 1052 1189 1095 dixit
1214 1067 1348 1109 puero
1373 1055 1545 1110 regenti
1575 1070 1750 1111 gressus
1779 1070 1879 1099 suos
1912 1073 1920 1100 :

95 1111 283 1154 Dimitte
310 1125 393 1166 me,
416 1116 465 1153 ut
486 1115 671 1166 tangam
695 1111 922 1154 columnas
947 1111 1106 1166 quibus
1131 1112 1274 1155 omnis
1298 1113 1505 1156 imminet
1531 1114 1705 1169 domus,
1730 1119 1774 1157 et
1794 1115 1921 1157 recli-

92 1184 171 1212 ner
207 1184 337 1226 super
371 1184 464 1225 eas,
504 1174 549 1212 et
587 1169 819 1226 paululum
855 1170 1143 1225 requiescam.
1189 1170 1224 1196 ‘2⁷
1254 1173 1421 1214 Domus
1457 1178 1607 1216 autem
1655 1178 1750 1216 erat
1790 1174 1921 1230 plena

92 1229 286 1272 virorum
310 1243 363 1272 ac
383 1228 631 1282 mulierum,
661 1233 705 1271 et
727 1233 852 1271 erant
876 1229 938 1271 ibi
969 1243 1120 1272 omnes
1142 1230 1364 1286 principes
1391 1230 1770 1288 Philisthinorum,
1793 1247 1845 1275 ac
1867 1233 1922 1276 de

91 1292 211 1331 tecto
239 1293 283 1330 et
316 1287 475 1330 solario
508 1288 683 1330 circiter
714 1287 801 1330 tria
826 1287 968 1330 millia
999 1288 1225 1344 utriusque
1254 1304 1384 1332 sexus
1414 1296 1668 1346 spectantes
1693 1291 1921 1334 ludentem

93 1347 290 1390 Samson.
314 1345 351 1374 2⁸
374 1348 435 1389 At
456 1346 553 1401 ille,
576 1347 784 1389 invocato
812 1346 1023 1401 Domino,
1046 1347 1111 1389 ait
1139 1365 1146 1391 :
1181 1348 1370 1391 Domine
1400 1350 1539 1405 Deus,
1563 1355 1786 1393 memento
1812 1351 1918 1407 mei,

92 1412 137 1449 et
163 1406 298 1449 redde
327 1405 437 1448 mihi
471 1420 589 1448 nunc
613 1405 926 1448 fortitudinem
958 1406 1211 1462 pristinam,
1241 1409 1359 1450 Deus
1391 1423 1534 1464 1110118,
1561 1414 1612 1451 ut
1638 1409 1826 1451 ulciscar
1850 1424 1919 1452 me

92 1465 147 1508 de
179 1465 379 1508 hostibus
415 1464 545 1519 meis,
586 1469 631 1506 et
661 1478 740 1520 pro
773 1464 1010 1507 amissione
1048 1465 1234 1508 duorum
1271 1466 1491 1509 luminum
1532 1482 1667 1510 unam
1704 1468 1920 1511 ultionem

90 1523 318 1580 recipiam.
367 1522 404 1550 29
437 1524 495 1566 Et
542 1523 879 1579 apprehendens
932 1523 1086 1566 ambas
1138 1524 1388 1580 columnas,
1439 1525 1598 1580 quibus
1645 1526 1922 1569 innitebatur

91 1582 267 1638 domus,
296 1581 571 1638 alteramque
592 1596 743 1624 earum
768 1581 970 1637 dextera,
995 1587 1038 1625 et
1063 1583 1250 1625 alteram
1284 1584 1400 1626 laeva
1430 1590 1607 1640 tenens,
1637 1584 1674 1612 30
1691 1585 1755 1628 ait
1788 1602 1797 1629 :
1827 1586 1920 1628 Mo-

91 1641 230 1684 riatur
253 1641 403 1684 anima
428 1655 527 1684 mea
549 1655 651 1684 cum
674 1640 949 1683 Philisthiim
969 1641 976 1683 1
1004 1641 1327 1697 Concussisque
1349 1643 1528 1686 fortiter
1550 1643 1780 1699 columnis,
1808 1644 1920 1687 ceci-

91 1699 157 1743 dit
178 1700 334 1744 domus
358 1715 489 1756 super
511 1714 662 1743 omnes
687 1699 922 1756 principes,
946 1705 991 1743 et
1016 1705 1208 1743 ceteram
1236 1702 1570 1744 multitudinem
1592 1717 1690 1758 quae
1712 1703 1778 1746 ibi
1800 1709 1917 1758 erat,

91 1759 316 1815 multoque
354 1758 500 1816 plures
541 1759 772 1802 interfecit
809 1759 1020 1814 moriens,
1052 1773 1186 1815 quam
1214 1766 1323 1804 >ante
1351 1761 1480 1804 vivus
1510 1762 1746 1805 occiderat.
1771 1762 1805 1789 31
1834 1764 1921 1806 De-

90 1818 356 1861 scendentes
384 1824 535 1861 autem
559 1818 722 1861 fratres
748 1818 846 1874 ejus
868 1823 912 1861 et
936 1818 1143 1861 universa
1165 1820 1375 1875 cognatio
1399 1820 1598 1863 tulerunt
1620 1835 1777 1877 corpus
1801 1821 1935 1878 ejus,

88 1882 134 1920 et
168 1877 438 1934 sepelierunt
472 1877 588 1920 inter
625 1878 760 1921 Saraa
796 1883 840 1920 et
878 1877 1083 1933 Esthaol,
1120 1877 1169 1921 in
1206 1879 1409 1935 sepulcro
1441 1879 1581 1936 patris
1621 1879 1689 1922 sui
1727 1881 1918 1936 Manue3

87 1935 396 1992 judicavitque
421 1936 560 1979 Israel
582 1936 746 1992 viginti
768 1936 912 1979 annis.

715 2105 1025 2161 TERTIA
1077 2106 1292 2161 PARS

644 2243 1016 2283 APPENDIX
1078 2245 1363 2284 DUPLEX

600 2365 622 2418 ξ
658 2363 694 2406 Ι.
727 2364 1097 2407 —-‹Danita⁴r·um
1135 2365 1407 2408 idololatria.

147 2480 252 2524 CAP.
281 2479 433 2522 XVII.
461 2505 517 2512 -
543 2478 556 2504 ¹
581 2478 686 2521 Fuit
715 2493 764 2521 eo
790 2483 990 2536 tempore
1018 2479 1088 2521 vir
1111 2479 1293 2534 quidam
1319 2480 1374 2523 de
1402 2485 1552 2524 monte
1579 2481 1814 2537 Ephraim,
1841 2496 1918 2525 no-

86 2538 205 2581 mine
235 2538 428 2594 Michas,
463 2537 480 2563 2
504 2537 578 2593 qui
608 2537 724 2580 dixit
756 2538 887 2580 matri
918 2552 1008 2580 suae
1040 2554 1048 2581 :
1086 2538 1211 2581 Mille
1244 2545 1288 2581 et
1322 2544 1498 2581 centum
1525 2545 1779 2595 argenteOS,
1809 2554 1917 2596 quos

86 2612 372 2654 separaveras
392 2597 488 2653 tibi,
516 2602 560 2640 et
585 2611 716 2653 super
736 2597 895 2653 quibus
918 2611 989 2640 me
1011 2597 1223 2640 audiente
1249 2598 1492 2654 juraveras,
1524 2613 1626 2641 ecce
1652 2612 1736 2655 ego
1759 2599 1913 2656 habeo,

87 2662 131 2700 et
162 2657 280 2713 apud
312 2671 384 2699 me
416 2661 532 2701 sunt.
568 2657 650 2701 Cui
678 2656 756 2699 illa
789 2656 1018 2712 respondit
1047 2673 1056 2700 z
1092 2657 1361 2700 Benedictus
1391 2657 1508 2700 filius
1538 2672 1662 2700 meus
1696 2658 1914 2702 Domino!

85 2715 104 2743 ³
130 2716 341 2760 Reddidit
371 2730 475 2772 ergo
508 2730 581 2759 eos
610 2715 742 2758 matri
770 2730 882 2771 suae,
917 2730 1016 2771 quae
1048 2715 1223 2758 dixerat
1249 2716 1287 2759 ei
1319 2733 1328 2760 :
1355 2717 1619 2760 Consecravi
1643 2722 1687 2760 et
1707 2717 1811 2760 vovi
1832 2718 1917 2761 hoc

85 2780 320 2831 argentum
357 2775 569 2831 Domino,
611 2780 660 2817 ut
700 2775 755 2818 de
792 2789 927 2817 manu
961 2789 1061 2818 mea
1098 2775 1313 2831 suscipiat
1352 2775 1470 2818 filius
1508 2790 1652 2832 1110118,
1691 2782 1735 2820 et
1771 2777 1916 2820 faciat

85 2834 292 2890 sculptile
321 2839 453 2891 atque
479 2833 734 2889 conflatile,
766 2839 810 2877 et
837 2848 955 2876 nunc
984 2834 1112 2877 trado
1135 2834 1246 2877 illud
1276 2834 1373 2878 tibi.
1399 2834 1417 2861 4
1439 2835 1650 2878 Reddidit
1678 2835 1815 2892 igitur
1840 2851 1913 2880 eos

85 2893 216 2936 matri
253 2907 366 2949 suae,
405 2907 505 2950 quae
541 2893 646 2936 tulit
679 2893 892 2937 ducentos
925 2899 1179 2949 argenteos,
1215 2899 1258 2937 et
1294 2894 1418 2937 dedit
1455 2908 1527 2937 eos
1559 2894 1832 2951 argentario,
1866 2901 1914 2939 ut

83 2951 257 2995 faceret
278 2966 335 2995 ex
356 2952 419 2996 eis
440 2952 650 3010 sculptile
668 2958 801 3008 atque
827 2951 1071 3009 conflatile,
1099 2952 1214 3009 quod
1236 2953 1326 2996 fuit
1358 2951 1416 2996 in⁴
1431 2953 1562 2996 domo
1592 2953 1767 2999 Michae.
1797 2955 1814 2982 ⁵
1831 2955 1915 3006 Qui

39 3036 46 3038 e
86 3011 322 3054 aediculam
353 3025 524 3068 quoque
553 3011 599 3054 in
626 3026 677 3055 ea
699 3013 789 3056 Deo
817 3012 1060 3068 separavit,
1087 3017 1133 3055 et
1156 3013 1269 3055 fecit
1294 3013 1459 3070 ephod,
1497 3018 1541 3056 et
1565 3013 1837 3070 theraphim,
1867 3015 1912 3057 id

84 3075 172 3126 est,
205 3075 376 3114 vestem
409 3071 734 3114 sacerdotalem
769 3076 812 3114 et
844 3070 984 3127 idola,
1023 3071 1313 3128 implevitque
1345 3072 1476 3115 unius
1511 3072 1702 3115 filiorum
1736 3087 1913 3116 suorum

83 3143 266 3172 manum
285 3147 295 3185 ;
320 3134 363 3173 et
383 3130 534 3173 factus
555 3134 623 3173 est
644 3130 685 3173 ei
709 3130 927 3174 sacerdos.
953 3130 972 3157 ⁶
990 3131 1043 3173 In
1068 3131 1224 3174 diebus
1249 3131 1340 3174 illis
1361 3146 1448 3174 non
1470 3137 1566 3175 erat
1584 3146 1663 3175 rex
1683 3132 1730 3174 in
1756 3133 1906 3187 Israel,

83 3188 160 3231 sed
185 3189 504 3245 unusquisque,
531 3189 648 3245 quod
668 3189 754 3232 sibi
778 3194 949 3233 rectum
973 3189 1229 3246 videbatur,
1252 3191 1336 3234 hoc
1358 3191 1570 3234 faciebat.

142 3247 158 3274 '¹
185 3247 291 3290 Fuit
323 3262 495 3304 quoque
533 3248 648 3292 alter
683 3248 941 3292 adolescens
977 3249 1031 3292 de
1069 3250 1333 3293 Bethlehem
1378 3251 1517 3306 Juda,
1552 3265 1608 3293 ex
1648 3250 1912 3306 cognatione

85 3305 210 3362 ejus3
250 3312 433 3363 eratque
465 3308 560 3365 ipse
596 3308 774 3364 levites,
810 3314 854 3351 et
885 3308 1121 3352 habitabat
1152 3309 1228 3352 ibi.
1263 3309 1280 3336 ⁸
1299 3310 1600 3366 Egressusque
1634 3309 1688 3353 de
1729 3309 1913 3352 civitate

87 3365 370 3422 Bethlehem,
407 3367 681 3424 peregrinari
717 3367 861 3410 voluit
899 3367 1168 3424 ubicumque
1214 3369 1300 3411 sibi
1342 3369 1622 3412 commodum
1661 3367 1908 3425 reperisset.

86 3424 284 3481 Cumque
314 3426 511 3469 venisset
543 3426 590 3469 in
623 3431 821 3470 montem
855 3427 1088 3483 Ephraim,
1121 3427 1209 3471 iter
1235 3428 1427 3484 faciens,
1458 3433 1503 3471 et
1532 3427 1798 3470 declinasset
1834 3441 1913 3483 pa-

85 3497 261 3540 rumper
291 3484 338 3527 in
376 3485 557 3528 domum
594 3486 778 3542 Miehae,
808 3485 826 3515 9
849 3485 1147 3542 interrogatus
1175 3493 1242 3530 est
1274 3487 1333 3530 ab
1360 3501 1413 3531 eo
1444 3487 1559 3530 unde
1585 3485 1792 3529 venisset.
1827 3486 1909 3536 Qui

86 3543 313 3598 respondit
352 3561 362 3588 :
400 3545 561 3588 Levita
593 3559 690 3588 sum
722 3545 777 3588 de
807 3544 1071 3589 Bethlehem
1103 3546 1252 3601 Juda3
1288 3551 1332 3589 et
1363 3546 1478 3589 vado
1514 3550 1562 3588 ut
1597 3544 1797 3588 habitem
1832 3545 1908 3588 ubi

85 3606 288 3657 potuero,
323 3607 368 3645 et
395 3603 505 3647 utile
533 3604 643 3647 mihi
675 3619 769 3649 esse
794 3619 1070 3661 perspexero.
1101 3604 1138 3631 ¹⁰
1157 3605 1369 3661 Dixitque
1397 3605 1567 3648 Michas
1593 3619 1602 3648 ε
1635 3605 1768 3648 Mane
1791 3605 1908 3661 apud

87 3673 177 3715 me,
209 3665 254 3703 et
286 3666 381 3704 esto
410 3662 521 3705 mihi
550 3677 709 3720 parens
742 3678 795 3706 ac
827 3663 1061 3719 sacerdos3
1097 3663 1298 3719 daboque
1331 3664 1413 3707 tibi
1443 3678 1521 3720 per
1544 3677 1683 3706 annos
1711 3663 1910 3719 singulos

1652 3745 1705 3787 16

2031 595 2188 624 Vindicta

2031 639 2188 668 hostibus

2038 682 2179 712 reddita.

1982 2501 2101 2531 Michae
2133 2501 2223 2532 idola

1996 3272 2031 3299 et
2052 3271 2207 3300 sacerdos

2002 3313 2192 3344 familiaris.
