2423 3861
829 180 978 224 MARC.
1013 181 1138 235 XIV,
1176 182 1336 224 10-45.
1884 184 1994 227 1147

229 349 265 377 ¹⁰
283 351 340 392 Et
360 349 501 392 Judas
530 350 784 405 Iscariotcs,
806 365 916 393 unus
939 351 992 394 de
1017 351 1274 407 duodecim,
1301 352 1411 394 abiit
1433 353 1488 395 ad
1515 367 1708 395 summos
1730 355 1992 410 sacerdotes,

166 413 216 452 ut
239 408 570 466 prodereteum
591 408 696 452 illis.
727 409 755 435 ¹¹
776 409 859 459 Qui
889 410 1121 453 audientes
1149 411 1293 465 gavisi
1319 417 1442 466 sunt,
1470 417 1513 454 et
1537 411 1832 468 promiserunt
1855 412 1893 455 ei
1923 427 1996 469 pe-

164 467 342 510 cuniam
369 481 415 510 se
441 467 634 511 daturos.
661 469 715 511 Et
734 468 961 524 quaerebat
982 469 1199 524 quomodo
1225 469 1350 512 illurn
1377 475 1620 526 opportune
1641 471 1847 514 traderet.

222 525 258 552 ¹²
298 527 354 569 Et
392 527 532 583 primo
571 527 642 570 die
680 541 961 583 azymorum,
1001 528 1176 582 quando
1213 530 1378 584 pascha
1416 529 1730 585 immolabant,
1769 530 1924 573 dicunt
1957 531 1996 573 ei

162 585 370 642 discipuli
400 602 408 629 :
442 586 533 637 Quo
567 585 634 628 vis
669 600 818 628 eamus
850 592 893 628 et
923 600 1126 641 paremus
1168 587 1248 629 tibi
1285 593 1330 629 ut
1365 589 1602 632 manduces
1637 589 1839 646 pascha?
1878 589 1914 615 ¹3
1940 590 1997 633 Et

162 644 301 687 mittit
323 644 431 687 duos
456 658 510 687 ex
533 644 761 700 discipulis
791 644 901 698 suis,
934 649 977 686 et
1002 644 1111 686 dicit
1141 645 1202 687 eis
1233 662 1241 688 :
1273 646 1342 688 Ite
1375 646 1420 687 in
1451 647 1702 703 civitatem,
1729 654 1772 691 et
1798 655 1996 692 occurret

162 703 286 745 vobis
319 703 449 745 homo
485 702 690 757 lagenam
729 716 855 757 aquae
885 701 1117 758 bajulans;
1151 703 1388 758 sequimini
1422 719 1545 760 eum,
1578 706 1612 733 ¹⁴
1645 712 1688 750 et
1720 721 1995 764 quocumque

160 760 390 816 introierit,
416 760 551 804 dicite
576 760 755 803 domino
778 760 935 803 domus
957 760 1059 816 quia
1077 761 1292 816 Magister
1314 762 1447 805 dicit:
1473 764 1564 807 Ubi
1589 771 1654 808 est
1675 767 1862 810 refectio
1884 781 1994 822 mea,

160 820 235 862 ubi
262 820 426 877 pascha
453 834 552 862 cum
580 819 810 875 discipulis
837 819 946 862 meis
972 819 1278 862 manducem?
1307 820 1342 847 ¹5
1368 822 1425 863 Et
1445 827 1539 878 ipse
1566 824 1690 867 vobis
1724 826 1995 869 demonstra-

159 879 226 922 bit
253 879 532 923 coenaculum
554 878 743 934 grande,
768 883 980 932 stratum;
1010 883 1053 921 et
1084 877 1178 921 illic
1213 884 1364 935 parate
1387 880 1527 923 nobis.
1563 881 1599 908 ¹0
1618 883 1674 925 Et
1703 884 1906 927 abierunt
1932 885 1995 927 di-

160 938 320 995 scipuli
342 939 452 994 ejus,
481 943 524 981 et
551 943 765 980 venerunt
787 937 831 979 in
859 937 1112 991 civitatem3
1140 942 1184 979 et
1209 938 1474 981 invenerunt
1497 940 1610 982 sicut
1637 941 1807 984 dixerat
1831 944 1933 998 illis,
1954 950 1995 986 et

160 1004 427 1054 paraverunt
448 999 626 1054 pascha.

222 1056 254 1082 ¹⁷
274 1057 468 1113 Vespere
493 1063 643 1100 autem
671 1059 814 1114 facto,
846 1059 965 1102 venit
991 1073 1091 1101 cum
1118 1057 1365 1101 duodecim.
1391 1058 1425 1084 ¹⁸
1446 1059 1502 1100 Et
1528 1059 1909 1103 discumbentibus
1936 1061 1996 1104 eis

158 1122 202 1160 et
224 1115 618 1172 manducantibus,
645 1117 707 1160 ait
731 1118 758 1160 J
764 1132 861 1161 esus
885 1134 893 1162 :
920 1117 1067 1160 Amen
1091 1117 1188 1160 dico
1216 1117 1341 1160 vobis
1368 1117 1470 1173 quia
1493 1132 1605 1161 unus
1630 1133 1684 1161 ex
1706 1118 1832 1161 vobis
1854 1120 1997 1162 tradet

159 1189 249 1231 me,
275 1175 348 1231 qui
380 1175 619 1219 manducat
655 1191 843 1220 mecum.
880 1176 916 1203 ¹9
942 1177 1004 1219 At
1037 1176 1102 1219 illi
1135 1179 1363 1233 coeperunt
1402 1177 1673 1232 contristari,
1708 1183 1752 1220 et
1786 1178 1932 1221 dicere
1958 1178 1997 1221 ei

158 1234 419 1291 singulatim
453 1252 462 1279 :
486 1236 713 1291 Numquid
737 1251 818 1292 ego
842 1235 862 1278 ἱ)
889 1235 926 1263 2⁰
944 1235 1027 1286 Qui
1059 1235 1122 1278 ait
1146 1235 1236 1278 illis
1267 1252 1275 1279 ;
1303 1236 1429 1279 Unus
1463 1249 1519 1279 ex
1552 1236 1805 1293 duodecim,
1830 1237 1902 1293 qui
1931 1237 1997 1279 in-

158 1294 294 1350 tingit
319 1308 493 1337 mecum
520 1309 701 1338 manum
719 1295 765 1338 in
788 1295 948 1339 catino.
976 1294 1010 1321 2¹
1031 1296 1088 1338 Et
1125 1295 1265 1338 Filius
1297 1295 1475 1350 quidem
1508 1296 1700 1338 hominis
1726 1296 1850 1339 vadit
1883 1296 1997 1340 sicut

158 1352 370 1409 scriptum
398 1359 462 1397 est
489 1354 542 1398 de
565 1368 614 1397 eo
636 1371 645 1408 ;
674 1370 742 1398 vae
768 1360 917 1398 autem
940 1354 1107 1398 homini
1126 1353 1193 1397 illi
1219 1368 1296 1410 per
1321 1368 1453 1410 quem
1473 1354 1613 1397 Filius
1638 1355 1830 1398 hominis
1852 1355 1995 1398 trade-

159 1414 256 1455 tur!
281 1413 455 1456 Bonum
481 1421 573 1457 erat-
601 1414 639 1457 ei
665 1415 701 1456 si
722 1428 809 1457 non
836 1420 951 1457 esset
973 1419 1102 1456 natus
1130 1414 1261 1456 homo
1282 1413 1372 1456 ille.

218 1470 254 1496 '²⁸²
273 1472 331 1514 Et
357 1473 732 1517 manducantibus
758 1473 868 1528 illis,
897 1473 1070 1529 accepit
1104 1473 1131 1515 J
1137 1487 1234 1515 esus
1260 1487 1442 1529 panem,
1470 1479 1513 1517 et
1538 1474 1806 1518 benedicens
1834 1474 1992 1531 fregit,

159 1536 203 1575 et
225 1530 348 1574 dedit
375 1532 456 1587 eis,
484 1538 527 1575 et
552 1533 614 1574 ait
650 1549 658 1575 :
683 1532 872 1587 Sumite,
897 1533 979 1574 hoc
1010 1536 1076 1574 est
1103 1546 1259 1587 corpus
1286 1547 1448 1575 meum.
1484 1532 1521 1559 23
1539 1534 1596 1575 Et
1625 1539 1808 1590 accepto
1836 1534 1995 1589 calice,

156 1589 324 1646 gratias
345 1605 482 1646 agens
509 1591 632 1633 dedit
651 1591 734 1646 eis,
763 1596 806 1634 et
828 1591 1036 1633 biberunt
1063 1605 1116 1633 ex
1137 1590 1216 1632 illo
1239 1605 1402 1634 omnes.
1435 1591 1471 1618 24
1491 1594 1547 1634 Et
1572 1592 1636 1635 ait
1660 1592 1749 1635 illis
1783 1609 1792 1636 ε
1820 1593 1910 1636 Hic
1931 1602 1997 1636 est

156 1648 336 1704 sanguis
370 1663 494 1692 meus
527 1650 631 1693 novi
662 1650 938 1706 testamenti,
975 1649 1050 1705 qui
1083 1664 1160 1705 pro
1193 1650 1344 1692 multis
1376 1650 1643 1694 effundetur.
1672 1650 1708 1678 25
1729 1652 1875 1694 Amen
1899 1652 1997 1695 dico

155 1707 285 1751 vobis
308 1708 412 1763 quia
440 1709 535 1764 jam
569 1723 655 1751 non
687 1709 839 1752 bibam
867 1709 920 1752 de
956 1709 1038 1752 hoc
1072 1708 1297 1764 genimine
1324 1709 1447 1765 vitis,
1472 1724 1608 1766 usque
1641 1710 1688 1753 in
1719 1710 1838 1754 diem
1869 1711 1999 1753 illum

156 1780 258 1810 cum
279 1767 392 1811 illud
410 1768 563 1811 bibam
586 1783 751 1811 novum
772 1769 818 1811 in
844 1783 979 1825 regno
1008 1769 1104 1811 Dei.

216 1825 253 1853 2⁶
272 1827 331 1869 Et
356 1828 523 1884 hymno
545 1828 685 1882 dicto,
710 1828 914 1871 exierunt
942 1827 988 1870 in
1020 1834 1216 1872 montem
1240 1829 1483 1873 Olivarum.
1519 1829 1554 1855 2⁷
1573 1831 1631 1872 Et
1651 1829 1716 1872 ait
1737 1829 1799 1872 eis
1826 1830 1854 1872 J
1859 1844 1956 1873 esus
1987 1846 1995 1873 :

157 1886 321 1930 Omnes
343 1887 760 1930 scandalizabimini
789 1887 835 1930 in
861 1902 932 1931 me
957 1887 1002 1930 in
1036 1893 1165 1931 nocte
1199 1888 1304 1944 ista,
1337 1888 1439 1944 quia
1465 1889 1678 1945 scriptum
1708 1894 1774 1932 est
1801 1906 1810 1933 z
1837 1889 1997 1932 Percu-

161 1945 270 1988 tiam
292 1951 528 2002 pastorem,
552 1952 596 1989 et
623 1946 934 2003 dispergentur
956 1960 1072 1990 oves.
1098 1946 1134 1973 2⁸
1150 1947 1234 1991 Sed
1255 1954 1490 2003 postquam
1514 1962 1810 2005 resurrexero,
1833 1963 1997 2005 praece-

154 2003 260 2047 dam
283 2019 360 2047 vos
381 2005 428 2047 in
455 2006 705 2050 Galilaeam.
733 2005 770 2032 ‘29
788 2007 944 2050 Petrus
970 2012 1120 2050 autem
1151 2006 1213 2048 ait
1238 2007 1306 2049 illi
1339 2024 1348 2051 :
1380 2008 1437 2050 Et
1466 2008 1504 2050 si
1529 2022 1681 2051 omnes
1705 2007 1996 2051 scandalizati

155 2063 327 2107 fuerint
347 2064 393 2107 in
414 2070 478 2121 te,
506 2065 583 2108 sed
605 2079 693 2108 non
712 2080 807 2122 ego.
827 2065 863 2092 3⁰
881 2067 940 2108 Et
961 2066 1024 2108 ait
1048 2066 1116 2108 illi
1135 2068 1163 2110 J
1168 2080 1266 2110 esus
1284 2082 1293 2110 ε
1315 2066 1459 2110 Amen
1486 2067 1584 2110 dico
1610 2067 1693 2110 tibi
1719 2066 1824 2123 quia
1846 2072 1894 2110 tu
1919 2067 1996 2110 ho-

156 2123 242 2178 die,
260 2122 305 2165 in
328 2130 458 2167 nocte
475 2124 573 2181 hac,
596 2125 853 2182 priusquam
871 2125 1016 2181 gallus
1039 2140 1195 2169 vocem
1213 2127 1280 2169 bis
1297 2125 1480 2182 dederit,
1501 2131 1567 2170 ter
1584 2141 1655 2169 me
1674 2141 1718 2170 es
1740 2131 1995 2182 negaturus.

155 2181 189 2208 3¹
209 2183 272 2225 At
292 2183 369 2226 ille
404 2183 596 2240 amplius
631 2184 896 2240 loquebatur
930 2200 939 2227 ε
970 2185 1027 2227 Et
1053 2184 1089 2227 si
1117 2185 1356 2241 oportuerit
1388 2199 1457 2227 me
1491 2185 1624 2228 simul
1650 2185 1862 2228 commori
1892 2185 1994 2241 tibi,

155 2255 242 2284 non
269 2247 313 2285 te
339 2243 527 2298 negabo.
556 2243 768 2288 Similiter
792 2248 943 2286 autem
966 2248 1009 2286 et
1030 2257 1181 2287 omnes
1208 2244 1429 2286 dicebant.

215 2300 253 2361 32
270 2302 328 2344 Et
354 2302 539 2345 veniunt
559 2302 606 2345 in
628 2303 846 2360 praedium
870 2303 939 2345 cui
963 2317 1123 2345 nomen
1147 2303 1449 2347 Gethsemani.
1475 2305 1532 2345 Et
1553 2303 1616 2346 ait
1634 2303 1864 2360 discipulis
1885 2304 1994 2348 suis:

156 2361 315 2404 Sedete
340 2361 413 2403 hic
440 2361 579 2405 donec
606 2376 739 2406 orem.
765 2362 801 2389 33
820 2363 878 2404 Et
899 2362 1086 2405 assumit
1121 2363 1321 2417 Petrum,
1354 2367 1397 2406 et
1423 2363 1666 2419 Jacobum,
1697 2369 1740 2406 et
1773 2363 1801 2405 J
1805 2377 1995 2406 oannem

155 2434 334 2473 secum3
364 2426 407 2464 et
433 2421 566 2478 coepit
589 2436 748 2478 pavere
771 2427 814 2465 et
839 2421 1016 2465 taedere.
1041 2421 1077 2448 34
1095 2422 1153 2464 Et
1177 2421 1241 2464 ait
1265 2421 1355 2464 illis
1389 2437 1398 2466 t
1431 2421 1588 2464 Tristis
1619 2427 1685 2466 est
1713 2422 1863 2464 anima
1897 2437 1993 2466 mea

157 2493 294 2535 usque
318 2479 375 2522 ad
398 2485 609 2535 mortem,
637 2481 852 2525 sustinete
873 2481 944 2524 hic
975 2485 1019 2524 et
1044 2480 1242 2536 vigilate.
1267 2480 1303 2507 35
1321 2481 1379 2523 Et
1401 2495 1502 2524 cum
1527 2481 1810 2538 processisset
1837 2481 1994 2538 paulu-

156 2537 269 2595 lum,
303 2539 495 2595 procidit
528 2555 658 2597 super
692 2546 874 2595 terram,
907 2545 950 2583 et
978 2540 1131 2583 orabat
1164 2545 1213 2583 ut
1245 2540 1282 2583 si
1311 2540 1404 2584 fieri
1434 2545 1605 2597 posset,
1629 2541 1836 2584 transiret
1861 2541 1918 2583 ab
1945 2555 1995 2584 eo

156 2598 292 2652 hora;
320 2597 357 2624 3⁶
375 2604 418 2642 et
444 2598 559 2642 dixit
584 2616 593 2644 :
620 2599 778 2656 Abba,
799 2601 943 2655 Pater,
971 2600 1119 2643 omnia
1149 2599 1231 2642 tibi
1256 2600 1487 2656 possibilia
1517 2605 1641 2656 sunt,
1668 2600 1862 2643 transfer
1888 2600 1993 2643 cali-

157 2671 254 2701 cem
275 2657 392 2701 hunc
409 2673 436 2700 a
457 2673 528 2702 me
549 2677 558 2715 3
580 2659 657 2702 sed
679 2674 769 2703 non
794 2659 910 2716 quod
933 2673 1014 2715 ego
1040 2659 1161 2715 volo,
1188 2659 1265 2702 sed
1288 2659 1403 2715 quod
1429 2664 1491 2702 tu.
1511 2658 1546 2685 3⁷
1562 2659 1620 2702 Et
1641 2659 1783 2714 venit,
1808 2663 1851 2702 et
1871 2659 1994 2702 inve-

157 2716 224 2759 nit
249 2731 321 2760 eos
351 2717 632 2762 dormientes.
661 2719 718 2761 Et
739 2719 803 2762 ait
824 2720 955 2763 Petro
985 2735 995 2762 ε
1022 2719 1193 2775 Simon,
1228 2718 1428 2762 dormis?
1450 2733 1539 2761 non
1564 2718 1745 2775 potuisti
1768 2733 1856 2760 una
1887 2718 1994 2761 hora

157 2775 376 2832 vigilare?
399 2776 436 2803 38
454 2777 655 2833 Vigilate
677 2783 720 2822 et
746 2784 886 2834 orate,
910 2783 958 2821 ut
980 2793 1068 2822 non
1091 2778 1266 2821 intretis
1287 2777 1334 2820 in
1358 2777 1666 2821 tentationem.
1686 2777 1873 2834 Spiritus
1900 2777 1993 2833 qui-

155 2835 258 2879 dem
280 2841 510 2893 promptus
536 2843 621 2893 est,
649 2852 749 2881 caro
773 2852 875 2881 vero
900 2838 1088 2882 infirma.
1108 2837 1146 2863 39
1161 2838 1217 2879 Et
1241 2837 1403 2880 iterum
1424 2836 1578 2880 abiens
1601 2836 1764 2892 oravit,
1788 2836 1994 2880 eumdem

155 2909 405 2939 sermonem
445 2895 610 2939 dicens.
637 2895 674 2923 40
692 2898 750 2940 Et
779 2911 999 2953 reversus,
1039 2897 1183 2940 denuo
1220 2895 1392 2939 invenit
1429 2910 1501 2939 eos
1536 2895 1828 2950 dormientes3
1869 2901 1993 2939 erant

156 2954 276 2998 enim
302 2954 418 2999 oculi
441 2969 592 2998 eorum
616 2956 811 3012 gravati,
840 2962 882 3000 et
903 2955 1172 3012 ignorabant
1194 2955 1299 3011 quid
1325 2954 1640 3011 responderent
1665 2955 1717 2998 ei.
1737 2954 1771 2980 4¹
1787 2955 1846 2997 Et
1871 2955 1994 2999 venit

156 3014 306 3072 tertio,
330 3020 374 3058 et
397 3014 461 3057 ait
481 3014 570 3057 illis
599 3030 612 3061 ε
638 3015 838 3059 Dormite
862 3015 978 3071 jam,
1002 3020 1045 3058 et
1069 3014 1342 3070 requiescite.
1366 3014 1568 3067 Sufficit;
1588 3014 1711 3057 venit
1736 3014 1871 3057 hora:
1891 3029 1994 3058 ecce

157 3073 299 3118 Filius
332 3073 524 3118 hominis
558 3074 757 3118 tradetur
788 3074 835 3116 in
865 3088 1022 3116 manus
1055 3078 1352 3129 peccatorum.
1387 3072 1424 3099 4'2
1438 3073 1634 3129 Surgite,
1672 3088 1837 3116 eamus.
1877 3074 1993 3117 Ecce

157 3133 230 3189 qui
257 3148 328 3177 me
352 3133 499 3177 tradet
520 3148 653 3191 prope
676 3140 753 3177 est.

216 3192 254 3219 43
268 3194 325 3236 Et
345 3192 493 3236 adhuc
515 3207 565 3236 eo
590 3193 816 3249 loquente,
844 3193 967 3237 venit
991 3193 1133 3237 Judas
1158 3194 1414 3249 Iscariotes,
1446 3208 1558 3236 unus
1585 3193 1639 3236 de
1668 3192 1923 3247 duodecim,
1951 3198 1994 3235 et

157 3266 258 3295 cum
289 3266 340 3296 eo
373 3252 503 3295 turba
537 3253 678 3295 multa
715 3267 816 3296 cum
845 3252 1008 3308 gladiis
1041 3257 1085 3296 et
1114 3252 1270 3309 lignis,
1309 3268 1335 3296 a
1368 3252 1553 3296 summis
1590 3251 1914 3305 sacerdotibus,
1950 3255 1993 3293 et

157 3311 335 3367 scribis,
364 3317 407 3354 et
429 3312 687 3355 senioribus.
712 3312 748 3338 44
767 3312 962 3355 Dederat
986 3317 1135 3355 autem
1155 3312 1344 3356 traditor
1369 3313 1466 3369 ejus
1491 3312 1671 3368 signum
1697 3311 1780 3366 eis,
1807 3310 1957 3353 dicens
1983 3325 1994 3353 z

157 3370 488 3426 Quemcumque
512 3371 736 3414 osculatus
763 3372 912 3426 fuero,
938 3371 1032 3428 ipse
1054 3377 1140 3427 est,
1163 3377 1310 3415 tenete
1333 3386 1434 3415 eum
1464 3376 1507 3415 et
1539 3371 1688 3414 ducite
1714 3374 1856 3413 caute.
1878 3368 1915 3395 45
1934 3369 1991 3411 Et

159 3443 258 3472 cum
285 3430 498 3485 venisset,
527 3430 680 3473 statim
706 3430 920 3473 accedens
946 3430 1002 3473 ad
1025 3445 1144 3486 eum,
1160 3431 1223 3473 ait
1251 3448 1258 3474 :
1281 3432 1399 3486 Ave,
1419 3430 1588 3483 Rabbi;
1611 3435 1655 3477 et
1681 3427 1903 3472 osculatus
1926 3434 1992 3471 est

158 3564 208 3597 10]
235 3563 357 3592 matth.
375 3563 508 3599 xxm,
532 3567 577 3592 14.
595 3579 630 3584 —
656 3565 704 3597 12]
729 3564 851 3592 matth.
878 3562 1009 3597 XXVI,
1028 3564 1072 3590 17.
1098 3562 1178 3590 Luc.
1207 3562 1330 3596 xxm,
1355 3565 1380 3590 τ.
1406 3576 1442 3580 -
1468 3562 1514 3594 17]
1541 3560 1660 3588 Matth.
1686 3559 1821 3594 xxvr,
1844 3561 1887 3586 20.
1911 3558 1990 3586 Luc.

158 3606 274 3642 xx11,
293 3609 336 3636 14.
360 3622 397 3626 —
421 3609 468 3641 18]
492 3609 588 3636 Joan.
608 3608 716 3642 xm,
734 3611 778 3636 21.
796 3622 832 3627 —
856 3607 904 3640 21]
931 3606 984 3634 Ps.
1010 3605 1088 3641 XL,
1106 3609 1150 3634 10.
1168 3607 1242 3634 Act.
1262 3608 1288 3641 1,
1314 3609 1358 3634 16.
1382 3620 1419 3625 —-
1447 3606 1495 3639 22]
1520 3604 1643 3632 matth.
1668 3603 1863 3638 XXV1,26.
1886 3603 1900 3628 1
1919 3601 1990 3630 cor.

159 3651 221 3686 XI,
236 3654 280 3680 24.
296 3665 332 3672 —
349 3653 397 3686 27]
415 3653 513 3681 suan.
535 3653 627 3680 xvi.
646 3655 690 3681 32.
708 3652 803 3680 zach.
822 3651 930 3685 xm,
947 3652 972 3678 7.
989 3664 1026 3669 —
1042 3650 1090 3684 32]
1109 3649 1232 3677 Matth.
1250 3649 1376 3684 xxvi,
1394 3652 1438 3678 36.
1458 3649 1537 3677 Luc.
1557 3647 1672 3682 xxii,
1689 3649 1733 3675 40.
1747 3659 1784 3665 —
1801 3641 1849 3671 43]
1867 3639 1987 3666 Mami.

159 3694 286 3726 XXVI.
303 3698 347 3725 47.
366 3696 447 3726 Luc.
464 3697 582 3728 XXII.
599 3700 643 3726 47.
661 3698 756 3725 Joan.
778 3692 912 3725 XVIII.
931 3696 957 3724 3.

2079 368 2229 395 ΗΘΜ-01111
2238 377 2251 393 ἰ
2261 376 2291 395 ur

2137 412 2153 438 ,1
2162 412 2233 439 udat·

2113 460 2257 487 pactum.

2066 539 2189 567 Ultima
2211 547 2302 567 cwuzt

2094 586 2124 611 1⁰
2143 587 2267 617 param,

2111 1075 2142 1099 20
2160 1071 2260 1106 juxta

2064 1115 2151 1144 ritus
2179 1116 2304 1149 legales

2093 1160 2278 1193 celebrata,

2082 1485 2114 1509 30
2134 1480 2284 1510 cuchari-

2138 1525 2232 1554 stica.

2143 1833 2223 1862 Tres

2067 1877 2305 1911 praedictiones

2116 1919 2252 1949 Christi.

2062 2311 2192 2346 Agonia
2219 2313 2302 2341 Jesu

2106 2356 2139 2384 in
2159 2356 2255 2384 horto

2069 2400 2294 2429 Gethseman'i.

2103 3196 2258 3226 Christus

2074 3241 2287 3273 comprehen-

2106 3284 2199 3313 ditur
2216 3285 2249 3314 in

2125 3329 2234 3358 nort-J.
