2423 3861
703 141 775 182 Ps.
809 137 909 191 CX,
943 136 969 178 5
1000 158 1059 166 -
1091 129 1241 174 CXII.
1275 127 1316 168 4.
1836 114 1922 156 633

399 318 645 362 misericors
670 318 715 356 et
741 310 969 353 miserator
992 302 1221 346 Dominus.
1512 307 1514 309 ·
1738 292 1742 295 '

304 381 319 405 ⁵
341 381 498 422 Escam
520 373 641 418 dedit
662 367 922 414 timentibus
949 379 1007 407 se.

404 437 571 479 Memor
596 432 678 476 erit
703 429 747 471 in
773 425 984 469 saecnlum
1008 416 1263 464 testamenti
1287 415 1368 458 sui.

305 498 322 523 θ’
342 497 564 538 Virtutem
585 503 765 546 operum
791 498 967 529 suorum
992 476 1279 524 annuntiabit
1302 471 1465 530 populo
1487 482 1582 524 suo,

366 555 379 581 ³
401 559 449 596 ut
473 553 546 596 det
570 549 659 592 illis
684 545 975 589 hereditatem
1001 537 1214 596 gentium.

407 615 550 669 Opera
570 620 782 653 manuum
807 603 903 657 ejus
924 599 1086 643 veritas
1112 600 1155 638 et
1180 591 1412 649 judicium.

312 674 325 700 S
348 671 517 715 Fidelia
543 666 691 712 omnia
715 663 927 706 mandata
949 659 1065 714 ejus,

410 729 668 774 confirmata
693 723 738 765 in
764 720 977 763 saeculum
1002 713 1174 769 saeculi,

409 792 532 832 facta
557 786 602 828 in
627 782 814 826 veritate
835 784 879 822 et
903 775 1124 832 aequitate.

312 854 327 869 '¹
351 845 711 903 llcclemptionem
738 838 859 882 misit
884 834 1044 893 populo
1070 845 1172 885 suo3

411 903 642 949 mandavit
666 901 712 943 in
738 905 953 941 aeternum
975 892 1294 936 testamentum
1318 897 1458 928 suum.

410 968 622 1010 Sanctum
647 966 691 1003 et
715 955 911 1001 terribile
937 965 1098 995 nomen
1124 949 1234 1004 ejus.

300 1028 333 1053 ¹⁰
354 1025 536 1070 Initium
562 1017 794 1077 sapientiae
820 1015 950 1058 timor
974 1008 1176 1060 Domini3

413 1082 668 1127 intellectus
694 1078 835 1120 bonus
859 1070 1064 1116 omnibus
1090 1063 1364 1110 facientibus
1389 1062 1504 1104 eu'm.

418 1139 636 1186 Laudatio
662 1137 759 1192 ejus
786 1137 937 1176 manet
958 1130 1005 1172 in
1033 1125 1248 1171 saeculum
1273 1118 1443 1165 saeculi.

115 262 127 270 ,
149 260 215 267 ,,,.-
234 260 243 263 -
266 256 476 262 ffl-m--v—

864 1241 1077 1283 PsALML‘s
1110 1233 1213 1278 CXI

788 1326 1025 1372 Rea-titudo
1052 1323 1290 1379 justorum.

358 1424 572 1477 Alleluia,
598 1415 862 1463 reversionis
884 1412 1046 1468 Aggaei
1071 1414 1115 1453 et
1139 1404 1376 1450 Zachariae.

327 1501 337 1527 ¹
360 1502 522 1543 Beatus
546 1495 614 1538 vir
639 1491 713 1549 qui
735 1491 864 1533 timet
890 1485 1148 1538 Dominum,

392 1558 438 1600 in
461 1552 684 1598 mandatis
710 1549 806 1606 ejus
833 1547 952 1602 volet
977 1542 1123 1586 nimis.

327 1618 344 1643 ‘²
362 1618 524 1660 Potens
547 1613 595 1655 in
618 1616 737 1654 terra
757 1608 840 1651 erit
865 1618 1014 1649 semen
1039 1602 1161 1657 ejus3

426 1671 654 1731 generatio
675 1672 897 1712 rectorum
921 1661 1223 1706 benedicetur.

330 1736 346 1762 3
364 1732 516 1778 Grloria
539 1735 584 1775 et
608 1727 780 1773 divitiae
803 1726 852 1768 in
877 1724 1006 1767 domo
1030 1720 1146 1776 ejus,
1210 1730 1213 1733 ⁴

430 1798 473 1836 et
493 1789 668 1848 justitia
694 1787 790 1843 ejus
813 1788 964 1826 manet
987 1781 1034 1823 in
1056 1776 1270 1822 saeculum
1292 1771 1455 1817 saeculi.

330 1854 347 1879 4
366 1854 582 1895 Exortum
607 1853 673 1892 est
693 1847 740 1889 in
765 1841 959 1887 tenebris
985 1840 1135 1882 lumen
1156 1834 1307 1888 rectis,

431 1909 700 1962 misericors,
725 1909 769 1948 et
792 1903 1044 1954 miserator,
1071 1902 1118 1940 et
1138 1896 1296 1952 justus.

336 1973 352 1998 ⁵
369 1969 602 2015 -Jucundus
622 1968 754 2010 homo
780 1963 854 2019 qui
879 1960 1109 2004 miseretur
1130 1960 1175 1998 et
1199 1949 1473 2003 commodat,

436 2029 640 2085 disponet
661 2035 885 2068 sermones
905 2033 1006 2063 suos
1031 2017 1078 2060 in
1103 2013 1298 2072 judici03

430 2088 533 2145 quia
555 2087 602 2130 in
631 2090 846 2128 aeternum
869 2094 956 2122 non
979 2071 1340 2120 commovebitur.

338 2150 353 2176 ‘¹
374 2151 425 2191 In
449 2146 663 2191 memoria
690 2148 856 2186 aeterna
877 2139 960 2182 erit
981 2137 1125 2193 justus
1144 2151 1153 2188 ς

440 2208 496 2250 ab
519 2204 747 2249 auditione
769 2200 887 2243 mala
912 2211 1001 2240 non
1026 2192 1216 2237 timebit.

383 2270 595 2311 Paratum
620 2278 693 2306 cor
718 2261 814 2317 ejus
841 2270 1014 2314 sperare
1039 2254 1087 2296 in
1110 2250 1314 2296 Domino.

405 2334 421 2351 ·“’
438 2325 760 2370 Confirmatum
781 2325 848 2362 est
873 2331 946 2360 cor
967 2329 1089 2371 e]us;
1110 2342 1112 2344 ψ

445 2399 532 2428 non
559 2378 909 2426 commovebitur
936 2376 1075 2418 donec
1102 2368 1319 2426 despiciat
1343 2363 1548 2407 inimicos
1570 2373 1684 2404 suos.

348 2450 363 2472 »a
383 2443 621 2500 Dispersit,
650 2438 772 2483 dedit
794 2434 1072 2494 pauperibus.

448 2506 470 2546 ‚J
481 2502 632 2546 ustitia
653 2499 751 2555 ejus
776 2500 927 2540 manet
950 2494 998 2535 in
1025 2490 1238 2534 saeculum
1263 2482 1430 2529 saeculi.

450 2564 595 2607 Cornu
620 2559 717 2615 ejus
744 2553 1014 2602 exaltabitur
1037 2551 1084 2592 in
1110 2548 1263 2605 gloria.

337 2623 370 2650 10
388 2624 600 2666 Peccator
622 2616 813 2671 videbit,
837 2619 882 2657 et
906 2613 1131 2663 irascetur,

454 2679 662 2724 dentibus
687 2675 777 2719 suis
801 2675 967 2716 fremet
991 2675 1035 2713 et
1060 2668 1281 2719 tabescet3

455 2737 722 2782 desiderium
747 2737 1029 2790 peccatorum
1050 2725 1225 2784 peribit.

888 2841 1101 2882 PSALMUs
1135 2833 1265 2877 CXII

591 2933 716 2976 Laus
745 2930 835 2973 Dei
859 2926 1013 2971 excelsi
1036 2924 1113 2980 qui
1137 2921 1190 2964 de
1214 2918 1406 2962 minimis
1427 2919 1566 2960 curat.

405 3022 611 3069 Alleluia.

367 3100 379 3126 ‘¹
401 3099 621 3152 Laudate,
645 3094 788 3152 pueri,
819 3089 1084 3140 Dominum3

466 3157 646 3200 laudate
671 3167 832 3196 nomen
862 3147 1053 3192 Domini.

369 3218 386 3244 ‘2
403 3218 469 3262 Sit
492 3229 652 3259 nomen
678 3210 858 3255 Domini
887 3206 1170 3250 benedictum

470 3290 524 3320 ex
548 3275 631 3317 hoc
653 3285 770 3314 nunc
795 3281 841 3313 et
866 3280 1000 3322 usque
1026 3265 1073 3306 in
1098 3261 1325 3306 saeculum.

372 3336 391 3363 3
406 3337 447 3379 A
468 3333 573 3378 solis
599 3338 696 3375 ortu
721 3343 857 3385 usque
881 3327 938 3369 ad
965 3336 1171 3367 occasum

471 3391 696 3437 laudabile
721 3401 883 3432 nomen
907 3383 1099 3428 Domini.

373 3454 393 3481 4
410 3452 623 3497 Excelsus
647 3463 778 3506 super
802 3459 952 3490 omncs
978 3448 1132 3498 gentes
1156 3437 1392 3495 Dominus,

477 3518 522 3555 et
541 3524 672 3567 super
693 3507 824 3551 caelos
846 3503 985 3561 gloria
1007 3501 1118 3555 ejus.

187 3667 253 3698 no,
274 3663 319 3696 ιο]
339 3662 436 3690 prov.
455 3649 515 3694 12⁴7
533 3661 567 3686 et
586 3657 645 3691 1x,
667 3659 711 3684 10.
733 3652 835 3683 Eccn.
855 3651 881 3685 1,
900 3652 942 3676 ιο.

2071 1401 2214 1430 Titulus.

2042 1473 2252 1502 Enarrantur

2036 1521 2072 1547 et
2089 1517 2257 1545 celebran-

2058 1565 2116 1590 tur
2133 1565 2234 1592 opera

2100 1602 2196 1640 justi.

2087 3067 2283 3099 Exordium.

2114 3417 2175 3449 Dei
2195 3420 2265 3446 tam

2114 3460 2270 3492 sublimis
