2423 3861
166 1518 266 1545 Jesus
285 1517 379 1550 sno-

180 1560 359 1594 shoenissae

202 1605 303 1633 filiam
322 1613 340 1634 a

194 1649 355 1678 (1111101110

209 1695 338 1722 liberat.

184 2107 362 2136 Hominem

205 2152 343 2180 surdum

184 2200 215 2223 ct
234 2200 366 2223 mutum

222 2243 327 2268 tanat·

199 2693 350 2722 Secunda

155 2744 275 2769 panum
312 2737 394 2764 mul-

185 2779 363 2813 ti1lica110.

464 139 576 181 1138
1010 136 1161 178 ,NL-21³0,
1196 136 1308 178 VH.
1347 137 1400 178 10
1431 161 1493 168 —
1522 137 1664 192 VIII,
1698 141 1737 182 9.

459 316 585 364 ptum
607 307 710 362 Dei,
736 312 784 349 ut
808 305 1094 348 traditionem
1116 310 1311 346 vestram
1336 304 1536 347 servetis.
1555 304 1591 330 ¹0
1608 305 1785 361 Moyses
1807 307 1927 349 enim
1947 308 2089 354 dixit:
2111 312 2294 355 Honora

459 372 630 423 patrem
655 372 781 408 tuum
804 370 845 406 et
869 369 1056 405 matrem
1082 369 1230 415 tuam3
1255 367 1300 405 et
1320 379 1328 406 :
1349 362 1433 413 Qui
1457 363 1741 407 maledixerit
1761 365 1876 421 patri
1895 365 1967 408 vel
1989 369 2134 425 matri,
2153 376 2293 415 morte

458 426 680 469 moriatur.
712 423 741 449 ¹¹
766 423 857 465 Vos
882 427 1032 465 autem
1059 421 1234 465 dicitis:
1265 421 1309 465 Si
1336 421 1499 465 dixerit
1523 422 1656 465 homo
1681 424 1797 479 patri
1823 430 1902 467 aut
1931 425 2094 470 matri:
2121 428 2294 472 Corban

461 484 607 541 (quod
631 489 695 526 est
721 482 917 538 donum)
945 481 1253 537 quodcumque
1279 495 1333 524 ex
1359 495 1451 536 me,
1479 481 1562 524 tibi
1582 482 1827 538 profuerit3
1855 481 1890 508 ¹2
1907 488 1951 526 et
1975 484 2092 527 ultra
2115 500 2204 529 non
2228 488 2293 531 di-

458 542 636 586 mittitis
663 555 763 585 eum
789 541 1030 596 quidquam
1055 540 1207 584 facere
1228 540 1343 597 patri
1365 554 1444 584 suo
1465 546 1543 583 aut
1565 541 1710 597 matri,
1734 541 1771 568 ¹3
1787 542 2090 586 rescindentes
2108 545 2293 590 verbum

458 601 541 645 Dei
564 615 640 658 per
660 600 947 643 traditionem
964 605 1159 642 vestram
1181 614 1315 655 quam
1332 599 1579 643 tradidistis
1595 617 1607 655 3
1626 606 1669 644 et
1691 601 1857 643 similia
1874 601 2135 657 hujusmodi
2155 604 2296 648 multa.

457 660 623 703 facitis.
648 659 683 686 ¹4
705 661 762 703 Et
783 659 1007 703 advocans
1033 658 1194 702 iterum
1219 659 1417 714 turbam,
1442 659 1621 702 dicebat
1642 659 1730 702 illis
1755 677 1763 703 :
1786 660 1955 704 Audite
1973 675 2043 704 me
2067 675 2232 717 omnes,
2251 667 2297 707 et

456 719 709 775 intelligite.
735 718 769 745 ¹5
788 718 913 762 Nihil
936 723 1001 761 est
1027 723 1154 762 extra
1182 717 1409 761 hominem
1437 718 1652 762 introiens
1677 718 1728 761 in·
1754 734 1854 762 eum
1880 719 1997 775 quod
2028 720 2169 776 possit
2193 735 2296 765 eum

458 779 768 835 coinquinare;
795 778 872 822 sed
899 793 997 834 quae
1025 777 1079 821 de
1102 777 1283 821 homine
1308 777 1575 834 procedunt,
1597 777 1676 821 illa
1702 784 1805 821 sunt
1831 793 1930 834 quae
1961 779 2297 824 communicant

458 838 695 882 hominem.
725 838 760 864 ¹⁰
778 837 822 882 Si
846 837 942 894 quis
967 837 1102 880 habet
1127 851 1254 880 aures
1279 836 1513 892 audiendi,
1539 837 1708 881 audiat.

519 897 552 924 ¹⁷
575 899 633 941 Et.
667 912 767 941 cum
798 897 1026 940 introisset
1053 896 1100 939 in
1133 896 1315 940 domum
1345 911 1371 938 a
1400 896 1551 952 turba,
1582 896 1923 953 interrogabant
1950 912 2052 941 eum
2087 898 2295 955 discipuli

458 958 553 1014 ejus
576 957 847 1014 parabolam.
876 956 911 982 18
930 957 988 999 Et.
1010 956 1073 998 ait
1098 955 1215 1000 illis:
1241 955 1311 999 Sic
1338 962 1381 999 et
1402 970 1480 998 vos
1509 955 1815 1012 imprudentes
1842 957 1977 1002 estis?
2004 959 2105 1001 Non
2129 957 2295 1002 intelli-

456 1017 562 1073 gitis
589 1016 692 1073 quia
721 1030 850 1060 omne
881 1016 1154 1059 extrinsecus
1186 1015 1401 1058 introiens
1426 1015 1472 1057 in
1497 1015 1724 1058 hominem
1749 1030 1838 1058 non
1866 1021 2013 1072 potest
2041 1031 2144 1060 eum·
2175 1031 2296 1061 com-

456 1075 703 1133 municare,
740 1075 775 1102 19
793 1075 895 1131 quia
925 1089 1013 1118 non
1047 1074 1184 1117 intrat
1215 1074 1263 1116 in
1297 1089 1370 1117 cor
1407 1075 1526 1130 ejus,
1561 1075 1637 1118 sed
1669 1074 1716 1117 in
1749 1079 1951 1119 ventrem
1983 1076 2132 1132 vadit,
2168 1080 2212 1120 et
2246 1076 2295 1120 in

456 1150 677 1179 secessum
703 1135 794 1178 exit
823 1149 1018 1192 purgans
1044 1148 1197 1178 omnes
1227 1134 1384 1177 esca-s?
1415 1132 1452 1160 '20
1478 1134 1671 1177 Dicebat
1702 1140 1854 1177 autem
1879 1135 2089 1190 quoniam
2115 1150 2213 1191 quae
2240 1136 2295 1179 de

456 1195 634 1238 homine
665 1200 848 1250 exeunt,
879 1194 959 1236 illa
984 1193 1319 1237 communicant
1356 1193 1597 1236 hominem.
1624 1192 1658 1219 2¹
1678 1193 1750 1236 Ab
1776 1193 1898 1237 intus
1928 1195 2047 1238 enim
2076 1194 2134 1238 de
2163 1194 2294 1238 corde

456 1254 689 1297 hominum
717 1255 850 1296 malae
881 1253 1176 1309 cogitationes
1209 1252 1476 1309 procedunt,
1510 1252 1751 1308 adulteria,
1786 1253 2126 1308 fornicationes,
2153 1254 2295 1297 homi-

457 1313 595 1369 cidia,
628 1312 664 1339 22
689 1313 832 1370 furta,
874 1312 1098 1368 avaritiae,
1136 1312 1370 1368 nequitiae,
1406 1312 1552 1367 dolus,
1586 1312 1903 1369 impudicitiae,
1939 1312 2092 1356 oculus
2126 1313 2298 1368 malus,

455 1373 756 1430 blasphemia,
779 1372 1005 1429 superbia,
1029 1371 1233 1415 stultitia.
1255 1370 1292 1397 ‘²3
1310 1370 1471 1415 Omnia
1493 1372 1592 1414 haec
1614 1371 1733 1413 mala
1755 1371 1811 1413 ab
1833 1371 1952 1414 int-us
1975 1371 2231 1429 procedunt,
2251 1377 2297 1415 et

457 1432 790 1476 communicant
814 1431 1052 1475 hominem.

517 1491 554 1518 ‘24
572 1493 629 1535 Et
651 1492 755 1535 inde
780 1506 964 1547 surgens
989 1491 1101 1534 abiit
1122 1491 1169 1534 in
1191 1492 1299 1535 fines
1327 1491 1433 1547 Tyri
1456 1496 1500 1534 et
1523 1491 1723 1547 Sidonis;
1756 1497 1799 1535 et
1831 1491 2056 1548 ingressus
2091 1491 2297 1549 domum,

457 1552 682 1596 neminem
700 1551 841 1595 voluit
864 1551 988 1606 scire,
1013 1556 1057 1594 et
1077 1565 1166 1594 non
1188 1552 1333 1608 potuit
1354 1550 1505 1593 latere.
1532 1549 1569 1576 *25
1586 1550 1748 1593 Mulier
1774 1551 1893 1593 enim
1918 1551 2071 1594 statim
2097 1555 2146 1593 ut
2168 1550 2296 1594 audi-

458 1612 524 1654 vit
547 1611 601 1655 de
627 1626 698 1667 eo,
723 1611 850 1666 cujus
872 1609 964 1653 filia
981 1610 1176 1653 habebat
1201 1610 1404 1667 spiritum
1432 1609 1728 1665 immundum,
1751 1610 1937 1652 intravit
1959 1616 2002 1653 et
2022 1609 2213 1667 procidit
2237 1609 2296 1653 ad

457 1671 592 1728 pedes
622 1671 732 1727 ejus.
756 1669 793 1696 2⁶
815 1670 924 1713 Erat
953 1669 1072 1712 enim
1097 1669 1257 1712 mulier
1281 1669 1484 1725 gentilis,
1512 1668 1850 1725 Syrophoenissa
1879 1683 2053 1725 genere.
2084 1670 2144 1712 Et
2166 1683 2293 1726 roga·

458 1731 537 1773 bat
558 1744 659 1773 eum
683 1735 732 1773 ut
754 1729 1026 1772 daemonium
1055 1729 1238 1785 ejiceret
1269 1728 1323 1771 de
1347 1727 1439 1770 filia
1466 1727 1576 1784 ejus.
1605 1726 1640 1754 '2⁷
1659 1728 1741 1778 Qui
1769 1728 1885 1771 dixit
1908 1728 1977 1770 illi
2003 1745 2011 1772 :
2040 1728 2145 1772 Sine
2174 1729 2294 1786 prius

458 1790 647 1833 saturari
676 1789 814 1843 fili0s3
842 1803 930 1832 non
960 1793 1025 1831 est
1055 1788 1173 1831 enim
1199 1788 1367 1831 bonum
1401 1801 1573 1830 sumere
1602 1802 1764 1844 panem
1797 1787 2010 1843 filiorum,
2043 1793 2086 1831 et
2119 1788 2294 1832 mittere

460 1849 656 1892 canibus.
676 1848 713 1875 23
730 1850 793 1892 At
812 1848 892 1891 illa
916 1847 1165 1905 respondit,
1189 1853 1232 1891 et
1254 1847 1368 1890 dixit
1392 1846 1459 1889 illi
1482 1864 1489 1890 ε
1514 1847 1701 1902 Utique,
1723 1847 1939 1902 Domine;
1961 1861 2065 1889 nam
2083 1852 2127 1890 et
2144 1847 2295 1891 catelli

460 1908 698 1952 comedunt
723 1908 803 1952 sub
834 1922 988 1951 mensa
1011 1908 1064 1951 de
1090 1907 1218 1950 micis
1240 1920 1491 1963 puerorum.
1514 1904 1550 1931 29
1570 1907 1627 1948 Et
1648 1905 1712 1947 ait
1734 1904 1800 1947 illi
1823 1922 1831 1949 :
1859 1906 2043 1962 Propter
2067 1905 2186 1949 hunc
2207 1920 2295 1950 ser-

459 1982 637 2012 monem
669 1968 803 2024 vade,
839 1967 948 2011 exiit
981 1966 1254 2010 daemonium
1291 1980 1317 2007 a
1349 1964 1442 2007 filia
1474 1970 1563 2008 tua.
1599 1964 1635 1990 30
1661 1965 1720 2006 Et
1757 1979 1857 2007 cum
1893 1965 2077 2008 abiisset
2114 1965 2296 2009 domum

459 2041 607 2081 suam,
633 2027 806 2070 invenit
827 2026 1023 2083 puellam
1044 2026 1271 2083 jacentem
1296 2039 1429 2081 supra
1453 2024 1640 2079 lectum,
1668 2030 1711 2067 et
1733 2023 2006 2067 daemonium
2031 2023 2204 2068 exiisse.

518 2087 551 2113 3¹
573 2088 631 2129 Et
655 2087 817 2130 iterum
843 2085 994 2129 exiens
1022 2085 1075 2128 de
1100 2085 1262 2128 finibus
1289 2084 1416 2140 Tyri,
1440 2083 1563 2126 venit
1592 2098 1669 2140 per
1695 2083 1904 2126 Sidonem
1933 2084 1990 2126 ad
2021 2098 2142 2127 mare
2171 2084 2296 2128 Gali-

459 2147 577 2201 laeae,
604 2147 719 2190 inter
739 2146 908 2190 medios
936 2145 1045 2188 fines
1069 2144 1356 2202 Decapoleos.
1380 2142 1417 2169 3‘2
1432 2144 1490 2185 Et
1514 2143 1745 2186 adducunt
1767 2142 1805 2186 ei
1831 2143 2014 2186 surdum
2039 2148 2082 2186 et
2108 2148 2294 2200 mutum,

460 2212 504 2249 et
529 2206 880 2263 deprecabantur
905 2220 1007 2249 eum
1039 2210 1088 2247 ut
1118 2204 1321 2261 imponat
1353 2203 1419 2246 illi
1450 2217 1646 2246 manum.
1672 2201 1710 2229 33
1735 2203 1795 2245 Et
1826 2202 2163 2259 apprehendens
2192 2217 2296 2246 eum

460 2265 514 2309 de
540 2265 669 2308 turba
691 2280 907 2320 seorsum,
931 2264 1053 2307 misit
1079 2264 1242 2320 digitos
1268 2277 1369 2306 suos
1390 2263 1437 2305 in
1460 2261 1680 2305 auriculas
1703 2262 1820 2318 ejus,
1845 2266 1890 2305 et
1914 2276 2125 2319 expuens,
2143 2261 2296 2319 tetigit

459 2325 661 2382 linguam
683 2325 794 2382 ejus.
817 2324 855 2351 31
881 2326 939 2368 Et
971 2323 1217 2382 suspiciens
1243 2323 1290 2366 in
1323 2322 1504 2378 caelum,
1530 2321 1773 2377 ingemuit,
1801 2327 1844 2365 et
1873 2321 1937 2364 ait
1963 2320 2031 2364 illi
2052 2337 2061 2365 :
2087 2321 2296 2378 Ephphe-

460 2385 557 2441 tha,
585 2384 700 2441 quod
723 2389 808 2440 est,
831 2384 1090 2441 Adaperire.
1118 2382 1154 2409 35
1173 2384 1232 2426 Et
1256 2382 1410 2426 statim
1435 2387 1602 2439 apertae
1623 2386 1727 2424 sunt
1752 2395 1878 2424 aures
1904 2381 2013 2437 ejus,
2038 2386 2083 2424 et
2101 2380 2296 2425 solutum

461 2450 526 2487 est
550 2444 781 2487 vinculum
806 2444 973 2500 linguae
1004 2444 1120 2500 ejus,
1146 2452 1189 2485 et
1214 2442 1478 2498 loquebatur
1503 2446 1634 2484 recte.
1658 2440 1695 2467 36
1713 2442 1771 2483 Et
1792 2440 2004 2498 praecepit
2024 2439 2114 2484 illis
2143 2454 2199 2484 ne
2224 2439 2295 2484 cui

461 2504 670 2547 dicerent.
695 2504 868 2554 Quanto
893 2510 1044 2547 autem
1069 2503 1131 2547 eis
1166 2500 1475 2559 praecipiebat,
1502 2505 1628 2544 tanto
1658 2499 1801 2555 magis
1827 2499 1927 2557 plus
1955 2498 2292 2557 praedicabant;

460 2562 495 2589 37
515 2570 557 2606 et
590 2577 639 2607 eo
673 2563 863 2620 amplius
896 2563 1253 2616 admirabantur,
1291 2560 1521 2604 dicentes:
1557 2561 1677 2603 Bene
1711 2559 1859 2602 omnia
1892 2559 2031 2613 fecit3
2068 2564 2112 2602 et
2139 2558 2294 2602 surdos

459 2622 571 2666 fecit
591 2623 743 2666 audire
766 2628 809 2665 et
832 2628 976 2665 mutos
1001 2622 1133 2678 loqui.

520 2682 625 2725 CAP.
646 2682 781 2726 VIII.
798 2707 858 2716 —
879 2682 892 2708 1
913 2683 967 2725 In
994 2681 1149 2725 diebus
1171 2680 1261 2724 illis
1285 2681 1444 2724 iterum
1467 2695 1567 2724 cum
1590 2680 1719 2723 turba
1742 2680 1884 2722 multa
1910 2683 2037 2734 esset,
2058 2692 2138 2722 nec
2157 2677 2293 2721 habe—

458 2748 557 2786 rent
583 2741 697 2798 quod
723 2742 1065 2798 manducarent,
1090 2740 1346 2784 convocatis
1377 2740 1628 2797 discipulis,
1655 2739 1719 2782 ait
1746 2739 1836 2782 illis
1859 2755 1867 2782 :
1891 2737 1908 2764 '2
1926 2739 2135 2782 Misereor
2163 2751 2295 2794 super

459 2801 649 2857 turbam,
670 2801 772 2857 quia
790 2815 892 2845 6666
916 2801 1011 2857 jam
1036 2800 1182 2844 triduo
1203 2799 1425 2843 sustinent
1451 2814 1535 2855 me,
1562 2813 1644 2842 nec
1668 2798 1838 2841 habent
1859 2797 1974 2854 quod
1996 2797 2291 2852 manducent3

460 2860 477 2887 3
499 2865 542 2904 et
574 2860 610 2903 si
645 2860 851 2904 dimisero
883 2875 955 2904 eos
984 2860 1162 2917 jejunos
1193 2859 1240 2902 in
1272 2859 1452 2902 domum
1481 2873 1628 2914 suam,
1663 2858 1872 2901 deficient
1903 2857 1950 2900 in
1976 2856 2076 2911 via;
2111 2854 2294 2911 quidam

461 2920 579 2962 enim
605 2934 659 2963 ex
685 2919 746 2963 eis
773 2920 826 2964 de
847 2920 980 2976 longe
1004 2924 1233 2963 venerunt.
1261 2918 1278 2945 4
1297 2919 1355 2961 Et
1383 2918 1704 2976 responderunt
1729 2917 1770 2961 ei
1799 2915 2006 2973 discipuli
2031 2914 2127 2958 sui:
2160 2914 2293 2958 Unde

460 2978 558 3021 illos
593 2979 689 3035 quis
718 2979 880 3036 poterit
912 2979 985 3022 hic
1018 2985 1215 3023 saturare
1248 2977 1437 3035 panibus
1469 2978 1515 3020 in
1553 2976 1827 3021 solitudine?
1862 2976 1878 3002 5
1908 2976 1967 3018 Et
1999 2973 2293 3030 interrogavit

462 3051 561 3081 eos:
596 3038 711 3088 Quot
742 3053 879 3095 panes
913 3038 1127 3083 habetis?
1163 3038 1245 3089 Qui
1281 3037 1519 3080 dixerunt:
1555 3037 1743 3094 Septem.
1776 3035 1793 3062 6
1819 3037 1877 3078 Et
1908 3032 2119 3090 praecepit
2149 3033 2292 3075 turbae

462 3096 738 3141 discumbere
764 3113 894 3155 super
919 3104 1093 3141 terram.
1122 3099 1180 3141 Et
1204 3096 1427 3153 accipiens
1457 3101 1628 3153 septem
1657 3109 1813 3152 panes,
1837 3092 2003 3149 gratias
2032 3105 2170 3147 agens
2202 3091 2291 3135 fre-

461 3155 548 3212 git,
574 3162 617 3199 et
647 3156 782 3199 dabat
815 3157 1045 3214 discipulis
1071 3157 1160 3200 suis
1194 3162 1242 3200 ut
1275 3161 1571 3212 apponerent3
1603 3161 1647 3198 et
1679 3156 1977 3211 apposuerunt
2010 3151 2163 3194 turbae.
2192 3150 2208 3176 ⁷
2237 3152 2292 3194 Et

462 3215 688 3258 habebant
720 3215 954 3272 pisciculos
987 3231 1175 3273 paucos3
1212 3221 1255 3259 et
1286 3215 1405 3272 ipsos
1442 3214 1692 3269 benedixit,
1727 3217 1772 3256 et
1805 3210 1940 3267 jussit
1975 3209 2151 3266 apponi.
2187 3208 2204 3237 ⁸
2235 3211 2292 3253 Et

462 3274 864 3331 manducaverunt,
899 3281 942 3318 et
978 3276 1163 3318 saturati
1202 3282 1333 3328 sunt3
1373 3280 1417 3318 et
1454 3273 1725 3317 sustulerunt
1763 3269 1877 3326 quod
1915 3273 2201 3325 superaverat
2236 3268 2292 3313 de

462 3333 753 3390 fragmentis,
791 3340 961 3391 septem
997 3341 1179 3391 sportas.
1220 3334 1236 3360 9
1268 3335 1405 3375 Erant
1442 3338 1591 3376 autem
1629 3330 1700 3387 qui
1743 3327 2125 3371 manducaverant
2165 3327 2289 3384 quasi

464 3398 649 3448 quatuor
673 3393 839 3446 millia;
869 3398 912 3437 et
933 3393 1102 3436 dimisit
1127 3407 1212 3436 eos.

466 3613 512 3645 1οζ
530 3614 589 3640 Ex.
609 3614 690 3648 XX,
708 3616 752 3642 12.
772 3615 870 3642 Deut.
889 3615 928 3649 V,
947 3617 987 3642 16.
1009 3613 1090 3646 Eph.
1110 3614 1176 3647 VI,
1195 3616 1220 3641 2.
1238 3613 1299 3640 Ex.
1317 3611 1401 3639 XXI
1415 3632 1421 3646 ⁷
1436 3614 1479 3639 17.
1502 3610 1580 3638 Lev.
1604 3608 1688 3642 XX,
1712 3611 1738 3636 9.
1762 3608 1858 3636 Prov.
1882 3609 1964 3643 XX,
1982 3612 2025 3637 20.
2046 3624 2082 3629 —
2099 3610 2148 3643 14]
2164 3609 2285 3638 matth.

466 3655 537 3689 xv,
556 3659 597 3683 10.
618 3670 651 3675 νὴ
673 3658 720 3691 21]
739 3658 816 3686 Gen.
835 3658 894 3693 VJ,
911 3660 937 3685 5.
955 3671 991 3676 —
1012 3657 1059 3690 24]
1082 3656 1203 3685 matth.
1225 3656 1296 3690 xv,
1314 3657 1358 3684 21.
1376 3669 1413 3674 —
1432 3654 1482 3688 32]
1501 3651 1620 3681 Matth.
1641 3651 1700 3685 IX,
1721 3654 1767 3679 32.
1788 3666 1822 3671 ——
1842 3653 1869 3686 1]
1888 3653 2008 3682 Matth.
2027 3653 2098 3689 XV,
2115 3656 2159 3683 32.
