2391 3861
203 508 275 542 ipse

158 550 326 580 Christus.

171 1099 304 1128 Denun-

172 1141 306 1171 tiantur

131 1189 347 1220 corruptores

194 1230 283 1260 libri.

140 1385 331 1415 conclusio.

430 146 541 188 1366
1078 143 1216 185 Apoc.
1251 143 1410 198 XXII,
1447 144 1609 186 11-21.

425 316 584 374 hujus;
613 319 787 372 tempus
809 315 928 358 enim
949 329 1085 371 prope
1107 319 1187 358 est.
1214 313 1247 340 11
1269 313 1351 365 Qui
1377 319 1520 369 nocet,
1548 320 1708 358 noceat
1733 314 1879 358 adhuc
1899 331 1907 369 ;
1936 320 1981 358 et
2005 316 2080 371 qui
2101 318 2149 361 in
2169 332 2259 362 sor-

426 375 554 418 dibus
596 379 683 430 est,
721 374 947 417 sordescat
985 374 1162 429 adhuc3
1205 373 1360 429 etqui
1393 373 1538 430 justus
1572 378 1658 429 est,
1695 373 1965 430 justificetur
1999 374 2174 432 adhuc3
2215 382 2258 421 et

425 439 619 489 sanctus,
643 433 944 476 sanctificetur
968 433 1128 475 adhuc.

485 492 522 519 ¹²
540 494 657 536 Ecce
677 492 807 535 venio
834 492 934 546 cito,
962 497 1006 534 et
1030 506 1198 535 merces
1223 506 1323 535 mea
1344 506 1519 534 mecum
1543 497 1622 547 est,
1644 491 1828 535 reddere
1849 492 2087 548 unicuique
2108 507 2262 538 secun-

425 553 532 596 dum
558 566 689 608 opera
714 566 806 594 sua.
834 550 870 577 13
888 551 984 607 Ego
1009 565 1107 594 sum
1127 550 1278 607 Alpha
1303 556 1348 593 et
1373 551 1555 606 Omega,
1581 550 1751 607 primus
1773 556 1816 594 et
1840 551 2122 608 novissimus,
2145 552 2262 609 prin-

426 611 591 668 cipium
616 617 660 654 et
688 610 802 654 finis.
829 609 865 637 14
885 610 1013 653 Beati
1044 610 1118 666 qui
1151 609 1307 653 lavant
1339 610 1475 653 stolas
1501 623 1602 652 suas
1633 609 1681 652 in
1713 609 1931 666 sanguine
1956 610 2100 667 Agni,
2133 616 2183 654 ut
2207 612 2264 655 sit

424 675 620 727 potestas
644 685 794 714 eorum
821 669 868 712 in
893 669 1016 725 ligno
1041 669 1170 725 Vitae,
1197 674 1343 726 et‘per
1366 674 1515 726 portas
1539 668 1709 712 intrent
1739 669 1786 711 in
1812 669 2056 713 civitatem.
2083 669 2120 697 15
2139 670 2266 714 Foris

426 744 569 786 canes,
598 735 641 773 et
666 729 862 784 venefici,
891 734 935 772 et
957 728 1186 786 impudici,
1213 734 1259 772 et
1283 728 1534 783 homicidae,
1561 732 1606 771 et
1628 727 1760 771 idolis
1785 728 2041 785 servientes,
2061 734 2105 773 et
2122 730 2267 773 omnis

425 789 499 845 qui
525 794 648 832 amat
680 794 725 832 et
748 788 864 831 facit
895 788 1193 831 mendacium.
1221 787 1258 815 16
1283 790 1381 844 Ego
1406 788 1434 830 J
1439 802 1538 830 esus
1567 787 1667 830 misi
1693 787 1905 843 angelum
1937 802 2107 845 meum,
2133 789 2266 832 'testi-

424 848 547 892 ficari
588 848 714 891 Vobis
754 847 853 891 haec
892 847 939 890 in
981 847 1193 891 ecclesiis.
1231 849 1327 903 Ego
1367 862 1464 890 sum
1501 846 1631 889 radix
1671 852 1715 890 et
1755 861 1896 903 genus
1931 847 2100 902 David,
2135 848 2265 892 stella

424 907 661 964 splendida
700 912 745 951 et
781 907 1015 951 matutina.
1055 906 1089 933 17
1110 907 1169 949 Et
1200 907 1381 964 spiritus
1415 911 1459 949 et
1492 920 1653 963 sponsa
1690 905 1847 949 dicunt
1887 923 1895 951 ε
1928 906 2059 950 Veni.
2095 908 2154 950 Et
2190 907 2265 964 qui

424 967 562 1022 audit,
584 967 703 1010 dicat
735 984 744 1011 :
770 965 900 1010 Veni.
928 966 988 1009 Et
1011 965 1085 1022 qui
1111 965 1219 1022 sitit,
1246 966 1428 1021 veniat3
1456 971 1500 1009 et
1526 964 1598 1021 qui
1623 965 1732 1021 vult,
1756 965 1951 1023 accipiat
1970 980 2134 1022 aquam
2157 967 2264 1010 vitae

477 1026 576 1070 atis.

423 1040 519 1113 grffi
539 1087 772 1130 Contestor
797 1086 915 1130 enim
943 1086 1062 1129 omni
1091 1085 1292 1129 audienti
1318 1085 1453 1128 verba
1487 1084 1733 1142 prophetiae
1765 1085 1865 1128 libri
1898 1085 2032 1141 hujus
2061 1102 2070 1130 ε
2095 1086 2141 1130 Si
2169 1085 2264 1142 quis

423 1146 679 1202 apposuerit
699 1145 756 1188 ad
782 1146 891 1200 haec,
918 1151 1112 1202 apponet
1133 1146 1251 1189 Deus
1276 1158 1406 1201 super
1425 1143 1553 1186 illum
1571 1145 1728 1201 plagas
1751 1144 1938 1201 scriptas
1958 1145 2006 1187 in
2027 1145 2140 1189 libro
2164 1145 2263 1189 isto.

424 1204 461 1231 ¹9
486 1205 546 1247 Et
577 1205 613 1248 si
639 1205 736 1261 quis
771 1205 1028 1248 diminuerit
1058 1204 1112 1248 de
1145 1204 1292 1248 verbis
1325 1203 1428 1246 libn·
1460 1204 1707 1261 prophetiae
1741 1204 1898 1260 hujus,
1933 1205 2111 1248 auferet
2144 1205 2264 1248 Deus

423 1270 596 1321 partem
629 1265 725 1321 ejus
760 1264 815 1308 de
844 1260 957 1307 libro
987 1263 1116 1321 vitae,
1144 1269 1188 1307 et
1213 1264 1268 1307 de
1294 1263 1478 1306 civitate
1507 1268 1684 1319 sancta,
1721 1269 1764 1307 et
1797 1263 1851 1307 de
1880 1263 1949 1307 his
1975 1278 2075 1321 quae
2100 1264 2264 1322 scripta

424 1329 527 1366 sunt
550 1324 597 1366 in
623 1324 735 1367 libro
760 1324 860 1368 isto.

483 1381 521 1410 2⁰
539 1383 663 1426 Dicit
688 1383 762 1440 qui
784 1384 1092 1428 testimonium
1121 1384 1326 1441 perhibet
1352 1383 1538 1427 istorum
1572 1399 1580 1428 :
1616 1383 1766 1427 Etiam
1801 1383 1931 1428 venio
1968 1383 2071 1427 cito.
2104 1382 2264 1428 Amen.

425 1442 560 1544 Vekni,
597 1443 787 1487 Domine
822 1444 944 1488 ἄθεα.
972 1442 1006 1470 21
1027 1443 1185 1488 Gratia
1211 1442 1391 1486 Domini
1424 1441 1563 1486 nostri
1590 1443 1699 1486 Jesu
1735 1442 1897 1487 Christi
1929 1457 2030 1486 cum
2059 1441 2265 1486 omnibus

423 1516 478 1544 vo
512 1502 563 1545 is,
585 1503 745 1546 Amen.

424 1647 471 1680 13]
490 1646 534 1674 Is.
552 1646 643 1681 XLI,
660 1649 677 1674 4
694 1649 729 1674 et
746 1647 869 1683 XLIV,
883 1651 899 1676 6
916 1650 951 1676 et
968 1648 1129 1683 XLVIII,
1144 1651 1188 1675 12.
1206 1647 1283 1679 Sup.
1305 1648 1331 1682 Ι,
1349 1650 1376 1682 8,
1398 1649 1433 1675 17
1450 1649 1485 1674 et
1502 1646 1598 1682 XXI,
1616 1649 1641 1676 6.
1659 1661 1695 1666 —
1713 1648 1760 1681 17]
1780 1646 1823 1675 Is.
1842 1647 1910 1682 LV,
1926 1649 1952 1676 1.
