2423 3861
196 766 477 842 LIBER
546 767 1038 844 SECUNDUS
1106 768 1870 845 MACHABAEORUM

865 959 1197 983 -„„‚>--,4-<4.-—

307 1119 469 1163 SEc'r1o
506 1120 541 1162 I.
568 1146 625 1152 —
651 1121 891 1164 EmsToLAE
925 1123 1195 1166 -JUDAEORUM
1229 1124 1750 1167 JEROSOLYMITANORUM

522 1197 776 1229 FnA'rmssus
811 1200 860 1230 1N
893 1188 1104 1231 AEcrrro
1139 1201 1532 1233 conmonAnrissns

737 1324 761 1380 ξ
796 1324 831 1365 Ι.
867 1349 923 1355 —-
956 1324 1092 1366 Prior
1124 1325 1319 1380 epistola.

433 1460 729 1502 RATRIBUS,
757 1447 829 1502 qui
853 1451 955 1489 sunt
976 1460 1052 1502 per
1074 1448 1343 1502 AEgyptum,
1367 1448 1552 1502 Judaeis,
1575 1449 1765 1492 salutem
1788 1449 1942 1492 dicunt

453 1506 635 1561 fratres,
663 1506 735 1561 qui
766 1510 869 1547 sunt
896 1506 942 1547 in
969 1504 1278 1561 Jerosolymis,
1309 1505 1479 1561 Judaei,
1512 1511 1554 1548 et
1581 1507 1653 1562 qui
1683 1507 1728 1549 in
1761 1508 1942 1563 regione

453 1563 646 1618 Judaeae,
670 1570 713 1606 et
734 1578 890 1620 pacem
915 1563 1091 1606 bonam.

519 1621 535 1648 ”²
567 1623 830 1666 Benefaciat
862 1622 986 1664 vobis
1026 1623 1168 1677 Deus,
1207 1628 1251 1664 et
1289 1623 1540 1666 meminerit
1581 1625 1835 1667 testamenti
1873 1626 1941 1668 sui

255 1715 258 1717 .
328 1707 332 1708 ⁷
452 1681 567 1738 quod
592 1681 764 1724 locutus
789 1686 855 1724 est
875 1681 932 1723 ad
954 1680 1204 1736 Abraham,
1228 1685 1273 1724 et
1297 1682 1446 1737 Isaac,
1470 1687 1514 1725 et
1539 1682 1694 1737 Jacob,
1718 1697 1942 1727 servorum

114 1755 290 1784 suorum
322 1740 548 1796 fidelium3
577 1740 596 1767 3
613 1745 656 1784 et
682 1741 755 1784 det
778 1739 903 1784 vobis
929 1753 1003 1782 cor
1028 1740 1252 1794 omnibus,
1283 1745 1332 1783 ut
1356 1741 1512 1784 colatis
1542 1755 1662 1797 eum,
1694 1747 1737 1784 et
1761 1741 1941 1786 faciatis

114 1799 211 1855 ejus
236 1799 514 1843 voluntatem
545 1799 676 1843 corde
697 1814 881 1856 magno,
906 1804 949 1842 et
970 1799 1118 1842 animo
1144 1799 1324 1842 volenti.
1352 1799 1369 1826 4
1385 1800 1632 1856 Adaperiat
1654 1814 1728 1844 cor
1745 1806 1953 1844 vestrum

113 1859 158 1901 in
180 1859 278 1915 lege
302 1873 403 1914 sua,
430 1864 473 1902 et
496 1859 543 1902 in
573 1859 807 1916 praeceptis
832 1858 943 1914 suis,
975 1863 1018 1901 et
1050 1857 1192 1900 faciat
1220 1872 1401 1914 pacem3
1436 1859 1454 1886 ⁵
1479 1859 1689 1902 exaudiat
1721 1859 1940 1904 orationes

116 1923 304 1974 vestras,
334 1924 378 1962 et
410 1919 721 1962 reconcilietur
753 1918 900 1973 vobis,
934 1931 1015 1960 nec
1048 1931 1125 1960 vos
1159 1917 1333 1960 deserat
1370 1918 1418 1960 in
1452 1923 1649 1975 tempore
1678 1919 1809 1962 malo.
1843 1920 1862 1946 6
1883 1920 1941 1963 Et

115 1991 232 2019 nunc
253 1977 326 2020 hic
350 1991 500 2020 sumus
527 1983 699 2021 orantes
722 1992 799 2034 pro
824 1977 964 2020 vobis.

174 2035 188 2062 7
221 2038 454 2093 Regnante
486 2037 731 2092 Demetrio,
770 2051 885 2079 anno
919 2036 1159 2079 centesimo
1196 2037 1473 2092 sexagesimo
1506 2052 1641 2092 nono,
1680 2053 1758 2081 nos
1791 2038 1940 2081 Judaei

114 2095 367 2151 scripsimus
392 2095 518 2139 vobis
547 2096 593 2138 in
619 2096 928 2149 tribulatione,
955 2100 998 2137 et
1030 2095 1199 2151 impetu
1226 2095 1300 2151 qui
1325 2096 1580 2152 supervenit
1609 2096 1735 2139 nobis
1764 2097 1810 2139 in
1842 2097 1938 2140 istis

112 2155 260 2210 annis,
288 2168 342 2198 ex
364 2169 448 2210 quo
473 2155 653 2198 recessit
683 2156 822 2198 Jason
846 2169 872 2197 a
897 2159 1051 2197 sancta
1076 2159 1191 2197 terra
1217 2160 1260 2197 et
1287 2168 1313 2197 a
1337 2169 1488 2210 regno.
1514 2154 1532 2181 8
1551 2155 1729 2198 Portam
1758 2169 1938 2199 succen-

113 2214 290 2269 derunt,
317 2220 360 2257 et
382 2213 639 2257 effuderunt
659 2213 924 2270 sanguinem
948 2213 1256 2268 innocentem3
1284 2218 1328 2256 et
1349 2214 1569 2257 oravimus
1594 2214 1651 2257 ad
1676 2214 1937 2270 Dominum,

113 2278 157 2315 et
178 2272 376 2315 exauditi
401 2287 573 2328 sumus,
603 2278 646 2316 et
673 2272 912 2316 obtulimus
942 2271 1228 2328 sacrificium,
1256 2276 1298 2315 et
1319 2272 1642 2328 similaginem,
1670 2277 1712 2316 et
1733 2273 1938 2316 accendi-

114 2345 209 2374 mus
230 2331 450 2386 lucernas,
477 2336 521 2374 et
546 2331 851 2386 proposuimus
876 2345 1025 2387 panes.

166 2394 182 2420 ⁹
208 2394 268 2436 Et
295 2406 414 2436 nunc
442 2393 726 2448 frequentate
760 2391 855 2434 dies
888 2391 1167 2449 scenopegiae
1199 2393 1365 2437 mensis
1390 2394 1553 2440 casleu.
1580 2395 1617 2423 ¹⁰
1633 2398 1765 2441 Anno
1789 2403 1939 2443 cente-

107 2453 217 2496 simo
243 2451 516 2508 octogesimo
539 2456 710 2495 octavo.

691 2569 714 2622 ξ
740 2566 803 2611 ΙΙ.
831 2592 885 2599 -
911 2567 1120 2623 Epistola
1130 2569 1360 2624 posterior„

167 2683 362 2740 Populus
383 2682 458 2740 qui
476 2688 543 2726 est
567 2683 595 2726 J
601 2681 879 2738 erosolymis,
898 2687 942 2725 et
966 2681 1012 2724 in
1030 2681 1212 2738 Judaea‚
1231 2688 1497 2740 senatusque
1515 2690 1561 2729 et
1577 2686 1606 2728 J
1609 2686 1739 2743 udas,
1768 2688 1936 2732 Aristo-

109 2742 228 2796 bolo,
256 2742 470 2798 magistro
498 2741 731 2785 Ptolemaei
756 2741 892 2796 regis,
911 2740 987 2796 qui
1004 2745 1073 2784 est
1089 2741 1145 2784 de
1169 2756 1332 2798 genere
1349 2744 1617 2787 christorum
1635 2747 1935 2804 sacerdotum,

105 2807 152 2846 et
176 2802 246 2844 his
267 2802 343 2858 qui
364 2801 412 2844 in
436 2801 640 2858 AEgypto
665 2805 768 2843 sunt
792 2799 987 2855 Judaeis,
1013 2799 1204 2843 salutem
1229 2807 1273 2844 et
1297 2802 1550 2847 sanitatem.

169 2869 201 2895 ¹¹
223 2870 289 2912 De
319 2867 492 2924 magnis
522 2866 728 2923 periculis
753 2880 779 2908 a
811 2867 904 2909 Deo
933 2864 1129 2916 liberati,
1159 2863 1394 2919 magnifice
1419 2862 1586 2919 gratias
1617 2862 1792 2918 agimus
1824 2862 1931 2919 ipsi,

111 2933 261 2984 utpote
285 2927 359 2983 qui
385 2927 596 2970 adversus
619 2925 755 2968 talem
779 2938 929 2980 regem
955 2922 1278 2966 dimicavimus.
1299 2922 1335 2948 ¹2
1355 2923 1454 2978 Ipse
1475 2922 1595 2965 enim
1617 2921 1801 2965 ebullire
1821 2922 1934 2965 fecit

111 2987 164 3030 de
190 2986 368 3029 Perside
391 3000 463 3029 eos
490 2985 562 3041 qui
588 2988 898 3042 pugnaverunt
920 2988 1072 3026 contra
1094 2996 1172 3025 nos
1197 2990 1241 3024 et
1265 2987 1465 3024 sanctam
1488 2981 1731 3024 civitatem.
1760 2980 1796 3007 ¹3
1817 2981 1934 3024 Nam

113 3060 212 3088 cum
239 3046 286 3088 in
312 3045 492 3088 Perside
519 3050 632 3087 esset
662 3043 751 3086 dux
777 3042 889 3099 ipse,
917 3047 960 3085 et
985 3056 1084 3084 cum
1114 3040 1210 3098 ipso
1237 3041 1478 3084 immensus
1507 3039 1749 3093 exercitus,
1772 3039 1933 3084 cecidit

112 3105 157 3147 in
180 3105 346 3161 templo
379 3105 568 3159 Naneae,
597 3102 780 3146 consilio
810 3101 1019 3157 deceptus
1044 3100 1321 3143 sacerdotum
1348 3099 1531 3142 Naneae.
1558 3099 1593 3126 ¹⁴¹
1619 3099 1797 3142 Etenim
1831 3113 1933 3142 cum

113 3178 164 3207 ea
187 3163 466 3206 habitaturus
491 3163 614 3206 venit
639 3162 695 3205 ad
724 3161 870 3204 locum
895 3159 1165 3213 Antiochus,
1192 3163 1236 3202 et
1260 3158 1393 3202 amici
1422 3158 1540 3214 ejus,
1564 3163 1607 3202 et
1635 3163 1685 3202 ut
1711 3158 1932 3215 acciperet

113 3222 320 3279 pecunias
357 3223 520 3265 multas
556 3221 670 3265 dotis
704 3220 905 3274 nomine3
942 3218 977 3245 ¹⁵
1003 3232 1190 3274 cumque
1222 3217 1551 3275 proposuissent
1581 3232 1654 3261 eas
1683 3216 1933 3260 sacerdotes

113 3283 301 3335 Naneae,
328 3288 372 3325 et
394 3282 489 3339 ipse
523 3295 623 3324 cum
652 3279 805 3337 paucis
833 3279 1056 3334 ingressus
1082 3282 1195 3320 esset
1225 3277 1342 3319 intra
1366 3276 1588 3320 ambitum
1615 3276 1734 3332 fani,
1765 3276 1931 3319 clause-

111 3345 214 3384 runt
236 3341 452 3397 templum
479 3348 580 3383 curn
611 3340 818 3383 intrasset
839 3337 1110 3390 Antiochus;
1143 3335 1179 3363 ¹⁶
1203 3340 1441 3393 apertoque
1473 3336 1646 3379 occulto
1671 3335 1795 3378 aditu
1825 3341 1933 3378 tem-

112 3399 194 3456 pli,
220 3399 446 3443 mittentes
475 3399 665 3456 lapides,
693 3401 1000 3456 percusserunt
1033 3396 1190 3439 ducem
1223 3400 1267 3439 et
1295 3409 1367 3438 eos
1401 3396 1472 3450 qui
1499 3409 1599 3437 cum
1632 3408 1681 3437 eo
1711 3399 1856 3448 erant,
1890 3399 1934 3437 et

113 3458 357 3502 diviserunt
389 3458 692 3514 membratim,
715 3463 759 3500 et
791 3455 1009 3512 capitibus
1041 3454 1304 3511 amputatis,
1332 3453 1454 3497 foras
1479 3453 1772 3511 projecerunt.
1797 3452 1831 3479 ¹⁷
1851 3453 1934 3496 Per

113 3517 260 3561 omnia
284 3517 545 3561 benedictus
571 3519 712 3572 Deus,
738 3516 813 3572 qui
833 3514 1018 3558 tradidit
1042 3513 1224 3570 impios!

173 3576 207 3602 ¹⁸
225 3577 405 3619 Facturi
430 3576 579 3633 igitur,
605 3577 759 3633 quinta
781 3580 825 3618 et
850 3573 1065 3630 vigesima
1090 3573 1161 3616 die
1186 3572 1350 3616 mensis
1381 3572 1549 3628 casleu,
1579 3572 1934 3629 purificationem

115 3635 288 3692 templi,
324 3636 621 3679 necessarium
650 3635 856 3679 duximus
885 3632 1133 3688 significare
1166 3631 1312 3688 vobis,
1343 3636 1392 3674 ut
1423 3636 1468 3674 et
1492 3645 1569 3674 vos
1590 3645 1760 3688 quoque
1788 3632 1932 3689 agatis

2040 1468 2216 1500 salutatio.

2081 1635 2177 1664 Vota.

2049 2052 2212 2081 Memoria

2043 2095 2213 2125 citerioris

2048 2139 2118 2173 epis
2124 2140 2210 2170 tolae.

2037 2414 2214 2446 Invitatio.

2036 2703 2211 2734 salutatio.

2074 2874 2166 2901 Mors

2043 2916 2204 2946 Antiochi

2000 2961 2133 2995 tyranni
2162 2969 2237 2991 cum

2027 3005 2214 3039 gratiarum

2054 3049 2189 3078 actione

2038 3095 2203 3122 narratur.

2036 3558 2202 3588 Invitatio

2046 3603 2088 3631 ad
2105 3603 2196 3631 testa

2017 3647 2223 3676 celebranda.
