2456 3861
153 1082 267 1110 Oleum
288 1088 346 1114 pro

141 1126 352 1155 candelabro.

153 1377 350 1405 Describun-

161 1427 214 1450 tur
238 1422 339 1450 vesti-

194 1473 306 1495 menta

138 1513 368 1541 sacerdotalia.

138 1557 360 1585 Introducth).

194 1988 312 2015 vestes

165 2036 343 2059 reservatae

131 2083 260 2102 summo
295 2083 370 2108 pull-

205 2120 298 2148 uilici.

168 2168 197 2192 10
220 2165 334 2197 Ephod

136 2213 172 2235 et
192 2207 366 2239 rationale.

424 138 491 180 ‘78
917 138 998 180 Ex,
1034 137 1237 191 XXVII,
1275 137 1328 179 13
1360 162 1420 168 ——
1451 136 1682 193 XXVIII,
1717 137 1787 180 27.

433 307 625 350 tentoria
646 321 722 363 per
743 306 1067 362 quinquaginta
1089 305 1281 361 cubitos,
1306 309 1350 348 et
1379 305 1598 347 columnae
1626 305 1806 361 decem,
1824 305 2037 361 basesque
2064 306 2266 350 totidem.

438 366 472 392 ¹3
494 367 547 408 In
568 380 620 408 ea
650 379 819 421 quoque
849 365 950 407 atrii
980 363 1237 418 latitudine,
1260 377 1358 419 quae
1389 363 1569 419 respicit
1598 363 1655 406 ad
1686 364 1921 419 orientem,
1945 365 2269 421 quinquaginta

435 424 573 467 cubiti
597 430 737 467 erunt.
772 424 803 450 ¹¹*
826 425 878 466 In
903 423 1060 478 quibus
1082 422 1337 478 quindecim
1367 422 1618 465 cubitorum
1647 422 1839 465 tentoria
1867 423 1995 466 lateri
2027 424 2268 481 uno-depu-

434 484 659 537 tabuntur,
686 484 991 537 colmnnaeque
1020 485 1108 524 tres
1138 486 1182 524 et
1211 481 1339 524 bases
1368 481 1585 536 totidem3
1619 481 1653 507 15
1677 486 1720 525 et
1748 482 1794 524 in
1817 481 1957 524 latere
1979 482 2119 526 altero
2142 489 2269 526 erunt

434 543 625 585 tentoria
654 542 826 584 cubitos
857 540 1105 584 obtinentia
1135 540 1410 596 quindecim,
1442 541 1662 584 columnae
1692 545 1809 597 tres,
1833 546 1877 584 et
1909 541 2036 584 bases
2066 542 2266 586 totidem.

438 601 471 628 ¹⁶
493 603 545 644 Iu
575 602 760 643 introitu
789 614 890 643 vero
912 600 1015 642 atrii
1038 599 1114 643 fiet
1133 600 1376 643 tentorium
1406 600 1656 643 cubitorum
1683 600 1847 656 viginti
1879 614 1932 643 ex
1954 600 2205 656 hyacintho
2226 608 2270 645 et

433 674 645 716 purpura,
669 673 885 715 coccoque
907 658 975 701 bis
997 659 1158 715 tincto,
1183 664 1226 702 et
1250 659 1386 716 bysso
1414 662 1601 715 retorta,
1626 673 1754 716 opere
1776 660 1985 716 plumarii
2007 676 2017 714 ;
2041 660 2269 703 columnas

434 719 618 762 habebit
639 724 837 775 quatuor,
862 732 965 761 cum:
984 718 1168 761 basibus
1186 718 1388 762 totidem.
1415 718 1446 745 Π
1467 720 1631 763 01111108
1649 719 1873 762 -columnae
1895 718 1997 761 atrii
2019 732 2097 775 per
2119 719 2272 762 circui-

432 784 529 820 tum
550 779 727 821 vestitae
751 783 878 821 erunt
898 777 1122 835 argenteis
1135 778 1335 834 laminis,
1357 778 1578 834 capitibus
1599 778 1837 834 argenteis,
1858 783 1901 821 et
1919 777 2267 824 basibusaeneis.

438 837 469 864 ¹⁸
493 838 557 880 In'
577 837 857 893 longitudine
887 837 1123 894 occupabit
1155 837 1319 880 atrium
1352 837 1525 880 cubitos
1563 843 1762 893 centum,
1792 838 1839 880 in
1873 837 2111 880 latr-tudine
2144 836 2270 893 quin-

433 897 668 953 quaginta,
698 896 889 940 altitudo
919 897 1111 953 quinque
1141 896 1391 939 cubitorum
1420 897 1532 952 erit,
1565 897 1726 953 fietque
1761 897 1823 940 (10
1845 897 1991 953 bysso
2009 902 2195 953 retorta,
2227 903 2271 940 et

432 956 618 999 habebit
646 957 772 1013 bases
804 971 962 1000 aeneas.
997 955 1030 982 ¹⁹
1052 956 1223 999 Cuncta
1252 971 1359 998 vasa
1388 955 1666 999 tabernaculi
1695 957 1743 999 in
1773 970 1924 999 omnes
1955 970 2057 999 usus
2087 962 2131 999 et
2153 971 2270 1000 cere-

431 1015 624 1072 monias,
647 1021 742 1059 tam
763 1016 955 1072 paxillos
977 1015 1073 1072 ejus
1096 1029 1229 1071 quam
1250 1015 1372 1071 atrii,
1397 1030 1452 1058 ex
1475 1028 1559 1058 aere
1581 1015 1737 1059 facies.

494 1074 530 1102 ‘2⁰
553 1076 762 1132 Praecipe*
782 1075 884 1117 filiis
919 1074 1058 1117 Israel
1087 1079 1135 1116 ut
1171 1074 1365 1117 afferant
1390 1074 1477 1116 tibi
1515 1074 1661 1117 oleum
1693 1075 1745 1118 (10
1785 1075 2015 1118 arboribus
2054 1075 2270 1118 olivarum

434 1135 738 1192 purissimum,
766 1135 943 1190 piloque
970 1139 1223 1188 contusum,
1249 1139 1299 1176 ut
1323 1133 1479 1176 ardeat
1512 1133 1691 1176 lucerna
1723 1148 1897 1190 semper
1931 1133 1964 1160 ‘2¹
1992 1134 2039 1176 in
2065 1134 2270 1177 taberna-

434 1195 532 1238 culo
554 1194 825 1250 testimonii,
853 1200 979 1236 extra
1001 1193 1150 1236 velum
1171 1192 1287 1248 quod
1318 1206 1564 1249 oppansum
1601 1199 1667 1236 est
1696 1193 1968 1237 testimonio.
1997 1195 2054 1236 Et
2080 1192 2268 1236 colloca-

434 1254 546 1297 bunt
571 1268 670 1296 eam
693 1255 843 1296 Aaron
872 1259 917 1296 et
938 1252 1018 1295 filii
1045 1252 1161 1308 ejus,
1185 1257 1234 1294 ut
1262 1265 1399 1307 usque
1426 1266 1555 1295 mane
1582 1251 1728 1295 luceat
1753 1266 1903 1295 coram
1936 1252 2140 1296 Domino.
2170 1252 2271 1295 Per-

433 1319 590 1370 petuus
617 1313 698 1356 erit
724 1313 867 1355 cultus
893 1326 970 1368 per
991 1311 1293 1354 successiones·
1315 1325 1465 1354 eorum
1490 1326 1517 1353 a
1543 1311 1645 1354 filiis
1673 1311 1825 1355 Israel.

494 1374 598 1417 CAP.
630 1372 853 1416 XXVIII.
879 1397 939 1404 ——
974 1370 1197 1427 ¹Applica
1231 1385 1401 1426 quoque
1429 1371 1486 1413 ad
1519 1376 1564 1414 te
1601 1373 1752 1414 Aaron
1786 1371 1974 1415 fratrem
2009 1376 2136 1414 tuum
2172 1385 2272 1415 cum

434 1432 652 1475 filiis-suis
675 1431 729 1475 de
751 1431 898 1475 medio
920 1431 1111 1474 tiliorum
1138 1430 1297 1486 Israel,
1322 1435 1370 1473 ut
1390 1430 1638 1473 sacerdotio
1661 1431 1911 1487 fungantur
1933 1430 2043 1474 mihi
2064 1448 2073 1475 :
2099 1432 2272 1487 Aaron,

435 1491 616 1547 Nadab,
641 1497 684 1534 et
702 1491 845 1546 Abiu,
874 1491 1073 1545 Eleazar,
1096 1495 1139 1533 et
1165 1490 1379 1533 Ithamar.
1408 1489 1425 1515 ‘2
1439 1489 1684 1545 Faciesque
1705 1495 1876 1533 vestem
1898 1496 2103 1533 sanctam
2122 1493 2273 1533 Aaron

433 1551 563 1594 fratri
589 1556 664 1594 tuo
685 1550 732 1592 in
755 1550 944 1606 gloriam
969 1554 1013 1593 et
1039 1549 1255 1592 decorem.
1280 1549 1297 1575 3
1324 1550 1382 1592 Et
1403 1548 1592 1605 loqueris
1616 1549 1787 1592 cunctis
1817 1549 2097 1606 sapientibus
2121 1550 2271 1605 corde,

434 1624 541 1666 quos
562 1610 729 1666 replevi
752 1609 911 1666 spiritu
932 1608 1201 1665 prudentiae,
1226 1613 1275 1651 ut
1296 1608 1470 1651 faciant
1490 1614 1637 1651 vestes
1661 1610 1831 1665 Aaron,
1855 1609 1902 1651 in
1928 1609 2087 1664 quibus
2110 1609 2272 1652 sancti-

434 1672 590 1713 ficatus
613 1669 835 1712 ministret
860 1668 983 1712 mihi.
1002 1668 1019 1694 4
1040 1669 1152 1710 Haec
1175 1673 1325 1711 autem
1348 1672 1475 1710 erunt
1493 1667 1760 1711 vestimenta
1779 1682 1877 1724 quae
1900 1668 2073 1711 facient
2101 1685 2109 1712 :
2138 1668 2273 1711 ratio-

434 1729 555 1785 nale,
580 1734 623 1772 et
644 1728 1022 1784 superhumerale,
1047 1727 1246 1770 tunicam
1269 1732 1312 1770 et
1335 1727 1503 1770 lincam
1524 1727 1747 1783 strictam,
1773 1727 1960 1770 cidarim
1988 1733 2031 1771 et
2057 1728 2270 1772 balteum.

368 1810 373 1813 ·
436 1789 622 1832 Facient
644 1787 910 1831 vestimenta
939 1792 1094 1830 sancta
1125 1786 1257 1828 fratri
1289 1791 1365 1829 tuo
1396 1788 1546 1829 Aaron
1577 1792 1621 1829 et
1650 1786 1753 1829 filiis
1788 1787 1905 1842 ejus,
1940 1792 1989 1829 ut
2027 1787 2272 1830 sacerdotio

434 1849 683 1904 fungantur
720 1847 842 1890 inihi.
881 1846 897 1873 5
923 1846 1246 1902 Accipientque
1283 1859 1459 1901 aurum,
1499 1851 1542 1887 et
1579 1846 1892 1902 hyacinthum,
1930 1851 1973 1889 et
2007 1860 2270 1903 purpuram,
2299 1847 2303 1851 ’

436 1920 702 1962 coccumque
727 1907 796 1949 bis
817 1906 1027 1961 tinctum,
1052 1911 1096 1948 et
1117 1905 1311 1962 byssum.

495 1967 512 1993 0
535 1966 718 2010 Facient
738 1971 888 2009 autem
914 1964 1272 2022 superhumerale
1299 1964 1352 2008 de
1380 1978 1486 2007 auro
1519 1970 1561 2008 et
1590 1966 1833 2022 hyacintho
1865 1970 1907 2008 et
1937 1978 2150 2022 purpura,
2176 1979 2272 2009 coc-

437 2040 573 2081 coque
602 2026 669 2068 bis
702 2025 862 2081 tincto,
899 2031 942 2068 et
971 2024 1101 2081 bysso
1134 2029 1319 2079 retorta,
1356 2037 1484 2080 opere
1518 2025 1748 2081 polymito.
1778 2024 1792 2051 7
1816 2025 1938 2068 Duas
1968 2038 2065 2068 oras
2094 2024 2271 2081 junctas

436 2085 619 2128 habebit
642 2085 689 2127 in
715 2091 898 2140 utroque
920 2083 1057 2127 latere
1075 2083 1406 2138 summitatum,
1430 2088 1480 2126 ut
1499 2084 1546 2127 in
1565 2098 1702 2127 unum
1723 2084 1922 2128 redeant.
1943 2084 1961 2111 ⁸
1979 2085 2084 2140 Ipsa
2102 2097 2273 2140 quoque

435 2150 612 2188 textura
641 2150 685 2187 et
710 2154 869 2187 cuncta
896 2143 1038 2200 operis
1060 2143 1253 2186 varietas
1279 2142 1362 2186 erit
1389 2156 1443 2185 ex
1468 2157 1593 2199 auro,
1619 2148 1663 2186 et
1695 2143 1962 2200 hyacintho,
1985 2149 2028 2186 et
2054 2157 2270 2200 purpura,

437 2217 654 2260 coccoque
675 2203 744 2246 bis
764 2203 926 2257 tincto,
951 2208 994 2246 et
1019 2203 1149 2259 bysso
1172 2207 1353 2245 retorta.
1377 2201 1395 2227 9
1414 2202 1654 2259 Sumesque
1682 2203 1790 2245 duos
1813 2203 1984 2259 lapides
2007 2202 2270 2259 onychinos,

437 2271 480 2307 et
501 2263 674 2320 sculpes
699 2263 745 2305 in
768 2263 829 2306 eis
852 2262 1031 2305 nomina
1058 2261 1249 2304 filiorum
1272 2261 1412 2304 Israel
1438 2277 1446 2306 t
1475 2261 1510 2288 ¹⁰
1531 2276 1609 2305 sex
1639 2262 1820 2304 nomina
1849 2262 1896 2304 in
1923 2262 2075 2318 lapide
2094 2275 2202 2318 uno,
2229 2267 2274 2305 et

434 2337 514 2366 sex
534 2323 702 2378 reliqua
726 2322 773 2364 in
794 2322 954 2376 altero,
980 2322 1112 2376 juxta
1137 2321 1336 2363 ordinem
1362 2321 1614 2364 nativitatis
1635 2335 1799 2365 eorum.
1823 2320 1858 2347 '¹¹
1880 2322 2021 2378 Opere
2039 2321 2272 2377 sculptoris

437 2389 480 2426 et
509 2382 722 2425 caelatura
760 2381 1016 2437 gemmarii,
1054 2379 1227 2436 sculpes
1263 2393 1335 2423 eos
1371 2380 1626 2423 nominibus
1660 2380 1851 2423 filiorum
1886 2380 2045 2436 Israel,
2080 2380 2272 2423 inclusos

435 2456 542 2485 auro
578 2447 710 2497 atque
744 2441 1059 2495 circumdatos,
1099 2438 1132 2465 ¹2
1154 2444 1202 2482 et
1230 2453 1365 2496 pones
1394 2439 1441 2482 in
1478 2446 1662 2496 utroque
1700 2440 1836 2482 latere
1876 2439 2270 2496 superhumeralis,

437 2501 693 2544 memoriale
719 2500 827 2542 filiis
844 2499 995 2543 Israel.
1024 2498 1312 2554 Portabitque
1339 2501 1489 2542 Aaron
1519 2499 1700 2542 nomina
1727 2512 1878 2542 eorum
1901 2512 2049 2541 coram
2080 2498 2272 2542 Domino

436 2575 566 2617 super
584 2565 818 2615 utrumque
838 2560 1083 2613 humerum,
1105 2558 1161 2601 ob
1181 2558 1546 2602 recordationem.
1571 2558 1605 2585 ¹3
1623 2558 1779 2601 Facies
1805 2563 1850 2601 et
1871 2557 2054 2600 uncinos
2076 2572 2131 2601 ex
2152 2572 2270 2614 auro,

440 2620 473 2647 ¹4
501 2625 553 2663 et·
577 2620 686 2663 duas
719 2619 947 2662 catenulas
985 2632 1039 2661 ex
1064 2630 1181 2660 {auro
1217 2617 1452 2673 purissimo
1485 2617 1570 2661 sibi
1603 2617 1799 2660 invicem
1832 2616 2130 2673 cohae1·enteS,
2156 2631 2272 2673 quas

435 2680 601 2722 inseres
626 2678 813 2721 uncinis.
841 2677 880 2705 ¹5*
898 2677 1131 2721 Rationale
1164 2691 1335 2733 quoque
1367 2676 1527 2733 judicii
1562 2677 1705 2720 facies
1734 2689 1863 2733 opere
1891 2676 2109 2732 polymito
2141 2676 2273 2733 juxta

436 2744 661 2782 texturam
688 2737 1079 2794 superhumeralis,
1111 2750 1166 2780 ex
1184 2750 1320 2792 auro,
1348 2736 1612 2793 hyacintho,
1645 2741 1688 2779 et
1720 2749 1932 2793 purpura,
1961 2747 2179 2791 coccoque
2204 2735 2272 2778 bis

435 2798 598 2852 tincto,
623 2803 667 2840 et
687 2797 817 2852 bysso
843 2802 1019 2840 retorta.
1045 2796 1078 2822 ¹⁶
1092 2795 1457 2852 Quadrangulum
1480 2796 1561 2839 erit
1584 2795 1833 2852 etduplex,
1859 2807 2111 2837 mensuram
2133 2794 2271 2852 palmi

437 2856 622 2900 habebit
645 2861 739 2899 tam
762 2856 809 2898 in
836 2855 1115 2912 longitudine
1133 2868 1266 2911 quam
1289 2855 1336 2897 in
1362 2854 1614 2898 latitudine.
1638 2853 1673 2881 ¹¹⁷
1696 2855 1922 2909 Ponesque
1947 2853 1992 2896 in
2016 2867 2066 2896 00
2086 2858 2273 2910 quatuor

438 2916 613 2959 ordines
635 2914 834 2971 lapidum
860 2932 868 2959 :
894 2915 940 2958 in
966 2915 1108 2971 primo
1131 2927 1258 2957 versu
1281 2914 1363 2957 erit
1394 2914 1506 2970 lapis
1534 2912 1724 2969 sardius,
1756 2920 1799 2956 et
1826 2913 2045 2969 topazius,
2081 2919 2125 2956 et
2144 2925 2270 2956 >sma-

435 2975 625 3031 ragdus,
651 2974 750 3017 18111
775 2974 968 3017 secundo
991 2973 1303 3029 carbunculus,
1324 2974 1582 3030 sapphirus,
1610 2980 1654 3016 et
1678 2971 1842 3030 jaspis3
1875 2971 1972 3014 19111
1992 2972 2124 3015 tertio
2158 2971 2271 3028 ligu-

433 3034 547 3090 rius,
585 3033 786 3089 achates,
821 3039 864 3077 et
900 3033 1205 3090 amethystus3
1241 3031 1279 3059 *2⁰
1301 3033 1348 3075 in
1381 3038 1537 3088 quarto
1572 3031 1885 3089 chrysolithus,
1924 3031 2193 3088 onychinus,
2226 3036 2272 3074 et

438 3093 645 3150 beryllus.
666 3093 833 3136 Inclusi
856 3107 960 3135 auro
985 3098 1111 3136 erunt
1132 3107 1209 3149 per
1231 3092 1404 3135 ordines
1427 3106 1540 3136 suos.
1560 3091 1593 3118 ‘2¹
1613 3090 1942 3146 Habebuntque
1961 3090 2142 3133 nomina
2153 3089 2270 3132 filio-

436 3167 535 3196 rum
558 3153 697 3196 Israel
720 3167 728 3195 :
756 3152 990 3195 duodecim
1017 3152 1269 3195 nominibus
1297 3152 1586 3207 caelabuntur,
1618 3150 1781 3206 singuli
1813 3149 1983 3206 lapides
2017 3148 2270 3192 nominibus

437 3212 712 3269 singulorum
725 3225 807 3268 ¹per
825 3211 1057 3255 duodecim
1080 3211 1232 3255 tribus.
1251 3210 1290 3237 “²⁸²
1308 3211 1464 3255 Facies
1482 3211 1527 3254 in
1545 3208 1752 3254 rationali
1772 3215 1955 3252 catenas
1973 3207 2058 3252 sibi
2072 3207 2269 3250 invicem

438 3273 710 3315 coh-„erentes
733 3285 787 3315 ex
815 3285 920 3314 auro
950 3270 1208 3327 purissim03
1233 3270 1270 3299 “²3
1288 3276 1331 3314 et
1361 3271 1468 3314 duos
1501 3270 1688 3313 annulos
1716 3281 1891 3324 aureos,
1916 3279 2190 3324 quoswpones
2220 3266 2266 3310 in

438 3337 622 3387 utraque
655 3330 884 3374 rationalis
917 3330 1199 3384 sun1mitatc;
1232 3329 1270 3357 Ψ*
1294 3336 1561 3386 catenasque
1593 3340 1748 3372 aureas
1772 3327 1936 3384 junges
1961 3326 2160 3382 annulis,
2194 3326 2268 3382 qui

439 3395 542 3433 sunt
564 3390 612 3433 in
636 3389 916 3447 marginibus
938 3389 1059 3446 ejus;
1084 3387 1120 3416 *²5
1138 3394 1183 3432 et
1207 3388 1403 3446 ipsarum
1427 3395 1684 3432 catenarum
1707 3394 1905 3430 extrema
1935 3385 2105 3429 duobus
2137 3399 2269 3442 copu-

440 3449 553 3493 labis
589 3449 780 3493 uncinis‘
799 3449 845 3492 111
872 3454 1062 3504 'utroque
1095 3448 1232 3492 latere
1265 3448 1636 3504 superhumeralis
1666 3446 1787 3502 *quod
1824 3445 2041 3488 rationale
2073 3444 2267 3501 respicit.

439 3507 478 3535 2⁶
500 3509 655 3552 Facies
677 3514 721 3552 et
745 3508 854 3552 duos
882 3507 1070 3551 annulos
1093 3521 1266 3563 aureos,
1290 3521 1398 3563 quos
1414 3520 1554 3563 pones
1581 3507 1629 3549 in
1654 3505 1986 3549 summitatibus
2016 3503 2265 3560 rationalis,

441 3567 486 3610 in
509 3567 612 3624 oris,
642 3583 739 3624 quae
763 3583 785 3611 e
814 3567 994 3624 regione
1022 3572 1124 3610 sunt
1152 3566 1543 3623 superhumeralis,
1567 3571 1611 3609 et
1638 3564 1886 3622 posteriora-
1909 3563 2007 3620 ejus
2032 3562 2267 3619 aspiciunt.

441 3625 476 3652 ‘²⁷
503 3627 686 3670 Necnon
720 3632 763 3671 et
798 3627 908 3670 alios
949 3627 1056 3670 duos
1088 3626 1274 3669 annulos
1314 3639 1490 3682 aureos,
1524 3623 1828 3682 qui—ponendi
1864 3628 1968 3667 sunt
2003 3622 2049 3665 in
2085 3627 2268 3678 utroque
