2456 3861
1872 151 1951 193 141

645 151 770 195 NFM.
806 152 989 205 XVIII,
1027 153 1080 194 18
1119 177 1168 184 -·
1200 151 1333 200 XIX,
1371 153 1437 194 13.

129 318 231 373 quia
257 318 535 361 sanctificata
561 319 906 373 s11ntD0min03
942 315 1207 375 sanguinem
1241 325 1413 363 tantum
1448 334 1599 363 eorum
1632 320 1795 362 fundes
1829 335 1958 376 super

128 377 339 432 altare,et
355 376 511 433 adipes
529 377 728 420 adolebis
747 377 792 419 in
811 377 1125 420 suavissimum
1148 378 1327 421 odorem
1348 379 1553 422 Domino.
1568 378 1775 422 ¹⁸Carnes
1796 393 1896 421 vero
1915 378 1958 420 in

131 451 258 479 usum
280 442 405 478 tuum
428 436 604 487 cedent,
627 436 741 479 sicut
764 437 1066 493 pectusculum
1089 444 1412 492 consecratum,
1435 442 1479 480 et
1506 451 1653 479 armus
1679 436 1851 492 dexter,
1883 442 1957 479 tua

131 500 270 538 erunt.
291 494 322 520 ¹¹³
345 496 507 538 Omnes
531 495 747 551 primitias
769 495 1020 549 sanctuarii,
1041 510 1147 550 quas
1171 496 1363 538 offerunt
1385 495 1462 538 filii
1486 495 1625 538 Israel
1649 495 1852 549 Domino,
1876 495 1957 538 tibi

130 553 252 607 dedi,
276 559 318 596 et
340 554 442 596 filiis
463 568 515 596 ac
538 553 713 596 filiabus
736 554 843 607 tuis,
867 554 962 608 jure
984 560 1206 609 perpetuo.
1229 555 1414 597 Pactum
1435 554 1539 597 salis
1558 559 1624 597 est
1641 554 1958 610 sempiternum

130 626 276 654 coram
302 612 512 667 Domino,
537 612 617 654 tibi
640 626 692 654 ac
714 612 816 654 filiis
839 612 938 654 tuis.
958 611 995 637 '2⁰
1014 612 1226 666 Dixitque
1250 613 1464 655 Dominus
1485 613 1541 655 ad
1561 613 1709 656 Aaron
1736 629 1744 656 z
1769 613 1821 656 In
1844 618 1958 656 terra

129 685 279 713 eorum
302 671 412 713 nihil
435 670 737 727 possidebitis,
762 684 840 713 nec
863 669 1084 713 habebitis
1116 676 1287 725 partem
1309 671 1422 714 inter
1451 686 1548 726 eos3
1573 685 1655 727 ego
1684 686 1783 728 pars
1813 677 1856 715 et
1885 671 1957 715 he-

129 729 291 772 reditas
314 736 389 772 tua
410 729 455 771 in
479 728 623 772 medio
645 728 834 771 filiorum
862 729 1012 771 Israel.

187 787 220 814 '2¹
246 788 372 831 Filiis
393 793 543 830 autem
568 786 675 830 Levi
698 787 798 830 dedi
831 801 980 829 01111108
1011 787 1206 830 decimas
1231 788 1407 830 Israelis
1436 788 1481 830 in
1511 790 1851 845 possessionem,
1882 803 1959 845 pro

129 847 371 890 ministerio
402 860 486 902 quo
514 845 711 888 serviunt
741 845 849 887 mihi
879 846 925 887 in
956 846 1241 889 tabernaculo
1270 845 1476 900 foederis3
1502 847 1538 872 '2²’
1560 853 1606 890 ut
1629 862 1714 890 non
1744 848 1959 891 accedant

129 907 242 948 ultra
264 905 342 947 filii
367 905 505 948 Israel
527 904 583 946 ad
607 904 964 959 tabernaculum,
988 919 1068 948 nec
1091 905 1374 947 committant
1397 912 1628 961 peccatum
1658 907 1956 962 mortiferum,

127 963 164 990 ²3
184 964 287 1007 solis
317 964 418 1006 filiis
449 963 556 1007 Levi
580 963 687 1005 mihi
709 963 755 1005 in
778 963 1064 1006 tabernaculo
1084 963 1398 1018 servientibus,
1421 969 1464 1006 et
1483 965 1759 1020 portantibus
1778 972 1959 1021 peccata

127 1023 290 1080 populi.
315 1023 587 1079 Legitimum
609 1022 927 1078 sempiternum
949 1022 1031 1065 erit
1051 1022 1098 1065 in
1120 1022 1478 1078 generationibus
1502 1024 1671 1066 vestris.
1695 1023 1820 1065 Nihil
1837 1024 1958 1066 aliud

127 1082 434 1139 possidebunt,
458 1081 494 1108 '²4
516 1081 790 1124 decimarum
812 1081 1035 1124 oblatione
1058 1081 1276 1137 contenti,
1301 1095 1407 1137 quas
1432 1081 1478 1124 in
1508 1096 1610 1124 usus
1642 1096 1791 1125 eorum
1822 1088 1864 1125 et
1886 1097 1957 1125 ne-

127 1142 316 1185 cessaria
338 1140 553 1198 separavi.

185 1200 222 1227 ”²5
244 1202 523 1256 Locutusque
560 1205 626 1244 est
664 1200 880 1243 Dominus
916 1199 972 1242 ad
1010 1200 1214 1256 Moysen,
1254 1200 1405 1243 dicens
1436 1216 1444 1244 :
1482 1199 1518 1226 ⁶2⁶
1557 1200 1754 1257 Praecipe
1791 1201 1958 1258 levitis,

126 1266 257 1316 atque
279 1259 491 1304 denuntia
521 1276 529 1303 :
552 1259 663 1302 Cum
684 1259 943 1315 acceperitis
965 1273 991 1301 a
1013 1259 1115 1301 filiis
1140 1259 1278 1302 Israel
1300 1259 1516 1314 decimas,
1548 1273 1655 1314 quas
1687 1259 1787 1302 dedi
1810 1261 1957 1317 vobis,

127 1319 344 1376 primitias
366 1333 517 1362 earum
546 1318 702 1361 offerte
734 1318 944 1372 Domino,
974 1318 1020 1361 id
1050 1324 1135 1373 est,
1167 1318 1388 1361 decimam
1417 1324 1587 1374 partem
1617 1318 1824 1374 decimae,
1855 1318 1890 1346 2⁷
1912 1325 1960 1362 ut

126 1384 350 1435 reputetur
371 1377 495 1420 vobis
520 1377 567 1419 in
589 1377 859 1420 oblationem
889 1377 1234 1433 primitivorum,
1265 1382 1358 1419 tam
1387 1377 1441 1420 de
1469 1377 1603 1431 areis,
1627 1391 1759 1432 quam
1789 1378 1844 1422 de
1872 1384 1957 1421 tor-

127 1437 369 1492 cularibus,
393 1435 429 1462 '2⁸
451 1442 494 1480 et
523 1436 738 1478 universis
770 1450 954 1491 quorum
983 1435 1185 1492 accipitis
1216 1436 1454 1492 primitias,
1488 1436 1643 1479 offerte
1675 1437 1886 1492 Domino,
1916 1443 1959 1481 et

127 1497 229 1539 date
261 1497 411 1538 Aaron
443 1494 674 1538 sacerdoti.
697 1493 733 1520 “²9
756 1495 915 1538 Omnia
950 1509 1047 1550 quae
1079 1494 1274 1537 offeretis
1308 1509 1361 1538 ex
1395 1494 1599 1549 1100111118,
1631 1501 1673 1538 01
1701 1495 1747 1538 111
1777 1496 1959 1540 donaria

129 1555 307 1598 Domini
329 1553 612 1610 separabitis,
644 1553 811 1610 optima
842 1559 884 1596 et
915 1553 1054 1597 electa
1085 1559 1224 1596 erunt.
1248 1553 1284 1580 3⁰
1307 1553 1525 1609 Dicesque
1553 1554 1610 1596 ad
1640 1568 1711 1596 eos
1742 1571 1750 1598 :
1781 1554 1957 1612 8111100-

127 1615 245 1657 clara
267 1619 309 1657 et
331 1613 512 1656 meliora
535 1627 720 1668 quaeque
742 1612 989 1655 obtuleritis
1012 1626 1065 1655 ex
1088 1612 1292 1668 decimis,
1315 1612 1591 1669 reputabitur
1612 1613 1737 1656 vobis
1760 1615 1883 1669 quasi
1906 1615 1960 1658 de

125 1687 226 1716 area
248 1678 291 1716 et
312 1671 520 1715 torculari
544 1671 753 1715 dederitis
775 1671 1019 1729 primitias;
1044 1671 1078 1697 3¹
1103 1676 1145 1714 et
1172 1671 1412 1714 comedetis
1443 1686 1515 1715 eas
1544 1671 1591 1714 in
1617 1672 1820 1715 omnibus
1851 1673 1958 1716 10018

125 1731 302 1787 vestris,
328 1736 421 1774 tam
447 1745 524 1774 vos
554 1745 687 1786 quam
715 1731 905 1773 familiae
936 1736 1116 1786 vestrae,
1141 1730 1244 1786 quia
1272 1730 1463 1787 pretium
1492 1735 1558 1774 est
1587 1745 1663 1787 pro
1693 1731 1957 1788 ministerio,

126 1805 208 1846 quo
241 1791 415 1834 servitis
447 1790 495 1833 in
527 1789 814 1833 tabernaculo
847 1789 1105 1834 testimonii.
1139 1788 1175 1816 3²
1205 1791 1262 1832 Et
1295 1804 1382 1832 non
1417 1789 1660 1846 peccabitis
1694 1805 1822 1847 super
1854 1791 1956 1847 hoc,

125 1850 303 1906 egregia
324 1849 450 1892 vobis
476 1854 518 1892 et
540 1849 724 1906 pinguia
753 1853 1046 1905 reservantes,
1078 1863 1133 1892 ne
1158 1848 1367 1905 polluatis
1399 1849 1643 1892 oblationes
1673 1849 1865 1892 filiorum
1893 1850 1957 1892 Is-

124 1909 234 1965 rael,
258 1914 301 1952 et
323 1907 590 1951 moriamini.

155 2047 177 2100 ξ
209 2045 290 2088 IV.
312 2071 372 2077 —
391 2045 609 2101 Empiatio
633 2045 907 2101 impuritatis
935 2051 1162 2088 contractae
1187 2059 1238 2088 ex
1262 2050 1461 2088 contactu
1483 2045 1713 2088 cadaveris
1734 2045 1928 2088 humani.

183 2175 288 2219 CAP.
312 2176 440 2218 XIX.
461 2202 520 2207 —
544 2174 554 2200 ¹
580 2176 860 2231 Locutusque
882 2181 947 2219 est
971 2175 1187 2218 Dominus
1216 2175 1273 2218 ad
1296 2176 1480 2231 Moysen
1510 2180 1552 2218 et
1574 2175 1745 2230 Aaron,
1770 2175 1920 2218 dicens
1950 2192 1959 2219 :

125 2233 142 2259 2
163 2235 255 2277 Ista
286 2239 352 2278 est
380 2234 538 2290 religio
559 2234 757 2276 victimae
781 2249 914 2290 quam
937 2234 1168 2277 constituit
1192 2234 1423 2278 Dominus.
1449 2234 1648 2290 Praecipe
1673 2233 1776 2276 filiis
1799 2234 1957 2290 Israel,

124 2299 172 2336 ut
192 2293 418 2336 adducant
438 2293 495 2336 ad
518 2298 562 2336 te
584 2307 769 2336 vaccam
790 2294 941 2336 rufam
968 2293 1112 2336 aetatis
1133 2293 1342 2349 integrae,
1364 2293 1411 2335 in
1433 2308 1519 2349 qua
1540 2293 1662 2335 nulla
1684 2293 1742 2335 sit
1764 2293 1957 2349 macula,

124 2366 204 2396 nec
226 2353 466 2409 portaverit
487 2352 668 2408 jugum;
705 2352 722 2379 3
743 2353 1014 2408 tradetisque
1042 2367 1141 2396 eam
1171 2353 1382 2396 Eleazaro
1403 2352 1641 2408 sacerdoti,
1662 2352 1734 2408 qui
1753 2351 1959 2395 eductam

124 2417 247 2455 extra
277 2417 441 2468 008110,
475 2411 728 2454 immolabit
759 2411 807 2454 in
840 2418 1078 2468 conspectu
1108 2412 1330 2466 omnium;
1362 2411 1379 2437 4
1408 2417 1450 2455 et
1479 2412 1656 2467 tingens
1686 2411 1878 2466 digitum
1914 2411 1959 2454 in

123 2471 341 2526 sanguine
373 2471 490 2527 ejus,
512 2476 718 2528 asperget
748 2476 900 2514 contra
929 2471 1047 2514 fores
1077 2471 1354 2514 tabernaculi
1384 2476 1554 2526 septem
1587 2469 1779 2525 vicibus,
1803 2471 1820 2496 5
1842 2484 1957 2513 com-

123 2529 335 2586 buretque
363 2545 463 2574 eam
492 2530 663 2573 cunctis
696 2530 971 2585 videntibus,
1002 2535 1096 2572 tam
1124 2530 1239 2586 pelle
1269 2535 1312 2573 et
1335 2529 1540 2572 carnibus
1563 2529 1679 2585 ejus,
1704 2544 1837 2584 quam
1858 2544 1956 2572 san-

123 2589 257 2645 guine
278 2595 322 2632 et
342 2589 447 2632 fimo
468 2589 663 2632 flammae
689 2589 879 2632 traditis.
910 2589 928 2615 6
950 2589 1144 2645 Lignum
1174 2603 1343 2644 quoque
1373 2588 1621 2644 cedrinum,
1646 2594 1689 2631 et
1718 2588 1976 2645 hyssopum

124 2662 393 2704 coccumque
417 2649 485 2691 bis
507 2648 699 2691 tinctum
723 2649 925 2692 sacerdos
952 2648 1100 2691 mittet
1124 2648 1171 2690 in
1192 2647 1442 2703 flammam,
1478 2662 1575 2703 quae
1605 2661 1790 2690 vaccam
1819 2653 1958 2690 vorat.

124 2707 139 2733 7
162 2709 219 2750 Et
250 2712 357 2750 tunc
391 2708 589 2764 demum,
614 2707 714 2751 lotis
747 2707 945 2751 vestibus
979 2713 1021 2751 et
1056 2721 1234 2763 corpore
1266 2721 1364 2762 suo,
1398 2707 1673 2762 ingredietur
1707 2706 1754 2748 in
1792 2712 1956 2761 castra,

124 2767 560 2823 commaculatusque
589 2767 671 2810 erit
699 2781 836 2823 usque
864 2767 921 2810 ad
955 2781 1199 2823 vesperum.
1230 2766 1247 2792 8
1276 2766 1359 2810 Sed
1395 2766 1534 2809 011110
1566 2766 1640 2821 qui
1667 2765 1958 2809 combusserit

122 2840 240 2881 eam,
265 2826 436 2869 lavabit
456 2826 723 2870 vestimenta
745 2841 823 2869 sua
845 2832 888 2869 et
910 2840 1086 2882 corpus,
1109 2831 1152 2868 et
1172 2825 1429 2868 immundus
1452 2825 1534 2868 erit
1557 2839 1694 2880 usque
1722 2825 1779 2867 ad
1805 2839 1956 2881 vespe-

121 2899 232 2927 rum.
263 2884 280 2911 9
309 2885 501 2941 Colliget
529 2891 680 2929 autem
709 2885 776 2928 vir
805 2885 994 2928 mundus
1026 2885 1193 2928 cineres
1226 2899 1398 2940 vaccae,
1429 2890 1472 2928 et
1501 2884 1703 2928 effundet
1732 2898 1804 2927 eos
1834 2890 1958 2927 extra

123 2949 268 2986 castra
291 2943 338 2986 in
363 2944 460 2987 loco
482 2945 736 3001 purissimo,
760 2950 808 2986 ut
830 2944 919 2987 sint
944 2943 1220 2987 multitudini
1242 2944 1433 2986 filiorum
1456 2944 1595 2986 Israel
1615 2943 1661 2985 in
1689 2943 1954 2998 custodiam,

123 3008 165 3045 et
186 3003 232 3045 in
257 3017 420 3059 aquam
441 3003 726 3060 aspersionis,
754 3003 857 3059 quia
879 3017 956 3060 pro
978 3009 1161 3060 peccato
1182 3017 1319 3046 vacca
1342 3003 1573 3046 combusta
1599 3008 1678 3046 est.
1702 3001 1738 3028 ¹⁰
1760 3002 1957 3057 Cumque

123 3061 300 3118 laverit,
336 3062 409 3118 qui
449 3077 600 3106 vaccae
637 3068 890 3119 portaverat
927 3062 1114 3118 cineres,
1148 3062 1415 3105 vestimenta
1452 3076 1551 3118 sua,
1589 3061 1846 3104 immundus
1876 3061 1956 3104 erit

123 3134 259 3175 usque
280 3121 337 3164 ad
361 3136 606 3178 vesperum.

182 3180 426 3223 Habebunt
452 3181 533 3223 hoc
559 3181 639 3223 filii
672 3181 831 3236 Israel,
859 3185 902 3223 et
926 3181 1112 3225 advenae
1139 3181 1213 3237 qui
1243 3180 1450 3223 habitant
1481 3181 1597 3224 inter
1624 3194 1717 3235 008,
1752 3184 1956 3221 sanctum

122 3238 218 3293 jure
252 3244 476 3295 perpetuo.
508 3239 541 3265 ¹¹
566 3240 649 3290 Qui
683 3240 880 3295 tetigerit
914 3240 1104 3283 00110101·
1136 3240 1349 3295 11011111118,
1385 3245 1428 3282 01
1461 3244 1637 3296 propter
1670 3239 1752 3281 1100
1785 3243 1955 3293 septem

123 3297 277 3340 diebus
303 3298 440 3341 fuerit
465 3298 800 3355 1111111111111118,12
817 3304 1075 3365 aspeigetui
1101 3313 1154 3342 ex
1180 3299 1264 3341 hac
1290 3313 1405 3355 aqua
1431 3298 1502 3342 die
1529 3298 1657 3341 tertio
1684 3303 1726 3340 et
1751 3296 1952 3352 septimo,

123 3361 166 3398 et
190 3356 254 3399 sic
279 3357 579 3400 mundabitur.
608 3358 652 3402 Si
679 3358 750 3401 die
774 3358 904 3401 tertio
928 3372 1131 3415 aspersus
1161 3372 1248 3400 non
1274 3358 1432 3413 fuerit,
1463 3357 1650 3424 septimo
1681 3369 1767 3398 non
1794 3354 1954 3410 poterit

124 3416 423 3459 0111111111011.13
441 3417 595 3460 Omnis
615 3417 688 3472 qui
711 3417 908 3472 tetigerit
931 3417 1139 3460 humanae
1165 3417 1329 3459 animae
1357 3416 1660 3469 morticinum,
1686 3419 1729 3456 et
1751 3427 1952 3468 aspersus

124 3472 206 3515 1100
232 3472 538 3519 commistione
564 3490 652 3518 11011
677 3476 834 3532 fuerit,
862 3476 1031 3532 polluet
1056 3475 1395 3519 tabelnaculum
1422 3473 1623 3528 Domini,
1648 3478 1690 3515 et
1715 3471 1876 3529 peribit
1899 3485 1953 3515 ex

123 3641 171 3673 23]
200 3641 296 3669 Deut.
318 3642 436 3670 XVIII
450 3663 457 3678 ,
470 3646 496 3672 1.
513 3657 549 3663 ——
566 3645 594 3678 3]
614 3645 716 3673 Hebr.
735 3646 833 3680 XIII,
853 3647 895 3673 11.

2051 796 2240 825 proventus

2051 839 2242 869 levitarum.

2041 1207 2250 1236 Decimarum

2080 1251 2215 1280 ‹lecimae

2071 1303 2089 1323 a
2106 1295 2221 1324 levitis

2055 1339 2232 1368 solvendae.

2097 2174 2198 2203 Ritus

2050 2219 2245 2247 conficiendi

2087 2270 2205 2295 aquam

2033 2306 2257 2335 lustrationis.

2022 3180 2161 3214 Regulae
2190 3180 2260 3209 sive

2046 3224 2236 3259 generales,
