<?xml version="1.0" encoding="UTF-8"?>
<!DOCTYPE html PUBLIC "-//W3C//DTD XHTML 1.0 Transitional//EN"
    "http://www.w3.org/TR/xhtml1/DTD/xhtml1-transitional.dtd">
<html xmlns="http://www.w3.org/1999/xhtml" xml:lang="en" lang="en">
 <head>
  <title>
</title>
<meta http-equiv="Content-Type" content="text/html;charset=utf-8" />
  <meta name='ocr-system' content='tesseract 3.04.00' />
  <meta name='ocr-capabilities' content='ocr_page ocr_carea ocr_par ocr_line ocrx_word'/>
</head>
<body>
  <div class='ocr_page' id='page_1' title='image "./bibliasacrajuxta00fill_1000.png"; bbox 0 0 2423 3861; ppageno 0'>
   <div class='ocr_carea' id='block_1_1' title="bbox 149 621 357 694">
    <p class='ocr_par' dir='ltr' id='par_1_1' title="bbox 149 621 357 694">
     <span class='ocr_line' id='line_1_1' title="bbox 149 621 357 655; baseline -0.005 -5"><span class='ocrx_word' id='word_1_1' title='bbox 149 624 181 650; x_wconf 85' lang='lat' dir='ltr'>et</span> <span class='ocrx_word' id='word_1_2' title='bbox 199 621 357 655; x_wconf 83' lang='lat' dir='ltr'>adimple-</span> 
     </span>
     <span class='ocr_line' id='line_1_2' title="bbox 223 671 281 694; baseline 0.017 -1"><span class='ocrx_word' id='word_1_3' title='bbox 223 671 281 694; x_wconf 53' lang='lat' dir='ltr'>tlt).</span> 
     </span>
    </p>
   </div>
   <div class='ocr_carea' id='block_1_2' title="bbox 136 1394 357 1600">
    <p class='ocr_par' dir='ltr' id='par_1_2' title="bbox 136 1394 357 1600">
     <span class='ocr_line' id='line_1_3' title="bbox 136 1394 357 1423; baseline -0.005 0"><span class='ocrx_word' id='word_1_4' title='bbox 136 1394 357 1423; x_wconf 80' lang='lat' dir='ltr'>Nabuchodo-</span> 
     </span>
     <span class='ocr_line' id='line_1_4' title="bbox 195 1445 296 1466; baseline 0 0"><span class='ocrx_word' id='word_1_5' title='bbox 195 1445 296 1466; x_wconf 80' lang='lat' dir='ltr'>nosor</span> 
     </span>
     <span class='ocr_line' id='line_1_5' title="bbox 178 1486 317 1511; baseline 0 0"><span class='ocrx_word' id='word_1_6' title='bbox 178 1486 317 1511; x_wconf 74' lang='lat' dir='ltr'>sanatus</span> 
     </span>
     <span class='ocr_line' id='line_1_6' title="bbox 136 1527 355 1562; baseline 0 -6"><span class='ocrx_word' id='word_1_7' title='bbox 136 1527 266 1562; x_wconf 81' lang='lat' dir='ltr'>gratias</span> <span class='ocrx_word' id='word_1_8' title='bbox 283 1527 355 1562; x_wconf 80' lang='lat' dir='ltr'>agit</span> 
     </span>
     <span class='ocr_line' id='line_1_7' title="bbox 206 1572 285 1600; baseline -0.013 0"><span class='ocrx_word' id='word_1_9' title='bbox 206 1572 285 1600; x_wconf 90' lang='lat' dir='ltr'>Deo.</span> 
     </span>
    </p>
   </div>
   <div class='ocr_carea' id='block_1_3' title="bbox 143 2381 345 2499">
    <p class='ocr_par' dir='ltr' id='par_1_3' title="bbox 143 2381 345 2499">
     <span class='ocr_line' id='line_1_8' title="bbox 143 2381 345 2409; baseline 0 0"><span class='ocrx_word' id='word_1_10' title='bbox 143 2381 345 2409; x_wconf 75' lang='lat' dir='ltr'>convivium</span> 
     </span>
     <span class='ocr_line' id='line_1_9' title="bbox 176 2425 316 2458; baseline 0 -5"><span class='ocrx_word' id='word_1_11' title='bbox 176 2425 316 2458; x_wconf 84' lang='lat' dir='ltr'>impium</span> 
     </span>
     <span class='ocr_line' id='line_1_10' title="bbox 157 2470 338 2499; baseline 0.011 -2"><span class='ocrx_word' id='word_1_12' title='bbox 157 2470 338 2499; x_wconf 80' lang='lat' dir='ltr'>Baltassar.</span> 
     </span>
    </p>
   </div>
   <div class='ocr_carea' id='block_1_4' title="bbox 124 2915 363 3038">
    <p class='ocr_par' dir='ltr' id='par_1_4' title="bbox 124 2915 363 3038">
     <span class='ocr_line' id='line_1_11' title="bbox 150 2915 338 2948; baseline 0.011 -6"><span class='ocrx_word' id='word_1_13' title='bbox 150 2915 338 2948; x_wconf 75' lang='lat' dir='ltr'>Responsio</span> 
     </span>
     <span class='ocr_line' id='line_1_12' title="bbox 124 2958 363 2993; baseline 0.008 -7"><span class='ocrx_word' id='word_1_14' title='bbox 124 2958 182 2987; x_wconf 90' lang='lat' dir='ltr'>Dei</span> <span class='ocrx_word' id='word_1_15' title='bbox 196 2960 234 2987; x_wconf 82' lang='lat' dir='ltr'>ad</span> <span class='ocrx_word' id='word_1_16' title='bbox 249 2967 363 2993; x_wconf 81' lang='lat' dir='ltr'>regem</span> 
     </span>
     <span class='ocr_line' id='line_1_13' title="bbox 138 3002 352 3038; baseline 0.014 -8"><span class='ocrx_word' id='word_1_17' title='bbox 138 3002 352 3038; x_wconf 80' lang='lat' dir='ltr'>sacrilegum.</span> 
     </span>
    </p>
   </div>
   <div class='ocr_carea' id='block_1_5' title="bbox 444 85 1651 141">
    <p class='ocr_par' dir='ltr' id='par_1_5' title="bbox 444 85 1651 141">
     <span class='ocr_line' id='line_1_14' title="bbox 444 85 1651 141; baseline 0.002 -13"><span class='ocrx_word' id='word_1_18' title='bbox 444 85 527 128; x_wconf 79' lang='lat'>982</span> <span class='ocrx_word' id='word_1_19' title='bbox 1074 86 1192 128; x_wconf 83' lang='lat' dir='ltr'><strong>DAN.</strong></span> <span class='ocrx_word' id='word_1_20' title='bbox 1229 86 1309 140; x_wconf 79' lang='lat' dir='ltr'>IV,</span> <span class='ocrx_word' id='word_1_21' title='bbox 1343 86 1399 128; x_wconf 77' lang='lat'>23</span> <span class='ocrx_word' id='word_1_22' title='bbox 1433 112 1486 117; x_wconf 90' lang='lat'>—</span> <span class='ocrx_word' id='word_1_23' title='bbox 1522 87 1578 141; x_wconf 87' lang='lat' dir='ltr'>V,</span> <span class='ocrx_word' id='word_1_24' title='bbox 1613 89 1651 130; x_wconf 82' lang='lat'>8.</span> 
     </span>
    </p>
   </div>
   <div class='ocr_carea' id='block_1_6' title="bbox 447 191 2277 208">
    <p class='ocr_par' dir='ltr' id='par_1_6' title="bbox 447 191 2277 208">
     <span class='ocr_line' id='line_1_15' title="bbox 447 191 2277 208; baseline 0 3653"><span class='ocrx_word' id='word_1_25' title='bbox 447 191 2277 208; x_wconf 95' lang='lat' dir='ltr'> </span> 
     </span>
    </p>
   </div>
   <div class='ocr_carea' id='block_1_7' title="bbox 431 254 2281 2208">
    <p class='ocr_par' dir='ltr' id='par_1_7' title="bbox 436 254 2280 594">
     <span class='ocr_line' id='line_1_16' title="bbox 440 254 2280 320; baseline 0.003 -19"><span class='ocrx_word' id='word_1_26' title='bbox 440 272 625 314; x_wconf 87' lang='lat' dir='ltr'>regnum</span> <span class='ocrx_word' id='word_1_27' title='bbox 655 255 904 309; x_wconf 89' lang='lat' dir='ltr'>hominum,</span> <span class='ocrx_word' id='word_1_28' title='bbox 932 259 977 297; x_wconf 92' lang='lat' dir='ltr'>et</span> <span class='ocrx_word' id='word_1_29' title='bbox 1006 254 1269 315; x_wconf 75' lang='lat' dir='ltr'>cuicumque</span> <span class='ocrx_word' id='word_1_30' title='bbox 1298 255 1488 298; x_wconf 89' lang='lat' dir='ltr'>voluerit</span> <span class='ocrx_word' id='word_1_31' title='bbox 1518 256 1593 299; x_wconf 87' lang='lat' dir='ltr'>det</span> <span class='ocrx_word' id='word_1_32' title='bbox 1618 257 1744 301; x_wconf 88' lang='lat' dir='ltr'>illud.</span> <span class='ocrx_word' id='word_1_33' title='bbox 1771 257 1808 285; x_wconf 76' lang='lat'>23</span> <span class='ocrx_word' id='word_1_34' title='bbox 1834 259 1958 310; x_wconf 85' lang='lat' dir='ltr'>Quod</span> <span class='ocrx_word' id='word_1_35' title='bbox 1990 267 2142 306; x_wconf 87' lang='lat' dir='ltr'>autem</span> <span class='ocrx_word' id='word_1_36' title='bbox 2168 277 2280 320; x_wconf 85' lang='lat' dir='ltr'>prae-</span> 
     </span>
     <span class='ocr_line' id='line_1_17' title="bbox 441 311 2279 376; baseline 0.003 -16"><span class='ocrx_word' id='word_1_37' title='bbox 441 317 558 373; x_wconf 89' lang='lat' dir='ltr'>cepit</span> <span class='ocrx_word' id='word_1_38' title='bbox 583 321 632 357; x_wconf 88' lang='lat' dir='ltr'>ut</span> <span class='ocrx_word' id='word_1_39' title='bbox 657 314 980 369; x_wconf 79' lang='lat' dir='ltr'>relinqueretur</span> <span class='ocrx_word' id='word_1_40' title='bbox 1003 327 1186 369; x_wconf 82' lang='lat' dir='ltr'>germen</span> <span class='ocrx_word' id='word_1_41' title='bbox 1210 311 1412 357; x_wconf 82' lang='lat' dir='ltr'>radicum</span> <span class='ocrx_word' id='word_1_42' title='bbox 1434 315 1551 371; x_wconf 82' lang='lat' dir='ltr'>ejus,</span> <span class='ocrx_word' id='word_1_43' title='bbox 1574 315 1621 359; x_wconf 90' lang='lat' dir='ltr'>id</span> <span class='ocrx_word' id='word_1_44' title='bbox 1648 322 1714 359; x_wconf 91' lang='lat' dir='ltr'>est</span> <span class='ocrx_word' id='word_1_45' title='bbox 1739 318 1922 374; x_wconf 89' lang='lat' dir='ltr'>arboris,</span> <span class='ocrx_word' id='word_1_46' title='bbox 1944 334 2132 376; x_wconf 90' lang='lat' dir='ltr'>regnum</span> <span class='ocrx_word' id='word_1_47' title='bbox 2153 327 2279 365; x_wconf 91' lang='lat' dir='ltr'>tuum</span> 
     </span>
     <span class='ocr_line' id='line_1_18' title="bbox 439 373 2280 431; baseline 0.004 -13"><span class='ocrx_word' id='word_1_48' title='bbox 439 376 521 418; x_wconf 90' lang='lat' dir='ltr'>tibi</span> <span class='ocrx_word' id='word_1_49' title='bbox 545 373 766 428; x_wconf 82' lang='lat' dir='ltr'>manebit⁷</span> <span class='ocrx_word' id='word_1_50' title='bbox 789 377 1026 429; x_wconf 82' lang='lat' dir='ltr'><strong>postquam</strong></span> <span class='ocrx_word' id='word_1_51' title='bbox 1052 373 1312 429; x_wconf 83' lang='lat' dir='ltr'>cognoveris</span> <span class='ocrx_word' id='word_1_52' title='bbox 1337 379 1606 430; x_wconf 89' lang='lat' dir='ltr'>potestatem</span> <span class='ocrx_word' id='word_1_53' title='bbox 1632 390 1726 420; x_wconf 88' lang='lat' dir='ltr'>esse</span> <span class='ocrx_word' id='word_1_54' title='bbox 1750 377 1988 422; x_wconf 82' lang='lat' dir='ltr'>caelestem.</span> <span class='ocrx_word' id='word_1_55' title='bbox 2007 378 2045 406; x_wconf 73' lang='lat'>⁹²4</span> <span class='ocrx_word' id='word_1_56' title='bbox 2058 380 2280 431; x_wconf 86' lang='lat' dir='ltr'>Quamob-</span> 
     </span>
     <span class='ocr_line' id='line_1_19' title="bbox 438 431 2280 496; baseline 0.004 -19"><span class='ocrx_word' id='word_1_57' title='bbox 438 449 551 488; x_wconf 89' lang='lat' dir='ltr'>rem,</span> <span class='ocrx_word' id='word_1_58' title='bbox 578 446 675 487; x_wconf 77' lang='lat' dir='ltr'>rex,</span> <span class='ocrx_word' id='word_1_59' title='bbox 705 431 941 475; x_wconf 89' lang='lat' dir='ltr'>consilium</span> <span class='ocrx_word' id='word_1_60' title='bbox 971 446 1121 476; x_wconf 90' lang='lat' dir='ltr'>meum</span> <span class='ocrx_word' id='word_1_61' title='bbox 1146 432 1324 488; x_wconf 91' lang='lat' dir='ltr'>placeat</span> <span class='ocrx_word' id='word_1_62' title='bbox 1353 433 1462 489; x_wconf 84' lang='lat' dir='ltr'>tibi;</span> <span class='ocrx_word' id='word_1_63' title='bbox 1494 440 1538 477; x_wconf 91' lang='lat' dir='ltr'>et</span> <span class='ocrx_word' id='word_1_64' title='bbox 1567 441 1752 491; x_wconf 87' lang='lat' dir='ltr'>peccata</span> <span class='ocrx_word' id='word_1_65' title='bbox 1785 441 1864 480; x_wconf 91' lang='lat' dir='ltr'>tua</span> <span class='ocrx_word' id='word_1_66' title='bbox 1893 437 2186 496; x_wconf 87' lang='lat' dir='ltr'>eleemosynis</span> <span class='ocrx_word' id='word_1_67' title='bbox 2215 455 2280 484; x_wconf 90' lang='lat' dir='ltr'>re-</span> 
     </span>
     <span class='ocr_line' id='line_1_20' title="bbox 439 491 2280 553; baseline 0.004 -18"><span class='ocrx_word' id='word_1_68' title='bbox 439 493 569 547; x_wconf 89' lang='lat' dir='ltr'>dime,</span> <span class='ocrx_word' id='word_1_69' title='bbox 589 496 633 534; x_wconf 87' lang='lat' dir='ltr'>et</span> <span class='ocrx_word' id='word_1_70' title='bbox 650 491 908 547; x_wconf 79' lang='lat' dir='ltr'>iniquitates</span> <span class='ocrx_word' id='word_1_71' title='bbox 927 496 1026 535; x_wconf 88' lang='lat' dir='ltr'>tuas</span> <span class='ocrx_word' id='word_1_72' title='bbox 1044 491 1359 536; x_wconf 81' lang='lat' dir='ltr'>misericordiis</span> <span class='ocrx_word' id='word_1_73' title='bbox 1377 507 1624 550; x_wconf 90' lang='lat' dir='ltr'>pauperum</span> <span class='ocrx_word' id='word_1_74' title='bbox 1642 511 1650 538; x_wconf 91' lang='lat'>:</span> <span class='ocrx_word' id='word_1_75' title='bbox 1669 495 1861 539; x_wconf 76' lang='lat' dir='ltr'>forsitan</span> <span class='ocrx_word' id='word_1_76' title='bbox 1883 496 2088 553; x_wconf 84' lang='lat' dir='ltr'>ignoscet</span> <span class='ocrx_word' id='word_1_77' title='bbox 2104 498 2280 543; x_wconf 87' lang='lat' dir='ltr'>delictis</span> 
     </span>
     <span class='ocr_line' id='line_1_21' title="bbox 436 551 538 594; baseline 0 -1"><span class='ocrx_word' id='word_1_78' title='bbox 436 551 538 594; x_wconf 85' lang='lat' dir='ltr'>tuis.</span> 
     </span>
    </p>

    <p class='ocr_par' dir='ltr' id='par_1_8' title="bbox 432 609 2281 1386">
     <span class='ocr_line' id='line_1_22' title="bbox 496 609 2281 672; baseline 0.005 -18"><span class='ocrx_word' id='word_1_79' title='bbox 496 609 532 638; x_wconf 70' lang='lat'>25</span> <span class='ocrx_word' id='word_1_80' title='bbox 563 611 724 654; x_wconf 84' lang='lat' dir='ltr'>Omnia</span> <span class='ocrx_word' id='word_1_81' title='bbox 752 611 850 654; x_wconf 76' lang='lat' dir='ltr'>haec</span> <span class='ocrx_word' id='word_1_82' title='bbox 883 618 1100 655; x_wconf 85' lang='lat' dir='ltr'>venerunt</span> <span class='ocrx_word' id='word_1_83' title='bbox 1133 627 1264 669; x_wconf 89' lang='lat' dir='ltr'>super</span> <span class='ocrx_word' id='word_1_84' title='bbox 1297 613 1710 659; x_wconf 89' lang='lat' dir='ltr'>Nabuchodonosor</span> <span class='ocrx_word' id='word_1_85' title='bbox 1744 631 1910 672; x_wconf 86' lang='lat' dir='ltr'>regem.</span> <span class='ocrx_word' id='word_1_86' title='bbox 1941 615 1978 644; x_wconf 67' lang='lat'>26</span> <span class='ocrx_word' id='word_1_87' title='bbox 2008 618 2114 662; x_wconf 87' lang='lat' dir='ltr'>Post</span> <span class='ocrx_word' id='word_1_88' title='bbox 2147 618 2281 662; x_wconf 88' lang='lat' dir='ltr'>finem</span> 
     </span>
     <span class='ocr_line' id='line_1_23' title="bbox 436 670 2278 735; baseline 0.004 -23"><span class='ocrx_word' id='word_1_89' title='bbox 436 670 657 713; x_wconf 82' lang='lat' dir='ltr'>mensium</span> <span class='ocrx_word' id='word_1_90' title='bbox 683 670 939 726; x_wconf 77' lang='lat' dir='ltr'>duodecim,</span> <span class='ocrx_word' id='word_1_91' title='bbox 961 671 1008 713; x_wconf 92' lang='lat' dir='ltr'>in</span> <span class='ocrx_word' id='word_1_92' title='bbox 1033 672 1137 714; x_wconf 89' lang='lat' dir='ltr'>aula</span> <span class='ocrx_word' id='word_1_93' title='bbox 1165 672 1410 728; x_wconf 85' lang='lat' dir='ltr'>Babylonis</span> <span class='ocrx_word' id='word_1_94' title='bbox 1437 673 1769 718; x_wconf 83' lang='lat' dir='ltr'>deambulabat.</span> <span class='ocrx_word' id='word_1_95' title='bbox 1789 675 1825 703; x_wconf 74' lang='lat'>2⁷</span> <span class='ocrx_word' id='word_1_96' title='bbox 1836 677 2278 735; x_wconf 76' lang='lat' dir='ltr'>Responditquerex,</span> 
     </span>
     <span class='ocr_line' id='line_1_24' title="bbox 436 729 2279 790; baseline 0.005 -18"><span class='ocrx_word' id='word_1_97' title='bbox 436 735 480 772; x_wconf 86' lang='lat' dir='ltr'>et</span> <span class='ocrx_word' id='word_1_98' title='bbox 504 729 569 772; x_wconf 89' lang='lat' dir='ltr'>ait</span> <span class='ocrx_word' id='word_1_99' title='bbox 593 730 785 773; x_wconf 88' lang='lat' dir='ltr'>:Nonne</span> <span class='ocrx_word' id='word_1_100' title='bbox 810 730 908 773; x_wconf 80' lang='lat' dir='ltr'>haeo</span> <span class='ocrx_word' id='word_1_101' title='bbox 934 735 1001 774; x_wconf 90' lang='lat' dir='ltr'>est</span> <span class='ocrx_word' id='word_1_102' title='bbox 1031 731 1237 788; x_wconf 81' lang='lat' dir='ltr'>Babylon</span> <span class='ocrx_word' id='word_1_103' title='bbox 1267 747 1452 789; x_wconf 88' lang='lat' dir='ltr'>magna,</span> <span class='ocrx_word' id='word_1_104' title='bbox 1485 748 1619 789; x_wconf 93' lang='lat' dir='ltr'>quam</span> <span class='ocrx_word' id='word_1_105' title='bbox 1648 748 1729 790; x_wconf 91' lang='lat' dir='ltr'>ego</span> <span class='ocrx_word' id='word_1_106' title='bbox 1765 736 1984 779; x_wconf 81' lang='lat' dir='ltr'>aedifieavi</span> <span class='ocrx_word' id='word_1_107' title='bbox 2016 737 2064 779; x_wconf 90' lang='lat' dir='ltr'>in</span> <span class='ocrx_word' id='word_1_108' title='bbox 2097 737 2279 781; x_wconf 90' lang='lat' dir='ltr'>domum</span> 
     </span>
     <span class='ocr_line' id='line_1_25' title="bbox 435 788 2281 853; baseline 0.005 -22"><span class='ocrx_word' id='word_1_109' title='bbox 435 788 581 846; x_wconf 89' lang='lat' dir='ltr'>regni,</span> <span class='ocrx_word' id='word_1_110' title='bbox 612 788 658 831; x_wconf 90' lang='lat' dir='ltr'>in</span> <span class='ocrx_word' id='word_1_111' title='bbox 682 789 837 833; x_wconf 86' lang='lat' dir='ltr'>robore</span> <span class='ocrx_word' id='word_1_112' title='bbox 866 790 1146 834; x_wconf 88' lang='lat' dir='ltr'>fortitudinis</span> <span class='ocrx_word' id='word_1_113' title='bbox 1177 806 1309 848; x_wconf 85' lang='lat' dir='ltr'>meae,</span> <span class='ocrx_word' id='word_1_114' title='bbox 1337 797 1381 835; x_wconf 91' lang='lat' dir='ltr'>et</span> <span class='ocrx_word' id='word_1_115' title='bbox 1409 793 1455 835; x_wconf 89' lang='lat' dir='ltr'>in</span> <span class='ocrx_word' id='word_1_116' title='bbox 1488 793 1630 848; x_wconf 91' lang='lat' dir='ltr'>gloria</span> <span class='ocrx_word' id='word_1_117' title='bbox 1661 794 1831 838; x_wconf 88' lang='lat' dir='ltr'>decoris</span> <span class='ocrx_word' id='word_1_118' title='bbox 1865 795 1991 840; x_wconf 84' lang='lat' dir='ltr'>mei?</span> <span class='ocrx_word' id='word_1_119' title='bbox 2021 795 2058 823; x_wconf 68' lang='lat'>28</span> <span class='ocrx_word' id='word_1_120' title='bbox 2080 797 2281 853; x_wconf 82' lang='lat' dir='ltr'>Cumque</span> 
     </span>
     <span class='ocr_line' id='line_1_26' title="bbox 435 848 2278 911; baseline 0.005 -20"><span class='ocrx_word' id='word_1_121' title='bbox 435 863 577 892; x_wconf 89' lang='lat' dir='ltr'>sermo</span> <span class='ocrx_word' id='word_1_122' title='bbox 602 848 750 892; x_wconf 91' lang='lat' dir='ltr'>adhuc</span> <span class='ocrx_word' id='word_1_123' title='bbox 772 855 889 892; x_wconf 91' lang='lat' dir='ltr'>esset</span> <span class='ocrx_word' id='word_1_124' title='bbox 909 849 957 892; x_wconf 91' lang='lat' dir='ltr'>in</span> <span class='ocrx_word' id='word_1_125' title='bbox 982 864 1055 893; x_wconf 87' lang='lat' dir='ltr'>ore</span> <span class='ocrx_word' id='word_1_126' title='bbox 1079 851 1221 906; x_wconf 88' lang='lat' dir='ltr'>regis,</span> <span class='ocrx_word' id='word_1_127' title='bbox 1250 866 1340 894; x_wconf 77' lang='lat' dir='ltr'>vox</span> <span class='ocrx_word' id='word_1_128' title='bbox 1362 851 1417 895; x_wconf 90' lang='lat' dir='ltr'>de</span> <span class='ocrx_word' id='word_1_129' title='bbox 1440 853 1549 895; x_wconf 87' lang='lat' dir='ltr'>caelo</span> <span class='ocrx_word' id='word_1_130' title='bbox 1571 853 1689 898; x_wconf 87' lang='lat' dir='ltr'>ruit:</span> <span class='ocrx_word' id='word_1_131' title='bbox 1712 854 1812 897; x_wconf 86' lang='lat' dir='ltr'>Tibi</span> <span class='ocrx_word' id='word_1_132' title='bbox 1839 855 2016 911; x_wconf 83' lang='lat' dir='ltr'>dicitur,</span> <span class='ocrx_word' id='word_1_133' title='bbox 2040 856 2278 900; x_wconf 89' lang='lat' dir='ltr'>Nabucho-</span> 
     </span>
     <span class='ocr_line' id='line_1_27' title="bbox 436 908 2280 973; baseline 0.004 -22"><span class='ocrx_word' id='word_1_134' title='bbox 436 908 625 952; x_wconf 89' lang='lat' dir='ltr'>donosor</span> <span class='ocrx_word' id='word_1_135' title='bbox 656 923 762 952; x_wconf 78' lang='lat' dir='ltr'>rex:</span> <span class='ocrx_word' id='word_1_136' title='bbox 793 910 998 965; x_wconf 85' lang='lat' dir='ltr'>Regnum</span> <span class='ocrx_word' id='word_1_137' title='bbox 1026 916 1155 953; x_wconf 90' lang='lat' dir='ltr'>tuum</span> <span class='ocrx_word' id='word_1_138' title='bbox 1187 911 1396 954; x_wconf 82' lang='lat' dir='ltr'>transibit</span> <span class='ocrx_word' id='word_1_139' title='bbox 1424 926 1450 954; x_wconf 92' lang='lat' dir='ltr'>a</span> <span class='ocrx_word' id='word_1_140' title='bbox 1480 917 1542 968; x_wconf 86' lang='lat' dir='ltr'>te,</span> <span class='ocrx_word' id='word_1_141' title='bbox 1566 911 1602 939; x_wconf 70' lang='lat'>29</span> <span class='ocrx_word' id='word_1_142' title='bbox 1639 918 1687 956; x_wconf 86' lang='lat' dir='ltr'>et</span> <span class='ocrx_word' id='word_1_143' title='bbox 1718 913 1774 956; x_wconf 87' lang='lat' dir='ltr'>ab</span> <span class='ocrx_word' id='word_1_144' title='bbox 1807 914 2063 959; x_wconf 88' lang='lat' dir='ltr'>hominibus</span> <span class='ocrx_word' id='word_1_145' title='bbox 2098 915 2280 973; x_wconf 83' lang='lat' dir='ltr'>ejicient</span> 
     </span>
     <span class='ocr_line' id='line_1_28' title="bbox 435 968 2278 1032; baseline 0.005 -22"><span class='ocrx_word' id='word_1_146' title='bbox 435 974 500 1024; x_wconf 86' lang='lat' dir='ltr'>te,</span> <span class='ocrx_word' id='word_1_147' title='bbox 527 973 570 1012; x_wconf 92' lang='lat' dir='ltr'>et</span> <span class='ocrx_word' id='word_1_148' title='bbox 593 983 693 1012; x_wconf 91' lang='lat' dir='ltr'>cum</span> <span class='ocrx_word' id='word_1_149' title='bbox 719 968 874 1012; x_wconf 89' lang='lat' dir='ltr'>bestiis</span> <span class='ocrx_word' id='word_1_150' title='bbox 898 974 942 1012; x_wconf 88' lang='lat' dir='ltr'>et</span> <span class='ocrx_word' id='word_1_151' title='bbox 966 970 1075 1013; x_wconf 89' lang='lat' dir='ltr'>feris</span> <span class='ocrx_word' id='word_1_152' title='bbox 1098 970 1181 1013; x_wconf 90' lang='lat' dir='ltr'>erit</span> <span class='ocrx_word' id='word_1_153' title='bbox 1207 970 1427 1014; x_wconf 88' lang='lat' dir='ltr'>habitatio</span> <span class='ocrx_word' id='word_1_154' title='bbox 1451 976 1551 1026; x_wconf 82' lang='lat' dir='ltr'>tua3</span> <span class='ocrx_word' id='word_1_155' title='bbox 1588 972 1765 1016; x_wconf 89' lang='lat' dir='ltr'>foenum</span> <span class='ocrx_word' id='word_1_156' title='bbox 1791 975 1915 1029; x_wconf 90' lang='lat' dir='ltr'>quasi</span> <span class='ocrx_word' id='word_1_157' title='bbox 1942 975 2021 1018; x_wconf 91' lang='lat' dir='ltr'>bos</span> <span class='ocrx_word' id='word_1_158' title='bbox 2052 976 2278 1032; x_wconf 78' lang='grc' dir='ltr'>00111οᾶοε,</span> 
     </span>
     <span class='ocr_line' id='line_1_29' title="bbox 435 1029 2281 1090; baseline 0.004 -19"><span class='ocrx_word' id='word_1_159' title='bbox 435 1034 478 1071; x_wconf 90' lang='lat' dir='ltr'>et</span> <span class='ocrx_word' id='word_1_160' title='bbox 511 1033 681 1085; x_wconf 88' lang='lat' dir='ltr'>septem</span> <span class='ocrx_word' id='word_1_161' title='bbox 714 1034 915 1086; x_wconf 87' lang='lat' dir='ltr'>tempora</span> <span class='ocrx_word' id='word_1_162' title='bbox 949 1029 1243 1073; x_wconf 86' lang='lat' dir='ltr'>mutabuntur</span> <span class='ocrx_word' id='word_1_163' title='bbox 1275 1045 1406 1088; x_wconf 90' lang='lat' dir='ltr'>super</span> <span class='ocrx_word' id='word_1_164' title='bbox 1442 1036 1505 1088; x_wconf 86' lang='lat' dir='ltr'>te,</span> <span class='ocrx_word' id='word_1_165' title='bbox 1544 1032 1684 1075; x_wconf 90' lang='lat' dir='ltr'>donec</span> <span class='ocrx_word' id='word_1_166' title='bbox 1723 1033 1837 1076; x_wconf 87' lang='lat' dir='ltr'>scias</span> <span class='ocrx_word' id='word_1_167' title='bbox 1875 1035 1992 1090; x_wconf 90' lang='lat' dir='ltr'>quod</span> <span class='ocrx_word' id='word_1_168' title='bbox 2028 1035 2281 1079; x_wconf 90' lang='lat' dir='ltr'>dominetur</span> 
     </span>
     <span class='ocr_line' id='line_1_30' title="bbox 435 1088 2278 1147; baseline 0.003 -16"><span class='ocrx_word' id='word_1_169' title='bbox 435 1088 649 1131; x_wconf 76' lang='lat' dir='ltr'>Excelsus</span> <span class='ocrx_word' id='word_1_170' title='bbox 678 1088 724 1130; x_wconf 90' lang='lat' dir='ltr'>in</span> <span class='ocrx_word' id='word_1_171' title='bbox 751 1103 887 1144; x_wconf 91' lang='lat' dir='ltr'>regno</span> <span class='ocrx_word' id='word_1_172' title='bbox 920 1089 1172 1145; x_wconf 87' lang='lat' dir='ltr'>hominum,</span> <span class='ocrx_word' id='word_1_173' title='bbox 1202 1095 1245 1133; x_wconf 91' lang='lat' dir='ltr'>et</span> <span class='ocrx_word' id='word_1_174' title='bbox 1272 1091 1536 1147; x_wconf 89' lang='lat' dir='ltr'>cuicumque</span> <span class='ocrx_word' id='word_1_175' title='bbox 1565 1091 1757 1135; x_wconf 86' lang='lat' dir='ltr'>voluerit</span> <span class='ocrx_word' id='word_1_176' title='bbox 1787 1093 1861 1136; x_wconf 91' lang='lat' dir='ltr'>det</span> <span class='ocrx_word' id='word_1_177' title='bbox 1895 1094 2019 1138; x_wconf 90' lang='lat' dir='ltr'>illud.</span> <span class='ocrx_word' id='word_1_178' title='bbox 2047 1094 2084 1122; x_wconf 85' lang='lat'>3⁰</span> <span class='ocrx_word' id='word_1_179' title='bbox 2110 1095 2278 1139; x_wconf 88' lang='lat' dir='ltr'>Eadem</span> 
     </span>
     <span class='ocr_line' id='line_1_31' title="bbox 433 1149 2277 1207; baseline 0.004 -16"><span class='ocrx_word' id='word_1_180' title='bbox 433 1149 539 1191; x_wconf 89' lang='lat' dir='ltr'>hora</span> <span class='ocrx_word' id='word_1_181' title='bbox 573 1163 715 1192; x_wconf 90' lang='lat' dir='ltr'>sermo</span> <span class='ocrx_word' id='word_1_182' title='bbox 747 1149 993 1206; x_wconf 88' lang='lat' dir='ltr'>completus</span> <span class='ocrx_word' id='word_1_183' title='bbox 1020 1154 1087 1192; x_wconf 91' lang='lat' dir='ltr'>est</span> <span class='ocrx_word' id='word_1_184' title='bbox 1121 1162 1251 1206; x_wconf 82' lang='lat' dir='ltr'>super</span> <span class='ocrx_word' id='word_1_185' title='bbox 1281 1150 1722 1207; x_wconf 77' lang='lat' dir='ltr'>Nabuchodonosol‘3</span> <span class='ocrx_word' id='word_1_186' title='bbox 1755 1158 1798 1196; x_wconf 91' lang='lat' dir='ltr'>et</span> <span class='ocrx_word' id='word_1_187' title='bbox 1828 1167 1882 1196; x_wconf 76' lang='lat' dir='ltr'>ex</span> <span class='ocrx_word' id='word_1_188' title='bbox 1915 1154 2172 1198; x_wconf 87' lang='lat' dir='ltr'>hominibus</span> <span class='ocrx_word' id='word_1_189' title='bbox 2202 1155 2277 1197; x_wconf 89' lang='lat' dir='ltr'>ab—</span> 
     </span>
     <span class='ocr_line' id='line_1_32' title="bbox 432 1208 2279 1270; baseline 0.002 -16"><span class='ocrx_word' id='word_1_190' title='bbox 432 1210 575 1266; x_wconf 77' lang='lat' dir='ltr'>J‘ectus</span> <span class='ocrx_word' id='word_1_191' title='bbox 602 1215 688 1266; x_wconf 89' lang='lat' dir='ltr'>est,</span> <span class='ocrx_word' id='word_1_192' title='bbox 715 1214 759 1253; x_wconf 89' lang='lat' dir='ltr'>et</span> <span class='ocrx_word' id='word_1_193' title='bbox 779 1210 975 1266; x_wconf 88' lang='lat' dir='ltr'>foenum,</span> <span class='ocrx_word' id='word_1_194' title='bbox 1003 1215 1050 1252; x_wconf 93' lang='lat' dir='ltr'>ut</span> <span class='ocrx_word' id='word_1_195' title='bbox 1068 1208 1169 1265; x_wconf 81' lang='lat' dir='ltr'>bos,</span> <span class='ocrx_word' id='word_1_196' title='bbox 1198 1209 1413 1266; x_wconf 87' lang='lat' dir='ltr'>comedit,</span> <span class='ocrx_word' id='word_1_197' title='bbox 1438 1215 1481 1253; x_wconf 88' lang='lat' dir='ltr'>et</span> <span class='ocrx_word' id='word_1_198' title='bbox 1501 1225 1597 1254; x_wconf 90' lang='lat' dir='ltr'>rore</span> <span class='ocrx_word' id='word_1_199' title='bbox 1625 1211 1725 1254; x_wconf 85' lang='lat' dir='ltr'>caeli</span> <span class='ocrx_word' id='word_1_200' title='bbox 1751 1227 1907 1269; x_wconf 88' lang='lat' dir='ltr'>corpus</span> <span class='ocrx_word' id='word_1_201' title='bbox 1935 1214 2032 1270; x_wconf 80' lang='lat' dir='ltr'>ejus</span> <span class='ocrx_word' id='word_1_202' title='bbox 2056 1215 2279 1258; x_wconf 88' lang='lat' dir='ltr'>infectum</span> 
     </span>
     <span class='ocr_line' id='line_1_33' title="bbox 433 1268 2278 1330; baseline 0.002 -17"><span class='ocrx_word' id='word_1_203' title='bbox 433 1275 518 1326; x_wconf 86' lang='lat' dir='ltr'>est,</span> <span class='ocrx_word' id='word_1_204' title='bbox 543 1270 683 1313; x_wconf 90' lang='lat' dir='ltr'>donec</span> <span class='ocrx_word' id='word_1_205' title='bbox 707 1269 858 1327; x_wconf 91' lang='lat' dir='ltr'>capilli</span> <span class='ocrx_word' id='word_1_206' title='bbox 881 1269 978 1325; x_wconf 82' lang='lat' dir='ltr'>ejus</span> <span class='ocrx_word' id='word_1_207' title='bbox 1003 1269 1050 1312; x_wconf 91' lang='lat' dir='ltr'>in</span> <span class='ocrx_word' id='word_1_208' title='bbox 1081 1268 1425 1313; x_wconf 88' lang='lat' dir='ltr'>similitudinem</span> <span class='ocrx_word' id='word_1_209' title='bbox 1454 1270 1706 1326; x_wconf 85' lang='lat' dir='ltr'>aquilarum</span> <span class='ocrx_word' id='word_1_210' title='bbox 1738 1278 2006 1330; x_wconf 81' lang='lat' dir='ltr'>crescerent,</span> <span class='ocrx_word' id='word_1_211' title='bbox 2035 1279 2079 1317; x_wconf 91' lang='lat' dir='ltr'>et</span> <span class='ocrx_word' id='word_1_212' title='bbox 2108 1288 2278 1330; x_wconf 87' lang='lat' dir='ltr'>ungues</span> 
     </span>
     <span class='ocr_line' id='line_1_34' title="bbox 432 1330 862 1386; baseline 0.005 -14"><span class='ocrx_word' id='word_1_213' title='bbox 432 1330 527 1386; x_wconf 80' lang='lat' dir='ltr'>ejus</span> <span class='ocrx_word' id='word_1_214' title='bbox 550 1330 676 1386; x_wconf 90' lang='lat' dir='ltr'>quasi</span> <span class='ocrx_word' id='word_1_215' title='bbox 697 1330 862 1374; x_wconf 89' lang='lat' dir='ltr'>avium.</span> 
     </span>
    </p>

    <p class='ocr_par' dir='ltr' id='par_1_9' title="bbox 431 1389 2278 2208">
     <span class='ocr_line' id='line_1_35' title="bbox 491 1389 2278 1449; baseline 0.003 -17"><span class='ocrx_word' id='word_1_216' title='bbox 491 1389 524 1416; x_wconf 54' lang='lat'>34</span> <span class='ocrx_word' id='word_1_217' title='bbox 553 1390 699 1445; x_wconf 88' lang='lat' dir='ltr'>Igitur</span> <span class='ocrx_word' id='word_1_218' title='bbox 734 1394 835 1446; x_wconf 91' lang='lat' dir='ltr'>post</span> <span class='ocrx_word' id='word_1_219' title='bbox 871 1389 1006 1433; x_wconf 92' lang='lat' dir='ltr'>finem</span> <span class='ocrx_word' id='word_1_220' title='bbox 1045 1390 1235 1447; x_wconf 87' lang='lat' dir='ltr'>dierum,</span> <span class='ocrx_word' id='word_1_221' title='bbox 1278 1406 1380 1448; x_wconf 87' lang='lat' dir='ltr'>ego,</span> <span class='ocrx_word' id='word_1_222' title='bbox 1422 1392 1845 1449; x_wconf 69' lang='lat' dir='ltr'>Nabuchodonosor,</span> <span class='ocrx_word' id='word_1_223' title='bbox 1885 1394 2035 1438; x_wconf 92' lang='lat' dir='ltr'>oculos</span> <span class='ocrx_word' id='word_1_224' title='bbox 2068 1409 2189 1438; x_wconf 90' lang='lat' dir='ltr'>meos</span> <span class='ocrx_word' id='word_1_225' title='bbox 2221 1394 2278 1437; x_wconf 88' lang='lat' dir='ltr'>ad</span> 
     </span>
     <span class='ocr_line' id='line_1_36' title="bbox 432 1449 2275 1509; baseline 0.002 -16"><span class='ocrx_word' id='word_1_226' title='bbox 432 1449 594 1493; x_wconf 77' lang='lat' dir='ltr'>caelum</span> <span class='ocrx_word' id='word_1_227' title='bbox 624 1449 798 1505; x_wconf 80' lang='lat' dir='ltr'>levavi3</span> <span class='ocrx_word' id='word_1_228' title='bbox 826 1454 871 1492; x_wconf 90' lang='lat' dir='ltr'>et</span> <span class='ocrx_word' id='word_1_229' title='bbox 899 1463 1053 1492; x_wconf 88' lang='lat' dir='ltr'>sensus</span> <span class='ocrx_word' id='word_1_230' title='bbox 1078 1464 1202 1493; x_wconf 91' lang='lat' dir='ltr'>meus</span> <span class='ocrx_word' id='word_1_231' title='bbox 1236 1451 1436 1494; x_wconf 90' lang='lat' dir='ltr'>redditus</span> <span class='ocrx_word' id='word_1_232' title='bbox 1463 1457 1529 1494; x_wconf 90' lang='lat' dir='ltr'>est</span> <span class='ocrx_word' id='word_1_233' title='bbox 1554 1452 1686 1508; x_wconf 87' lang='lat' dir='ltr'>mihi,</span> <span class='ocrx_word' id='word_1_234' title='bbox 1715 1458 1759 1497; x_wconf 92' lang='lat' dir='ltr'>et</span> <span class='ocrx_word' id='word_1_235' title='bbox 1784 1454 2019 1497; x_wconf 87' lang='lat' dir='ltr'>Altissimo</span> <span class='ocrx_word' id='word_1_236' title='bbox 2045 1454 2275 1509; x_wconf 80' lang='lat' dir='ltr'>benedixi,</span> 
     </span>
     <span class='ocr_line' id='line_1_37' title="bbox 432 1509 2277 1570; baseline 0.002 -18"><span class='ocrx_word' id='word_1_237' title='bbox 432 1515 476 1552; x_wconf 91' lang='lat' dir='ltr'>et</span> <span class='ocrx_word' id='word_1_238' title='bbox 510 1509 737 1553; x_wconf 87' lang='lat' dir='ltr'>viventem</span> <span class='ocrx_word' id='word_1_239' title='bbox 768 1509 815 1552; x_wconf 91' lang='lat' dir='ltr'>in</span> <span class='ocrx_word' id='word_1_240' title='bbox 849 1509 1170 1565; x_wconf 86' lang='lat' dir='ltr'>sempiternum</span> <span class='ocrx_word' id='word_1_241' title='bbox 1203 1509 1385 1553; x_wconf 81' lang='lat' dir='ltr'>laudavi</span> <span class='ocrx_word' id='word_1_242' title='bbox 1426 1517 1468 1554; x_wconf 92' lang='lat' dir='ltr'>et</span> <span class='ocrx_word' id='word_1_243' title='bbox 1507 1512 1774 1569; x_wconf 89' lang='lat' dir='ltr'>glorificavi,</span> <span class='ocrx_word' id='word_1_244' title='bbox 1811 1513 1913 1569; x_wconf 88' lang='lat' dir='ltr'>quia</span> <span class='ocrx_word' id='word_1_245' title='bbox 1947 1518 2144 1570; x_wconf 90' lang='lat' dir='ltr'>potestas</span> <span class='ocrx_word' id='word_1_246' title='bbox 2181 1513 2277 1570; x_wconf 84' lang='lat' dir='ltr'>ejus</span> 
     </span>
     <span class='ocr_line' id='line_1_38' title="bbox 432 1570 2275 1628; baseline 0.003 -17"><span class='ocrx_word' id='word_1_247' title='bbox 432 1574 628 1625; x_wconf 86' lang='lat' dir='ltr'>potestas</span> <span class='ocrx_word' id='word_1_248' title='bbox 659 1570 949 1626; x_wconf 84' lang='lat' dir='ltr'>sempiterna,</span> <span class='ocrx_word' id='word_1_249' title='bbox 980 1574 1024 1611; x_wconf 89' lang='lat' dir='ltr'>et</span> <span class='ocrx_word' id='word_1_250' title='bbox 1057 1584 1246 1625; x_wconf 86' lang='lat' dir='ltr'>regnum</span> <span class='ocrx_word' id='word_1_251' title='bbox 1275 1570 1373 1626; x_wconf 82' lang='lat' dir='ltr'>ejus</span> <span class='ocrx_word' id='word_1_252' title='bbox 1403 1571 1449 1613; x_wconf 90' lang='lat' dir='ltr'>in</span> <span class='ocrx_word' id='word_1_253' title='bbox 1482 1572 1818 1626; x_wconf 83' lang='lat' dir='ltr'>generationem</span> <span class='ocrx_word' id='word_1_254' title='bbox 1851 1578 1895 1615; x_wconf 91' lang='lat' dir='ltr'>et</span> <span class='ocrx_word' id='word_1_255' title='bbox 1927 1572 2275 1628; x_wconf 85' lang='lat' dir='ltr'>generationem.</span> 
     </span>
     <span class='ocr_line' id='line_1_39' title="bbox 433 1627 2277 1690; baseline 0.003 -20"><span class='ocrx_word' id='word_1_256' title='bbox 433 1627 470 1655; x_wconf 62' lang='lat'>3⁶²</span> <span class='ocrx_word' id='word_1_257' title='bbox 488 1629 548 1671; x_wconf 84' lang='lat' dir='ltr'>Et</span> <span class='ocrx_word' id='word_1_258' title='bbox 570 1642 721 1671; x_wconf 91' lang='lat' dir='ltr'>omnes</span> <span class='ocrx_word' id='word_1_259' title='bbox 751 1628 1024 1671; x_wconf 77' lang='lat' dir='ltr'>habitatores</span> <span class='ocrx_word' id='word_1_260' title='bbox 1054 1634 1182 1671; x_wconf 85' lang='lat' dir='ltr'>terrae</span> <span class='ocrx_word' id='word_1_261' title='bbox 1209 1629 1329 1685; x_wconf 88' lang='lat' dir='ltr'>apud</span> <span class='ocrx_word' id='word_1_262' title='bbox 1355 1644 1455 1673; x_wconf 89' lang='lat' dir='ltr'>eum</span> <span class='ocrx_word' id='word_1_263' title='bbox 1480 1630 1527 1672; x_wconf 90' lang='lat' dir='ltr'>in</span> <span class='ocrx_word' id='word_1_264' title='bbox 1557 1630 1747 1673; x_wconf 88' lang='lat' dir='ltr'>nihilum</span> <span class='ocrx_word' id='word_1_265' title='bbox 1772 1632 1965 1688; x_wconf 89' lang='lat' dir='ltr'>reputati</span> <span class='ocrx_word' id='word_1_266' title='bbox 1991 1638 2118 1688; x_wconf 90' lang='lat' dir='ltr'>sunt;</span> <span class='ocrx_word' id='word_1_267' title='bbox 2145 1633 2277 1690; x_wconf 81' lang='lat' dir='ltr'>juxta</span> 
     </span>
     <span class='ocr_line' id='line_1_40' title="bbox 433 1688 2274 1747; baseline 0.002 -17"><span class='ocrx_word' id='word_1_268' title='bbox 433 1688 711 1731; x_wconf 88' lang='lat' dir='ltr'>voluntatem</span> <span class='ocrx_word' id='word_1_269' title='bbox 738 1688 856 1730; x_wconf 92' lang='lat' dir='ltr'>enim</span> <span class='ocrx_word' id='word_1_270' title='bbox 889 1702 1017 1730; x_wconf 88' lang='lat' dir='ltr'>suam</span> <span class='ocrx_word' id='word_1_271' title='bbox 1042 1688 1158 1730; x_wconf 87' lang='lat' dir='ltr'>facit</span> <span class='ocrx_word' id='word_1_272' title='bbox 1182 1693 1275 1731; x_wconf 89' lang='lat' dir='ltr'>tam</span> <span class='ocrx_word' id='word_1_273' title='bbox 1301 1688 1347 1730; x_wconf 93' lang='lat' dir='ltr'>in</span> <span class='ocrx_word' id='word_1_274' title='bbox 1369 1689 1610 1733; x_wconf 88' lang='lat' dir='ltr'>virtutibus</span> <span class='ocrx_word' id='word_1_275' title='bbox 1641 1691 1741 1733; x_wconf 78' lang='lat' dir='ltr'>caeli</span> <span class='ocrx_word' id='word_1_276' title='bbox 1775 1706 1908 1747; x_wconf 84' lang='lat' dir='ltr'>quam</span> <span class='ocrx_word' id='word_1_277' title='bbox 1937 1691 1983 1734; x_wconf 90' lang='lat' dir='ltr'>in</span> <span class='ocrx_word' id='word_1_278' title='bbox 2013 1691 2274 1736; x_wconf 86' lang='lat' dir='ltr'>habitatori-</span> 
     </span>
     <span class='ocr_line' id='line_1_41' title="bbox 433 1747 2275 1805; baseline 0.004 -16"><span class='ocrx_word' id='word_1_279' title='bbox 433 1747 515 1790; x_wconf 90' lang='lat' dir='ltr'>bus</span> <span class='ocrx_word' id='word_1_280' title='bbox 540 1752 694 1801; x_wconf 67' lang='lat' dir='ltr'>terraeg</span> <span class='ocrx_word' id='word_1_281' title='bbox 719 1752 764 1790; x_wconf 91' lang='lat' dir='ltr'>et</span> <span class='ocrx_word' id='word_1_282' title='bbox 788 1762 876 1790; x_wconf 91' lang='lat' dir='ltr'>non</span> <span class='ocrx_word' id='word_1_283' title='bbox 903 1753 969 1790; x_wconf 89' lang='lat' dir='ltr'>est</span> <span class='ocrx_word' id='word_1_284' title='bbox 990 1747 1065 1803; x_wconf 89' lang='lat' dir='ltr'>qui</span> <span class='ocrx_word' id='word_1_285' title='bbox 1087 1747 1265 1791; x_wconf 84' lang='lat' dir='ltr'>resistat</span> <span class='ocrx_word' id='word_1_286' title='bbox 1291 1749 1442 1791; x_wconf 86' lang='lat' dir='ltr'>manui</span> <span class='ocrx_word' id='word_1_287' title='bbox 1471 1749 1588 1805; x_wconf 84' lang='lat' dir='ltr'>ejus,</span> <span class='ocrx_word' id='word_1_288' title='bbox 1613 1755 1656 1792; x_wconf 93' lang='lat' dir='ltr'>et</span> <span class='ocrx_word' id='word_1_289' title='bbox 1682 1750 1803 1793; x_wconf 87' lang='lat' dir='ltr'>dicat</span> <span class='ocrx_word' id='word_1_290' title='bbox 1825 1751 1892 1794; x_wconf 89' lang='lat' dir='ltr'>ei:</span> <span class='ocrx_word' id='word_1_291' title='bbox 1921 1751 2064 1801; x_wconf 85' lang='lat' dir='ltr'>Quare</span> <span class='ocrx_word' id='word_1_292' title='bbox 2089 1751 2275 1797; x_wconf 77' lang='lat' dir='ltr'>fecisti?</span> 
     </span>
     <span class='ocr_line' id='line_1_42' title="bbox 434 1806 2275 1868; baseline 0.003 -19"><span class='ocrx_word' id='word_1_293' title='bbox 434 1806 470 1833; x_wconf 82' lang='lat'>33</span> <span class='ocrx_word' id='word_1_294' title='bbox 488 1808 543 1849; x_wconf 89' lang='lat' dir='ltr'>In</span> <span class='ocrx_word' id='word_1_295' title='bbox 568 1807 663 1864; x_wconf 92' lang='lat' dir='ltr'>ipso</span> <span class='ocrx_word' id='word_1_296' title='bbox 686 1812 884 1864; x_wconf 90' lang='lat' dir='ltr'>tempore</span> <span class='ocrx_word' id='word_1_297' title='bbox 909 1821 1062 1850; x_wconf 90' lang='lat' dir='ltr'>sensus</span> <span class='ocrx_word' id='word_1_298' title='bbox 1087 1822 1212 1851; x_wconf 91' lang='lat' dir='ltr'>meus</span> <span class='ocrx_word' id='word_1_299' title='bbox 1233 1822 1434 1851; x_wconf 88' lang='lat' dir='ltr'>reversus</span> <span class='ocrx_word' id='word_1_300' title='bbox 1457 1815 1522 1852; x_wconf 85' lang='lat' dir='ltr'>est</span> <span class='ocrx_word' id='word_1_301' title='bbox 1547 1809 1604 1852; x_wconf 87' lang='lat' dir='ltr'>ad</span> <span class='ocrx_word' id='word_1_302' title='bbox 1634 1824 1724 1865; x_wconf 90' lang='lat' dir='ltr'>me,</span> <span class='ocrx_word' id='word_1_303' title='bbox 1750 1816 1793 1852; x_wconf 94' lang='lat' dir='ltr'>et</span> <span class='ocrx_word' id='word_1_304' title='bbox 1822 1810 1880 1853; x_wconf 89' lang='lat' dir='ltr'>ad</span> <span class='ocrx_word' id='word_1_305' title='bbox 1909 1811 2121 1854; x_wconf 87' lang='lat' dir='ltr'>honorem</span> <span class='ocrx_word' id='word_1_306' title='bbox 2149 1812 2275 1868; x_wconf 88' lang='lat' dir='ltr'>regni</span> 
     </span>
     <span class='ocr_line' id='line_1_43' title="bbox 433 1866 2276 1927; baseline 0.003 -19"><span class='ocrx_word' id='word_1_307' title='bbox 433 1866 520 1910; x_wconf 88' lang='lat' dir='ltr'>mei</span> <span class='ocrx_word' id='word_1_308' title='bbox 548 1866 837 1922; x_wconf 90' lang='lat' dir='ltr'>decoremque</span> <span class='ocrx_word' id='word_1_309' title='bbox 868 1866 1073 1923; x_wconf 84' lang='lat' dir='ltr'>perveni3</span> <span class='ocrx_word' id='word_1_310' title='bbox 1107 1872 1149 1910; x_wconf 91' lang='lat' dir='ltr'>et</span> <span class='ocrx_word' id='word_1_311' title='bbox 1178 1867 1322 1923; x_wconf 86' lang='lat' dir='ltr'>figura</span> <span class='ocrx_word' id='word_1_312' title='bbox 1351 1882 1449 1910; x_wconf 86' lang='lat' dir='ltr'>mea</span> <span class='ocrx_word' id='word_1_313' title='bbox 1472 1882 1645 1911; x_wconf 79' lang='lat' dir='ltr'>reversa</span> <span class='ocrx_word' id='word_1_314' title='bbox 1673 1874 1740 1912; x_wconf 78' lang='lat' dir='ltr'>est</span> <span class='ocrx_word' id='word_1_315' title='bbox 1765 1870 1822 1912; x_wconf 91' lang='lat' dir='ltr'>ad</span> <span class='ocrx_word' id='word_1_316' title='bbox 1848 1884 1943 1925; x_wconf 80' lang='lat' dir='ltr'>me3</span> <span class='ocrx_word' id='word_1_317' title='bbox 1973 1876 2017 1913; x_wconf 89' lang='lat' dir='ltr'>et</span> <span class='ocrx_word' id='word_1_318' title='bbox 2038 1870 2276 1927; x_wconf 87' lang='lat' dir='ltr'>optimates</span> 
     </span>
     <span class='ocr_line' id='line_1_44' title="bbox 433 1926 2274 1987; baseline 0.003 -19"><span class='ocrx_word' id='word_1_319' title='bbox 433 1926 521 1969; x_wconf 92' lang='lat' dir='ltr'>mei</span> <span class='ocrx_word' id='word_1_320' title='bbox 547 1931 590 1969; x_wconf 90' lang='lat' dir='ltr'>et</span> <span class='ocrx_word' id='word_1_321' title='bbox 613 1926 901 1982; x_wconf 88' lang='lat' dir='ltr'>magistratus</span> <span class='ocrx_word' id='word_1_322' title='bbox 928 1926 1015 1969; x_wconf 91' lang='lat' dir='ltr'>mei</span> <span class='ocrx_word' id='word_1_323' title='bbox 1041 1926 1337 1981; x_wconf 90' lang='lat' dir='ltr'>requisierunt</span> <span class='ocrx_word' id='word_1_324' title='bbox 1362 1942 1452 1983; x_wconf 90' lang='lat' dir='ltr'>me,</span> <span class='ocrx_word' id='word_1_325' title='bbox 1481 1932 1524 1970; x_wconf 91' lang='lat' dir='ltr'>et</span> <span class='ocrx_word' id='word_1_326' title='bbox 1552 1928 1598 1970; x_wconf 90' lang='lat' dir='ltr'>in</span> <span class='ocrx_word' id='word_1_327' title='bbox 1624 1943 1760 1984; x_wconf 85' lang='lat' dir='ltr'>regno</span> <span class='ocrx_word' id='word_1_328' title='bbox 1783 1944 1880 1973; x_wconf 91' lang='lat' dir='ltr'>meo</span> <span class='ocrx_word' id='word_1_329' title='bbox 1901 1930 2133 1974; x_wconf 89' lang='lat' dir='ltr'>restitutus</span> <span class='ocrx_word' id='word_1_330' title='bbox 2155 1945 2274 1987; x_wconf 89' lang='lat' dir='ltr'>sum,</span> 
     </span>
     <span class='ocr_line' id='line_1_45' title="bbox 433 1985 2275 2046; baseline 0.003 -17"><span class='ocrx_word' id='word_1_331' title='bbox 433 1992 477 2029; x_wconf 86' lang='lat' dir='ltr'>et</span> <span class='ocrx_word' id='word_1_332' title='bbox 506 1985 841 2041; x_wconf 87' lang='lat' dir='ltr'>magnificentia</span> <span class='ocrx_word' id='word_1_333' title='bbox 867 1986 1057 2042; x_wconf 85' lang='lat' dir='ltr'>amplior</span> <span class='ocrx_word' id='word_1_334' title='bbox 1085 1986 1240 2029; x_wconf 87' lang='lat' dir='ltr'>addita</span> <span class='ocrx_word' id='word_1_335' title='bbox 1268 1992 1334 2030; x_wconf 91' lang='lat' dir='ltr'>est</span> <span class='ocrx_word' id='word_1_336' title='bbox 1361 1987 1485 2029; x_wconf 87' lang='lat' dir='ltr'>mihi.</span> <span class='ocrx_word' id='word_1_337' title='bbox 1513 1987 1549 2013; x_wconf 71' lang='lat'>34</span> <span class='ocrx_word' id='word_1_338' title='bbox 1569 1988 1699 2031; x_wconf 90' lang='lat' dir='ltr'>Nunc</span> <span class='ocrx_word' id='word_1_339' title='bbox 1728 1988 1878 2045; x_wconf 84' lang='lat' dir='ltr'>igitur,</span> <span class='ocrx_word' id='word_1_340' title='bbox 1907 2003 2009 2046; x_wconf 85' lang='lat' dir='ltr'>ego,</span> <span class='ocrx_word' id='word_1_341' title='bbox 2036 1990 2275 2035; x_wconf 87' lang='lat' dir='ltr'>Nabucho-</span> 
     </span>
     <span class='ocr_line' id='line_1_46' title="bbox 433 2045 2275 2107; baseline 0.003 -19"><span class='ocrx_word' id='word_1_342' title='bbox 433 2045 632 2101; x_wconf 90' lang='lat' dir='ltr'>donosor,</span> <span class='ocrx_word' id='word_1_343' title='bbox 660 2045 794 2089; x_wconf 90' lang='lat' dir='ltr'>laudo</span> <span class='ocrx_word' id='word_1_344' title='bbox 824 2050 867 2088; x_wconf 87' lang='lat' dir='ltr'>et</span> <span class='ocrx_word' id='word_1_345' title='bbox 897 2045 1158 2101; x_wconf 86' lang='lat' dir='ltr'>magnifico,</span> <span class='ocrx_word' id='word_1_346' title='bbox 1186 2052 1229 2089; x_wconf 90' lang='lat' dir='ltr'>et</span> <span class='ocrx_word' id='word_1_347' title='bbox 1255 2046 1455 2102; x_wconf 88' lang='lat' dir='ltr'>glorifico</span> <span class='ocrx_word' id='word_1_348' title='bbox 1501 2061 1650 2103; x_wconf 87' lang='lat' dir='ltr'>regem</span> <span class='ocrx_word' id='word_1_349' title='bbox 1685 2048 1808 2104; x_wconf 66' lang='lat' dir='ltr'>caeli,</span> <span class='ocrx_word' id='word_1_350' title='bbox 1836 2049 1938 2104; x_wconf 83' lang='lat' dir='ltr'>quia</span> <span class='ocrx_word' id='word_1_351' title='bbox 1965 2050 2114 2093; x_wconf 87' lang='lat' dir='ltr'>omnia</span> <span class='ocrx_word' id='word_1_352' title='bbox 2145 2065 2275 2107; x_wconf 89' lang='lat' dir='ltr'>opera</span> 
     </span>
     <span class='ocr_line' id='line_1_47' title="bbox 433 2104 2274 2165; baseline 0.003 -18"><span class='ocrx_word' id='word_1_353' title='bbox 433 2105 528 2161; x_wconf 82' lang='lat' dir='ltr'>ejus</span> <span class='ocrx_word' id='word_1_354' title='bbox 561 2119 687 2160; x_wconf 88' lang='lat' dir='ltr'>vera,</span> <span class='ocrx_word' id='word_1_355' title='bbox 719 2109 762 2147; x_wconf 89' lang='lat' dir='ltr'>et</span> <span class='ocrx_word' id='word_1_356' title='bbox 791 2104 877 2149; x_wconf 82' lang='lat' dir='ltr'>viae</span> <span class='ocrx_word' id='word_1_357' title='bbox 911 2105 1007 2161; x_wconf 79' lang='lat' dir='ltr'>ejus</span> <span class='ocrx_word' id='word_1_358' title='bbox 1041 2105 1236 2162; x_wconf 81' lang='lat' dir='ltr'>judicia,</span> <span class='ocrx_word' id='word_1_359' title='bbox 1271 2111 1315 2149; x_wconf 91' lang='lat' dir='ltr'>et</span> <span class='ocrx_word' id='word_1_360' title='bbox 1345 2106 1600 2162; x_wconf 84' lang='lat' dir='ltr'>gradientes</span> <span class='ocrx_word' id='word_1_361' title='bbox 1632 2107 1679 2149; x_wconf 91' lang='lat' dir='ltr'>in</span> <span class='ocrx_word' id='word_1_362' title='bbox 1712 2109 1921 2164; x_wconf 86' lang='lat' dir='ltr'>superbia</span> <span class='ocrx_word' id='word_1_363' title='bbox 1954 2114 2100 2165; x_wconf 90' lang='lat' dir='ltr'>potest</span> <span class='ocrx_word' id='word_1_364' title='bbox 2132 2111 2274 2153; x_wconf 89' lang='lat' dir='ltr'>humi—</span> 
     </span>
     <span class='ocr_line' id='line_1_48' title="bbox 431 2163 552 2208; baseline 0.008 -2"><span class='ocrx_word' id='word_1_365' title='bbox 431 2163 552 2208; x_wconf 89' lang='lat' dir='ltr'>liare.</span> 
     </span>
    </p>
   </div>
   <div class='ocr_carea' id='block_1_8' title="bbox 938 2255 1766 2311">
    <p class='ocr_par' dir='ltr' id='par_1_10' title="bbox 938 2255 1766 2311">
     <span class='ocr_line' id='line_1_49' title="bbox 938 2255 1766 2311; baseline 0.011 -20"><span class='ocrx_word' id='word_1_366' title='bbox 938 2257 960 2309; x_wconf 61' lang='lat' dir='ltr'>g</span> <span class='ocrx_word' id='word_1_367' title='bbox 992 2256 1047 2299; x_wconf 77' lang='lat' dir='ltr'>V,</span> <span class='ocrx_word' id='word_1_368' title='bbox 1079 2282 1138 2286; x_wconf 96' lang='lat'><strong>—</strong></span> <span class='ocrx_word' id='word_1_369' title='bbox 1171 2255 1322 2308; x_wconf 76' lang='lat' dir='ltr'>Mane,</span> <span class='ocrx_word' id='word_1_370' title='bbox 1361 2256 1539 2311; x_wconf 74' lang='lat' dir='ltr'>Thecel,</span> <span class='ocrx_word' id='word_1_371' title='bbox 1578 2256 1766 2300; x_wconf 77' lang='lat' dir='ltr'>leres.</span> 
     </span>
    </p>
   </div>
   <div class='ocr_carea' id='block_1_9' title="bbox 429 2371 2274 3504">
    <p class='ocr_par' dir='ltr' id='par_1_11' title="bbox 429 2371 2274 2908">
     <span class='ocr_line' id='line_1_50' title="bbox 491 2371 2274 2433; baseline 0.004 -19"><span class='ocrx_word' id='word_1_372' title='bbox 491 2371 598 2415; x_wconf 86' lang='lat' dir='ltr'>CAP.</span> <span class='ocrx_word' id='word_1_373' title='bbox 630 2372 680 2419; x_wconf 83' lang='lat' dir='ltr'>V,</span> <span class='ocrx_word' id='word_1_374' title='bbox 710 2399 769 2404; x_wconf 91' lang='lat'>—</span> <span class='ocrx_word' id='word_1_375' title='bbox 804 2372 1066 2416; x_wconf 81' lang='lat' dir='ltr'>¹Baltassar</span> <span class='ocrx_word' id='word_1_376' title='bbox 1098 2388 1176 2416; x_wconf 79' lang='lat' dir='ltr'>rex</span> <span class='ocrx_word' id='word_1_377' title='bbox 1212 2373 1323 2417; x_wconf 88' lang='lat' dir='ltr'>fecit</span> <span class='ocrx_word' id='word_1_378' title='bbox 1356 2374 1525 2430; x_wconf 82' lang='lat' dir='ltr'>grande</span> <span class='ocrx_word' id='word_1_379' title='bbox 1563 2375 1820 2418; x_wconf 81' lang='lat' dir='ltr'>convivium</span> <span class='ocrx_word' id='word_1_380' title='bbox 1857 2377 2148 2433; x_wconf 86' lang='lat' dir='ltr'>optimatibus</span> <span class='ocrx_word' id='word_1_381' title='bbox 2185 2377 2274 2421; x_wconf 89' lang='lat' dir='ltr'>suis</span> 
     </span>
     <span class='ocr_line' id='line_1_51' title="bbox 430 2430 2272 2493; baseline 0.004 -21"><span class='ocrx_word' id='word_1_382' title='bbox 430 2430 574 2487; x_wconf 90' lang='lat' dir='ltr'>mille,</span> <span class='ocrx_word' id='word_1_383' title='bbox 601 2435 645 2474; x_wconf 93' lang='lat' dir='ltr'>et</span> <span class='ocrx_word' id='word_1_384' title='bbox 670 2432 970 2488; x_wconf 90' lang='lat' dir='ltr'>unusquisque</span> <span class='ocrx_word' id='word_1_385' title='bbox 996 2433 1242 2476; x_wconf 85' lang='lat' dir='ltr'>secundum</span> <span class='ocrx_word' id='word_1_386' title='bbox 1271 2447 1398 2476; x_wconf 84' lang='lat' dir='ltr'>suam</span> <span class='ocrx_word' id='word_1_387' title='bbox 1424 2433 1608 2477; x_wconf 87' lang='lat' dir='ltr'>bibebat</span> <span class='ocrx_word' id='word_1_388' title='bbox 1636 2440 1830 2481; x_wconf 79' lang='lat' dir='ltr'>aetatem.</span> <span class='ocrx_word' id='word_1_389' title='bbox 1858 2435 1876 2461; x_wconf 71' lang='lat'><strong>2</strong></span> <span class='ocrx_word' id='word_1_390' title='bbox 1901 2436 2123 2493; x_wconf 89' lang='lat' dir='ltr'>Praecepit</span> <span class='ocrx_word' id='word_1_391' title='bbox 2147 2448 2272 2493; x_wconf 86' lang='lat' dir='ltr'>ergo,</span> 
     </span>
     <span class='ocr_line' id='line_1_52' title="bbox 429 2489 2274 2553; baseline 0.003 -20"><span class='ocrx_word' id='word_1_392' title='bbox 429 2489 525 2545; x_wconf 80' lang='lat' dir='ltr'>jam</span> <span class='ocrx_word' id='word_1_393' title='bbox 550 2491 841 2548; x_wconf 70' lang='lat' dir='ltr'>temulentus„</span> <span class='ocrx_word' id='word_1_394' title='bbox 865 2497 914 2534; x_wconf 87' lang='lat' dir='ltr'>ut</span> <span class='ocrx_word' id='word_1_395' title='bbox 940 2492 1207 2535; x_wconf 81' lang='lat' dir='ltr'>afferrentur</span> <span class='ocrx_word' id='word_1_396' title='bbox 1230 2507 1340 2535; x_wconf 91' lang='lat' dir='ltr'>vasa</span> <span class='ocrx_word' id='word_1_397' title='bbox 1365 2507 1499 2536; x_wconf 91' lang='lat' dir='ltr'>aurea</span> <span class='ocrx_word' id='word_1_398' title='bbox 1529 2498 1573 2536; x_wconf 91' lang='lat' dir='ltr'>et</span> <span class='ocrx_word' id='word_1_399' title='bbox 1600 2499 1814 2549; x_wconf 90' lang='lat' dir='ltr'>argentea</span> <span class='ocrx_word' id='word_1_400' title='bbox 1840 2510 1937 2551; x_wconf 81' lang='lat' dir='ltr'>quae</span> <span class='ocrx_word' id='word_1_401' title='bbox 1966 2500 2274 2553; x_wconf 89' lang='lat' dir='ltr'>asportaverat</span> 
     </span>
     <span class='ocr_line' id='line_1_53' title="bbox 432 2550 2274 2612; baseline 0.004 -20"><span class='ocrx_word' id='word_1_402' title='bbox 432 2550 852 2607; x_wconf 85' lang='lat' dir='ltr'>Nabuchodonosor,</span> <span class='ocrx_word' id='word_1_403' title='bbox 880 2556 1006 2608; x_wconf 89' lang='lat' dir='ltr'>pater</span> <span class='ocrx_word' id='word_1_404' title='bbox 1028 2551 1145 2608; x_wconf 76' lang='lat' dir='ltr'>ejus,</span> <span class='ocrx_word' id='word_1_405' title='bbox 1174 2552 1228 2596; x_wconf 86' lang='lat' dir='ltr'>de</span> <span class='ocrx_word' id='word_1_406' title='bbox 1253 2552 1421 2610; x_wconf 87' lang='lat' dir='ltr'>templo</span> <span class='ocrx_word' id='word_1_407' title='bbox 1447 2553 1563 2609; x_wconf 89' lang='lat' dir='ltr'>quod</span> <span class='ocrx_word' id='word_1_408' title='bbox 1588 2553 1678 2596; x_wconf 88' lang='lat' dir='ltr'>fuit</span> <span class='ocrx_word' id='word_1_409' title='bbox 1703 2553 1748 2595; x_wconf 91' lang='lat' dir='ltr'>in</span> <span class='ocrx_word' id='word_1_410' title='bbox 1775 2554 2045 2612; x_wconf 82' lang='lat' dir='ltr'>Jerusalem,</span> <span class='ocrx_word' id='word_1_411' title='bbox 2073 2560 2123 2599; x_wconf 90' lang='lat' dir='ltr'>ut</span> <span class='ocrx_word' id='word_1_412' title='bbox 2151 2555 2274 2599; x_wconf 91' lang='lat' dir='ltr'>bibe-</span> 
     </span>
     <span class='ocr_line' id='line_1_54' title="bbox 430 2609 2273 2669; baseline 0.004 -18"><span class='ocrx_word' id='word_1_413' title='bbox 430 2614 529 2652; x_wconf 85' lang='lat' dir='ltr'>rent</span> <span class='ocrx_word' id='word_1_414' title='bbox 556 2609 603 2652; x_wconf 92' lang='lat' dir='ltr'>in</span> <span class='ocrx_word' id='word_1_415' title='bbox 629 2610 692 2653; x_wconf 91' lang='lat' dir='ltr'>eis</span> <span class='ocrx_word' id='word_1_416' title='bbox 717 2625 795 2653; x_wconf 79' lang='lat' dir='ltr'>rex</span> <span class='ocrx_word' id='word_1_417' title='bbox 825 2616 867 2654; x_wconf 89' lang='lat' dir='ltr'>et</span> <span class='ocrx_word' id='word_1_418' title='bbox 894 2611 1130 2668; x_wconf 88' lang='lat' dir='ltr'>optimates</span> <span class='ocrx_word' id='word_1_419' title='bbox 1161 2612 1275 2668; x_wconf 81' lang='lat' dir='ltr'>ejus,</span> <span class='ocrx_word' id='word_1_420' title='bbox 1307 2627 1552 2669; x_wconf 77' lang='lat' dir='ltr'>uxoresque</span> <span class='ocrx_word' id='word_1_421' title='bbox 1582 2613 1699 2669; x_wconf 82' lang='lat' dir='ltr'>ejus,</span> <span class='ocrx_word' id='word_1_422' title='bbox 1731 2618 1776 2656; x_wconf 89' lang='lat' dir='ltr'>et</span> <span class='ocrx_word' id='word_1_423' title='bbox 1806 2615 2082 2659; x_wconf 82' lang='lat' dir='ltr'>concubinae.</span> <span class='ocrx_word' id='word_1_424' title='bbox 2109 2615 2127 2641; x_wconf 80' lang='lat'><strong>3</strong></span> <span class='ocrx_word' id='word_1_425' title='bbox 2148 2616 2273 2659; x_wconf 92' lang='lat' dir='ltr'>Tunc</span> 
     </span>
     <span class='ocr_line' id='line_1_55' title="bbox 430 2668 2274 2731; baseline 0.004 -20"><span class='ocrx_word' id='word_1_426' title='bbox 430 2668 570 2711; x_wconf 87' lang='lat' dir='ltr'>allata</span> <span class='ocrx_word' id='word_1_427' title='bbox 591 2675 694 2712; x_wconf 90' lang='lat' dir='ltr'>sunt</span> <span class='ocrx_word' id='word_1_428' title='bbox 711 2684 820 2714; x_wconf 89' lang='lat' dir='ltr'>vasa</span> <span class='ocrx_word' id='word_1_429' title='bbox 841 2685 974 2713; x_wconf 90' lang='lat' dir='ltr'>aurea</span> <span class='ocrx_word' id='word_1_430' title='bbox 993 2676 1036 2714; x_wconf 90' lang='lat' dir='ltr'>et</span> <span class='ocrx_word' id='word_1_431' title='bbox 1053 2677 1265 2726; x_wconf 82' lang='lat' dir='ltr'>argentea</span> <span class='ocrx_word' id='word_1_432' title='bbox 1289 2687 1386 2728; x_wconf 73' lang='lat' dir='ltr'>quae</span> <span class='ocrx_word' id='word_1_433' title='bbox 1409 2677 1715 2729; x_wconf 81' lang='lat' dir='ltr'>asportaverat</span> <span class='ocrx_word' id='word_1_434' title='bbox 1734 2673 1787 2716; x_wconf 91' lang='lat' dir='ltr'>de</span> <span class='ocrx_word' id='word_1_435' title='bbox 1805 2674 1972 2731; x_wconf 89' lang='lat' dir='ltr'>templo</span> <span class='ocrx_word' id='word_1_436' title='bbox 1991 2676 2106 2731; x_wconf 90' lang='lat' dir='ltr'>quod</span> <span class='ocrx_word' id='word_1_437' title='bbox 2124 2675 2274 2718; x_wconf 84' lang='lat' dir='ltr'>fuerat</span> 
     </span>
     <span class='ocr_line' id='line_1_56' title="bbox 430 2727 2272 2788; baseline 0.004 -19"><span class='ocrx_word' id='word_1_438' title='bbox 430 2727 477 2769; x_wconf 91' lang='lat' dir='ltr'>in</span> <span class='ocrx_word' id='word_1_439' title='bbox 503 2730 777 2784; x_wconf 62' lang='lat' dir='ltr'>«Jerusalem3</span> <span class='ocrx_word' id='word_1_440' title='bbox 807 2736 851 2773; x_wconf 92' lang='lat' dir='ltr'>et</span> <span class='ocrx_word' id='word_1_441' title='bbox 875 2730 1084 2774; x_wconf 89' lang='lat' dir='ltr'>biberunt</span> <span class='ocrx_word' id='word_1_442' title='bbox 1108 2731 1155 2772; x_wconf 90' lang='lat' dir='ltr'>in</span> <span class='ocrx_word' id='word_1_443' title='bbox 1185 2731 1247 2774; x_wconf 92' lang='lat' dir='ltr'>eis</span> <span class='ocrx_word' id='word_1_444' title='bbox 1273 2746 1352 2774; x_wconf 84' lang='lat' dir='ltr'>rex</span> <span class='ocrx_word' id='word_1_445' title='bbox 1380 2738 1425 2775; x_wconf 90' lang='lat' dir='ltr'>et</span> <span class='ocrx_word' id='word_1_446' title='bbox 1450 2732 1687 2788; x_wconf 86' lang='lat' dir='ltr'>optimates</span> <span class='ocrx_word' id='word_1_447' title='bbox 1715 2732 1832 2788; x_wconf 85' lang='lat' dir='ltr'>ejus,</span> <span class='ocrx_word' id='word_1_448' title='bbox 1857 2748 2014 2777; x_wconf 81' lang='lat' dir='ltr'>uxores</span> <span class='ocrx_word' id='word_1_449' title='bbox 2040 2740 2084 2778; x_wconf 92' lang='lat' dir='ltr'>et</span> <span class='ocrx_word' id='word_1_450' title='bbox 2113 2748 2272 2777; x_wconf 89' lang='lat' dir='ltr'>concu-</span> 
     </span>
     <span class='ocr_line' id='line_1_57' title="bbox 429 2787 2273 2849; baseline 0.004 -20"><span class='ocrx_word' id='word_1_451' title='bbox 429 2787 548 2831; x_wconf 85' lang='lat' dir='ltr'>binae</span> <span class='ocrx_word' id='word_1_452' title='bbox 573 2788 707 2832; x_wconf 82' lang='lat' dir='ltr'>illius.</span> <span class='ocrx_word' id='word_1_453' title='bbox 738 2789 755 2815; x_wconf 74' lang='lat'>4</span> <span class='ocrx_word' id='word_1_454' title='bbox 778 2790 1003 2833; x_wconf 86' lang='lat' dir='ltr'>Bibebant</span> <span class='ocrx_word' id='word_1_455' title='bbox 1027 2790 1204 2846; x_wconf 81' lang='lat' dir='ltr'>vinum,</span> <span class='ocrx_word' id='word_1_456' title='bbox 1233 2795 1277 2834; x_wconf 91' lang='lat' dir='ltr'>et</span> <span class='ocrx_word' id='word_1_457' title='bbox 1309 2791 1557 2834; x_wconf 87' lang='lat' dir='ltr'>laudabant</span> <span class='ocrx_word' id='word_1_458' title='bbox 1587 2791 1690 2834; x_wconf 88' lang='lat' dir='ltr'>deos</span> <span class='ocrx_word' id='word_1_459' title='bbox 1725 2806 1826 2835; x_wconf 90' lang='lat' dir='ltr'>suos</span> <span class='ocrx_word' id='word_1_460' title='bbox 1855 2807 2009 2836; x_wconf 88' lang='lat' dir='ltr'>aureos</span> <span class='ocrx_word' id='word_1_461' title='bbox 2039 2799 2083 2837; x_wconf 86' lang='lat' dir='ltr'>et</span> <span class='ocrx_word' id='word_1_462' title='bbox 2114 2807 2273 2849; x_wconf 89' lang='lat' dir='ltr'>argen-</span> 
     </span>
     <span class='ocr_line' id='line_1_58' title="bbox 430 2849 1535 2908; baseline 0.005 -19"><span class='ocrx_word' id='word_1_463' title='bbox 430 2851 544 2903; x_wconf 90' lang='lat' dir='ltr'>teos,</span> <span class='ocrx_word' id='word_1_464' title='bbox 574 2863 730 2903; x_wconf 77' lang='lat' dir='ltr'>aereos,</span> <span class='ocrx_word' id='word_1_465' title='bbox 756 2849 945 2905; x_wconf 87' lang='lat' dir='ltr'>ferreos,</span> <span class='ocrx_word' id='word_1_466' title='bbox 972 2849 1231 2906; x_wconf 87' lang='lat' dir='ltr'>ligneosque</span> <span class='ocrx_word' id='word_1_467' title='bbox 1258 2856 1301 2894; x_wconf 90' lang='lat' dir='ltr'>et</span> <span class='ocrx_word' id='word_1_468' title='bbox 1322 2850 1535 2908; x_wconf 89' lang='lat' dir='ltr'>lapideos.</span> 
     </span>
    </p>

    <p class='ocr_par' dir='ltr' id='par_1_12' title="bbox 429 2907 2271 3504">
     <span class='ocr_line' id='line_1_59' title="bbox 489 2907 2271 2966; baseline 0.004 -16"><span class='ocrx_word' id='word_1_469' title='bbox 489 2907 506 2933; x_wconf 82' lang='lat'>5</span> <span class='ocrx_word' id='word_1_470' title='bbox 529 2908 583 2950; x_wconf 90' lang='lat' dir='ltr'>In</span> <span class='ocrx_word' id='word_1_471' title='bbox 617 2908 774 2951; x_wconf 88' lang='lat' dir='ltr'>eadem</span> <span class='ocrx_word' id='word_1_472' title='bbox 806 2909 914 2952; x_wconf 87' lang='lat' dir='ltr'>hora</span> <span class='ocrx_word' id='word_1_473' title='bbox 946 2915 1248 2966; x_wconf 88' lang='lat' dir='ltr'>apparuerunt</span> <span class='ocrx_word' id='word_1_474' title='bbox 1278 2910 1429 2966; x_wconf 89' lang='lat' dir='ltr'>digiti,</span> <span class='ocrx_word' id='word_1_475' title='bbox 1462 2912 1586 2966; x_wconf 89' lang='lat' dir='ltr'>quasi</span> <span class='ocrx_word' id='word_1_476' title='bbox 1618 2927 1775 2955; x_wconf 88' lang='lat' dir='ltr'>manus</span> <span class='ocrx_word' id='word_1_477' title='bbox 1808 2912 2002 2956; x_wconf 90' lang='lat' dir='ltr'>hominis</span> <span class='ocrx_word' id='word_1_478' title='bbox 2036 2912 2271 2958; x_wconf 89' lang='lat' dir='ltr'>scribentis</span> 
     </span>
     <span class='ocr_line' id='line_1_60' title="bbox 431 2968 2271 3028; baseline 0.004 -19"><span class='ocrx_word' id='word_1_479' title='bbox 431 2973 585 3010; x_wconf 89' lang='lat' dir='ltr'>contra</span> <span class='ocrx_word' id='word_1_480' title='bbox 615 2968 933 3011; x_wconf 88' lang='lat' dir='ltr'>candelabrum</span> <span class='ocrx_word' id='word_1_481' title='bbox 958 2968 1005 3010; x_wconf 92' lang='lat' dir='ltr'>in</span> <span class='ocrx_word' id='word_1_482' title='bbox 1035 2970 1265 3026; x_wconf 87' lang='lat' dir='ltr'>superficie</span> <span class='ocrx_word' id='word_1_483' title='bbox 1294 2970 1476 3027; x_wconf 88' lang='lat' dir='ltr'>parietis</span> <span class='ocrx_word' id='word_1_484' title='bbox 1510 2971 1625 3014; x_wconf 81' lang='lat' dir='ltr'>aulae.</span> <span class='ocrx_word' id='word_1_485' title='bbox 1656 2972 1815 3027; x_wconf 82' lang='lat' dir='ltr'>regiae3</span> <span class='ocrx_word' id='word_1_486' title='bbox 1844 2977 1887 3014; x_wconf 91' lang='lat' dir='ltr'>et</span> <span class='ocrx_word' id='word_1_487' title='bbox 1915 2986 1991 3015; x_wconf 80' lang='lat' dir='ltr'>rex</span> <span class='ocrx_word' id='word_1_488' title='bbox 2025 2972 2271 3028; x_wconf 89' lang='lat' dir='ltr'>aspiciebat</span> 
     </span>
     <span class='ocr_line' id='line_1_61' title="bbox 430 3026 2269 3089; baseline 0.005 -22"><span class='ocrx_word' id='word_1_489' title='bbox 430 3026 640 3069; x_wconf 85' lang='lat' dir='ltr'>articulos</span> <span class='ocrx_word' id='word_1_490' title='bbox 667 3042 823 3070; x_wconf 87' lang='lat' dir='ltr'>manus</span> <span class='ocrx_word' id='word_1_491' title='bbox 849 3027 1097 3071; x_wconf 88' lang='lat' dir='ltr'>scribentis.</span> <span class='ocrx_word' id='word_1_492' title='bbox 1124 3029 1141 3055; x_wconf 79' lang='lat' dir='ltr'><strong>ss</strong></span> <span class='ocrx_word' id='word_1_493' title='bbox 1162 3029 1287 3072; x_wconf 86' lang='lat' dir='ltr'>Tunc</span> <span class='ocrx_word' id='word_1_494' title='bbox 1309 3029 1451 3072; x_wconf 88' lang='lat' dir='ltr'>facies</span> <span class='ocrx_word' id='word_1_495' title='bbox 1475 3030 1592 3086; x_wconf 89' lang='lat' dir='ltr'>regis</span> <span class='ocrx_word' id='word_1_496' title='bbox 1619 3036 1892 3073; x_wconf 87' lang='lat' dir='ltr'>commutata</span> <span class='ocrx_word' id='word_1_497' title='bbox 1915 3037 2004 3087; x_wconf 89' lang='lat' dir='ltr'>est;</span> <span class='ocrx_word' id='word_1_498' title='bbox 2034 3036 2077 3075; x_wconf 86' lang='lat' dir='ltr'>et</span> <span class='ocrx_word' id='word_1_499' title='bbox 2102 3032 2269 3089; x_wconf 88' lang='lat' dir='ltr'>cogita-</span> 
     </span>
     <span class='ocr_line' id='line_1_62' title="bbox 430 3084 2270 3147; baseline 0.004 -20"><span class='ocrx_word' id='word_1_500' title='bbox 430 3084 572 3127; x_wconf 86' lang='lat' dir='ltr'>tiones</span> <span class='ocrx_word' id='word_1_501' title='bbox 596 3086 692 3141; x_wconf 83' lang='lat' dir='ltr'>ejus</span> <span class='ocrx_word' id='word_1_502' title='bbox 719 3087 1045 3130; x_wconf 85' lang='lat' dir='ltr'>conturbabant</span> <span class='ocrx_word' id='word_1_503' title='bbox 1073 3103 1195 3143; x_wconf 87' lang='lat' dir='ltr'>eum,</span> <span class='ocrx_word' id='word_1_504' title='bbox 1227 3093 1269 3131; x_wconf 89' lang='lat' dir='ltr'>et</span> <span class='ocrx_word' id='word_1_505' title='bbox 1304 3103 1541 3146; x_wconf 88' lang='lat' dir='ltr'>compages</span> <span class='ocrx_word' id='word_1_506' title='bbox 1574 3105 1729 3133; x_wconf 91' lang='lat' dir='ltr'>renum</span> <span class='ocrx_word' id='word_1_507' title='bbox 1763 3090 1860 3146; x_wconf 83' lang='lat' dir='ltr'>ejus</span> <span class='ocrx_word' id='word_1_508' title='bbox 1893 3090 2192 3147; x_wconf 85' lang='lat' dir='ltr'>solvebantur,</span> <span class='ocrx_word' id='word_1_509' title='bbox 2227 3098 2270 3135; x_wconf 91' lang='lat' dir='ltr'>et</span> 
     </span>
     <span class='ocr_line' id='line_1_63' title="bbox 429 3144 2267 3207; baseline 0.004 -21"><span class='ocrx_word' id='word_1_510' title='bbox 429 3158 578 3200; x_wconf 91' lang='lat' dir='ltr'>genua</span> <span class='ocrx_word' id='word_1_511' title='bbox 604 3144 700 3200; x_wconf 83' lang='lat' dir='ltr'>ejus</span> <span class='ocrx_word' id='word_1_512' title='bbox 725 3146 781 3188; x_wconf 87' lang='lat' dir='ltr'>ad</span> <span class='ocrx_word' id='word_1_513' title='bbox 804 3160 850 3190; x_wconf 90' lang='lat' dir='ltr'>se</span> <span class='ocrx_word' id='word_1_514' title='bbox 871 3146 1065 3190; x_wconf 83' lang='lat' dir='ltr'>invicem</span> <span class='ocrx_word' id='word_1_515' title='bbox 1092 3148 1432 3191; x_wconf 88' lang='lat' dir='ltr'>collidebantur.</span> <span class='ocrx_word' id='word_1_516' title='bbox 1457 3148 1471 3174; x_wconf 89' lang='lat'><strong>7</strong></span> <span class='ocrx_word' id='word_1_517' title='bbox 1492 3148 1776 3192; x_wconf 84' lang='lat' dir='ltr'>Exclamavit</span> <span class='ocrx_word' id='word_1_518' title='bbox 1801 3150 1951 3205; x_wconf 89' lang='lat' dir='ltr'>itaque</span> <span class='ocrx_word' id='word_1_519' title='bbox 1976 3165 2054 3194; x_wconf 78' lang='lat' dir='ltr'>rex</span> <span class='ocrx_word' id='word_1_520' title='bbox 2078 3150 2267 3207; x_wconf 86' lang='lat' dir='ltr'>fortiter,</span> 
     </span>
     <span class='ocr_line' id='line_1_64' title="bbox 430 3203 2269 3266; baseline 0.004 -21"><span class='ocrx_word' id='word_1_521' title='bbox 430 3208 479 3245; x_wconf 91' lang='lat' dir='ltr'>ut</span> <span class='ocrx_word' id='word_1_522' title='bbox 513 3203 847 3247; x_wconf 87' lang='lat' dir='ltr'>introducerent</span> <span class='ocrx_word' id='word_1_523' title='bbox 884 3220 1059 3262; x_wconf 89' lang='lat' dir='ltr'>magos,</span> <span class='ocrx_word' id='word_1_524' title='bbox 1099 3207 1335 3251; x_wconf 86' lang='lat' dir='ltr'>Chaldaeos</span> <span class='ocrx_word' id='word_1_525' title='bbox 1370 3214 1413 3252; x_wconf 88' lang='lat' dir='ltr'>et</span> <span class='ocrx_word' id='word_1_526' title='bbox 1444 3209 1693 3265; x_wconf 78' lang='lat' dir='ltr'>aruspices:</span> <span class='ocrx_word' id='word_1_527' title='bbox 1729 3213 1773 3251; x_wconf 90' lang='lat' dir='ltr'>et</span> <span class='ocrx_word' id='word_1_528' title='bbox 1801 3210 2065 3266; x_wconf 89' lang='lat' dir='ltr'>proloquens</span> <span class='ocrx_word' id='word_1_529' title='bbox 2097 3224 2175 3253; x_wconf 81' lang='lat' dir='ltr'>rex</span> <span class='ocrx_word' id='word_1_530' title='bbox 2205 3210 2269 3253; x_wconf 88' lang='lat' dir='ltr'>ait</span> 
     </span>
     <span class='ocr_line' id='line_1_65' title="bbox 430 3262 2268 3327; baseline 0.004 -22"><span class='ocrx_word' id='word_1_531' title='bbox 430 3262 708 3320; x_wconf 90' lang='lat' dir='ltr'>sapientibus</span> <span class='ocrx_word' id='word_1_532' title='bbox 736 3264 978 3320; x_wconf 80' lang='lat' dir='ltr'>Babylonis</span> <span class='ocrx_word' id='word_1_533' title='bbox 1001 3282 1008 3309; x_wconf 91' lang='lat'><strong>:</strong></span> <span class='ocrx_word' id='word_1_534' title='bbox 1036 3266 1312 3322; x_wconf 81' lang='lat' dir='ltr'>Quicumque</span> <span class='ocrx_word' id='word_1_535' title='bbox 1342 3267 1500 3324; x_wconf 90' lang='lat' dir='ltr'>legerit</span> <span class='ocrx_word' id='word_1_536' title='bbox 1529 3267 1794 3324; x_wconf 88' lang='lat' dir='ltr'>scripturam</span> <span class='ocrx_word' id='word_1_537' title='bbox 1820 3269 1955 3325; x_wconf 90' lang='lat' dir='ltr'>hanc,</span> <span class='ocrx_word' id='word_1_538' title='bbox 1983 3275 2027 3312; x_wconf 87' lang='lat' dir='ltr'>et</span> <span class='ocrx_word' id='word_1_539' title='bbox 2054 3269 2268 3327; x_wconf 90' lang='lat' dir='ltr'>interpre-</span> 
     </span>
     <span class='ocr_line' id='line_1_66' title="bbox 430 3322 2267 3385; baseline 0.003 -20"><span class='ocrx_word' id='word_1_540' title='bbox 430 3322 647 3366; x_wconf 86' lang='lat' dir='ltr'>tationem</span> <span class='ocrx_word' id='word_1_541' title='bbox 682 3322 778 3378; x_wconf 84' lang='lat' dir='ltr'>ejus</span> <span class='ocrx_word' id='word_1_542' title='bbox 812 3324 1101 3367; x_wconf 76' lang='lat' dir='ltr'>manifestam</span> <span class='ocrx_word' id='word_1_543' title='bbox 1137 3326 1246 3369; x_wconf 89' lang='lat' dir='ltr'>mihi</span> <span class='ocrx_word' id='word_1_544' title='bbox 1280 3327 1462 3382; x_wconf 83' lang='lat' dir='ltr'>fecerit,</span> <span class='ocrx_word' id='word_1_545' title='bbox 1495 3341 1687 3384; x_wconf 88' lang='lat' dir='ltr'>purpura</span> <span class='ocrx_word' id='word_1_546' title='bbox 1721 3329 1947 3382; x_wconf 84' lang='lat' dir='ltr'>vestietur,</span> <span class='ocrx_word' id='word_1_547' title='bbox 1985 3333 2029 3371; x_wconf 92' lang='lat' dir='ltr'>et</span> <span class='ocrx_word' id='word_1_548' title='bbox 2065 3332 2267 3385; x_wconf 91' lang='lat' dir='ltr'>torquem</span> 
     </span>
     <span class='ocr_line' id='line_1_67' title="bbox 430 3381 2269 3444; baseline 0.005 -21"><span class='ocrx_word' id='word_1_549' title='bbox 430 3395 610 3425; x_wconf 89' lang='lat' dir='ltr'>auream</span> <span class='ocrx_word' id='word_1_550' title='bbox 639 3381 823 3441; x_wconf 85' lang='lat' dir='ltr'>habebit</span> <span class='ocrx_word' id='word_1_551' title='bbox 856 3383 898 3424; x_wconf 82' lang='lat' dir='ltr'>in</span> <span class='ocrx_word' id='word_1_552' title='bbox 935 3384 1068 3440; x_wconf 90' lang='grc'>00110,</span> <span class='ocrx_word' id='word_1_553' title='bbox 1109 3390 1152 3428; x_wconf 90' lang='lat' dir='ltr'>et</span> <span class='ocrx_word' id='word_1_554' title='bbox 1184 3385 1342 3429; x_wconf 87' lang='lat' dir='ltr'>tertius</span> <span class='ocrx_word' id='word_1_555' title='bbox 1377 3386 1424 3429; x_wconf 91' lang='lat' dir='ltr'>in</span> <span class='ocrx_word' id='word_1_556' title='bbox 1460 3399 1597 3441; x_wconf 89' lang='lat' dir='ltr'>regno</span> <span class='ocrx_word' id='word_1_557' title='bbox 1630 3401 1728 3430; x_wconf 91' lang='lat' dir='ltr'>meo</span> <span class='ocrx_word' id='word_1_558' title='bbox 1762 3388 1856 3431; x_wconf 90' lang='lat' dir='ltr'>erit.</span> <span class='ocrx_word' id='word_1_559' title='bbox 1884 3388 1901 3415; x_wconf 82' lang='grc'>8</span> <span class='ocrx_word' id='word_1_560' title='bbox 1922 3389 2048 3432; x_wconf 85' lang='grc' dir='ltr'>Τ11110</span> <span class='ocrx_word' id='word_1_561' title='bbox 2081 3387 2269 3444; x_wconf 87' lang='lat' dir='ltr'>ingressi</span> 
     </span>
     <span class='ocr_line' id='line_1_68' title="bbox 431 3441 2268 3504; baseline 0.004 -21"><span class='ocrx_word' id='word_1_562' title='bbox 431 3454 582 3484; x_wconf 90' lang='lat' dir='ltr'>omnes</span> <span class='ocrx_word' id='word_1_563' title='bbox 605 3441 827 3498; x_wconf 71' lang='lat' dir='ltr'>sapientes</span> <span class='ocrx_word' id='word_1_564' title='bbox 852 3441 969 3497; x_wconf 86' lang='lat' dir='ltr'>regis</span> <span class='ocrx_word' id='word_1_565' title='bbox 994 3457 1080 3485; x_wconf 88' lang='lat' dir='ltr'>non</span> <span class='ocrx_word' id='word_1_566' title='bbox 1107 3449 1344 3500; x_wconf 86' lang='lat' dir='ltr'>potuerunt</span> <span class='ocrx_word' id='word_1_567' title='bbox 1370 3459 1451 3488; x_wconf 93' lang='lat' dir='ltr'>nec</span> <span class='ocrx_word' id='word_1_568' title='bbox 1477 3444 1742 3501; x_wconf 89' lang='lat' dir='ltr'>scripturam</span> <span class='ocrx_word' id='word_1_569' title='bbox 1768 3447 1926 3504; x_wconf 89' lang='lat' dir='ltr'>legere,</span> <span class='ocrx_word' id='word_1_570' title='bbox 1951 3461 2033 3490; x_wconf 90' lang='lat' dir='ltr'>nec</span> <span class='ocrx_word' id='word_1_571' title='bbox 2054 3446 2268 3504; x_wconf 82' lang='lat' dir='ltr'>interpre-</span> 
     </span>
    </p>
   </div>
   <div class='ocr_carea' id='block_1_10' title="bbox 429 3612 1381 3649">
    <p class='ocr_par' dir='ltr' id='par_1_13' title="bbox 429 3612 1381 3649">
     <span class='ocr_line' id='line_1_69' title="bbox 429 3612 1381 3649; baseline 0.001 -9"><span class='ocrx_word' id='word_1_572' title='bbox 429 3613 477 3646; x_wconf 78' lang='lat'>24]</span> <span class='ocrx_word' id='word_1_573' title='bbox 497 3612 598 3641; x_wconf 86' lang='lat' dir='ltr'>Eccli.</span> <span class='ocrx_word' id='word_1_574' title='bbox 617 3615 683 3649; x_wconf 83' lang='lat'>111,</span> <span class='ocrx_word' id='word_1_575' title='bbox 704 3618 748 3643; x_wconf 89' lang='lat'>33.</span> <span class='ocrx_word' id='word_1_576' title='bbox 766 3630 800 3634; x_wconf 96' lang='lat'><strong>—</strong></span> <span class='ocrx_word' id='word_1_577' title='bbox 821 3616 869 3649; x_wconf 85' lang='lat'>31]</span> <span class='ocrx_word' id='word_1_578' title='bbox 893 3614 970 3647; x_wconf 82' lang='lat' dir='ltr'>Sup.</span> <span class='ocrx_word' id='word_1_579' title='bbox 990 3614 1056 3642; x_wconf 68' lang='grc' dir='ltr'>ΙΙΙ,</span> <span class='ocrx_word' id='word_1_580' title='bbox 1074 3617 1137 3641; x_wconf 80' lang='grc'>100.</span> <span class='ocrx_word' id='word_1_581' title='bbox 1162 3613 1226 3641; x_wconf 78' lang='lat' dir='ltr'>Ins.</span> <span class='ocrx_word' id='word_1_582' title='bbox 1243 3612 1322 3645; x_wconf 77' lang='lat' dir='ltr'>VII,</span> <span class='ocrx_word' id='word_1_583' title='bbox 1338 3613 1381 3641; x_wconf 83' lang='grc'>14.</span> 
     </span>
    </p>
   </div>
  </div>
 </body>
</html>
