2391 3861
85 1426 169 1463 Quid
179 1429 212 1455 et
222 1433 326 1459 quare

131 1476 277 1504 Joannes

137 1519 273 1549 scribat.

89 2210 289 2245 Propositio.

83 2319 299 2348 Consectaria

114 2363 263 2397 proposi-

132 2407 246 2437 tionis.

96 2456 127 2480 1⁰
149 2455 186 2481 In
208 2453 282 2481 luce

97 2498 278 2526 ambulare.

115 2565 147 2590 2⁰
165 2562 227 2591 Cor
243 2570 263 2591 a

115 2607 264 2640 peccatis

95 2650 283 2679 emundare.

69 3084 98 3113 30
121 3084 306 3114 Observare

64 3442 81 3466 -4

160 3128 219 3156 Dei

99 3173 255 3200 mandata
267 3179 275 3207 ;

87 3445 99 3460 ο
121 3440 306 3472 1>raesertin1

86 3486 288 3515 praeceptum

94 3526 281 3557 eharitatis,

1102 638 1522 695 EPISTOLA

419 787 814 885 ΒΕΑΤΙ
893 788 1456 943 JOANNIS
1537 785 2195 895 APOSTOLI

1153 978 1460 1049 PRIMA

1298 1129 1319 1149 *k

451 1326 558 1371 off.
593 1329 628 1372 Ι·
785 1342 788 1346 ,
1091 1290 1499 1348 EXoRDIUM

491 1464 494 1467 .
559 1475 562 1478 Α
629 1413 687 1491 «ὅ
715 1437 821 1468 UOD
852 1425 944 1469 fuit
973 1426 1030 1468 ab
1062 1425 1211 1481 initio,
1244 1427 1358 1482 quod
1389 1428 1662 1484 audivimus,
1698 1429 1814 1485 quod
1847 1429 2041 1472 vidimus
2075 1430 2212 1473 oculis

499 1500 539 1526 ,ν’
665 1496 700 1534 ,3
743 1483 927 1541 nostris,
959 1484 1076 1540 quod
1105 1485 1434 1543 perspeximus,
1467 1492 1511 1531 et
1540 1502 1697 1531 manus
1722 1492 1886 1530 nostrae
1912 1493 2212 1533 contrectave-

587 1579 591 1585 .
742 1547 845 1586 runt
878 1543 932 1587 de
957 1543 1093 1586 verbo
1118 1544 1250 1599 vitae,
1277 1547 1294 1573 2
1313 1550 1356 1588 et
1381 1546 1476 1589 vita
1502 1546 1793 1591 manifestata
1819 1554 1905 1602 est,
1934 1552 1978 1590 et
1999 1547 2211 1605 vidimus,

526 1638 530 1639 γ
588 1618 684 1665 «47‘
744 1607 787 1646 et
811 1607 1041 1659 testamur,
1062 1608 1106 1646 et
1123 1605 1444 1648 annuntiamus
1462 1606 1591 1649 vobis
1610 1605 1751 1649 vitam
1770 1611 1983 1650 aeternam
2002 1622 2100 1663 quae
2118 1615 2212 1653 erat

410 1662 426 1677 ⁶
616 1673 641 1689 ξ’
664 1659 698 1690 «J
740 1665 859 1722 apud
887 1666 1084 1722 Patrem,
1113 1671 1156 1709 et
1189 1666 1396 1725 apparuit
1427 1666 1583 1721 nobis3
1612 1667 1763 1723 3quod
1793 1667 1988 1711 vidimus
2015 1674 2058 1712 et
2086 1669 2212 1713 audi-

387 1721 532 1765 vimus
565 1725 883 1770 annuntiamus
917 1728 1063 1783 vobis,
1099 1733 1148 1770 ut
1183 1733 1225 1771 et
1251 1743 1329 1771 vos
1356 1730 1616 1772 societatem
1650 1730 1854 1773 habeatis
1886 1729 2139 1784 nobiscum,
2168 1736 2211 1773 et

384 1781 573 1825 societas
597 1790 747 1828 nostra
769 1786 828 1829 sit
852 1801 953 1830 cum
985 1789 1138 1842 Patre,
1161 1795 1205 1832 et
1233 1804 1334 1832 cum
1361 1789 1478 1833 Filio
1506 1790 1602 1846 ejus
1636 1791 1663 1833 J
1669 1804 1743 1833 esu
1779 1789 1967 1833 Christo.
1994 1787 2011 1815 ‘¹
2029 1790 2084 1832 Et
2115 1790 2210 1833 haec

383 1840 622 1885 scribimus
647 1845 773 1887 vobis
804 1850 853 1889 ut
877 1847 1129 1905 gaudeatis,
1167 1854 1210 1891 et
1242 1848 1458 1904 gaudium
1490 1854 1688 1892 vestrum
1718 1848 1774 1891 sit
1799 1848 1996 1905 plenum.

889 1988 1224 2045 CORPUS
1272 1989 1703 2045 EPISTOLAE

1015 2090 1038 2146 ξ
1072 2090 1108 2133 1.
1142 2116 1201 2122 —
1233 2090 1357 2133 Deus
1392 2091 1468 2133 lum
1500 2097 1571 2133 est.

434 2189 451 2215 5
470 2191 527 2232 Et
548 2190 645 2232 haec
668 2194 734 2233 est
755 2190 1038 2233 annuntiatio
1062 2205 1193 2246 quam
1214 2190 1469 2234 audivimus
1492 2190 1549 2233 ab
1573 2206 1636 2247 eo,
1661 2198 1703 2235 et
1724 2192 2042 2235 annuntiamus
2062 2193 2185 2236 vobis
2203 2210 2212 2237 z

375 2249 593 2301 Quoniam
617 2250 735 2293 Deus
762 2249 839 2292 lux
860 2255 946 2306 est,
977 2255 1021 2292 et
1042 2250 1240 2293 tenebrae
1264 2250 1310 2292 in
1334 2264 1384 2293 eo
1405 2265 1492 2293 non
1518 2257 1621 2293 sunt
1643 2250 1759 2294 ullae.

434 2308 452 2334 6
479 2308 526 2352 Si
561 2308 803 2352 dixerimus
837 2309 1048 2365 quoniam
1086 2309 1346 2353 societatem
1379 2309 1595 2353 habemus
1630 2325 1731 2353 cum
1765 2325 1836 2367 eo,
1864 2317 1907 2354 et
1938 2311 1985 2354 in
2020 2311 2212 2356 tenebris

374 2368 676 2424 ambulamus,
702 2368 954 2425 mentimur,
975 2374 1018 2412 et
1043 2369 1279 2412 veritatem
1305 2383 1393 2412 non
1422 2369 1630 2413 facimus.
1651 2370 1665 2396 7
1683 2370 1729 2413 Si
1755 2375 1904 2413 autem
1928 2370 1976 2413 in
1997 2371 2094 2415 luce
2119 2385 2212 2414 am-

375 2427 602 2483 bulamus,
628 2428 743 2471 sicut
769 2434 812 2471 et
837 2427 931 2485 ipse
964 2434 1030 2471 est
1063 2428 1108 2470 in
1141 2428 1260 2484 luce,
1295 2429 1555 2472 societatem
1589 2429 1805 2473 habemus
1836 2429 1894 2472 ad
1926 2430 2141 2486 invicem,
2169 2435 2213 2474 et

375 2487 557 2543 sanguis
583 2488 611 2531 J
616 2501 692 2530 esu
715 2487 900 2544 Christi,
924 2487 1029 2530 Filii
1055 2488 1172 2544 ejus,
1197 2488 1410 2531 emundat
1435 2502 1514 2531 nos
1539 2488 1596 2531 ab
1624 2489 1742 2532 omni
1770 2494 1966 2546 peccato.

433 2546 450 2573 8
477 2547 519 2589 Si
548 2547 791 2590 dixerimus
822 2547 1031 2603 quoniam
1065 2553 1300 2604 peccatum
1329 2562 1417 2591 non
1450 2547 1687 2604 habemus,
1718 2548 1802 2605 ipsi
1832 2562 1911 2591 nos
1937 2549 2209 2605 seducimus,

374 2611 418 2650 ct
443 2606 607 2649 veritas
635 2606 682 2648 in
708 2606 835 2649 nobis
865 2621 953 2650 non
979 2611 1057 2650 est.
1085 2606 1102 2632 9
1118 2607 1164 2650 Si
1192 2607 1482 2650 confiteamur
1507 2613 1693 2664 peccata
1717 2612 1888 2664 nostra,
1912 2608 2054 2652 fidelis
2077 2613 2143 2652 est
2167 2613 2211 2652 et

372 2665 539 2722 justus,
564 2670 613 2708 ut
637 2666 838 2709 remittat
860 2665 987 2709 nobis
1013 2671 1199 2723 peccata
1223 2672 1394 2723 nostra,
1418 2671 1463 2710 et
1489 2667 1699 2710 emundet
1721 2681 1800 2710 nos
1825 2667 1881 2710 ab
1904 2667 2024 2711 omni
2049 2667 2208 2724 iniqui-

374 2729 478 2768 tate.
508 2724 543 2751 10
560 2725 603 2768 Si
632 2724 873 2768 dixerimus
900 2725 1109 2781 quoniam
1132 2739 1219 2768 non
1245 2726 1552 2783 peccavimus,
1579 2726 1841 2770 mendacem
1865 2726 2060 2770 facimus
2086 2740 2208 2783 eum,

374 2789 417 2827 et
441 2785 626 2827 verbum
652 2784 748 2841 ejus
774 2798 863 2828 non
888 2789 954 2828 est
978 2785 1023 2828 in
1050 2784 1191 2828 nobis.

433 2843 540 2887 CAP.
568 2844 630 2886 Π.
652 2870 713 2876 —
744 2844 753 2870 ¹
782 2844 932 2887 Filioli
966 2844 1073 2900 mei,
1101 2845 1200 2887 haec
1229 2844 1374 2887 scribo
1401 2845 1525 2888 vobis
1551 2850 1600 2888 ut
1629 2859 1716 2888 non
1747 2845 1963 2901 peccetis3
1992 2845 2068 2889 sed
2098 2852 2140 2889 et
2171 2845 2207 2888 si

374 2902 469 2958 quis
506 2903 780 2960 peccaverit,
819 2903 1090 2946 advocatum
1130 2903 1346 2946 habemus
1385 2904 1503 2961 apud
1546 2904 1744 2960 Patrem,
1788 2905 1816 2947 J
1821 2918 1944 2948 esum
1984 2904 2207 2948 Christum

371 2962 569 3018 justum3
596 2961 613 2988 ²
631 2967 675 3006 et
698 2963 793 3019 ipse
822 2967 888 3006 est
909 2962 1167 3020 propitiatio
1193 2977 1271 3019 pro
1296 2963 1492 3020 peccatis
1520 2963 1706 3007 nostris:
1734 2977 1821 3007 non
1847 2978 1925 3020 pro
1951 2963 2109 3007 nostris
2131 2977 2206 3006 au-

373 3027 463 3064 tem
485 3027 680 3078 tantum,
708 3022 784 3065 sed
810 3022 947 3064 etiam
972 3037 1049 3079 pro
1071 3022 1206 3065 totius
1232 3022 1400 3066 mundi.

432 3080 450 3107 3
468 3081 526 3123 Et
550 3081 596 3124 in
621 3082 705 3124 hoc
730 3081 894 3124 scimus
920 3081 1129 3137 quoniam
1156 3081 1446 3138 cognovimus
1477 3097 1598 3137 eum,
1626 3082 1661 3125 si
1692 3082 1906 3125 mandata
1931 3083 2027 3140 ejus
2061 3081 2204 3126 obser-

372 3154 539 3184 vemus.
562 3140 579 3166 4
598 3140 680 3191 Qui
706 3140 817 3183 dicit
840 3155 886 3184 se
911 3155 1038 3184 nosse
1065 3155 1187 3196 eum,
1214 3146 1257 3184 et
1284 3141 1497 3184 mandata
1527 3141 1624 3198 ejus
1659 3155 1745 3184 non
1773 3141 1986 3197 custodit,
2013 3140 2204 3184 mendax

372 3204 458 3256 est,
486 3205 530 3243 et
553 3199 600 3242 in
629 3200 711 3243 hoc
737 3200 901 3243 veritas
931 3214 1018 3243 non
1052 3206 1129 3244 est.
1158 3200 1175 3226 ⁵
1197 3199 1279 3250 Qui
1312 3206 1458 3244 autem
1488 3206 1635 3244 servat
1659 3200 1844 3244 verbum
1875 3201 1992 3257 ejus,
2022 3213 2124 3243 vere
2157 3201 2202 3242 in

370 3258 455 3302 hoc
481 3259 673 3302 charitas
697 3259 780 3302 Dei
803 3259 1006 3316 perfecta
1030 3266 1118 3313 est3
1148 3264 1193 3302 et
1221 3259 1266 3301 in
1292 3260 1375 3303 hoc
1407 3260 1572 3303 scimus
1601 3259 1810 3316 quoniam
1839 3260 1884 3302 in
1912 3260 2006 3316 ipso
2039 3273 2203 3303 sumus,

371 3317 389 3344 ⁶
414 3318 497 3368 Qui
525 3318 635 3361 dicit
667 3332 712 3361 se
744 3318 791 3361 in
824 3318 921 3375 ipso
949 3333 1148 3374 manere,
1177 3318 1328 3375 debet,
1364 3319 1479 3363 sicut
1507 3319 1584 3363 ille
1618 3318 1890 3374 ambulavit,
1916 3323 1960 3361 et
1991 3317 2085 3374 ipse
2110 3332 2202 3362 am-

371 3376 537 3421 bulare.

431 3436 446 3463 7
470 3437 748 3493 Charissimi,
773 3452 861 3481 non
886 3438 1147 3481 mandatum
1171 3452 1336 3481 novum
1362 3438 1505 3481 scribo
1532 3438 1677 3494 vobis,
1697 3437 1773 3482 sed
1798 3437 2058 3480 mandatum
2077 3443 2201 3483 vetus

373 3496 487 3550 quod
524 3496 742 3539 habuistis
779 3497 835 3539 ab
872 3496 1025 3552 ini1>i03
1070 3497 1332 3540 mandatum
1371 3501 1495 3540 vetus
1529 3502 1595 3540 est
1627 3496 1809 3540 verbum
1847 3496 1962 3551 quod
1999 3497 2198 3541 audistis.

376 3628 443 3659 I,5]
461 3627 556 3654 Joan.
574 3628 678 3662 VIII,
697 3631 740 3656 12.
757 3643 793 3648 —
815 3628 1115 3663 7JHebr.1x‚14.
1143 3629 1157 3656 I
1178 3628 1267 3657 Petr.
1288 3628 1314 3664 Ι,
1332 3630 1375 3655 19.
1394 3628 1495 3660 Anco.
1519 3627 1553 3663 1,
1573 3631 1599 3657 5.
1614 3643 1648 3647 -
1665 3627 1694 3660 8]
1714 3627 1765 3654 ΙΙΙ
1786 3626 1867 3659 ch.
1887 3628 1992 3664 VIII,
2009 3631 2053 3657 46.
2075 3629 2109 3658 11
2127 3629 2198 3658 Par.

375 3671 604 3704 VI‚36.P1·0v.
625 3672 697 3706 XX,
714 3675 739 3700 9.
760 3672 847 3700 Eccl.
864 3672 942 3707 VII,
961 3675 1003 3700 21.
