2423 3861
695 149 841 191 ECCLI.
875 145 978 198 XL,
1013 144 1068 186 29
1100 169 1158 174 —
1190 142 1318 193 XLI,
1353 140 1422 182 22.

445 325 487 363 et
509 332 638 375 super
660 330 834 360 omnem
857 313 1043 370 gloriam
1069 315 1331 368 operuerunt
1356 309 1497 351 illum.

327 378 364 404 ‘²⁰
385 378 492 433 Fili,
521 377 564 419 in
592 383 786 432 tempore
812 374 917 416 vitae
943 377 1030 415 tuae
1057 384 1110 413 ne
1135 369 1362 423 indigeas3

446 436 603 479 melius
629 442 693 478 cst
719 434 835 478 0111111
862 431 972 474 mori
997 444 1129 486 quam
1154 428 1368 483 indigere.

329 496 366 523 3⁰
387 496 466 538 Vir
490 494 728 551 respiciens
753 493 799 535 in
826 504 1024 534 mensam
1049 487 1267 540 alienam,

447 568 532 597 non
558 559 624 596 est
650 552 742 594 vita
768 551 865 606 ejus
891 549 936 591 in
959 546 1229 603 cogitatione
1257 546 1423 600 victus;

387 613 468 656 alit
494 612 611 655 enim
633 611 828 653 animam
855 623 981 651 suam
1007 605 1117 650 cibis
1142 604 1324 647 alienis:

387 672 421 699 3¹
445 671 511 714 vir
531 676 681 713 autem
704 667 1013 724 disciplinatus
1039 670 1082 708 et
1107 663 1304 708 eruditus
1327 662 1546 705 custodiet
1570 676 1627 706 se.

330 730 366 757 3⁹
389 732 441 773 In
469 744 539 772 ore
565 726 857 785 imprudentis
884 723 1222 769 condulcabitur
1246 721 1414 777 inopia,

448 794 490 832 et
514 789 559 830 in
583 793 735 830 ventre
760 785 855 841 ejus
881 784 997 839 ignis
1023 781 1208 825 ardebit.

213 850 318 894 CAP.
346 849 467 891 XLI.
489 873 547 878 —-
568 846 581 872 ¹
603 847 638 889 O
665 859 800 899 mors,
825 858 957 899 quam
981 856 1132 884 amara
1159 846 1224 883 est
1247 839 1456 882 memoria
1483 845 1557 881 tua

447 905 615 949 homini
641 918 794 961 pacem
820 901 1002 945 habenti
1028 901 1073 943 111
1096 898 1356 943 substantiis
1381 898 1494 951 suis,

349 964 367 991 2
388 965 481 1008 viro
506 964 675 1020 quieto,
698 968 740 1006 et
763 962 890 1018 cujus
917 961 1000 1003 viae
1028 960 1207 1002 directae
1233 963 1335 1000 sunt
1356 957 1401 999 in
1429 955 1652 1010 omnibus,

449 1029 492 1067 et
516 1023 661 1066 adhuc
688 1021 856 1065 valenti
881 1020 1080 1076 accipere
1107 1017 1280 1061 cibum!

323 1083 342 1110 3
360 1083 395 1127 O
421 1097 556 1138 mors,
584 1083 749 1125 bonum
771 1085 836 1124 est
858 1079 1077 1136 judicium
1100 1082 1225 1119 tuum
1246 1073 1415 1118 homini
1440 1070 1682 1126 indigenti,

449 1147 492 1185 et
517 1141 590 1198 qui
617 1140 860 1184 minoratur
884 1137 1072 1193 viribus,

409 1200 427 1227 ⁴
448 1201 625 1244 defecto
651 1205 802 1254 aetate,
827 1203 870 1241 et
895 1197 965 1240 cui
989 1197 1041 1239 de
1067 1194 1270 1238 omnibus
1297 1207 1400 1236 cura
1426 1198 1511 1246 est,

452 1266 495 1303 et
519 1257 792 1313 incredibili,
819 1257 892 1313 qui
919 1255 1063 1313 perdit
1083 1250 1361 1313 patientiam.

353 1319 369 1345 ⁵
392 1318 494 1362 Noli
516 1324 711 1362 metuere
735 1316 956 1373 judicium
982 1316 1147 1357 mortis,

453 1379 678 1421 Memento
703 1390 800 1432 quae
822 1380 925 1418 ante
951 1380 994 1417 te
1018 1374 1221 1428 fuerunt,

454 1443 496 1480 et
521 1451 617 1492 quae
643 1439 961 1492 superventura
986 1438 1089 1475 sunt
1115 1431 1196 1473 tibi
1221 1448 1230 1474 t

451 1496 534 1538 hoc
559 1494 777 1550 judicium
800 1508 825 1535 a
849 1492 1039 1535 Domino
1066 1490 1185 1533 omni
1213 1488 1347 1533 carni.

355 1556 373 1582 6
394 1556 450 1597 Et
476 1554 580 1610 quid
605 1551 887 1608 superveniet
909 1550 990 1592 tibi
1015 1549 1062 1592 in
1087 1547 1365 1605 beneplacito
1390 1543 1642 1589 Altissimi‘?

393 1628 406 1647 ⁵
455 1613 548 1656 sive
573 1612 747 1667 decem,
771 1610 864 1653 sive
890 1613 1088 1663 centum,
1115 1607 1208 1650 sive
1234 1606 1357 1649 mille
1378 1605 1510 1658 anni,

415 1674 429 1700 7
453 1686 539 1715 non
565 1677 631 1714 est
656 1670 775 1714 enim
795 1669 842 1712 in
866 1668 1043 1711 inferno
1067 1666 1294 1709 accusatio
1319 1665 1438 1707 vitae.

357 1733 374 1760 8
397 1731 501 1776 Filii
527 1729 910 1774 abominationum
931 1728 1041 1770 fiunt
1065 1725 1146 1769 filii
1166 1730 1470 1782 peccatorum,

455 1796 498 1834 et
523 1789 596 1845 qui
623 1792 939 1832 conversantur
963 1800 1088 1829 secus
1115 1785 1267 1828 domos
1291 1783 1541 1840 impiorum.

356 1850 374 1877 9
394 1850 609 1894 Filiorum
634 1853 916 1905 peccatorum
942 1845 1080 1902 periet
1100 1843 1343 1898 hereditas,

457 1915 500 1953 et
526 1923 626 1951 cum
648 1906 814 1950 semine
840 1904 1018 1948 illorum
1042 1903 1280 1946 assiduitas
1307 1900 1541 1959 opprobrii.

339 1969 376 1996 ¹0
397 1970 463 2012 De
489 1972 613 2025 patre
633 1965 772 2022 impio
794 1969 1035 2021 queruntur
1060 1962 1160 2018 filii,

459 2027 667 2084 quoniam
687 2030 866 2082 propter
884 2023 1012 2066 illum
1034 2027 1137 2065 sunt
1157 2021 1204 2064 in
1227 2019 1471 2077 opprobrio.

341 2088 372 2114 ¹¹
397 2089 478 2130 Vae
502 2086 648 2141 vobis,
672 2085 755 2127 viri
776 2083 924 2140 impii,

457 2145 531 2202 qui
557 2143 853 2199 dereliquistis
879 2143 1024 2198 legem
1050 2140 1231 2184 Domini
1253 2139 1478 2182 altissimi!

342 2205 378 2232 ¹⁶²
400 2207 457 2249 Et
482 2204 519 2247 si
540 2203 634 2246 nati
657 2202 854 2256 fueritis,
881 2202 926 2244 in
948 2199 1262 2243 maledictione
1285 2197 1527 2255 nascemini
1546 2214 1555 2251 3

460 2271 502 2307 et
527 2263 563 2305 si
591 2261 751 2305 mortui
773 2260 971 2315 fueritis,
992 2259 1039 2302 in
1066 2257 1379 2302 maledictione
1401 2257 1482 2300 erit
1507 2270 1608 2313 pars
1634 2258 1793 2298 vestra.

343 2324 379 2350 ¹3
399 2322 559 2367 Omnia
585 2336 682 2377 quae
708 2321 761 2363 de
783 2325 897 2363 terra
919 2324 1022 2362 sunt
1046 2318 1092 2360 in
1117 2323 1280 2360 terram
1306 2319 1641 2367 convertentur;

459 2382 521 2425 010
542 2380 670 2437 impii
695 2395 720 2422 a
747 2379 986 2422 maledicto
1010 2378 1056 2420 in
1079 2375 1385 2433 perditionem.
1605 2393 1607 2395 ·

344 2442 379 2468 ¹⁴
401 2443 567 2484 Luctus
589 2439 820 2483 hominum
845 2439 891 2481 in
917 2444 1096 2493 corpore
1120 2436 1340 2491 ipsorum,

460 2514 621 2544 nomen
644 2504 793 2542 autem
817 2497 1055 2554 impiorum
1082 2493 1314 2539 delebitur.

345 2560 380 2586 ¹⁵
402 2561 562 2604 Curam
589 2558 703 2601 habe
728 2557 782 2601 de
802 2557 918 2600 bono
941 2555 1143 2609 nomine3

460 2620 543 2662 hoc
569 2618 687 2661 enim
713 2616 855 2672 magis
881 2613 1158 2673 permanebit
1179 2612 1262 2656 tibi

462 2693 593 2734 quam
617 2676 740 2719 mille
761 2674 957 2719 thesauri
982 2672 1163 2731 pretiosi
1184 2678 1227 2716 et
1253 2671 1418 2727 magni.

346 2738 382 2765 ¹⁶
404 2740 540 2781 Bonae
566 2736 673 2779 vitae
695 2749 902 2778 numerus
929 2734 1124 2787 dierum3

463 2797 630 2839 bonum
654 2800 803 2838 autem
830 2807 991 2837 nomen
1011 2790 1290 2850 permanebit
1311 2789 1356 2832 in
1383 2803 1540 2833 aevum.

347 2855 381 2882 ¹⁷
405 2855 702 2912 Disciplinam
726 2853 774 2896 in
798 2867 907 2910 pace
934 2857 1211 2906 conservate,
1238 2849 1344 2904 filii;

464 2913 683 2971 sapientia
709 2913 828 2956 enim
851 2911 1134 2966 abscondita,
1161 2915 1205 2952 et
1226 2909 1455 2952 thesaurus
1480 2907 1669 2962 invisus,

465 2989 562 3029 quae
585 2973 754 3016 utilitas
779 2972 826 3014 in
847 2970 1073 3027 utrisque?

348 3032 385 3060 ¹⁸
405 3033 564 3076 Melior
588 3038 654 3075 est
679 3032 808 3074 homo
831 3031 903 3087 qui
930 3029 1164 3073 abscondit
1185 3026 1424 3070 stultitiam
1445 3040 1590 3082 suam,

466 3107 599 3148 quam
624 3092 755 3134 homo
780 3090 853 3146 qui
874 3089 1111 3133 abscondit
1135 3086 1401 3143 sapientiam
1426 3099 1566 3128 suam.

349 3150 386 3177 ¹9
405 3151 727 3194 Verumtamen
749 3148 1010 3193 reveremini
1031 3148 1078 3190 in
1104 3147 1171 3190 his
1198 3160 1295 3202 quae
1320 3145 1564 3201 procedunt
1590 3143 1643 3186 de
1668 3156 1740 3185 ore
1767 3154 1891 3184 meo:

406 3211 444 3237 2⁰
464 3225 551 3253 non
573 3215 638 3253 est
664 3209 783 3253 enim
807 3208 974 3251 bonum
999 3221 1176 3250 omnem
1200 3203 1494 3247 reverentiam
1519 3203 1771 3254 observare,

468 3274 511 3312 et
535 3283 622 3312 non
649 3268 797 3312 omnia
820 3267 1024 3310 omnibus
1045 3266 1156 3309 bene
1182 3263 1362 3320 placent
1385 3262 1432 3305 in
1454 3262 1553 3305 fide.

349 3327 383 3354 ⁶²¹
409 3329 667 3372 Erubescite
692 3343 717 3370 a
743 3332 867 3383 patre
893 3332 935 3370 et
957 3341 983 3368 a
1008 3331 1148 3368 matre
1174 3324 1228 3366 de
1249 3321 1568 3376 fornicatione3

467 3393 511 3431 et
534 3402 560 3430 a
585 3387 851 3444 praesidente
873 3391 916 3429 et
941 3400 966 3428 a
992 3388 1170 3441 potente
1197 3382 1250 3425 de
1277 3380 1534 3436 mendacio;

350 3445 387 3472 9'2
407 3461 434 3489 a
459 3446 657 3504 principe
683 3451 726 3489 et
750 3460 776 3488 a
799 3445 950 3500 judice
976 3444 1029 3487 de
1052 3442 1241 3495 delicto,

467 3520 494 3548 a
515 3519 746 3562 synagoga
768 3511 811 3547 et
833 3503 961 3561 plebe
983 3503 1036 3546 de
1061 3500 1322 3557 iniquitate3

175 3654 223 3687 13]
242 3653 320 3685 Sup.
338 3652 409 3687 XL,
427 3654 471 3680 11.
488 3666 523 3670 -
542 3652 588 3685 17]
607 3652 684 3684 Sup.
702 3651 776 3686 XX,
791 3653 835 3679 32.

2082 380 2234 408 Cavenda

2053 422 2262 452 mendicitas.

2087 844 2248 874 Memoria

2100 886 2230 916 mortis.

2078 1729 2272 1761 Maledictio

2110 1781 2246 1803 manens

2110 1818 2239 1851 impios.

2107 2556 2154 2585 De
2176 2556 2261 2582 bono

2110 2598 2254 2627 nomine.

2120 2848 2186 2875 Res
2212 2846 2251 2874 de

2080 2890 2202 2924 quibus
2220 2897 2291 2918 eru-

2079 2933 2290 2962 bescenduru.
