2456 3861
136 1078 323 1108 Festivitas

141 1124 314 1158 nuptialis.

158 1490 309 1524 Angelus

171 1534 294 1567 recipit

125 1579 301 1612 pecuniam
320 1586 338 1607 a

162 1624 284 1653 Gabelo
297 1644 303 1659 ‚

185 2230 282 2256 quem

140 2267 279 2295 adducit
296 2267 336 2295 ad

163 2316 310 2344 nuptias,

189 3059 302 3088 Tobioe

141 3103 284 3132 senioris
311 3107 346 3132 et

192 3149 294 3176 Auuze

139 3193 293 3220 anxivtas
310 3192 350 3220 de

205 3236 284 3265 filio.

409 131 495 172 474
1009 123 1117 166 TOB.
1152 122 1291 172 VIII,
1331 123 1384 164 13
1416 149 1475 154 —
1506 122 1569 176 X,
1604 122 1642 165 6.

411 304 512 344 sunt
536 296 724 353 ingressi
749 296 806 339 ad
837 310 947 338 eam.
983 294 1020 321 ¹3
1041 294 1239 349 Cumque
1272 297 1504 350 parassent
1535 294 1726 348 fossam,
1752 307 1952 336 reversus
1983 293 2155 350 Raguel
2187 296 2245 339 ad

410 372 593 402 uxorem
622 370 767 411 suam,
792 355 907 397 dixit
930 354 969 397 ei
993 370 1001 397 :
1034 353 1069 379 ¹4
1095 353 1226 396 Mitte
1251 368 1388 396 unam
1413 368 1467 397 ex
1492 352 1668 395 ancillis
1693 352 1801 408 tuis,
1829 357 1873 395 et
1897 352 2049 396 videat
2070 354 2106 396 si
2131 369 2247 397 mor-

410 424 510 461 tuus
533 421 618 472 est,
641 421 690 459 ut
715 414 930 471 sepeliam
956 428 1056 456 eum
1082 417 1322 468 antequam
1345 413 1577 456 illucescat
1603 411 1709 455 dies.
1737 411 1772 438 ¹5
1790 412 1853 454 At
1874 411 1952 454 illa
1973 412 2094 455 misit
2110 428 2248 456 unam

411 492 467 521 ex
491 475 667 519 ancillis
692 475 801 530 suis,
826 488 924 530 quae
949 473 1149 529 ingressa
1175 472 1449 529 cubiculum,
1467 472 1632 528 reperit
1657 485 1730 514 eos
1756 471 1901 514 salvos
1923 475 1968 514 et
1987 471 2247 529 incolumes,

411 550 562 580 secum
593 534 759 592 pariter
792 532 1074 576 dormientes.
1109 531 1145 558 ¹⁶
1167 533 1225 575 Et
1256 546 1452 587 reversa,
1486 530 1711 574 nuntiavit
1740 529 1907 573 bonum
1940 530 2160 574 nuntium.
2193 533 2248 574 Et

411 594 738 639 benedixerunt
779 592 1042 647 Dominum,
1082 591 1253 648 Raguel
1292 591 1523 647 videlicet,
1567 595 1610 634 et
1647 590 1802 646 Anna,
1841 604 1952 633 uxor
1988 590 2104 647 ejus,
2145 590 2178 616 ¹⁷
2205 596 2249 634 et

413 655 622 698 dixerunt
641 671 649 698 :
671 652 983 697 Benedicimus
1004 657 1068 707 te,
1090 651 1302 707 Domine,
1324 653 1444 694 Deus
1466 650 1627 705 lsrael,
1647 649 1749 705 quia
1772 663 1860 692 non
1887 649 2077 706 contigit
2099 664 2248 705 quem—

413 714 654 758 admodum
689 712 987 770 putabamus3
1031 711 1066 738 ¹⁸
1095 710 1246 754 fecisti
1285 710 1405 754 enim
1441 710 1674 753 nobiscum
1711 708 2062 752 misericordiam
2104 714 2250 764 tuam,

414 779 457 817 et
482 773 711 817 exclusisti
736 787 763 815 a
795 771 924 815 nobis
949 770 1181 814 inimicum
1213 775 1552 827 persequentem
1582 783 1689 824 nos,
1727 768 1762 794 '¹9
1784 768 1990 811 misertus
2023 783 2069 812 es
2101 774 2252 812 autem

413 833 584 876 duobus
620 833 777 876 unicis.
812 832 904 875 Fac
937 845 1030 886 eos,
1067 829 1278 885 Domine,
1309 829 1484 886 plenius
1516 828 1778 872 benedicere
1812 833 1876 883 te,
1907 833 1952 871 et
1984 828 2252 871 sacrificium

413 893 497 936 tibi
522 892 666 936 laudis
691 897 780 935 tuae
802 896 846 935 et
871 905 963 934 suae
990 890 1195 933 sanitatis
1221 889 1399 943 offerre,
1419 893 1469 930 ut
1491 892 1731 944 cognoscat
1748 887 2016 931 universitas
2035 887 2252 943 gentium,

414 952 518 1008 quia
539 957 588 995 tu
614 967 659 996 es
687 953 805 996 Deus
829 951 947 994 solus
969 950 1015 992 in
1040 949 1248 992 universa
1273 953 1401 990 terra.
1429 946 1466 973 9⁰
1489 948 1736 1003 Statimque
1762 947 1976 1004 praecepit
2000 947 2139 990 servis
2165 946 2256 990 suis

416 1012 608 1068 Raguel,
631 1017 680 1054 ut
700 1011 922 1067 replerent
946 1009 1135 1063 fossam,
1163 1022 1296 1063 quam
1321 1007 1544 1062 fecerant,
1568 1006 1826 1063 priusquam
1852 1007 2133 1050 elucesceret.

474 1070 508 1097 2¹
530 1071 669 1115 Uxori
692 1081 841 1113 autem
867 1083 959 1112 suae
986 1067 1100 1110 dixit
1121 1072 1170 1109 ut
1192 1067 1429 1109 instrueret
1456 1065 1732 1120 convivium,
1752 1071 1796 1109 et
1817 1071 2087 1122 praepararet
2106 1066 2257 1109 omnia

415 1146 512 1188 quae
549 1131 596 1173 in
634 1130 754 1173 cibos
792 1133 917 1172 erant
953 1127 1037 1170 iter
1073 1125 1313 1182 agentibus
1346 1125 1610 1168 necessaria.
1644 1123 1681 1150 ²2
1706 1126 1828 1167 Duas
1861 1139 2033 1181 quoque
2065 1125 2257 1182 pingues

414 1204 576 1232 vaccas
607 1196 650 1232 et
677 1194 864 1244 quatuor
894 1187 1053 1229 arietes
1084 1185 1227 1241 occidi
1264 1185 1396 1239 fecit,
1429 1191 1471 1227 et
1504 1184 1649 1242 parari
1683 1184 1836 1241 epulas
1866 1185 2072 1227 omnibus
2096 1184 2259 1227 vicinis

415 1250 525 1305 suis,
557 1248 816 1303 cunctisque
843 1246 1014 1289 amicis.
1045 1244 1082 1272 23
1104 1247 1162 1288 Et
1188 1245 1414 1301 adjuravit
1441 1243 1611 1301 Raguel
1641 1244 1851 1299 Tobiam,
1874 1248 1923 1287 ut
1952 1244 2061 1287 duas
2090 1243 2257 1287 hebdo-

415 1308 570 1351 madas
599 1312 844 1350 moraretur
866 1306 985 1362 apud
1006 1319 1065 1348 se.
1097 1304 1133 1331 ”2¹
1156 1305 1222 1348 De
1250 1304 1454 1347 omnibus
1476 1308 1626 1347 autem
1656 1318 1754 1359 quae
1778 1303 2037 1360 possidebat
2064 1303 2257 1359 Raguel,

417 1368 651 1412 dimidiam
676 1371 849 1423 partem
879 1365 1003 1409 dedit
1024 1364 1176 1408 Tobiae
1197 1382 1205 1419 3
1238 1369 1282 1407 et
1306 1363 1419 1406 fecit
1441 1363 1726 1420 scripturam,
1753 1369 1801 1406 ut
1826 1377 1927 1420 pars
1949 1362 2137 1406 dimidia
2158 1376 2258 1418 quae

417 1432 662 1484 supererat,
699 1431 798 1483 post
836 1425 1005 1468 obitum
1039 1438 1188 1467 eorum
1221 1424 1375 1467 Tobiae
1411 1423 1607 1466 dominio
1635 1423 1876 1467 deveniret.

478 1488 586 1532 CAP.
612 1488 694 1530 IX.
712 1512 771 1519 —-
802 1485 812 1511 1
837 1486 962 1528 Tunc
987 1484 1166 1527 vocavit
1196 1483 1359 1526 Tobias
1391 1483 1603 1539 angelum
1636 1483 1692 1525 ad
1719 1497 1784 1538 se,
1816 1497 1947 1538 quem
1976 1482 2156 1539 quidem
2181 1483 2259 1526 ho-

419 1547 585 1590 minem
615 1545 924 1601 existimabat,
953 1543 1152 1599 dixitque
1181 1543 1221 1586 ei
1249 1559 1257 1586 ;
1294 1542 1457 1586 Azaria
1488 1542 1641 1598 frater,
1668 1548 1772 1599 peto
1802 1548 1850 1585 ut
1874 1542 2097 1586 auscultes
2122 1542 2261 1586 verba

419 1622 531 1651 mea.
566 1606 583 1632 ⁶2
605 1606 650 1650 Si
678 1606 898 1662 meipsum
926 1603 1102 1646 tradam
1134 1602 1216 1645 tibi
1246 1617 1442 1657 servum,
1469 1616 1558 1644 non
1593 1616 1663 1644 ero
1694 1601 1942 1657 condignus
1963 1601 2261 1658 providentiae

418 1671 522 1710 tuae.
546 1666 563 1692 3
585 1667 755 1709 Tamen
780 1664 958 1708 obsecro
984 1667 1028 1706 te
1054 1668 1103 1705 ut
1125 1677 1323 1705 assumas
1346 1661 1428 1704 tibi
1454 1660 1668 1703 animalia
1697 1661 1791 1703 sive
1821 1661 2023 1716 servitia,
2052 1666 2096 1704 et
2119 1661 2258 1704 vadas

419 1726 475 1769 ad
503 1725 724 1770 Gabelum
753 1724 799 1767 in
827 1725 992 1779 Rages,
1024 1722 1256 1765 civitatem
1287 1721 1537 1776 Medorum,
1564 1720 1811 1776 reddasque
1841 1719 1881 1764 ei
1915 1720 2260 1777 chirographum

419 1800 567 1841 suum,
592 1790 635 1828 et
655 1784 845 1841 recipias
866 1783 922 1825 ab
949 1797 999 1825 eo
1028 1781 1284 1838 pecuniam,
1306 1786 1350 1824 et
1382 1794 1510 1836 roges
1537 1794 1637 1823 eum
1662 1779 1813 1823 venire
1836 1779 1893 1822 ad
1918 1780 2097 1836 nuptias
2122 1794 2259 1822 meas.

420 1845 437 1871 4
460 1845 553 1889 Scis
579 1844 697 1888 enim
723 1844 816 1900 ipse
842 1842 1050 1899 quoniam
1078 1845 1281 1883 numerat
1314 1845 1440 1897 pater
1470 1853 1593 1882 meus
1624 1838 1717 1882 dies
1738 1857 1746 1894 3
1780 1844 1824 1882 et
1849 1839 1885 1881 si
1911 1839 2146 1882 tardavero
2173 1853 2260 1881 una

422 1904 492 1948 die
517 1904 636 1961 plus,
665 1903 952 1947 contristatur
974 1901 1124 1944 anima
1150 1900 1260 1956 ejus.
1288 1900 1304 1926 5
1327 1901 1384 1942 Et
1407 1903 1525 1942 certe
1546 1898 1673 1941 vides
1695 1898 1914 1953 quomodo
1936 1898 2165 1954 adjuravit
2191 1912 2260 1940 ine

423 1964 613 2020 Raguel,
634 1963 760 2019 cujus
786 1962 1148 2018 adjuramentum
1171 1973 1375 2016 spernere
1397 1972 1485 2001 non
1506 1971 1699 2014 possum.
1726 1957 1743 1983 ⁶
1761 1958 1887 2000 Tunc
1914 1957 2115 2013 Raphael
2139 1972 2261 2000 assu-

421 2038 546 2067 mens
572 2027 758 2079 quatuor
781 2037 835 2065 ex
860 2021 998 2064 servis
1034 2019 1266 2076 Raguelis,
1295 2024 1339 2061 et
1370 2018 1477 2061 duos
1510 2016 1725 2072 camelos,
1753 2016 1799 2059 in
1834 2018 2002 2072 Rages,
2030 2016 2262 2059 civitatem

422 2083 674 2138 Medorum,
712 2081 935 2139 perrexit3
976 2084 1019 2122 et
1051 2079 1285 2122 inveniens
1324 2077 1565 2132 Gabolum,
1602 2076 1798 2120 reddidit
1839 2076 1879 2119 ei
1917 2075 2264 2132 chirographum

423 2158 570 2198 suum,
599 2148 642 2186 et
666 2141 834 2198 recepit
862 2140 919 2183 ab
945 2154 996 2183 eo
1023 2153 1199 2182 omnem
1224 2138 1474 2195 pecuniam.

483 2202 497 2229 7
521 2202 833 2257 Indicavitque
867 2200 906 2244 ei
938 2200 992 2242 de
1025 2198 1186 2254 Tobia,
1222 2198 1313 2241 filio
1346 2197 1520 2253 Tobiae,
1557 2197 1706 2240 omnia
1739 2211 1837 2252 quae
1872 2200 2000 2252 gesta
2028 2200 2159 2250 sunt;
2194 2195 2265 2238 fe-

425 2263 570 2318 citque
596 2277 697 2305 eum
721 2275 872 2304 secum
896 2260 1046 2303 venire
1081 2258 1137 2300 ad
1175 2258 1367 2314 nuptias.
1401 2257 1418 2283 8
1444 2257 1642 2312 Cumque
1674 2256 1899 2312 ingressus
1932 2259 2049 2298 esset
2082 2255 2264 2297 domum

426 2322 657 2378 Raguelis,
693 2321 864 2364 invenit
893 2320 1081 2362 Tobiam
1115 2317 1501 2371 discuinbentem;
1536 2322 1579 2359 et
1612 2315 1819 2370 exiliens,
1859 2314 2046 2358 osculati
2081 2318 2185 2357 sunt
2217 2327 2265 2356 se

424 2382 618 2425 invicem
638 2399 646 2436 ;
675 2386 719 2424 et
740 2380 864 2423 flevit
887 2379 1103 2434 Gabelus,
1127 2377 1446 2432 benedixitque
1470 2377 1635 2431 Deum,
1667 2375 1684 2401 9
1707 2381 1750 2418 et
1776 2374 1890 2418 dixit
1913 2391 1921 2417 ;
1952 2373 2199 2416 Benedicat
2221 2378 2266 2415 te

425 2442 544 2484 Deus
582 2440 741 2496 Israel,
777 2440 879 2495 quia
916 2438 1032 2481 filius
1069 2453 1114 2481 es
1152 2437 1309 2494 optimi
1346 2437 1449 2491 viri,
1485 2440 1529 2478 et
1557 2435 1688 2491 justi,
1715 2439 1759 2477 et
1787 2433 1988 2476 timentis
2023 2434 2187 2487 Deum,
2220 2436 2264 2474 et

426 2501 729 2557 eleemosynas
761 2498 995 2542 facientis!
1032 2497 1067 2524 ¹0
1093 2498 1152 2540 Et
1186 2497 1360 2540 dicatur
1384 2493 1639 2539 benedictio
1665 2508 1795 2550 super
1827 2506 2010 2536 uxorem
2043 2495 2188 2546 tuam,
2219 2495 2265 2533 et

425 2575 555 2617 super
583 2564 787 2616 parentes
817 2558 1009 2602 vestros!
1046 2557 1078 2583 ¹¹
1104 2558 1162 2600 Et
1187 2555 1378 2599 videatis
1404 2555 1518 2598 filios
1543 2559 1733 2610 vestros,
1761 2557 1806 2596 et
1834 2552 1947 2595 filios
1972 2550 2161 2593 filiorum
2189 2564 2266 2593 ve-

425 2625 633 2675 strorum,
658 2633 792 2674 usque
816 2618 864 2660 in
881 2617 1060 2661 tertiam
1083 2621 1128 2660 et
1149 2621 1353 2672 quartam
1373 2613 1708 2672 generationem
1725 2631 1733 2668 ;
1756 2617 1803 2655 et
1820 2611 1878 2655 sit
1895 2624 2047 2654 semen
2067 2614 2265 2652 vestrum

426 2678 712 2722 benedictum
745 2693 771 2720 a
798 2679 892 2721 Deo
927 2676 1086 2732 Israel,
1111 2676 1185 2732 qui
1217 2679 1376 2732 regnat
1404 2674 1451 2717 in
1482 2672 1646 2716 saecula
1679 2670 1971 2715 saeculorum!
2009 2668 2043 2695 ¹2
2065 2669 2266 2724 Cumque

427 2753 578 2781 omnes
604 2738 821 2780 dixissent
851 2754 859 2781 :
891 2737 1056 2790 Amen,
1084 2741 1366 2778 accesserunt
1391 2734 1449 2777 ad
1484 2731 1768 2786 convivium3
1803 2729 1880 2773 sed
1908 2735 1951 2772 et
1980 2743 2080 2771 cum
2106 2727 2265 2771 timore

427 2797 608 2840 Domini
633 2796 889 2853 nuptiarum
915 2795 1171 2838 convivium
1197 2794 1478 2838 exercebant.

767 2897 791 2954 ξ
826 2897 916 2940 ΙΙΙ.
941 2922 1001 2930 —
1037 2897 1183 2939 Tobicc
1202 2897 1404 2952 junioris
1435 2896 1602 2939 reditus
1635 2895 1680 2937 in
1712 2892 1918 2935 Niniven.

488 2994 593 3037 CAP.
616 2995 671 3037 X.
694 3019 752 3026 —
778 2992 791 3018 1
811 2992 922 3036 Cum
946 3005 1050 3034 vero
1080 3006 1224 3034 moras
1256 2991 1430 3034 faceret
1458 2990 1642 3045 Tobias,
1673 3000 1808 3031 causa
1840 2984 2116 3041 nuptiarum,
2144 2982 2266 3026 solli-

430 3053 541 3096 citus
564 3058 657 3095 erat
681 3057 806 3109 pater
840 3050 937 3106 ejus
969 3050 1153 3106 Tobias,
1178 3050 1361 3095 dicens:
1392 3051 1528 3093 Putas
1559 3062 1692 3105 quare
1725 3050 1922 3088 moratur
1955 3042 2072 3085 filius
2105 3042 2265 3086 meus?

429 3117 507 3155 aut
531 3125 663 3168 quare
683 3112 886 3154 detentus
904 3114 971 3152 est
991 3109 1088 3153 ibi‘?
1114 3109 1131 3135 2
1151 3111 1346 3153 Putasne
1365 3109 1561 3154 Gabelus
1580 3111 1777 3150 mortuus
1796 3109 1873 3159 est,
1894 3108 1938 3146 et
1960 3116 2091 3145 nemo
2108 3101 2264 3145 reddet

428 3171 496 3214 illi
522 3169 792 3228 pecuniam?
819 3169 836 3195 3
861 3168 1006 3224 Coepit
1027 3174 1178 3213 autem
1203 3169 1456 3212 contristari
1481 3167 1614 3211 nimis
1635 3166 1749 3222 ipse,
1776 3169 1821 3207 et
1848 3164 2000 3218 Anna,
2020 3175 2131 3204 uxor
2153 3160 2263 3216 ejus,

431 3245 533 3274 cum
562 3244 641 3285 eo,
669 3234 714 3272 et
739 3233 969 3284 coeperunt
1001 3228 1132 3271 ambo
1157 3228 1289 3271 simul
1321 3228 1445 3283 flere,
1473 3242 1524 3271 eo
1550 3226 1665 3283 quod
1692 3224 1762 3267 die
1795 3227 1963 3266 statuto
1987 3220 2172 3264 minime
2197 3233 2267 3263 re-

431 3293 676 3333 verteretur
696 3287 811 3331 filius
834 3300 984 3329 eorum
1005 3287 1061 3330 ad
1084 3302 1170 3331 eos.
1194 3287 1210 3314 4
1230 3287 1390 3331 Flebat
1414 3287 1551 3343 igitur
1574 3289 1716 3328 mater
1741 3283 1838 3339 ejus
1861 3278 2263 3325 irremediabilibus

431 3348 660 3406 lacrymis,
683 3353 815 3403 atque
838 3345 1015 3388 dicebat
1038 3363 1046 3389 z
1075 3347 1196 3401 Heu,
1219 3347 1305 3390 heu
1330 3361 1421 3402 me,
1444 3345 1508 3388 fili
1531 3344 1617 3388 mi!
1644 3348 1692 3386 ut
1713 3342 1817 3398 quid
1843 3347 1887 3385 te
1912 3339 2113 3383 misimus
2139 3352 2265 3395 pere-

432 3408 618 3465 grinari,
637 3408 788 3450 lumen
815 3404 1039 3447 oculorum
1065 3411 1332 3461 nostrorum,
1352 3405 1561 3448 baculum
1582 3401 1823 3446 senectutis
1849 3405 2031 3455 nostrae,
2055 3397 2265 3442 solatium

432 3469 537 3511 vitae
560 3472 743 3521 nostrae,
767 3478 890 3521 spem
916 3464 1189 3520 posteritatis
1210 3464 1405 3508 nostrae‘?
1428 3465 1445 3491 5
1464 3462 1625 3507 Omnia
1646 3461 1778 3504 simul
1800 3460 1845 3503 in
1864 3464 1908 3503 te
1927 3473 2014 3502 uno
2031 3457 2265 3510 habentes,

432 3531 476 3570 te
501 3541 589 3570 non
616 3525 848 3569 debuimus
873 3522 1096 3566 dimittere
1131 3538 1157 3566 a
1181 3523 1322 3567 nobis.
1356 3524 1374 3550 ⁶
1395 3522 1476 3566 Cui
1507 3520 1686 3565 dicebat
1714 3519 1877 3563 Tobias
1901 3534 1910 3563 ε
1937 3518 2075 3573 Tace,
2102 3520 2147 3560 et
2172 3513 2269 3562 noli

436 3661 487 3692 10,
504 3658 532 3691 4]
553 3659 629 3690 sup.
648 3658 686 3690 v,
704 3660 746 3685 23.
