2456 3861
194 1710 389 1741 Praescinstit

197 1763 288 1785 oram
307 1755 394 1783 chla-

189 1800 298 1834 mydis
316 1801 391 1828 Saul

183 1845 217 1875 in
234 1844 397 1878 Engaddff.

486 168 570 211 278
969 166 991 208 I
1023 168 1134 209 ΒΕΘ.
1169 167 1355 220 XXIII,
1393 168 1445 210 19
1478 193 1537 198 —
1567 167 1738 221 XXIV,
1774 167 1843 210 15.

549 338 581 363 ¹⁰
599 336 908 379 Ascenderunt
933 340 1084 377 autem
1105 334 1273 391 Ziphaei
1301 334 1357 377 ad
1382 334 1485 378 Saul
1506 335 1553 377 in
1577 336 1746 389 Gabaa,
1770 335 1997 379 dicentes:
2029 337 2188 381 Nonne
2214 353 2315 382 ecce

487 395 632 438 Daw'd
666 394 815 436 latitat
843 393 962 450 apud
999 407 1076 436 nos
1108 393 1155 435 in
1188 393 1296 436 locis
1327 393 1562 436 tutissimis
1589 394 1735 449 silvae,
1762 393 1809 435 in
1839 393 1950 437 colle
1974 395 2190 451 Η6611116,
2219 411 2315 452 quae

485 461 550 497 est
581 453 637 496 ad
668 453 898 495 dexteram
931 451 1128 495 deserti?
1155 451 1192 479 ‘2⁰
1210 453 1340 495 Nunc
1374 467 1497 508 ergo,
1529 453 1643 496 sicut
1677 452 1947 495 desideravit
1979 453 2130 496 anima
2159 460 2236 497 tua
2267 462 2316 499 ut

484 512 784 566 descenderes,
820 511 1066 566 descende3
1105 516 1305 554 nostrum
1339 517 1489 555 autem
1516 512 1598 555 erit
1623 517 1671 554 ut
1696 511 1925 554 tradamus
1955 526 2055 555 eum
2079 512 2126 555 in
2160 528 2317 557 manus

482 571 611 626 regis.
646 570 679 596 ‘²¹
708 570 921 626 Dixitque
955 570 1058 614 Saul
1091 588 1099 615 ε
1135 571 1367 614 Benedicti
1400 585 1478 614 vos
1506 585 1532 613 a
1566 571 1780 625 Domino,
1808 570 1909 626 quia
1944 571 2147 615 doluistis
2172 572 2317 615 vicem

483 644 642 673 meam.
673 629 710 655 “2'2
726 630 863 673 Abite
889 644 1014 686 ergo,
1042 644 1136 686 oro,
1168 636 1210 673 et
1236 630 1494 686 diligentius
1521 635 1768 687 praeparate
1798 636 1841 673 et
1867 630 2081 674 curiosius
2106 631 2247 687 agite,
2276 636 2319 674 et

482 689 759 732 considerate
791 689 939 732 locum
972 689 1048 732 ubi
1085 689 1143 732 sit
1171 704 1247 746 pes
1282 689 1380 745 ejus
1409 690 1479 732 vel
1510 689 1607 745 quis
1640 689 1801 741 viderit
1836 703 1936 732 eum
1973 689 2065 745 ibi,
2100 691 2319 746 recogitat

483 749 600 791 enim
631 748 685 791 de
714 763 785 791 me
811 748 927 804 quod
955 748 1116 792 callide
1142 749 1327 792 insidier
1353 749 1404 792 ei.
1433 748 1470 775 ‘²3
1488 748 1774 791 Considerate
1797 753 1839 791 et
1866 748 2014 791 videte
2045 749 2193 792 omnia
2219 749 2319 792 lati-

481 808 585 850 bula
612 808 708 864 ejus
732 808 779 850 in
806 808 964 864 quibus
990 808 1298 863 absconditur,
1323 813 1366 851 et
1386 808 1660 851 revertimini
1682 807 1738 850 ad
1769 822 1839 850 1116
1865 808 1921 850 ad
1944 822 2038 851 rem
2063 814 2244 864 certam,
2270 814 2320 851 ut

481 867 645 910 vadam
662 867 908 910 vobiscum.
929 867 1053 918 Quod
1075 867 1112 910 si
1131 868 1266 910 etiam
1288 868 1334 910 in
1353 873 1515 910 terram
1534 881 1579 910 se
1596 867 1870 922 abstruserit,
1891 867 2200 924 perscrutabor
2218 882 2318 911 eum

479 926 526 968 in
553 926 723 969 cunct-is
753 926 952 970 millibus
977 927 1005 970 J
1011 926 1111 970 uda.
1137 925 1173 952 “2⁴
1191 928 1252 969 At
1277 926 1343 969 illi
1373 932 1603 982 surgentes
1628 927 1834 969 abierunt
1858 926 1904 968 in
1934 926 2043 983 Ziph
2069 932 2173 970 ante
2200 927 2318 971 Saul.

540 985 687 1028 David
716 991 868 1029 autem
894 992 937 1029 et
962 986 1045 1028 viri
1077 986 1174 1042 ejus
1201 990 1325 1029 erant
1353 984 1400 1028 in
1427 986 1597 1029 deserto
1624 986 1779 1039 Maon,
1806 985 1853 1027 in
1884 986 2230 1042 campestribus,
2261 986 2318 1029 ad

483 1045 713 1089 dexteram
732 1045 947 1088 Jesimon.
975 1044 1011 1071 25
1029 1045 1120 1088 Ivit
1147 1059 1248 1100 ergo
1271 1045 1378 1088 Saul
1400 1050 1443 1088 et
1468 1045 1576 1087 socii
1604 1045 1700 1100 ejus
1726 1045 1782 1087 ad
1803 1045 2093 1100 quaerendum
2116 1059 2218 1088 eum
2238 1064 2246 1101 ;
2275 1052 2320 1089 et

481 1105 737 1147 nuntiatum
766 1110 831 1147 est
866 1104 1034 1159 David,
1069 1105 1309 1159 statimque
1340 1103 1570 1147 descendit
1604 1103 1660 1146 ad
1686 1110 1878 1160 petram,
1915 1110 1957 1147 et
1988 1104 2248 1148 versabatur
2271 1105 2318 1147 in

482 1164 654 1207 deserto
676 1164 824 1207 Maon.
853 1163 977 1215 Quod
1009 1178 1110 1206 cum
1135 1163 1334 1206 audisset
1359 1163 1483 1218 Saul,
1511 1167 1768 1219 persecutus
1799 1168 1865 1206 est
1892 1163 2039 1206 David
2072 1163 2119 1206 in
2146 1163 2318 1207 deserto

481 1223 628 1265 Maon.
656 1221 692 1249 '26
711 1224 768 1265 Et
793 1223 888 1265 ibat
910 1223 1014 1266 Saul
1037 1222 1094 1265 ad
1120 1223 1237 1265 latus
1265 1223 1429 1265 montis
1453 1237 1506 1265 ex
1533 1227 1657 1279 parte
1687 1237 1796 1277 una,
1823 1222 1970 1265 David
1995 1228 2147 1265 autem
2171 1229 2214 1266 et
2235 1223 2317 1265 viri

482 1282 578 1338 ejus
613 1287 738 1325 erant
766 1282 813 1324 in
842 1282 979 1325 latere
1010 1282 1172 1324 montis
1203 1296 1257 1325 ex
1289 1287 1414 1338 parte
1447 1281 1600 1324 altera.
1634 1282 1768 1324 Porro
1802 1281 1949 1324 David
1981 1281 2244 1338 desperabat
2273 1296 2319 1325 se

481 1356 608 1398 posse
642 1341 828 1384 evadere
860 1356 886 1384 6
919 1341 1039 1384 facie
1074 1342 1206 1395 Saul;
1236 1341 1387 1397 itaque
1418 1341 1523 1385 Saul
1554 1346 1596 1384 et
1622 1341 1705 1383 viri
1737 1341 1834 1396 ejus
1860 1341 1905 1383 in
1932 1340 2115 1383 modum
2145 1355 2317 1384 coronae

482 1401 722 1456 cingebant
753 1400 901 1443 David
936 1406 979 1443 et
1008 1401 1124 1443 viros
1160 1401 1277 1457 ejus,
1311 1406 1359 1443 ut
1392 1406 1601 1457 caperent
1636 1414 1724 1443 eos.
1758 1399 1792 1426 *27
1814 1401 1872 1443 Et
1897 1400 2080 1443 nuntius
2109 1400 2233 1444 venit
2261 1400 2319 1443 ad

482 1460 598 1515 Saul,
624 1459 775 1502 dicens
804 1477 814 1504 τ
837 1460 1038 1518 Festina,
1068 1465 1110 1503 et
1140 1459 1263 1515 veni,
1288 1460 1498 1516 quoniam
1523 1459 1789 1502 infuderunt
1815 1474 1861 1502 se
1884 1458 2161 1502 Philisthiim
2190 1473 2317 1516 super

477 1526 653 1564 terram.
680 1519 717 1546 ‘28
745 1522 964 1563 Reversus
995 1526 1061 1563 est
1095 1535 1199 1577 ergo
1228 1521 1332 1564 Saul
1363 1521 1581 1564 desistens
1615 1522 1817 1576 persequi
1851 1521 2020 1578 David,
2049 1527 2092 1566 et
2129 1523 2333 1579 perrexit

476 1579 523 1622 in
571 1593 804 1622 occursum
842 1579 1227 1624 Philisthinorum.
1271 1581 1457 1637 Propter
1501 1580 1584 1622 1106
1634 1586 1905 1623 vocaverunt
1953 1581 2102 1625 locum
2150 1582 2279 1624 illum
2313 1598 2321 1626 :

478 1638 657 1680 Petram
684 1637 974 1680 dividentem.

537 1697 645 1739 CAP.
671 1697 843 1739 XXIV.
868 1722 928 1729 —
952 1695 965 1721 ¹
985 1695 1202 1738 Ascendit
1229 1710 1333 1752 ergo
1365 1695 1511 1738 David
1545 1695 1669 1750 inde,
1705 1700 1747 1738 et
1772 1694 1994 1737 habitavit
2027 1695 2074 1737 in
2108 1695 2216 1739 locis
2246 1702 2315 1738 tu-

478 1755 661 1798 tissimis
688 1755 910 1810 Engaddi.
937 1754 954 1780 “²
979 1756 1179 1810 Cumque
1204 1769 1404 1798 reversus
1431 1759 1545 1798 esset
1576 1754 1679 1798 Saul
1704 1759 1940 1810 postquam
1965 1760 2221 1811 persecutus
2249 1761 2314 1798 est

479 1815 784 1868 Philisfflraeos,
825 1815 1143 1857 nuntiaverunt
1185 1814 1224 1856 ei
1274 1814 1472 1857 dicentes
1518 1831 1526 1858 :
1579 1814 1695 1856 Ecce
1745 1813 1891 1856 David
1936 1813 1983 1856 in
2032 1813 2204 1857 deserto
2250 1820 2315 1857 est

479 1874 701 1930 Engaddi.
736 1874 1014 1916 3Assumens
1051 1887 1154 1929 ergo
1190 1873 1293 1917 Saul
1327 1874 1411 1915 tria
1446 1873 1587 1916 millia
1621 1873 1862 1916 electorum
1891 1873 2086 1915 virorum
2113 1887 2167 1916 ex
2193 1874 2314 1917 omni

478 1933 637 1984 Israel,
677 1933 869 1989 perrexit
906 1933 963 1976 ad
1000 1932 1366 1988 investigandum
1404 1932 1551 1975 David
1600 1938 1643 1975 et
1684 1932 1801 1975 viros
1842 1932 1959 1988 ejus,
2003 1932 2137 1975 etiam
2185 1947 2315 1990 super

477 1992 815 2049 abruptissimas
833 1997 979 2049 petras
1007 2006 1104 2047 quae
1131 1992 1235 2034 solis
1267 1991 1460 2034 ibicibus
1487 1992 1650 2048 perviae
1672 1996 1788 2034 sunt.
1812 1990 1828 2017 4
1848 1992 1905 2034 Et
1930 1991 2053 2034 venit
2077 1991 2134 2034 ad
2163 1992 2314 2035 caulas

478 2052 627 2094 ovium
654 2066 752 2107 quae
775 2066 820 2094 se
843 2051 1092 2094 offerebant
1115 2051 1281 2106 vianti,
1310 2057 1489 2106 eratque
1512 2051 1573 2093 ibi
1598 2050 1823 2107 spelunca,
1847 2065 1981 2106 quam
2002 2050 2226 2107 ingressus
2250 2058 2314 2094 est

479 2111 582 2155 Saul
619 2116 667 2153 ut
704 2116 913 2167 purgaret
946 2116 1176 2165 ventrem,
1214 2125 1339 2167 porro
1375 2110 1522 2153 David
1557 2116 1599 2153 et
1631 2110 1715 2152 w'ri
1749 2110 1845 2166 ejus
1876 2110 1922 2152 in
1954 2110 2162 2154 interiore
2191 2116 2315 2168 parte

476 2170 701 2227 speluncae
726 2170 942 2213 latebant.
969 2170 986 2196 5
1005 2171 1063 2212 Et
1089 2169 1297 2213 dixerunt
1318 2169 1431 2213 servi
1457 2169 1605 2212 David
1629 2169 1686 2212 ad
1714 2184 1815 2212 eum
1845 2186 1853 2213 :
1885 2171 2001 2213 Ecce
2027 2169 2121 2213 dies
2148 2170 2202 2213 de
2229 2184 2315 2226 qua

478 2230 649 2273 locutus
673 2235 738 2272 est
761 2229 978 2272 Dominus
1005 2229 1060 2272 ad
1084 2235 1127 2271 te
1154 2245 1162 2272 :
1189 2230 1286 2285 Ego
1308 2229 1485 2271 tradam
1507 2229 1589 2271 tibi
1615 2229 1849 2272 inimicum
1870 2234 2010 2285 tuum,
2035 2235 2083 2272 ut
2104 2229 2248 2272 facias
2274 2229 2313 2272 ei

477 2289 591 2332 sicut
628 2289 845 2345 placuerit
884 2288 930 2330 in
973 2288 1112 2331 oculis
1150 2288 1251 2332 11118.
1295 2289 1492 2332 Surrexit
1517 2302 1636 2343 ‘ergo
1675 2288 1843 2343 David,
1879 2294 1922 2332 et
1955 2288 2158 2345 praecidit
2191 2303 2313 2332 oram

478 2348 727 2404 chlamydis
760 2347 864 2392 Saul
894 2347 1087 2392 silenter.
1120 2348 1136 2373 ⁶
1166 2349 1271 2390 Post
1300 2347 1398 2390 haec
1424 2348 1640 2404 percussit
1667 2362 1740 2391 cor
1767 2362 1896 2390 suum
1923 2347 2092 2402 David,
2120 2362 2170 2391 eo
2197 2347 2313 2404 quod

471 2410 737 2455 abscidisset
768 2424 890 2453 oram
916 2409 1169 2466 chlamydis
1200 2409 1319 2453 Saul.
1347 2409 1362 2435 ⁷
1379 2409 1594 2465 Dixitque
1622 2409 1680 2452 ad
1703 2409 1821 2453 viros
1850 2423 1981 2454 suos:
2010 2409 2234 2467 Propitius
2259 2409 2317 2453 sit

473 2470 582 2514 mihi
608 2469 839 2525 Dominus,
852 2483 907 2512 ne
921 2469 1092 2512 faciam
1110 2469 1228 2513 116116
1245 2484 1339 2513 rem
1355 2469 1535 2512 domino
1554 2483 1666 2525 meo,
1681 2469 1846 2513 christo
1866 2469 2062 2524 Domini,
2075 2475 2124 2513 ut
2138 2469 2317 2512 mittam

474 2544 655 2573 manum
688 2543 835 2573 meam
868 2529 913 2571 in
944 2544 1066 2586 eum,
1098 2529 1201 2585 quia
1232 2529 1422 2572 christus
1457 2529 1640 2572 Domini
1671 2529 1756 2573 est!
1784 2528 1874 2571 8Et
1908 2529 2133 2585 confregit
2168 2529 2316 2572 David

473 2590 588 2633 viros
621 2603 721 2633 suos
751 2589 1051 2645 sermonibus,
1079 2595 1123 2632 et
1149 2603 1237 2632 non
1263 2588 1468 2646 permisit
1493 2603 1565 2632 eos
1592 2594 1641 2631 ut
1670 2594 1987 2645 consurgerent
2011 2588 2057 2631 in
2088 2589 2208 2633 Saul.

531 2650 666 2693 Porro
701 2649 826 2705 Saul,
851 2663 1069 2705 exurgens
1103 2649 1158 2693 de
1192 2649 1424 2706 spelunca,
1451 2649 1668 2707 pergebat
1702 2653 1849 2706 coepto
1881 2648 2053 2692 itinere.
2081 2648 2316 2692 9Surrexit

473 2715 621 2752 61116111
648 2714 692 2752 61
720 2708 867 2752 David
895 2714 994 2766 post
1016 2723 1142 2764 eum3
1168 2714 1211 2752 et
1234 2723 1436 2765 egressus
1466 2709 1520 2753 de
1541 2709 1754 2766 spelunca
1777 2708 1992 2751 clamavit
2014 2713 2114 2765 post
2139 2713 2314 2764 tergum

473 2769 597 2823 Saul,
622 2768 774 2812 dicens
804 2785 813 2813 :
841 2769 1031 2812 Domine
1062 2769 1122 2812 mi
1155 2769 1254 2813 rex!
1283 2770 1340 2812 Et
1368 2769 1564 2826 respexit
1590 2769 1695 2814 Saul
1727 2773 1826 2826 post
1855 2782 1924 2822 se,
1951 2773 1993 2812 61
2019 2767 2244 2812 111611116118
2269 2783 2314 2812 86

475 2827 620 2871 David
666 2842 828 2885 pronus
864 2828 912 2870 in
953 2834 1138 2883 terram,
1169 2829 1394 2884 adoravit,
1434 2829 1469 2855 ¹⁰
1491 2829 1691 2885 dixitque
1727 2828 1784 2871 ad
1827 2828 1931 2873 Saul
1966 2845 1974 2871 :
2006 2828 2149 2879 Quare
2186 2827 2314 2871 audis

472 2887 607 2930 verba
631 2887 864 2930 hominum
890 2888 1197 2944 loquentium:
1227 2889 1375 2932 David
1402 2889 1559 2946 quaerit
1586 2889 1753 2932 malum
1779 2887 2018 2932 adversum
2043 2888 2121 2932 te?
2145 2887 2179 2914 ¹¹
2197 2888 2312 2932 Ecce

471 2946 602 2990 hodie
628 2947 836 2990 viderunt
858 2948 974 2990 oculi
1000 2948 1065 2991 tui
1091 2949 1208 3004 quod
1231 2948 1467 2993 tradiderit
1492 2955 1536 2993 16
1561 2949 1778 2992 Dominus
1803 2948 1849 2990 in
1870 2962 2006 2991 manu
2025 2962 2125 2992 mea
2145 2947 2191 2991 in
2217 2962 2311 3005 spe-

472 3005 628 3062 lunca,
650 3013 693 3049 et
723 3007 917 3062 cogitavi
952 3013 1001 3050 ut
1038 3008 1287 3053 occiderem
1313 3015 1377 3065 te,
1401 3009 1479 3053 sed
1509 3009 1706 3067 pepercit
1739 3007 1821 3051 tibi
1858 3008 2010 3052 oculus
2046 3022 2195 3063 meus3
2221 3007 2313 3051 dixi

471 3064 590 3108 enim
619 3082 627 3109 :
656 3066 755 3109 Non
787 3067 1026 3110 extendam
1060 3083 1243 3112 manum
1276 3083 1424 3113 meam
1457 3069 1503 3112 in
1531 3069 1761 3112 dominum
1796 3081 1965 3124 meum,
1994 3067 2096 3125 quia
2123 3067 2315 3111 christus

475 3124 654 3167 Domini
681 3130 761 3168 est.
789 3124 823 3150 ¹²
842 3126 957 3176 Quin
982 3128 1152 3184 potius,
1179 3135 1305 3186 pater
1330 3129 1416 3183 mi,
1446 3128 1569 3184 vide,
1596 3135 1639 3172 et
1665 3142 1883 3184 cognosce
1913 3142 2036 3172 oram
2062 3127 2312 3184 chlamydis

473 3193 560 3226 tuae
585 3184 633 3226 in
660 3199 795 3226 manu
826 3199 945 3241 mea,
969 3187 1200 3243 quoniam,
1228 3202 1329 3231 cum
1356 3188 1700 3246 praescinderem
1731 3187 2036 3232 summitatem
2062 3185 2312 3244 chlamydis

477 3249 581 3299 tuae,
608 3243 730 3286 nolui
769 3244 1008 3288 extendere
1045 3261 1226 3290 manum
1263 3262 1410 3291 meam
1446 3248 1492 3290 in
1533 3254 1590 3292 te.
1618 3247 1962 3303 Animadverte,
1994 3252 2038 3291 et
2070 3246 2172 3290 vide
2205 3259 2310 3303 quo-

475 3301 594 3344 niam
617 3316 705 3345 non
733 3308 798 3346 est
823 3302 868 3344 111
900 3317 1035 3346 11161111
1063 3319 1162 3348 11166
1185 3307 1353 3350 1116111111
1378 3321 1522 3363 neque
1543 3306 1776 3363 iniquitas,
1800 3321 1943 3362 neque
1968 3305 2152 3364 peccavi
2173 3305 2220 3348 in
2240 3310 2309 3360 te3

474 3371 520 3403 tu
561 3368 711 3405 autem
748 3361 976 3406 insidiaris
1009 3364 1172 3408 animae
1210 3380 1321 3410 meae
1359 3372 1408 3410 ut
1444 3367 1626 3410 auferas
1666 3379 1782 3410 eam.
1815 3366 1851 3392 ¹3
1873 3366 2055 3410 Judicet
2092 3364 2310 3409 Dominus

473 3420 589 3464 inter
614 3435 685 3464 me
711 3426 755 3464 et
780 3426 844 3477 te,
877 3427 923 3465 et
954 3422 1195 3466 ulciscatur
1218 3440 1289 3469 me
1320 3426 1539 3469 Dominus
1561 3440 1615 3469 ex
1645 3431 1712 3479 te3
1739 3440 1896 3469 manus
1922 3431 2073 3469 autem
2099 3439 2198 3469 mea
2223 3437 2311 3467 non

471 3478 528 3543 ¹sit
560 3479 607 3521 in
633 3486 690 3523 te.
719 3479 754 3506 ¹4
775 3480 899 3524 Sicut
920 3487 964 3524 et
994 3482 1038 3524 in
1072 3485 1306 3539 proverbio
1339 3486 1522 3542 antiquo
1553 3485 1718 3529 dicitur
1742 3502 1750 3529 :
1775 3485 1846 3528 Ab
1876 3485 2026 3542 impiis
2060 3483 2311 3541 egredietur

470 3539 700 3595 impietas3
728 3555 885 3583 manus
911 3554 1016 3597 ergo
1044 3556 1141 3585 mea
1167 3556 1254 3585 non
1281 3544 1339 3586 sit
1362 3544 1405 3586 in
1429 3551 1485 3588 te.
1510 3544 1544 3571 ¹5
1559 3545 1697 3595 Quem
1724 3545 2019 3601 persequeris,
2041 3558 2118 3587 rex
2140 3541 2311 3586 Israel?

472 3677 520 3710 19]
543 3677 607 3704 1nf.
625 3678 759 3712 xxv1,
776 3681 801 3706 1.
