2391 3861
152 100 241 145 185
811 99 875 140 IV
912 101 1048 141 Esmz.
1084 101 1172 153 VI,
1206 101 1264 143 53
1296 126 1354 133 ——
1387 101 1501 156 VII,
1535 104 1604 145 49.

149 279 279 311 dedisti
307 278 500 317 septimam
525 284 670 316 partem
694 277 905 317 humidam,
922 285 960 310 et
985 277 1143 310 servasti
1167 286 1267 318 eam,
1288 281 1332 310 ut
1356 280 1423 311 fiat
1447 280 1486 311 in
1507 280 1786 313 devorationem
1807 281 1938 320 quibus
1963 281 2038 321 vis,
2056 286 2095 315 et
2113 287 2265 324 quando

148 332 209 362 vis.
239 322 274 348 53
297 330 407 361 Sexto
431 330 556 361 autem
582 328 638 361 die
663 329 854 368 imperasti
876 331 1007 369 terrae,
1033 331 1076 361 ut
1095 331 1238 362 crearet
1262 338 1386 363 coram
1411 332 1448 363 te
1469 332 1658 371 jumenta,
1678 334 1717 365 et
1742 332 1895 374 bestias,
1920 336 1959 366 et
1979 334 2140 374 reptilia.
2162 329 2197 355 5²·
2217 338 2266 370 Et

149 389 255 421 super
276 382 334 413 his
355 381 492 420 Adam,
518 388 629 420 quem
653 380 879 413 constituisti
904 381 1034 414 ducem
1058 389 1169 421 super
1192 382 1367 414 omnibus
1389 382 1499 415 factis
1523 391 1608 424 quae
1627 383 1771 424 fecisti3
1796 386 1834 417 et
1854 394 1900 419 ex
1921 394 1963 418 eo
1986 385 2180 419 educimur
2199 397 2266 422 nos

150 441 293 472 omneS‚
322 441 503 472 quemque
533 433 677 472 elegisti
703 434 890 472 populum.

200 477 234 503 ³³5
254 486 342 517 Haee
366 486 492 517 autem
517 484 638 517 omnia
660 484 735 517 dixi
757 493 879 517 coram
901 486 949 524 te,
968 484 1134 524 Domine,
1156 486 1244 526 quia
1263 487 1415 526 propter
1437 495 1503 518 nos
1528 489 1664 519 creasti
1682 489 1871 521 saeculum.
1891 480 1928 507 ⁵⁶
1943 489 2120 523 Residuas
2138 493 2265 525 autem

147 540 274 577 gentes
297 537 343 569 ab
365 537 484 569 Adam
506 543 614 569 natas
638 537 766 569 dixisti
792 545 854 569 eas
879 537 932 568 nil
953 544 1051 575 esse,
1077 541 1115 570 et
1139 539 1317 577 quoniam
1343 539 1471 570 salivae
1495 538 1711 572 assimilatae
1735 542 1841 581 sunt,
1858 542 1896 574 et
1912 542 2017 581 quasi
2035 542 2267 578 stillicidium

147 590 191 622 de
215 598 302 621 vase
326 588 499 621 similasti
523 589 793 621 abundantiam
815 597 955 621 eorum.
977 581 1011 606 57
1031 589 1080 621 Et
1100 599 1217 628 nunc,
1236 590 1409 630 Domine,
1435 598 1516 622 ecce
1538 591 1624 624 istae
1648 593 1775 630 gentes
1796 601 1880 632 quae
1903 592 1942 625 in
1966 593 2130 627 nihilum
2156 596 2268 635 depu-

146 644 237 673 tatae
261 643 370 681 sunt,
395 642 589 681 coeperunt
609 640 791 673 dominari
816 642 955 680 nostri,
980 642 1017 672 et
1042 642 1231 676 devorare.
1258 634 1294 660 58
1313 642 1387 674 Nos
1411 643 1556 682 autem,
1582 645 1740 683 populus
1759 646 1868 684 tuus,
1894 653 2004 684 quem
2030 646 2169 678 vocasti
2195 647 2268 687 pri-

147 693 376 733 mogenitum
402 693 635 732 unigenitum
666 694 925 725 aemulatorem
950 694 1077 734 tuum,
1098 694 1231 726 traditi
1255 702 1383 726 sumus
1406 693 1445 726 in
1471 695 1645 727 manibus
1669 704 1819 736 eorum;
1847 688 1884 715 59
1901 699 1938 730 et
1967 698 1996 730 si
2026 700 2176 738 propter
2200 707 2268 733 nos

147 747 314 778 creatum
339 749 397 778 est
417 746 615 786 saeculum,
637 753 752 784 quare
773 753 847 777 non
873 745 1122 778 hereditatem
1144 747 1370 786 possidemus
1395 754 1480 778 cum
1501 748 1663 780 saeculo?
1685 748 1887 788 Usquequo
1912 750 2020 783 haec?
2140 784 2143 787 ,

197 797 282 830 CAP.
308 798 393 830 VII.
416 815 459 820 —
484 789 494 814 ¹
516 798 563 829 Et
583 797 726 829 factum
748 799 825 836 est,
851 805 933 829 cum
956 797 1118 830 finissem
1142 799 1246 837 loqui
1263 799 1377 830 verba
1397 798 1496 839 haec,
1517 800 1650 831 missus
1667 801 1724 832 est
1739 801 1786 832 ad
1803 809 1861 833 me
1880 803 2033 841 angelus
2053 802 2117 842 qui
2135 803 2267 836 missus

149 851 272 883 fuerat
297 851 344 882 ad
369 858 427 881 me
451 849 582 889 primis
610 849 798 885 noctibus,
826 842 841 867 ‘²
859 853 898 881 et
922 849 1018 881 dixit
1042 851 1089 882 ad
1115 859 1198 883 me:
1226 851 1359 891 Surge,
1386 851 1523 891 Esdra,
1545 852 1583 883 et
1605 852 1694 884 audi
1719 860 1905 886 sermones
1933 863 2024 893 quos
2048 855 2134 887 veni
2162 855 2266 894 loqui

147 903 192 934 ad
216 906 264 935 te.
286 894 301 920 3
322 902 369 933 Et
395 901 470 933 dixi
488 911 496 933 :
523 902 709 941 Loquere,
733 902 830 933 Deus
852 909 966 933 meus.
995 902 1042 934 Et
1063 901 1160 934 dixit
1183 903 1230 934 ad
1250 911 1334 936 me:
1356 903 1458 935 Mare
1485 904 1650 943 positum
1669 906 1725 936 est
1746 905 1786 936 in
1811 905 1973 945 spatioso
1998 907 2087 944 loco,
2105 908 2150 939 ut
2172 910 2268 940 esset

148 956 266 986 altum
292 957 329 986 et
350 955 583 986 immensum.
613 945 630 971 4
649 953 731 985 Erit
755 956 880 986 autem
905 955 939 985 ei
962 953 1140 986 introitus
1160 956 1199 987 'm
1224 957 1383 994 angusto
1409 956 1488 987 loeo
1515 955 1677 996 positus,
1702 958 1745 988 ut
1769 958 1865 990 esset
1889 957 2015 990 similis
2039 959 2267 993 fluminibus.

149 999 164 1024 5
181 1007 267 1045 Quis
287 1005 384 1038 enim
406 1006 533 1038 volens
555 1005 715 1038 voluerit
737 1006 881 1045 ingredi
906 1014 1027 1046 mare,
1052 1008 1090 1039 et
1113 1007 1237 1039 videre
1262 1016 1364 1047 eum,
1383 1008 1441 1039 vel
1463 1007 1647 1039 dominari
1668 1009 1766 1048 ejuS,
1788 1008 1817 1040 si
1842 1018 1918 1042 non
1938 1010 2132 1043 transierit
2151 1019 2268 1051 angu-

148 1062 266 1098 stum,
292 1058 330 1089 in
354 1057 595 1090 latitudinem
617 1059 798 1097 quomodo
815 1059 943 1090 venire
966 1059 1133 1098 poterit?
1159 1050 1176 1077 6
1195 1060 1291 1091 Item
1315 1059 1418 1091 aliud
1437 1070 1444 1092 :
1468 1059 1609 1092 Civitas
1629 1063 1685 1092 est
1709 1061 1911 1101 aedificata,
1931 1064 1969 1094 et
1993 1062 2109 1102 posita
2129 1063 2168 1095 in
2188 1064 2269 1096 loco

147 1109 373 1151 campestri3
398 1112 453 1142 est
488 1112 614 1142 autem
647 1111 757 1150 plena
789 1111 956 1142 omnium
981 1111 1176 1144 bonorum.
1203 1104 1219 1129 7
1247 1111 1429 1144 introitus
1453 1113 1532 1151 ejus
1558 1114 1740 1152 angustus
1766 1114 1803 1145 et
1826 1113 1866 1147 in
1890 1115 2074 1154 praecipiti
2105 1116 2267 1156 positus,

147 1166 189 1195 ut
211 1164 304 1195 esset
329 1171 351 1194 a
377 1162 518 1194 dextris
536 1163 685 1202 quidem
711 1162 826 1203 ignis,
850 1172 871 1195 a
895 1163 1061 1195 sinistris
1081 1172 1179 1203 aqua
1203 1165 1302 1204 alta3
1328 1156 1345 1182 ⁸
1361 1163 1494 1196 semita
1515 1166 1641 1196 autem
1666 1168 1722 1197 est
1747 1174 1822 1197 una
1846 1167 1921 1198 sola
1945 1168 2045 1199 inter
2062 1175 2121 1199 eos
2138 1167 2268 1208 posita,

147 1217 215 1247 hoc
239 1216 314 1254 est,
336 1214 436 1246 inter
458 1216 583 1254 ignem
607 1217 645 1247 et
665 1223 798 1254 aquam
811 1240 819 1255 ‚
836 1217 879 1246 ut
900 1223 975 1246 non
993 1215 1117 1256 capiat
1137 1217 1284 1255 semita,
1303 1215 1373 1248 nisi
1390 1217 1622 1249 solummodo
1640 1217 1840 1256 vestigium
1856 1218 2024 1251 hominis.
2048 1210 2065 1237 9
2082 1218 2120 1252 Si
2141 1221 2269 1252 autem

148 1267 298 1299 dabitur
322 1268 454 1299 civitas
478 1266 620 1299 homini
645 1266 683 1298 in
701 1267 966 1305 hereditatem,
991 1268 1022 1299 si
1051 1276 1243 1308 nunquam
1269 1268 1520 1308 antepositum
1545 1268 1752 1308 periculum
1777 1270 2057 1312 pertransierit,
2081 1272 2269 1311 quomodo

147 1319 304 1359 accipiet
328 1319 575 1351 hereditatem
600 1320 732 1352 suam?
757 1310 791 1337 1⁰
814 1321 859 1351 Et
880 1319 981 1352 dixi:
1007 1320 1082 1360 sio,
1108 1321 1277 1353 Domine.

201 1372 246 1403 Et
269 1371 362 1403 dixit
383 1372 428 1403 ad
450 1380 529 1404 me:
556 1371 614 1403 Sic
637 1372 693 1404 est
716 1375 753 1404 et
774 1372 891 1404 Israel
917 1380 1013 1412 pars,
1039 1363 1067 1389 11
1085 1373 1242 1413 Propter
1262 1382 1323 1405 eos
1347 1373 1445 1406 enim
1469 1374 1539 1406 feci
1564 1377 1766 1416 saeculum,
1783 1378 1821 1408 et
1841 1377 1991 1415 quando
2012 1377 2268 1416 transgressus

148 1430 202 1456 est
227 1425 346 1455 Adam
371 1423 657 1456 constitutiones
679 1431 788 1460 meas.
805 1424 1011 1464 judicatum
1029 1427 1087 1457 est
1103 1426 1202 1465 quod
1218 1426 1359 1458 factum
1383 1428 1448 1459 est.
1471 1417 1505 1443 12
1522 1426 1571 1458 Et
1592 1427 1685 1459 facti
1703 1429 1790 1460 sunt
1807 1428 1984 1460 introitus
2005 1428 2118 1468 huius
2140 1429 2269 1461 saeculi

148 1475 314 1515 angusti,
341 1477 378 1508 et
403 1476 588 1516 dolentes,
606 1477 644 1508 et
669 1476 865 1516 laboriosi;
887 1477 994 1517 pauci
1019 1479 1147 1510 autem
1171 1479 1210 1510 et
1230 1479 1337 1518 mali,
1358 1480 1395 1510 et
1419 1478 1671 1518 periculorum
1695 1479 1814 1520 pleni,
1834 1482 1871 1512 et
1896 1480 2022 1513 labore
2042 1489 2269 1522 magnopere

148 1529 247 1561 fulti.
271 1520 302 1546 13
319 1527 416 1560 Nam
438 1529 588 1568 majoris
613 1528 738 1560 saeculi
766 1529 946 1562 introitus
971 1529 1123 1570 spatiosi
1151 1532 1189 1563 et
1217 1531 1357 1570 securi,
1381 1532 1421 1577 et
1445 1530 1625 1564 facientes
1652 1531 1951 1565 immortalitatis
1975 1532 2154 1566 fructum.
2181 1524 2213 1551 14
2233 1532 2268 1566 Si

147 1589 233 1620 ergo
256 1579 505 1621 ingredientes
540 1589 615 1613 non
643 1581 798 1613 fuerunt
830 1581 988 1621 ingressi
1015 1583 1079 1622 qui
1103 1582 1256 1623 vivunt,
1281 1584 1443 1622 angusta
1473 1587 1511 1616 et
1536 1591 1636 1616 vana
1664 1584 1761 1625 haec,
1794 1592 1870 1617 non
1901 1586 2080 1625 poterunt
2105 1587 2268 1625 recipere

148 1641 231 1673 quae
250 1634 339 1665 sunt
364 1632 537 1672 reposita.
560 1624 594 1651 15
611 1633 721 1665 Nunc
745 1642 833 1673 ergo
853 1642 966 1673 quare
992 1636 1033 1667 tu
1059 1635 1315 1675 conturbaris,
1340 1643 1424 1667 cum
1449 1635 1498 1667 sis
1523 1636 1802 1676 corruptibilis?
1831 1639 1868 1669 et
1892 1637 1982 1677 quid
2010 1637 2172 1670 moveris
2201 1642 2268 1678 tn,

149 1694 231 1718 cum
259 1686 307 1717 sis
331 1686 528 1717 mortalis?
550 1676 583 1703 16
602 1685 649 1717 Et
675 1694 792 1725 quare
817 1694 892 1718 non
913 1688 1083 1727 accepisti
1111 1688 1149 1719 in
1174 1688 1283 1720 corde
1307 1688 1374 1718 tuo
1398 1688 1495 1726 quod
1521 1690 1577 1719 est
1594 1688 1778 1729 futurum,
1800 1690 1863 1721 sed
1883 1690 1982 1728 quod
2000 1690 2038 1720 in
2060 1691 2267 1728 praesenti?

202 1729 232 1755 17
252 1738 452 1778 Respondi,
477 1740 515 1770 et
540 1738 645 1770 dixi:
672 1738 892 1771 Dominator
918 1739 1092 1779 Domine,
1113 1747 1198 1772 ecce
1225 1737 1439 1778 disposuisti
1462 1740 1541 1779 lege
1569 1742 1654 1781 tua,
1675 1741 1853 1780 quoniam
1879 1740 1967 1780 justi
1997 1741 2268 1774 hereditabunt.

148 1791 246 1829 haec,
272 1791 378 1830 impii
403 1792 530 1823 autem
550 1790 742 1830 peribunt.
759 1782 792 1808 ¹⁸
807 1790 908 1823 Justi
930 1794 1056 1824 autem
1081 1792 1205 1824 ferent
1230 1793 1412 1831 angusta,
1434 1794 1626 1831 sperantes
1646 1794 1828 1833 spatiosa;
1854 1794 1918 1832 qui
1939 1793 2036 1825 enim
2057 1793 2170 1833 impie
2193 1802 2268 1833 ges-

148 1845 295 1883 serunt,
316 1844 353 1874 et
380 1846 542 1882 angusta
566 1844 666 1882 passi
695 1845 802 1883 sunt,
823 1849 860 1875 et
889 1843 1049 1882 spatiosa
1072 1852 1148 1876 non
1173 1844 1366 1876 videbunt.
1392 1835 1426 1862 19
1444 1845 1492 1875 Et
1516 1843 1612 1875 dixit
1641 1846 1689 1877 ad
1713 1853 1796 1877 me:
1825 1845 1908 1876 Non
1932 1847 1990 1877 est
2021 1845 2134 1885 judex
2157 1854 2269 1886 super

150 1894 288 1934 Deum,
316 1902 434 1934 neque
458 1895 668 1934 intelligens
694 1904 803 1934 super
828 1896 1073 1928 Altissimum.
1097 1887 1134 1914 20
1152 1896 1317 1928 Pereunt
1337 1895 1434 1928 enim
1464 1895 1575 1928 multi
1600 1899 1823 1936 praesentes,
1844 1897 1933 1936 quia
1961 1896 2165 1936 negligitur
2186 1906 2271 1936 quae

148 1946 359 1986 anteposita
379 1949 436 1978 est
452 1947 519 1979 Dei
538 1948 607 1979 lex.
624 1938 653 1964 21
672 1948 854 1979 Mandans
871 1949 968 1979 enim
986 1948 1182 1980 mandavit
1199 1949 1298 1980 Deus
1316 1947 1551 1980 venientibus
1562 1972 1572 1985 ,
1591 1949 1739 1987 quando
1756 1950 1943 1981 venerunt
1954 1973 1963 1986 ,
1980 1948 2070 1988 quid
2089 1949 2271 1982 facientes

149 1998 335 2036 viverent,
361 2001 398 2031 et
430 1999 522 2038 quid
545 2000 782 2032 observantes
806 2007 880 2032 non
904 2000 1143 2040 punirentur.
1170 1990 1209 2018 22
1225 2000 1276 2032 Hi
1302 2001 1428 2032 autem
1457 2007 1532 2032 non
1564 2002 1654 2032 sunt
1681 2001 1865 2041 persuasi,
1890 2003 1929 2033 et
1956 2002 2272 2034 contradixerunt

150 2050 201 2091 ei,
230 2053 267 2083 et
292 2051 575 2084 constituerunt
599 2051 669 2083 sibi
694 2053 906 2091 cogitamen
935 2052 1131 2092 vanitatis,
1161 2043 1196 2070 23
1214 2054 1252 2084 et
1277 2055 1553 2092 proposuerunt
1581 2051 1648 2085 sibi
1673 2053 2007 2085 circumventiones
2027 2052 2270 2094 delictorum,

148 2109 186 2135 et
205 2103 495 2143 superdixerunt
523 2103 719 2137 Altissimo
743 2112 818 2137 non
846 2112 939 2144 esse,
965 2106 1004 2137 et
1024 2104 1100 2137 vias
1126 2105 1203 2144 ejus
1232 2112 1307 2136 non
1338 2106 1607 2144 cognoverunt.
1634 2097 1671 2123 24
1694 2105 1742 2137 Et
1770 2106 1887 2145 legem
1913 2106 1991 2145 ejus
2020 2108 2270 2146 spreverunt,

144 2159 180 2189 et
204 2157 417 2196 sponsiones
433 2158 513 2196 ejus
535 2157 832 2196 abnegaverunt,
859 2162 895 2187 et
918 2157 955 2187 in
977 2158 1154 2195 legitimis
1175 2158 1255 2196 ejus
1280 2157 1390 2189 fidem
1415 2165 1489 2188 non
1509 2157 1739 2194 habuerunt,
1762 2159 1798 2189 et
1823 2165 1932 2196 opera
1956 2158 2036 2197 ejus
2063 2166 2133 2189 non
2159 2158 2276 2196 perfe-

150 2211 290 2241 cerunt.
313 2201 350 2226 25
369 2209 525 2248 Propter
549 2209 638 2246 hoc,
661 2209 797 2248 Esdra,
818 2217 935 2241 vacua
957 2211 1099 2249 vacuis,
1124 2211 1162 2241 et
1182 2211 1291 2249 plena
1311 2210 1438 2249 plenis.

201 2251 234 2278 ²⁶
254 2261 345 2294 Ecce
369 2263 515 2301 tempus
536 2262 681 2301 veniet,
705 2267 744 2293 et
768 2261 842 2294 erit
870 2263 1018 2301 quando
1043 2261 1196 2294 venient
1224 2261 1329 2301 signa
1353 2270 1437 2301 quae
1464 2262 1621 2302 praedixi
1650 2262 1735 2303 tibi,
1765 2264 1802 2295 et
1832 2262 2027 2302 apparebit
2051 2271 2202 2303 sponsa,
2231 2266 2270 2295 et

148 2322 385 2354 apparescens
410 2314 630 2345 ostendetur
651 2322 736 2353 quae
756 2322 856 2346 nunc
879 2313 1102 2347 subducitur
1118 2316 1224 2346 terra
1236 2324 1245 2354 ;
1268 2306 1303 2332 ²7
1321 2315 1358 2346 et
1379 2314 1498 2346 omnis
1515 2314 1579 2354 qui
1601 2315 1782 2347 liberatus
1799 2316 1855 2347 est
1872 2316 1916 2347 de
1937 2316 2128 2355 praedictis
2146 2315 2270 2355 malis,

149 2366 223 2406 ipse
248 2366 389 2398 videbit
413 2366 599 2398 mirabilia
623 2374 714 2399 mea.
741 2357 775 2384 28
794 2366 1035 2399 Revelabitur
1055 2367 1154 2399 enim
1171 2366 1271 2399 filius
1289 2375 1392 2399 meus
1412 2367 1436 2398 J
1440 2375 1522 2399 esus
1539 2375 1623 2399 cum
1640 2367 1698 2399 his
1714 2367 1777 2406 qui
1795 2375 1882 2399 cum
1898 2375 1942 2400 eo
1958 2369 2046 2400 sunt
2058 2392 2066 2407 ‚
2081 2368 2116 2401 ei
2139 2368 2270 2407 jucun-

150 2419 341 2451 dabuntur
367 2418 430 2458 qui
455 2418 576 2451 relicti
600 2420 690 2450 sunt
714 2420 753 2451 in
777 2418 883 2451 annis
907 2418 1205 2459 quadringentis.
1224 2409 1260 2436 29
1278 2419 1327 2451 Et
1350 2418 1424 2451 erit
1447 2425 1531 2459 post
1548 2428 1665 2451 annos
1686 2419 1770 2460 hos,
1791 2422 1829 2452 et
1846 2419 2030 2451 morietur
2047 2420 2144 2452 filius
2166 2427 2270 2451 meus

147 2471 335 2511 chrisum,
361 2474 399 2503 et
420 2479 548 2503 omnes
572 2470 635 2511 qui
660 2472 930 2510 spiramentum
952 2471 1091 2503 habent
1111 2471 1288 2503 homineS.
1308 2462 1345 2489 30
1363 2471 1413 2503 Et
1429 2474 1675 2504 convertetur
1691 2473 1868 2504 saeculum
1888 2472 1927 2504 in
1948 2471 2145 2511 antiquum
2163 2471 2270 2503 sile-n-

148 2523 241 2555 tium
275 2523 403 2556 diebus
435 2526 596 2564 septem,
631 2524 726 2555 sicut
758 2526 797 2556 in
829 2522 1012 2563 prioribus
1045 2524 1208 2564 judiciis,
1240 2523 1294 2555 ita
1319 2525 1363 2556 ut
1390 2532 1498 2556 nemo
1526 2525 1826 2564 derelinquatur.
1853 2515 1885 2543 31
1911 2525 1958 2556 Et
1987 2523 2058 2556 erit
2085 2525 2170 2564 post
2195 2524 2271 2555 dies

149 2578 310 2615 septem,
336 2581 374 2608 et
399 2575 628 2609 excitabitur
648 2576 747 2615 quod
775 2576 943 2608 nondum
969 2575 1101 2615 vigilat
1125 2577 1322 2616 saeculum,
1347 2577 1386 2608 et
1410 2576 1592 2609 morietur
1621 2578 1858 2616 corruptum3
1886 2567 1922 2595 32
1944 2577 1981 2609 et
2009 2578 2113 2609 terra
2140 2576 2272 2608 reddet

148 2636 231 2667 quae
255 2627 294 2660 in
318 2637 362 2661 ea
387 2628 600 2668 dormiunt,
625 2629 664 2661 et
691 2628 812 2667 pulvis
841 2628 904 2668 qui
929 2628 966 2660 in
991 2637 1032 2661 8ο
1061 2628 1211 2661 silentio
1239 2628 1433 2667 habitant,
1463 2630 1502 2661 et
1529 2629 1790 2669 promptuaria
1814 2629 1971 2661 reddent
1998 2636 2082 2668 quae
2100 2628 2152 2661 eis
2175 2635 2271 2659 com-

148 2681 333 2713 mendatae
358 2682 447 2713 suut
467 2680 616 2713 aniinae.
643 2672 679 2699 33
698 2680 746 2712 Et
771 2680 999 2713 revelabitur
1021 2680 1236 2713 Altissimus
1265 2689 1375 2720 super
1396 2681 1518 2713 sedem
1539 2681 1688 2721 judicii,
1713 2683 1752 2713 et
1776 2679 2062 2721 pertransibunt
2085 2680 2271 2719 miseriae,

148 2734 186 2764 et
205 2732 472 2772 longanimitas
494 2732 792 2772 congregabitur,
821 2724 856 2751 34
874 2733 1065 2765 Judicium
1089 2735 1215 2765 autem
1243 2734 1362 2765 solum
1388 2734 1615 2772 remanebit,
1637 2734 1777 2766 veritas
1802 2733 1938 2773 stabit,
1962 2734 2000 2765 et
2024 2733 2114 2766 fides
2139 2739 2270 2764 conva-

149 2786 277 2824 lescet,
309 2776 345 2803 35
362 2787 400 2817 et
421 2793 510 2825 opus
535 2785 792 2825 subsequetur,
817 2787 856 2817 et
881 2793 1018 2818 merces
1044 2786 1275 2825 ostendetur,
1294 2786 1332 2818 et
1355 2785 1514 2824 justitiae
1537 2785 1768 2825 vigilabunt,
1789 2787 1827 2818 et
1848 2784 2043 2826 injustitiae
2063 2793 2139 2818 non
2157 2783 2270 2816 domi-

147 2836 350 2869 nabuntur.

199 2879 235 2906 36
254 2889 304 2921 Et
325 2889 402 2921 dixi
426 2899 433 2921 :
451 2889 599 2921 Primus
617 2888 808 2920 Abraham
827 2890 978 2928 propter
996 2887 1206 2920 Sodomitas
1222 2888 1359 2928 oravit,
1376 2889 1416 2920 et
1436 2888 1584 2927 Moyses
1604 2896 1670 2927 pro
1691 2888 1862 2927 patribus
1883 2887 1947 2928 qui
1967 2889 2007 2920 in
2024 2888 2172 2919 deserto
2189 2893 2270 2925 pec·

144 2943 345 2982 caverunt,
370 2932 405 2959 ³⁷
427 2943 465 2973 et
485 2940 549 2980 qui
570 2945 654 2980 post
675 2949 761 2972 eum
781 2948 848 2979 pro
869 2941 986 2972 Israel
1006 2940 1046 2971 in
1066 2940 1196 2971 diebus
1215 2939 1343 2971 Achaz
1359 2942 1399 2972 et
1417 2939 1616 2980 Samuelis,
1647 2931 1684 2957 3⁸
1701 2945 1740 2972 et
1764 2940 1886 2972 David
1905 2947 1973 2981 pro
1995 2937 2272 2980 confractione,

149 2997 187 3026 et
209 2993 379 3026 Salomon
403 3002 470 3033 pro
495 2993 544 3025 eis
570 2994 633 3032 qui
658 2997 843 3026 venerunt
863 2994 901 3026 in
925 2994 1268 3026 sanctificationem.
1295 2986 1332 3013 39
1350 2994 1398 3026 Et
1418 2993 1516 3025 Elias
1536 3002 1603 3034 pro
1619 2994 1677 3026 his
1693 2995 1756 3034 qui
1780 2994 1945 3034 pluviam
1966 2993 2208 3034 acceperunt,
2231 2995 2270 3025 et

150 3054 215 3085 pro
239 3050 389 3077 mortuo
413 3047 458 3077 ut
480 3046 635 3078 viveret.
659 3038 696 3064 40
715 3046 762 3077 Et
784 3046 958 3078 Ezechias
986 3053 1052 3086 pro
1073 3047 1208 3086 populo
1231 3046 1270 3078 in
1294 3046 1423 3078 diebus
1448 3045 1712 3086 Sennacherib,
1737 3049 1776 3079 et
1799 3046 1910 3078 multi
1931 3054 1998 3087 pro
2024 3046 2163 3078 multis.
2182 3035 2214 3062 ‘⁴¹
2233 3043 2269 3077 Si

150 3105 237 3136 ergo
261 3098 369 3129 modo
391 3098 540 3137 quando
557 3097 801 3137 corruptibile
825 3097 1002 3138 increvit,
1020 3100 1058 3130 et
1082 3098 1269 3138 injustitia
1286 3097 1538 3137 multiplicata
1559 3100 1633 3137 est,
1654 3101 1692 3131 et
1717 3100 1921 3131 oraverunt
1937 3098 2028 3138 justi
2049 3105 2116 3138 pro
2136 3095 2269 3136 impiis,

150 3157 262 3188 quare
287 3151 326 3182 et
354 3158 454 3181 nunc
474 3149 525 3181 sic
543 3157 617 3181 non
643 3150 740 3182 erit?
761 3141 798 3167 ⁴¹⁶2
816 3150 865 3182 Et
886 3150 1075 3189 respondit
1100 3151 1148 3182 ad
1168 3159 1245 3189 me,
1269 3152 1308 3183 et
1329 3149 1426 3182 dixit
1443 3160 1452 3183 ε
1473 3151 1643 3183 Praesens
1663 3152 1841 3183 saeculum
1866 3159 1942 3182 non
1963 3151 2019 3182 est
2035 3147 2131 3187 finiS,
2149 3149 2270 3186 gloria

150 3200 187 3232 in
212 3209 254 3234 eo
274 3202 451 3241 frequens
477 3203 623 3240 manet,
649 3204 801 3241 propter
821 3201 890 3234 hoc
909 3204 1115 3234 oraverunt
1143 3211 1208 3242 pro
1232 3202 1419 3235 invalidis.
1441 3193 1478 3220 ⁴3
1497 3202 1581 3235 Dies
1605 3204 1703 3236 enim
1729 3202 1857 3242 judicii
1883 3203 1956 3235 erit
1981 3201 2063 3234 finis
2088 3201 2267 3240 temporis

151 3253 279 3293 hujuS‚
298 3256 337 3286 et
358 3253 507 3286 initium
528 3254 708 3293 temporis
730 3255 873 3287 futurae
893 3254 1207 3294 immortalitatis,
1228 3254 1266 3286 in
1290 3263 1362 3294 quo
1386 3254 1564 3286 transivit
1592 3256 1823 3294 corruptela;
1849 3246 1885 3272 Ψ·
1907 3254 2029 3286 soluta
2055 3255 2110 3284 cst
2135 3252 2268 3285 intem-

151 3305 337 3346 perantia,
355 3305 510 3338 abscissa
532 3307 589 3338 est
608 3304 855 3338 incredulitas
869 3316 878 3346 ;
903 3306 1022 3338 crevit
1038 3310 1162 3339 autem
1181 3306 1346 3347 justitia,
1364 3309 1449 3338 orta
1467 3309 1524 3339 est
1540 3306 1695 3339 veritas.
1714 3299 1752 3324 45
1766 3307 1870 3339 Tunc
1887 3306 1984 3338 enim
2004 3312 2113 3337 nemo
2130 3303 2268 3344 poterit

152 3358 298 3389 salvare
322 3366 405 3389 eum
431 3358 494 3397 qui
517 3357 645 3398 periit,
675 3366 795 3397 neque
819 3358 1031 3397 demergere
1057 3360 1119 3397 qui
1144 3359 1242 3390 vicit.

205 3408 251 3440 Et
276 3409 464 3449 respondi,
481 3400 519 3427 46
536 3415 576 3442 et
596 3410 673 3442 dixi
691 3421 698 3444 :
720 3410 788 3442 Hic
809 3412 865 3442 est
888 3418 1008 3442 sermo
1028 3419 1131 3442 meus
1156 3411 1298 3450 primus
1322 3413 1361 3444 et
1380 3411 1604 3444 novissimus
1616 3436 1625 3452 ,
1642 3412 1817 3452 quoniam
1835 3409 1968 3442 melius
1985 3414 2068 3442 erat
2085 3418 2159 3442 non
2177 3410 2267 3442 dare

152 3461 296 3492 terram
321 3462 460 3502 Adam,
481 3462 540 3494 vel
566 3471 649 3494 cum
673 3463 747 3502 jam
769 3461 947 3502 dedisset,
973 3470 1139 3495 coercere
1160 3471 1244 3495 eum
1269 3464 1313 3495 ut
1336 3471 1411 3495 non
1437 3465 1614 3503 peccaret.
1641 3455 1678 3481 ‘⁰7
1691 3462 1785 3502 Quid
1814 3460 1910 3494 enim
1937 3462 2088 3501 prodest
2112 3460 2267 3494 homini-

154 3509 242 3549 bllS,
268 3511 304 3543 in
334 3513 509 3552 praesenti
535 3515 658 3546 vivere
679 3514 716 3546 in
737 3513 911 3555 tristitia,
935 3516 973 3546 et
993 3517 1159 3547 mortuos
1185 3523 1334 3554 sperare
1362 3515 1595 3555 punitionem
1610 3517 1627 3548 Ρ
1653 3507 1691 3534 ⁴⁸
1707 3515 1736 3548 O
1756 3516 1818 3553 tu,
1843 3512 1931 3552 quid
1952 3513 2093 3554 fecisti,
2115 3513 2266 3546 Adam?

155 3560 189 3594 Si
210 3564 307 3594 enim
333 3565 376 3596 tu
404 3568 581 3605 peccasti,
605 3574 678 3598 non
698 3568 756 3598 est
781 3566 904 3598 factus
928 3566 1040 3598 solius
1065 3571 1152 3599 tuus
1177 3575 1302 3607 casus,
1327 3567 1390 3600 sed
1414 3569 1451 3599 et
1475 3570 1603 3599 noster
1627 3567 1690 3607 qui
1718 3573 1763 3599 ex
1787 3567 1824 3597 te
1853 3565 2085 3599 advenimus.
2112 3557 2150 3584 ⁴9
2170 3565 2267 3605 Quid

154 3613 252 3646 enim
282 3615 429 3654 prodest
450 3617 569 3657 nobis,
596 3619 627 3649 si
656 3617 876 3657 promissum
902 3620 958 3650 est
978 3619 1083 3651 nobis
1104 3618 1314 3651 immortale
1335 3620 1499 3659 tempus,
1524 3626 1589 3650 nos
1613 3620 1738 3651 autem
1763 3616 1937 3650 mortalia
1959 3625 2071 3659 opera
2096 3617 2266 3658 egimus?
