2391 3861
714 179 733 221 Ι
767 181 929 222 Tunss.
965 179 1018 231 V,
1058 179 1216 221 12-28.
1763 177 1873 219 1307

567 396 589 448 ξ
624 393 711 435 ΙΙΙ.
746 418 803 425 --
836 393 955 435 Alz’ae
987 392 1146 447 ressulcc
1178 406 1359 434 morum.

111 508 146 536 ¹²
167 510 390 563 Rogamus
416 513 564 552 autern
587 522 685 556 VOS,
713 507 894 561 fratres,
919 512 964 549 ut
988 506 1195 549 noveritis
1218 520 1290 549 cos
1317 505 1389 561 qui
1414 505 1615 547 laborant
1636 503 1750 546 inter
1777 516 1875 556 vos,

51 574 92 611 et
120 576 313 623 praesunt
333 567 456 609 vobis
480 567 523 609 in
545 566 747 620 Domino,
775 573 819 609 et.
846 572 1024 608 monent
1049 580 1125 607 vos
1146 582 1154 619 ;
1181 564 1215 591 ¹³
1233 570 1279 606 ut
1305 563 1505 606 habeatis
1526 563 1625 605 illos
1649 561 1876 604 abundan-

51 626 135 668 tius
159 627 201 669 in
231 626 446 668 charitate
472 631 650 681 propter
674 640 782 680 opus
809 624 1012 677 iilorum3
1041 638 1195 679 pacem
1222 623 1381 666 habete
1407 637 1506 664 cum
1533 622 1608 665 eis.

114 685 144 711 ¹¹
168 687 391 739 Rogamus
413 690 561 727 autem
590 698 685 737 vos,
715 684 895 739 fratres,
924 682 1128 738 corripit-e
1158 681 1396 738 inquietos,
1428 680 1717 724 consolamini
1741 679 1874 737 pusil-

51 744 256 795 lauimes,
284 743 496 798 suscipite
528 742 743 791 infirmos,
771 742 990 798 patientes
1017 746 1155 784 estote
1180 741 1236 782 ad
1264 746 1427 783 omnes,
1456 739 1487 765 ¹5
1506 739 1667 783 Videte
1697 754 1751 782 ne
1781 739 1877 794 quis

50 803 216 844 malum
244 817 320 857 pro
345 802 460 844 malo
484 801 615 843 alicui
644 801 828 855 rethiam
856 801 930 844 sed
957 814 1130 856 semper
1155 799 1269 855 quod
1293 798 1457 841 bonum
1480 804 1546 841 est
1575 798 1805 841 sectamini
1832 797 1877 840 in

49 861 262 915 invicem,
303 865 346 903 et
380 860 426 902 in
466 873 629 902 omnes.
674 859 706 885 ¹⁰
733 861 910 916 Semper
947 858 1150 914 gaudete.
1188 857 1221 883 ¹⁷
1250 857 1354 900 Sine
1386 857 1710 900 intermissione
1743 862 1877 899 orate.

55 919 86 945 ¹⁸
107 920 158 962 In
182 919 387 962 omnibus
413 918 581 974 gratias
606 919 755 973 agite;
787 919 884 961 haec
911 923 977 962 est
1002 917 1119 960 enim
1143 916 1347 960 voluntas
1379 915 1461 959 Dei
1490 915 1535 958 in
1558 915 1730 959 Christo
1756 916 1785 958 J
1789 930 1877 970 esu,

50 978 97 1021 in
119 978 322 1021 omnibus
347 977 486 1020 vobis.
514 976 546 1003 ¹9
564 977 776 1033 Spiritum
808 977 944 1020 nolite
967 976 1239 1031 extinguere.
1267 974 1304 1002 ‘²0
1324 974 1582 1031 Prophetias
1606 974 1741 1017 nolite
1762 988 1879 1031 sper-

50 1051 166 1080 nere.
190 1035 222 1062 ‘2¹
246 1037 405 1080 Omnia
428 1042 578 1079 autem
603 1036 806 1092 probate,
831 1035 946 1091 quod
969 1035 1135 1078 bonum
1164 1039 1230 1078 est
1260 1039 1418 1077 tenete.
1442 1032 1479 1058 2⁸2
1497 1033 1567 1076 Ab
1590 1033 1709 1076 omni
1735 1033 1881 1089 specie

52 1095 168 1138 mala
190 1095 411 1138 abstinete
435 1110 523 1138 vos.

762 1195 1182 1251 EPILOGUS

109 1331 146 1359 ‘²3
165 1333 265 1389 Ipse
293 1338 442 1375 autem
469 1334 587 1377 Deus
617 1333 738 1390 pacis
765 1333 1012 1376 sanctificet
1041 1347 1118 1376 vos
1146 1347 1221 1389 per
1246 1331 1407 1388 omnia,
1435 1337 1483 1374 ut
1506 1330 1680 1387 integer
1704 1330 1883 1386 spiritus

50 1397 205 1445 vester,
234 1398 277 1435 et
311 1391 482 1446 anima,
511 1397 554 1435 et
580 1406 735 1448 corpus
768 1392 863 1436 sine
896 1391 1072 1448 querela
1097 1392 1143 1433 in
1176 1391 1374 1434 adventu
1407 1389 1586 1434 Domini
1611 1389 1749 1433 nostri
1774 1389 1885 1441 Jesul

51 1450 213 1494 Christi
236 1456 446 1494 servetur.
471 1449 507 1477 2²
528 1451 693 1494 Fidelis
716 1451 874 1506 estqui
893 1451 1071 1494 vocavit
1089 1464 1190 1505 v0s3
1216 1450 1288 1506 qui
1311 1450 1447 1493 etiam
1464 1449 1617 1493 faciet.
1640 1448 1676 1476 25
1692 1449 1881 1503 Fratres,

52 1516 172 1553 orate
199 1523 275 1566 pro
305 1509 446 1552 nobis.
472 1508 508 1536 ‘2⁶
525 1509 726 1553 Salutate
748 1510 909 1553 fratres
933 1524 1083 1553 omnes
1112 1510 1158 1552 in
1185 1509 1335 1553 osculo
1360 1514 1527 1553 sancto.
1551 1507 1585 1535 2⁷
1605 1507 1780 1564 Adjuro
1806 1520 1883 1550 vos

50 1583 127 1625 per
154 1568 408 1623 Dominum,
437 1574 485 1611 ut
512 1568 685 1624 legatur
706 1569 893 1624 epistola
918 1569 1016 1611 haec
1043 1568 1246 1611 omnibus
1275 1568 1441 1611 sanctis
1467 1567 1696 1610 fratribus.
1720 1565 1756 1594 ΞΒ
1775 1566 1883 1610 Gra-

52 1627 111 1670 tia
141 1627 320 1670 Domini
347 1626 484 1669 nostri
512 1627 616 1669 Jesu
646 1627 807 1670 Christi
831 1627 1075 1670 vobiscum.
1102 1627 1262 1670 Amen.

53 1787 100 1819 15]
121 1787 217 1813 Prov.
233 1786 344 1819 XVII,
364 1788 398 1813 13
415 1788 449 1813 et
467 1784 542 1855 Χὶῐζ,
560 1786 604 1812 22.
623 1783 719 1810 Rom.
734 1782 815 1818 XII,
834 1785 877 1810 17.
898 1782 912 1810 Ι
933 1783 1021 1810 Petr.
1042 1783 1107 1818 III,
1124 1785 1197 1811 9.—
1216 1783 1262 1816 17]
1283 1781 1384 1811 Eccli.
1403 1783 1535 1817 XVIII,
1549 1785 1593 1810 22.
1612 1782 1691 1810 Luc.
1713 1782 1843 1818 XVIII,
1859 1784 1887 1812 1,

53 1829 120 1857 Col.
140 1829 196 1864 lv,
213 1831 239 1856 2.
257 1844 293 1848 —-
314 1829 360 1862 24]
386 1829 400 1856 Ι
418 1828 490 1856 Cor.
524 1847 532 1863 ‚
548 1829 572 1855 9.

1950 518 2068 547 Officia
2086 518 2173 547 circa

1975 562 2134 595 praesulcs
2146 583 2153 595 ,

1951 695 2030 720 ert-m
2048 687 2170 715 fratres:

1981 736 2015 759 et.
2035 732 2148 759 Deum.

1969 1348 1993 1375 A
2000 1344 2170 1380 pprecatio

1960 1393 1994 1418 et
2008 1387 2179 1418 salutatio.
