2456 3861
227 1697 387 1727 Ezechias

218 1742 327 1770 mittit
347 1742 387 1770 ad

235 1786 355 1815 Isaiam
368 1807 374 1821 ‚

210 2287 266 2319 qui
287 2285 391 2319 ipsius

199 2338 288 2363 spem
308 2328 420 2362 erigit.

234 2578 374 2607 Litterae

200 2622 310 2656 impiae
328 2624 406 2651 Sen-

219 2666 388 2695 nacherib.

260 3293 357 3322 Fides

232 3337 389 3366 Ezechiae.

495 155 581 198 370
968 151 1033 192 IV
1070 151 1181 193 REG.
1215 149 1402 202 XVIII,
1436 149 1492 193 28
1523 174 1583 183 —-
1615 149 1749 203 XIX,
1785 149 1851 192 162

494 338 579 365 non
602 321 747 377 potius
775 319 832 362 ad
855 318 971 362 viros
997 318 1070 374 qui
1093 317 1248 361 sedent
1276 331 1407 374 super
1432 331 1628 373 murum,
1654 320 1704 359 ut
1736 317 1972 360 comedant
2003 323 2194 362 stercora
2227 335 2328 376 sua,

493 396 532 423 6(
558 380 713 422 bibant
735 378 910 420 urinam
930 391 1056 420 suam
1075 376 1336 420 vobiscum?
1359 374 1395 402 ‘28
1415 375 1547 419 Stetit
1567 375 1718 431 itaque
1741 374 1975 431 RabsaceS,
1995 381 2039 418 et
2060 377 2329 422 exclamavit

494 452 600 481 voce
625 451 803 493 magna,
826 436 1018 492 judaice,
1041 440 1085 479 et
1108 435 1173 478 ait
1194 451 1203 479 ε
1225 434 1393 478 Audite
1410 434 1546 478 verba
1566 434 1683 491 regis
1706 434 1872 491 magni,
1894 434 2012 490 regis
2030 435 2327 491 Assyriorum.

493 497 528 523 *⁹
548 497 661 539 Haec
689 495 799 539 dicit
822 509 900 538 rex
921 512 930 539 :
957 496 1056 538 Non
1080 508 1157 537 vos
1183 494 1367 538 seducat
1392 493 1628 550 Ezechias,
1651 508 1740 537 non
1761 493 1882 537 enim
1903 493 2065 550 poterit
2087 508 2237 538 eruere
2253 510 2330 540 vos

493 557 545 599 de
574 570 709 598 manu
739 569 850 597 mea.
874 554 911 581 3⁰
929 555 1083 610 Neque
1108 553 1320 597 fiduciam
1345 553 1470 597 vobis
1496 553 1664 596 tribuat
1689 567 1819 609 super
1849 552 2112 609 Dominum,
2145 553 2297 597 dicens
2319 570 2330 599 ι

491 617 660 659 Eruens
686 614 895 657 liberabit
916 628 994 656 nos
1018 613 1256 669 Dominus,
1280 618 1324 656 et
1348 627 1436 656 non
1458 612 1658 655 tradetur
1680 611 1839 655 civitas
1860 611 1958 655 haec
1983 611 2030 654 in
2054 627 2189 655 manu
2213 613 2331 669 regis

490 674 788 730 Assyriorum.
812 672 846 699 31
867 673 1018 716 Nolite
1041 673 1196 716 audire
1223 672 1484 726 Ezechiam,
1509 672 1607 714 haec
1634 671 1753 714 enim
1775 670 1885 714 dicit
1909 685 1988 714 rex
2012 671 2297 727 Assyriorum
2320 689 2329 716 :

490 733 646 776 Facite
678 747 854 776 mecum
886 732 1002 788 quod
1035 731 1161 775 vobis
1195 737 1260 775 est
1292 731 1421 788 utile,
1456 736 1500 774 et
1533 730 1797 787 egredimini
1830 729 1888 773 ad
1925 744 2015 786 me,
2053 736 2097 774 et
2130 732 2332 775 comedet

489 792 790 848 unusquisque
824 791 877 835 de
906 791 1037 835 vinea
1070 805 1149 834 sua
1182 797 1226 835 et
1260 791 1314 834 de
1345 791 1431 834 ficu
1465 805 1565 846 sua,
1600 795 1643 834 et
1671 789 1834 833 bibetis
1867 803 2005 845 aquas
2040 789 2094 833 de
2130 790 2331 834 cisternis

490 851 673 907 vestris,
705 851 742 878 32
767 851 908 894 donec
942 851 1139 907 veniam,
1175 855 1218 894 et
1250 850 1519 894 transferam
1553 864 1632 893 vos
1664 849 1711 892 in
1745 854 1907 892 terram
1942 863 2041 904 quae
2073 848 2234 892 similis
2267 856 2333 894 est

491 916 619 954 terrae
652 916 832 967 vestrae,
861 910 909 953 in
937 915 1101 954 terram
1137 910 1444 966 fructiferam,
1476 916 1519 953 et
1551 908 1751 952 fertilem
1783 908 1898 964 vini,
1933 913 2096 951 terram
2128 909 2256 966 panis
2290 915 2333 952 et

489 969 734 1026 vinearum,
757 976 921 1013 terram
943 970 1174 1025 olivarum,
1195 974 1237 1012 et
1260 969 1343 1012 olei
1366 983 1418 1011 ac
1441 968 1602 1023 mellis,
1628 973 1672 1011 et
1693 967 1867 1024 vivetis,
1892 971 1935 1011 et
1956 981 2044 1010 non
2067 968 2332 1012 moriemini.

489 1029 640 1073 Nolite
661 1029 815 1073 audire
839 1029 1099 1084 Ezechiam,
1123 1028 1196 1084 qui
1223 1042 1300 1071 vos
1331 1027 1519 1085 decipit,
1544 1027 1696 1070 dicens
1719 1043 1728 1071 z
1757 1026 1974 1070 Dominus
2005 1027 2214 1070 liberavit
2238 1042 2331 1072 nos.

489 1088 526 1115 33
542 1088 773 1144 Numquid
791 1088 1092 1131 liberaverunt
1115 1087 1175 1130 dii
1198 1087 1401 1143 gentium
1422 1092 1585 1129 terram
1607 1100 1734 1129 suam
1756 1085 1810 1129 de
1832 1100 1967 1128 manu
1989 1086 2106 1142 regis
2128 1087 2329 1144 Assyrio-

488 1148 619 1191 rum?
642 1148 679 1174 34
700 1147 788 1191 Ubi
811 1152 877 1190 est
902 1147 1008 1190 deus
1032 1147 1197 1189 Emath
1219 1152 1262 1190 et
1283 1146 1498 1203 Arphad‘?
1521 1145 1597 1188 ubi
1620 1150 1686 1188 est
1708 1145 1815 1188 deus
1840 1144 2143 1201 Sepharvaim,
2167 1146 2268 1189 Ana
2289 1152 2333 1190 et

489 1207 620 1250 Ava?
644 1206 874 1262 Numquid
896 1206 1197 1250 liberaverunt
1223 1206 1469 1249 Samariam
1491 1205 1546 1248 de
1567 1218 1702 1247 manu
1725 1204 1854 1248 mea?
1873 1204 1910 1230 35
1928 1203 2120 1254 Quinam
2140 1204 2208 1247 illi
2230 1212 2333 1248 sunt

488 1267 533 1309 in
555 1266 772 1310 universis
799 1266 883 1309 diis
909 1270 1145 1321 terrarum,
1173 1265 1247 1321 qui
1270 1269 1477 1308 eruerunt
1501 1264 1729 1320 regionem
1754 1277 1880 1307 suam
1904 1263 1959 1307 de
1984 1277 2120 1306 manu
2142 1278 2261 1321 mea,
2284 1269 2334 1307 ut

488 1325 626 1383 possit
648 1340 798 1369 eruere
821 1325 1038 1369 Dominus
1061 1324 1312 1368 Jerusalem
1337 1323 1391 1367 de
1417 1338 1552 1366 manu
1578 1323 1706 1367 mea?

547 1385 583 1412 36
602 1385 763 1428 Tacuit
783 1384 934 1441 itaque
955 1384 1165 1442 populus,
1192 1389 1236 1427 et
1260 1398 1349 1426 non
1370 1383 1598 1440 respondit
1623 1382 1662 1426 ei
1686 1382 1953 1439 quidquam,
1978 1383 2200 1440 siquidem
2222 1398 2332 1441 prae-

489 1449 666 1502 ceptum
699 1444 816 1501 regis
849 1449 1114 1500 acceperant
1154 1447 1204 1486 ut
1235 1457 1323 1486 non
1359 1442 1677 1500 responderent
1713 1442 1766 1486 ei.
1797 1442 1833 1468 3⁷
1860 1442 2083 1499 Venitque
2118 1442 2331 1500 Eliacim,

488 1503 604 1547 filius
628 1504 824 1559 Helciae,
847 1503 1113 1560 praepositus
1136 1503 1312 1559 domus,
1336 1508 1379 1545 et
1402 1501 1548 1546 Sobna
1592 1501 1757 1557 scriba,
1778 1507 1822 1544 et
1843 1502 2007 1558 Joahe,
2027 1501 2144 1545 filius
2163 1503 2331 1559 Asaph,

486 1578 512 1605 a
535 1563 888 1619 commentariis,
919 1562 977 1605 ad
1007 1562 1268 1617 Ezechiam,
1296 1561 1444 1604 scissis
1467 1561 1685 1616 vestibus,
1713 1566 1755 1604 et
1785 1561 2106 1605 nuntiaverunt
2131 1562 2170 1605 ei
2196 1562 2331 1605 verba

489 1623 716 1666 Rabsacis.

547 1681 654 1725 CAP.
677 1683 804 1725 XIX.
826 1708 886 1716 —-
907 1681 920 1708 ¹
940 1683 1047 1734 Quae
1071 1696 1172 1724 cum
1197 1681 1396 1724 audisset
1418 1680 1632 1723 Ezechias
1658 1695 1754 1736 rex,
1782 1680 1915 1723 scidit
1939 1680 2209 1725 vestimenta
2232 1696 2330 1737 sua,

487 1746 530 1784 et
551 1746 728 1798 opertus
751 1746 817 1784 est
838 1756 987 1798 sacco,
1011 1741 1323 1796 ingressusque
1349 1745 1415 1783 est
1437 1740 1619 1783 domum
1643 1739 1838 1783 Domini.
1865 1738 1882 1764 ⁶.)
1901 1740 1958 1782 Et
1981 1740 2104 1783 misit
2126 1740 2332 1796 Eliacim,

487 1800 776 1857 praepositum
816 1801 996 1857 domus,
1035 1806 1078 1844 et
1126 1800 1321 1843 Sobnam
1395 1799 1611 1855 scribam,
1655 1804 1698 1842 et
1741 1812 1866 1842 senes
1908 1798 1962 1841 de
2002 1799 2331 1855 sacerdotibus,

489 1865 661 1916 opertos
688 1860 849 1917 saccis,
876 1860 934 1903 ad
958 1860 1125 1903 Isaiam
1147 1859 1430 1916 prophetam,
1462 1857 1604 1900 filium
1629 1858 1783 1901 Amos.
1808 1858 1922 1910 3Qui
1954 1857 2163 1901 dixerunt
2184 1875 2193 1902 ε
2217 1859 2332 1902 Haec

488 1919 597 1962 dicit
628 1919 872 1963 Ezechias:
909 1919 1013 1963 Dies
1043 1918 1366 1974 tribulationis,
1399 1922 1442 1960 et
1474 1916 1812 1974 increpationis,
1843 1922 1887 1960 et
1915 1916 2208 1974 blasphemiae
2239 1918 2332 1961 dies

486 1979 594 2033 iste3
620 1984 837 2022 venerunt
867 1978 947 2021 filii
981 1992 1119 2034 usque
1150 1977 1208 2020 ad
1238 1982 1436 2034 partum,
1465 1981 1508 2020 et
1535 1976 1650 2019 vires
1680 1991 1769 2019 non
1801 1976 1937 2019 habet
1962 1977 2225 2033 parturiens.
2251 1977 2269 2003 4
2288 1978 2332 2021 Si

486 2038 603 2081 forte
627 2038 783 2081 audiat
807 2038 1026 2082 Dominus
1046 2039 1165 2081 Deus
1191 2042 1292 2079 tuus
1320 2036 1526 2079 universa
1548 2035 1683 2079 verba
1707 2035 1934 2091 Rabsacis,
1959 2049 2092 2091 quem
2113 2036 2236 2079 misit
2255 2051 2333 2080 rex

486 2097 792 2154 Assyriorum,
815 2097 1022 2141 dominus
1051 2111 1178 2153 suus,
1209 2101 1258 2138 ut
1283 2095 1570 2153 exprobraret
1601 2096 1746 2139 Deum
1772 2094 2019 2151 viventem,
2051 2100 2094 2138 et
2126 2101 2333 2151 argueret

487 2157 654 2213 verbis,
685 2171 784 2213 quae
813 2157 987 2200 audivit
1017 2156 1235 2201 Dominus
1267 2156 1387 2198 Deus
1417 2160 1544 2210 tuus,
1573 2159 1616 2198 et
1648 2154 1724 2197 fac
1754 2153 2000 2198 orationem
2028 2167 2107 2211 pro
2135 2154 2333 2211 reliquiis

487 2231 584 2272 quae
609 2222 794 2274 repertae
819 2222 936 2261 sunt.

545 2275 562 2302 ⁵
582 2276 812 2319 Venerunt
832 2290 936 2332 ergo
966 2276 1081 2319 servi
1109 2275 1226 2332 regis
1258 2275 1463 2318 Ezechiae
1485 2275 1542 2318 ad
1569 2273 1761 2328 Isaiam;
1790 2273 1807 2299 ⁶
1825 2272 2028 2329 dixitque
2057 2274 2119 2318 eis
2155 2273 2297 2317 Isaias
2321 2291 2331 2319 z

488 2336 600 2378 Haec
627 2335 784 2378 dicetis
808 2335 986 2379 domino
1009 2340 1155 2379 vestro
1181 2352 1189 2379 ι
1213 2336 1326 2378 Haec
1349 2334 1458 2377 dicit
1482 2333 1726 2393 Dominus:
1753 2332 1857 2376 Noli
1879 2332 2035 2377 timere
2055 2347 2082 2376 a
2102 2333 2223 2377 facie
2244 2348 2330 2377 ser-

487 2409 670 2438 monum
692 2409 799 2451 quos
821 2394 1007 2451 audisti,
1028 2395 1186 2451 quibus
1208 2393 1633 2451 blasphemaverunt
1654 2392 1778 2450 puen‘
1800 2392 1917 2448 regis
1939 2392 2225 2449 Assyriorum
2246 2407 2332 2437 me.

488 2454 503 2479 7
527 2455 643 2497 Ecce
676 2468 757 2510 ego
789 2454 1034 2497 immittam
1067 2454 1106 2497 ei
1139 2453 1367 2511 spiritum,
1402 2458 1445 2497 et
1480 2452 1634 2496 audiet
1670 2451 1898 2506 nuntium,
1930 2457 1975 2495 et
2006 2457 2251 2495 revertetur
2285 2451 2332 2494 in

489 2519 651 2557 terram
676 2528 824 2570 suam,
847 2518 890 2557 et
912 2513 1125 2570 dejiciam
1147 2528 1248 2557 eum
1270 2513 1422 2569 gladio
1442 2512 1489 2555 in
1513 2517 1630 2555 terra
1655 2526 1747 2555 sua.

547 2573 564 2600 8
588 2574 806 2616 Reversus
831 2578 897 2617 est
923 2587 1028 2629 ergo
1054 2573 1297 2628 Rabsaces,
1326 2577 1369 2616 et
1388 2571 1563 2615 invenit
1586 2585 1739 2627 regem
1760 2571 2044 2627 Assyriorum
2072 2585 2330 2628 expugnan-

489 2638 581 2676 tem
607 2632 835 2688 Lobnam;
862 2632 1067 2676 audierat
1099 2632 1219 2676 enim
1249 2631 1364 2688 quod
1401 2630 1654 2674 recessisset
1679 2630 1734 2673 de
1769 2630 1944 2674 Lachis.
1980 2629 1997 2656 ⁹
2023 2630 2222 2686 Cumque
2254 2644 2332 2673 au-

491 2691 628 2735 disset
652 2692 706 2735 de
728 2692 952 2748 Tharaca,
971 2706 1075 2748 rege
1100 2691 1369 2749 AEthiopiae,
1390 2691 1589 2734 dicentes
1615 2707 1623 2734 ε
1651 2691 1767 2733 Ε666
1790 2703 1991 2745 egressus
2011 2693 2078 2732 est
2094 2694 2144 2732 ut
2161 2695 2332 2746 pugnet

490 2751 727 2794 adversum
759 2756 824 2808 te,
859 2756 903 2794 et
933 2751 1019 2795 iret
1051 2756 1205 2795 contra
1237 2765 1359 2807 eum,
1394 2749 1517 2793 misit
1549 2748 1729 2792 nuntios
1761 2748 1818 2791 ad
1851 2748 2113 2805 Ezechiam,
2140 2748 2292 2792 dicens
2322 2765 2332 2793 z

492 2810 528 2837 ‘¹⁰
554 2811 668 2853 Haec
701 2811 837 2854 dicite
870 2810 1096 2867 Ezechiae,
1123 2810 1218 2867 regi
1253 2810 1371 2854 Juda
1401 2826 1409 2853 :
1441 2810 1542 2853 Non
1575 2814 1619 2852 te
1655 2807 1839 2851 seducat
1873 2808 1993 2851 Deus
2025 2812 2149 2864 tuus,
2174 2807 2223 2851 in
2246 2822 2332 2865 quo

490 2869 627 2913 habes
661 2870 900 2926 fiduciam3
937 2885 1079 2926 neque
1106 2869 1228 2913 dicas
1259 2887 1266 2914 :
1302 2870 1402 2912 Non
1436 2868 1636 2912 tradetur
1667 2866 1918 2910 Jerusalem
1950 2867 1998 2910 in
2031 2881 2189 2910 manus
2213 2867 2332 2923 regis

492 2929 799 2985 Assyriorum3
833 2929 864 2956 ¹¹
893 2935 941 2973 tu
968 2929 1087 2973 enim
1111 2929 1206 2986 ipse
1227 2927 1392 2972 audisti
1419 2942 1518 2984 quae
1543 2928 1749 2971 fecerunt
1773 2940 1898 2982 reges
1926 2926 2210 2983 Assyriorum
2236 2926 2331 2969 uni-

492 2988 630 3030 versis
651 2989 798 3045 terris,
827 2989 1046 3045 quomodo
1067 2993 1359 3032 vastaverunt
1387 3001 1489 3043 eas3
1520 3001 1629 3030 num
1654 2999 1758 3042 ergo
1787 2985 1905 3028 solus
1926 2986 2091 3042 poteris
2117 2985 2331 3030 liberari?

495 3045 529 3073 ¹2
554 3047 782 3103 Numquid
816 3048 1118 3092 liberaverunt
1151 3047 1213 3090 dii
1247 3047 1451 3104 gentium
1483 3045 1682 3102 singulos
1715 3058 1823 3100 quos
1856 3049 2147 3088 vastaverunt
2183 3050 2332 3102 patres

493 3106 601 3161 mei,
630 3107 781 3150 Gozan
807 3107 1036 3164 videlicet,
1064 3112 1108 3151 et
1141 3107 1318 3162 Haran,
1346 3111 1390 3150 et
1417 3106 1611 3162 Reseph,
1637 3109 1680 3148 et
1704 3103 1818 3147 filios
1848 3104 1995 3160 Eden,
2019 3103 2093 3160 qui
2127 3110 2253 3147 erant
2283 3104 2331 3146 in

493 3165 763 3209 Thelassar?
781 3165 815 3192 ¹3
838 3167 927 3210 Ubi
954 3172 1020 3210 est
1043 3181 1122 3209 rex
1148 3166 1332 3222 Emath,
1357 3170 1400 3209 et
1424 3179 1500 3208 rex
1527 3162 1733 3221 Arphad,
1754 3167 1798 3205 et
1822 3177 1900 3206 rex
1926 3163 2124 3206 civitatis
2144 3163 2331 3220 Sephar-

493 3225 635 3281 vaim,
662 3225 765 3268 Ana
790 3230 833 3268 et
858 3225 992 3269 Ava‘?

553 3284 587 3311 '¹4
611 3285 770 3340 Itaque
800 3298 901 3326 cum
926 3284 1171 3342 accepisset
1200 3285 1415 3328 Ezechias
1445 3284 1616 3327 litteras
1645 3282 1699 3326 de
1728 3297 1863 3326 manu
1895 3282 2172 3338 nuntiorum,
2201 3286 2246 3325 et
2269 3281 2330 3325 le-

493 3345 632 3400 gisset
657 3358 751 3399 eas,
775 3343 978 3386 ascendit
1008 3344 1054 3386 in
1081 3344 1262 3387 domum
1290 3343 1492 3399 Domini,
1520 3347 1564 3386 et
1592 3342 1806 3398 expandit
1832 3356 1906 3386 eas
1933 3355 2082 3385 coram
2109 3341 2327 3395 Domino;

496 3404 530 3430 ¹⁵
555 3409 600 3447 et
625 3403 767 3446 oravit
790 3402 838 3445 in
871 3409 1109 3459 conspectu
1144 3403 1261 3459 ejus,
1289 3403 1440 3446 dicens
1469 3419 1477 3447 :
1509 3400 1718 3457 Domine,
1747 3402 1866 3444 Deus
1900 3400 2060 3456 Israel,
2095 3400 2170 3456 qui
2203 3399 2329 3443 sedes

493 3477 622 3520 super
647 3461 897 3518 cherubim,
916 3467 965 3504 tu
990 3475 1034 3504 es
1063 3462 1180 3505 Deus
1205 3462 1322 3506 solus
1347 3476 1503 3518 regum
1529 3459 1727 3504 omnium
1745 3466 1899 3516 terrae3
1923 3465 1971 3502 tu
1992 3459 2141 3503 fecisti
2168 3459 2341 3511 caelum¹
2399 3499 2406 3502 .

495 3528 538 3565 et
562 3527 738 3565 terram,
774 3521 810 3548 16
835 3520 1011 3564 Inclina
1035 3534 1186 3564 aurem
1212 3526 1356 3578 tuam,
1385 3526 1429 3564 et
1457 3519 1591 3575 audi3
1618 3519 1759 3576 aperi,
1792 3518 2003 3575 Domine,
2031 3517 2178 3562 oculos
2207 3522 2334 3573 tuom
2399 3531 2408 3541 '

496 3670 525 3703 1]
546 3671 588 3698 Is.
608 3671 786 3704 XXXVII,
805 3673 828 3698 1.
