2456 3861
130 572 253 599 Abram
263 568 369 597 credit

219 615 286 642 Deo

138 657 362 692 promittenti.

172 1217 334 1247 Solemnis

131 1262 241 1297 <pactio
268 1262 373 1291 foede-

223 1314 279 1335 ris.

133 2696 254 2722 Abram
283 2696 369 2723 acci-

169 2738 218 2771 pit
248 2740 337 2773 Agar

154 2790 184 2810 ,¹11
205 2791 354 2812 uxorem.

214 3170 236 3196 Α
243 3176 302 3203 gar

156 3211 187 3240 in
214 3212 355 3242 deserto.

436 102 491 144 14
1037 100 1152 143 GEN.
1186 99 1286 153 XV,
1324 99 1343 139 1
1372 124 1432 128 -—
1462 97 1596 151 XVI,
1632 97 1671 138 7.

674 328 844 370 Sacri-o
879 326 966 368 ILI.
993 350 1051 356 »-
1082 325 1217 366 VrrAE
1248 323 1509 364 ΑΒΒΑΗΑΜΙ
1543 331 1747 363 s'rAmUM
1783 330 2030 362 SECUNDUM

859 446 883 502 ξ
919 446 954 488 Ι.
980 470 1039 476 -
1071 443 1236 485 Faedus
1262 440 1380 484 'inter
1412 441 1561 484 Deum
1593 446 1632 482 et
1663 439 1850 482 Abram.

495 556 604 598 CAP.
641 555 739 596 XV.
768 579 826 585 -
864 551 875 577 1
905 551 988 594 His
1024 551 1173 606 itaque
1210 548 1469 596 transactis,
1510 548 1660 590 factus
1704 551 1771 589 est
1804 560 1946 589 sermo
1996 547 2173 590 Domini
2213 549 2268 592 ad

437 615 604 657 Abram
638 627 714 668 per
741 612 977 664 visionem,
1013 609 1165 653 dicens
1194 625 1203 653 t
1240 608 1342 651 Noli
1378 608 1553 662 timere,
1589 606 1779 662 Abram,
1807 619 1889 661 ego
1923 610 2145 661 protector
2170 612 2270 650 tuus

435 688 551 728 sum,
583 678 627 715 et
662 685 829 714 merces
866 674 943 712 tua
978 683 1145 726 mag-na
1181 669 1324 711 nimis.
1364 666 1381 693 2
1407 667 1618 722 Dixitque
1652 665 1823 709 Abram
1853 681 1862 708 ε
1902 664 2092 707 Domine
2128 663 2270 721 Deus,

436 732 540 787 quid
567 731 692 773 dabis
716 730 864 773 mihi?
891 743 973 785 ego
998 729 1161 771 vadam
1186 728 1352 783 absque
1376 726 1550 780 liberis,
1577 731 1622 768 et
1644 723 1762 768 filius
1793 723 2089 781 procuratoris
2117 724 2272 768 domus

435 805 547 833 meae
572 790 654 832 iste
683 791 927 832 Damascus
954 788 1138 831 Eliezer.
1174 787 1191 814 3
1215 786 1492 842 Addiditque
1518 785 1687 828 Abnm
1717 801 1726 828 :
1761 784 1870 827 Mihi
1898 792 2048 826 autem
2080 797 2169 826 non
2198 783 2272 827 de-

436 849 540 892 disti
574 863 733 892 semen
750 866 763 904 .;
805 856 850 891 et
891 861 994 892 ecce
1035 846 1298 890 vernaculus
1340 859 1483 900 meus,
1521 845 1649 888 heres
1685 858 1810 887 meus
1842 842 1938 886 erit.
1978 841 1995 868 4
2025 843 2272 898 Statimque

436 922 577 952 sermo
609 908 790 951 Domini
820 907 970 950 fact-us
997 911 1062 950 est
1089 907 1143 949 ad
1167 920 1288 961 eum,
1318 905 1472 948 dicens
1503 921 1511 948 :
1547 905 1647 947 Non
1681 904 1765 947 erit
1797 902 1870 945 hic
1895 902 2023 945 heres
2049 909 2170 958 tuuS,
2194 901 2272 946 sed

437 968 510 1024 qui
547 967 798 1023 egredietur
828 967 881 1010 de
914 972 1037 1009 utero
1071 971 1167 1021 tuo,
1199 966 1343 1021 ipsum
1381 964 1566 1007 habebis
1587 962 1812 1006 heredem.
1848 961 1865 988 ⁵
1892 961 2145 1018 Eduxitque
2171 976 2271 1005 eum

434 1028 577 1085 ffioms,
604 1032 648 1070 et
673 1028 737 1069 ait
763 1026 830 1069 illi
860 1043 868 1070 :
909 1025 1089 1082 Suspice
1125 1025 1304 1078 caelum,
1332 1029 1376 1066 et
1409 1038 1594 1066 numera
1626 1022 1798 1077 stelias,
1826 1021 1861 1063 si
1896 1035 2033 1077 p01es.
2068 1022 2126 1064 Et
2159 1021 2273 1064 dixi-t

436 1087 476 1130 ei
503 1103 511 1130 :
542 1087 612 1131 Sic
638 1087 722 1129 erit
746 1100 897 1129 semen
921 1093 1061 1128 tuum.
1088 1084 1105 1110 6
1127 1083 1329 1127 Credidit
1353 1083 1524 1126 Abram
1550 1083 1665 1136 Deo,
1690 1087 1734 1124 et
1760 1085 2014 1136 reputatum
2039 1086 2107 1123 θεῖ
2128 1078 2193 1123 1111
2215 1079 2271 1124 ad

434 1146 669 1202 justitiam.
1258 1158 1261 1161 ·

495 1205 510 1232 ⁷
536 1205 748 1260 Dixitque
775 1204 831 1247 ad
857 1219 957 1247 eum
980 1219 989 1247 :
1018 1201 1114 1258 Ego
1142 1202 1358 1245 Dominus
1384 1202 1457 1257 qui
1480 1201 1613 1244 eduxi
1636 1205 1680 1244 te
1703 1200 1756 1243 de
1785 1200 1848 1243 Ur
1874 1197 2206 1254 Chaldaeorum,
2221 1204 2273 1243 ‹ut

437 1264 588 1308 darem
613 1264 695 1306 tibi
722 1271 885 1307 terram
912 1265 1063 1316 istam,
1085 1267 1128 1305 θῖ
1153 1261 1399 1317 possid-eres
1422 1275 1535 1304 eam.
1559 1260 1656 1303 8At
1683 1258 1758 1302 ille
1784 1259 1848 1301 ait
1871 1274 1879 1301 ε
1911 1258 2100 1301 Domine
2128 1259 2269 1314 Deus,

436 1324 553 1366 unde
586 1323 698 1366 scire
729 1337 929 1379 possum,
957 1321 1072 1378 quod
1097 1334 1376 1378 possessurus
1401 1321 1484 1362 sim
1505 1320 1645 1363 eam?
1679 1317 1696 1345 9
1723 1320 1781 1362 Εῖ
1813 1316 2086 1374 respondens
2121 1317 2274 1360 Domi-

437 1398 518 1426 nus
546 1398 554 1425 :
591 1383 740 1435 Sume,
765 1382 928 1438 inquit,
955 1381 1065 1424 mihi
1095 1394 1281 1422 vaccam
1305 1379 1546 1435 triennem,
1574 1384 1619 1422 et
1649 1392 1830 1434 capram
1859 1388 2058 1432 trimam„
2094 1383 2139 1420 et
2163 1391 2274 1420 arie-

435 1447 527 1485 tem
546 1456 760 1501 annorum
779 1443 924 1495 trium,
945 1446 1161 1483 turturem
1183 1452 1355 1495 quoque
1373 1444 1418 1481 et
1440 1438 1705 1481 columbam.
1731 1437 1767 1464 ¹⁰
1785 1437 1866 1488 Qui
1885 1436 2046 1479 tollens
2065 1436 2274 1480 universa

435 1502 552 1557 haec,
589 1500 742 1544 divisit
778 1515 831 1544 ea
865 1515 943 1556 per
979 1499 1197 1551 medium,
1232 1507 1278 1541 et
1309 1504 1516 1553 utrasque
1555 1503 1705 1554 ,partes
1743 1505 1898 1540 contra
1929 1510 1975 1539 se
2011 1495 2274 1539 altrinsecus

434 1561 610 1617 posuit3
637 1575 743 1603 aves
768 1565 915 1603 autem
941 1573 1029 1602 non
1056 1559 1220 1601 divist
1251 1556 1283 1583 '¹⁷¹
1311 1557 1734 1613 Deecen-deruntque
1762 1556 1961 1599 volsucres
1987 1569 2117 1611 super
2143 1554 2274 1597 cada·

435 1634 560 1675 vera,
596 1626 640 1663 et
679 1619 893 1675 abigebat
930 1632 1004 1662 eas
1037 1618 1221 1662 Abram.
1258 1615 1293 1642 '¹2
1321 1616 1519 1672 Cumque
1552 1616 1617 1659 sol
1648 1615 1957 1670 occumberet,
1989 1628 2118 1670 sopor
2149 1613 2275 1657 irrut

436 1693 567 1736 super
588 1679 781 1734 (Abram,
803 1684 847 1721 et
871 1679 1022 1721 horror
1046 1690 1237 1732 magnus
1262 1681 1307 1719 et
1333 1676 1592 1718 tenebrosus
1618 1676 1783 1718 invasit
1806 1689 1920 1718 euin.
1949 1673 1985 1700 13
2005 1672 2275 1729 Dianamque

435 1744 503 1781 est
527 1738 584 1782 ad
610 1753 711 1781 eum
737 1753 745 1781 :
774 1739 891 1782 Scito
913 1750 1194 1793 praenoscens
1221 1735 1334 1791 quod
1358 1736 1642 1791 peregrinum
1663 1735 1864 1777 futurum
1887 1734 1945 1776 sit
1971 1747 2122 1776 semen
2145 1738 2276 1776 tutum

378 1840 381 1843 ,
436 1798 482 1840 in
515 1803 633 1841 terra
668 1812 756 1840 non
793 1812 891 1853 sua,
927 1805 971 1839 et
1007 1796 1249 1852 subjicient
1283 1808 1356 1837 eos
1389 1796 1612 1849 servituti,
1644 1799 1688 1837 et
1707 1794 1914 1849 afflig-ent
1938 1791 2276 1850 quadxingentis

435 1857 578 1903 annis.
616 1856 651 1883 ¹4
676 1854 996 1899 Verumtamen
1023 1860 1223 1911 gentem,
1252 1854 1322 1896 cui
1348 1854 1554 1897 servituii
1581 1863 1704 1909 sunt,
1733 1868 1814 1909 ego
1840 1851 2054 1908 judicabo
2070 1868 2083 1905 ,3
2107 1855 2276 1907 etpost

438 1917 532 1960 haec
554 1916 837 1973 egredientur
860 1930 960 1958 cum
990 1929 1156 1970 magna
1180 1913 1444 1957 substantia.
1484 1912 1516 1939 ¹5
1539 1913 1605 1956 Tu
1635 1918 1783 1956 autem
1811 1908 1895 1955 ibis
1922 1911 1977 1954 ad
2002 1916 2152 1967 patres
2177 1915 2274 1953 tuos

437 1976 482 2018 in
508 1990 637 2032 pace,
665 1976 862 2032 sepultus
886 1975 930 2017 in
956 1980 1184 2018 senectute
1211 1972 1341 2015 bona.
1382 1972 1414 1999 16
1438 1973 1736 2017 Generatione
1761 1978 1920 2015 >autem
1950 1975 2108 2026 quar-ta
2133 1984 2275 2013 rever-

436 2041 585 2079 tentur
611 2036 720 2090 huc,
749 2035 939 2078 necdum
959 2034 1077 2092 enim
1097 2033 1333 2089 completae
1351 2038 1454 2075 sunt
1479 2032 1736 2088 iniquitates
1756 2032 2116 2074 A-morihaeorum
2140 2043 2274 2084 usque

436 2095 493 2138 ad
516 2109 712 2152 praesens
734 2099 922 2151 tempus.
959 2093 992 2119 17
1016 2093 1128 2136 Cum
1155 2106 1264 2148 ‘ergo
1299 2092 1579 2134 occubuisset
1603 2091 1688 2146 sol,
1715 2091 1842 2133 facta
1874 2096 1941 2133 est
1974 2089 2120 2144 caligo
2154 2096 2275 2131 teue-

436 2155 586 2211 brosa,
611 2160 655 2198 et
679 2154 887 2211 apparuit
910 2153 1112 2196 clibanus
1138 2152 1340 2207 fumans,
1365 2158 1410 2194 et
1431 2151 1605 2207 lampas
1630 2150 1748 2206 ignis
1775 2149 1995 2193 transiens
2018 2149 2137 2190 inter
2163 2146 2276 2191 divi-

437 2215 580 2258 siones
613 2214 725 2257 illas.
761 2213 795 2240 13
818 2213 871 2255 In
905 2213 981 2255 illo
1015 2212 1085 2256 die
1111 2210 1284 2268 pepigit
1320 2210 1534 2253 Domi-nus
1558 2209 1707 2252 vfoedus
1739 2223 1839 2252 cum
1866 2209 2055 2263 Abram,
2084 2206 2236 2250 diceus
2262 2223 2274 2252 ε

438 2273 604 2318 Semini
629 2279 704 2317 tuo
726 2272 846 2317 vdabo
871 2278 1035 2316 terram
1056 2272 1172 2314 hanc
1194 2285 1220 2313 a
1245 2269 1379 2314 fluvio
1404 2269 1596 2326 AElgypti
1619 2283 1755 2324 usque
1780 2268 1837 2311 ad
1860 2267 2044 2310 fluvium
2061 2280 2276 2322 magnum

439 2334 718 2390 Euphraten,
777 2331 809 2358 ¹9
843 2332 1036 2386 Cinaeos,
1069 2336 1113 2373 et
1151 2331 1407 2385 Cenezaeos,
1450 2329 1763 2384 Ced-monaeos,
1801 2326 1838 2353 ⁶2⁰
1871 2332 1915 2370 et
1956 2326 2193 2381 Hethaeos,
2232 2330 2276 2368 et

438 2393 717 2449 Plierezaeos,
747 2391 968 2448 Raphaim
999 2404 1191 2446 quoque,
1226 2387 1260 2414 “2¹
1289 2394 1333 2432 et
1363 2388 1666 2444 Amorrhaeos,
1693 2393 1738 2430 et
1764 2386 2065 2441 chananaeos,
2092 2391 2137 2427 et
2167 2385 2272 2428 Ger·

438 2466 629 2508 gesaeos,
658 2457 702 2495 et
726 2451 971 2494 Jebusaeos.

1034 2568 1058 2625 ξ
1092 2568 1155 2611 Π.
1180 2593 1239 2599 —
1272 2565 1440 2609 Ismael
1470 2565 1677 2608 nascitur.

498 2687 604 2731 CAP.
631 2683 757 2728 XVI.
783 2706 840 2717 --
874 2684 886 2710 '¹
916 2684 1059 2740 Igitur
1088 2683 1235 2738 Sarai,
1268 2697 1377 2725 uxor
1407 2681 1596 2734 Abram,
1627 2694 1714 2723 non
1742 2683 1954 2735 genuerat
1980 2677 2168 2728 liberos;
2198 2676 2275 2720 sed

438 2746 609 2788 habens
631 2743 843 2787 ancillam
870 2742 1112 2799 aegyptiam
1138 2741 1316 2785 nomine
1344 2742 1480 2797 Agar,
1507 2739 1524 2765 ‘2
1543 2739 1658 2782 dixit
1683 2738 1842 2781 marito
1868 2751 1946 2781 suo
1969 2755 1977 2781 :
2006 2735 2146 2792 Ecce,
2174 2751 2274 2779 con-

440 2805 571 2848 clusit
595 2818 665 2846 me
694 2802 928 2855 Dominus,
957 2815 1010 2844 ne
1040 2815 1270 2858 parerem3
1298 2800 1531 2856 ingredere
1562 2798 1619 2841 ad
1652 2797 1864 2841 ancillam
1898 2811 2064 2850 meam,
2088 2797 2125 2839 si
2159 2795 2275 2839 forie

439 2864 598 2907 saltem
640 2877 695 2906 ex
732 2860 810 2904 illa
849 2860 1088 2917 suscipiam
1129 2859 1255 2902 filios.
1295 2859 1492 2914 Cumque
1534 2857 1609 2902 isse
1650 2856 1951 2913 acquiesceret.
1992 2854 2272 2912 deprecanti,

439 2923 456 2950 3
481 2923 584 2966 tul-it
610 2924 733 2979 Agar
759 2920 1002 2977 aegyptiam
1020 2916 1231 2962 ancill-am
1264 2932 1408 2972 suam,
1436 2922 1538 2974 post
1567 2931 1706 2960 annos
1732 2916 1885 2960 decem
1913 2929 2044 2971 quam
2072 2914 2274 2957 habitare

440 2986 666 3039 coeperant
705 2981 749 3023 in
787 2986 903 3023 terra
940 2979 1175 3034 Chanaan,
1214 2982 1258 3021 et
1295 2977 1419 3020 dedit
1455 2991 1554 3020 eam
1592 2976 1687 3019 viro
1719 2989 1795 3018 suo
1833 2989 2028 3017 uxorem.
2060 2973 2076 3000 4
2100 2973 2179 3024 Qui
2212 2973 2273 3014 111-

440 3056 613 3099 gressus
655 3046 723 3085 est
758 3039 814 3083 ad
852 3054 964 3083 eam.
1003 3040 1066 3081 At
1100 3037 1177 3080 illa
1214 3036 1469 3093 concepisse
1507 3050 1552 3078 se
1591 3035 1768 3091 videns,
1808 3033 2011 3090 despexit
2049 3031 2271 3076 dominam

439 3115 578 3145 suam.
2263 3126 2268 3134 .

499 3160 516 3187 5
545 3160 754 3216 Dixitque
776 3158 900 3203 Sarai
926 3157 982 3201 ad
1008 3157 1178 3201 Abram
1204 3172 1214 3200 ε
1250 3155 1408 3212 Inique
1442 3154 1539 3212 agis
1572 3159 1726 3198 contra
1757 3167 1857 3208 me3
1891 3166 1973 3210 ego
2009 3151 2111 3195 dedi
2137 3149 2272 3193 ancil-

440 3220 530 3263 lam
563 3233 708 3262 meam
742 3218 787 3261 in
821 3218 965 3261 sinum
998 3222 1143 3273 tuum,
1179 3229 1280 3273 quae
1311 3214 1468 3258 videns
1493 3214 1607 3270 quod
1642 3212 1913 3269 conceperit,
1945 3210 2170 3268 despectui
2206 3224 2273 3251 ine

440 3279 589 3322 habet.
614 3278 796 3321 Judicet
822 3277 1038 3320 Dominus
1061 3275 1180 3321 inter
1200 3292 1271 3320 mc
1296 3279 1341 3318 et
1362 3279 1418 3318 te.
1452 3274 1470 3300 6
1492 3273 1572 3317 Cui
1597 3280 1869 3330 respondem
1894 3271 2063 3315 Abram
2094 3286 2103 3312 ε
2137 3269 2270 3318 Ecce,

442 3339 525 3393 ait,
552 3337 717 3380 ancilla
742 3342 818 3380 tua
843 3336 888 3379 in
909 3351 1045 3379 manu
1069 3341 1149 3380 tua
1173 3342 1258 3392 cst,
1287 3338 1410 3378 utere
1439 3347 1493 3377 ea
1514 3338 1563 3376 ut
1590 3331 1714 3376 libet.
1740 3330 1984 3387 Ariligcntc
2009 3329 2146 3386 igitur
2175 3342 2270 3370 eam

445 3397 587 3453 Sarai,
611 3397 770 3453 fugam
799 3395 912 3442 iniit.
948 3395 963 3423 ⁷
989 3394 1188 3454 Cumque
1211 3393 1459 3440 invenizsc'„
1479 3409 1580 3438 cam
1603 3391 1790 3450 angelus
1812 3389 1997 3434 Domini
2019 3389 2150 3446 juxta
2173 3388 2270 3429 fon·

444 3561 475 3594 4]
495 3562 587 3589 Rom.
607 3562 663 3596 IV,
682 3565 724 3589 18.
742 3577 777 3581 -—
798 3562 829 3595 6]
856 3562 949 3590 Rom.
969 3561 1026 3597 IV,
1047 3564 1073 3590 3.
1094 3561 1118 3590 G
1132 3562 1162 3590 21.
1188 3561 1260 3597 1Ιῖἓ
1277 3565 1302 3590 c.
1331 3562 1400 3590 Jac.
1421 3561 1456 3590 11
1491 3564 1534 3590 23.
1558 3576 1595 3584 -—
1616 3560 1663 3595 10]
1689 3560 1811 3589 serem.
1836 3555 1994 3590 XXXIV,
2013 3557 2056 3584 13.
2075 3569 2111 3574 -
2133 3553 2178 3586 13]
2200 3554 2270 3579 Aet.

445 3604 522 3639 VII,
535 3605 758 3638 6.—1s]sup.
773 3605 853 3640 XII,
867 3607 881 3634 7
896 3608 931 3634 ct
944 3605 1044 3641 XIII,
1058 3608 1101 3634 15.
1121 3604 1178 3631 Lu
1204 3603 1316 3632 XAVI
1340 3607 1364 3632 4.
1381 3611 1478 3632 11011.
1495 3603 1654 3637 §ld-„122
1670 3605 1691 3631 1.
1708 3602 1762 3629 III.
1777 3602 1850 3634 Itos
1880 3600 1938 3634 N:
1975 3620 1992 3628 ..
2014 3599 2048 3626 H
2065 3598 2135 3625 Par.
2155 3597 2211 3626 lx.
2228 3600 2270 3623 26.
