2391 3861
675 156 821 198 Iliznn.
856 156 972 211 XII,
1007 157 1032 199 6
1065 183 1122 188 —-
1155 158 1295 202 XIll.
1329 163 1368 199 8.
1818 164 1928 206 1329

107 319 222 375 geris
245 321 350 364 dum
372 322 428 364 ab
455 337 504 366 60
525 325 734 378 argueris.
758 325 775 350 ὓ
792 325 930 375 Quem
954 327 1070 369 6111111
1094 327 1240 383 diligit
1265 329 1480 374 Dominus
1503 331 1706 386 castigat,
1730 333 1929 388 flagellat

67 413 71 420 .
107 383 255 421 autem
281 394 456 424 omnem
484 381 622 424 filium
644 397 775 437 quem
803 384 975 440 recipit.
1000 384 1015 410 7
1035 385 1088 428 In
1116 386 1348 444 disciplina
1380 396 1670 444 perseverate.
1698 391 1927 446 Tanquam

105 436 207 480 siliis
243 439 369 482 vobis
409 440 539 484 offert
571 455 617 484 se
655 442 803 498 Deus,
841 442 939 498 quis
971 443 1090 487 enim
1126 445 1241 488 filius
1269 460 1399 502 quem
1436 462 1521 491 non
1557 449 1735 506 corripit
1768 452 1926 506 pater?

104 498 116 511 ⁸
138 495 263 547 Quod
283 497 319 541 si
344 503 467 541 ext-ra
492 499 772 555 disciplinam
797 501 922 557 estis,
949 503 1078 559 cujus
1103 504 1340 561 participes
1362 507 1473 549 facti
1496 513 1599 550 sunt
1623 521 1797 564 omnes,
1824 523 1925 564 ergo

103 555 314 613 adulteri,
343 563 387 600 et
416 572 498 600 non
528 558 606 601 lilii
633 560 750 601 estis.
777 560 794 585 ⁰
814 561 985 604 Deinde
1013 568 1158 617 patres
1181 563 1360 618 quidem
1385 566 1528 608 earnis
1550 571 1712 610 nostrae
1739 567 1929 610 erudito—

102 629 171 658 res
207 615 466 669 habuimus,
501 624 545 660 et
574 618 882 662 reverebamur
914 634 1016 672 eos;
1052 635 1137 663 11011
1171 623 1309 665 multo
1344 624 1485 680 magis
1523 626 1927 683 obtemperabimus

102 673 223 737 Patri
261 674 515 731 spirituum,
558 682 601 718 et
634 677 870 720 vivemus?
911 677 944 703 ¹⁰
969 679 1028 721 Et
1060 679 1125 721 illi
1163 681 1341 736 quidem
1376 682 1424 725 in
1454 688 1654 741 tempore
1687 699 1927 742 paucorum

101 734 291 789 mierum,
327 735 570 777 secundum
606 736 880 779 voluntatem
914 751 1039 780 suam
1072 738 1334 782 erudiebant
1367 755 1472 794 nos;
1510 743 1580 785 liic
1613 750 1763 787 autem
1792 745 1848 787 ad
1881 745 1925 787 id

100 792 218 846 quod
239 791 349 836 utile
377 799 443 835 est
472 793 513 835 in
543 794 796 851 recipiendo
824 795 1223 841 sanctificationem
1252 799 1367 854 ejus.
1395 799 1422 825 ¹¹
1445 802 1597 845 Omnis
1622 809 1770 847 autem
1797 803 1928 847 disci·

99 850 222 908 plina
245 851 293 894 in
317 853 525 907 praescnti
554 853 731 909 quidem
761 854 937 898 videtur
965 869 1052 898 non
1082 870 1176 900 esse
1208 857 1383 914 gaudii,
1409 859 1486 902 sed
1516 862 1743 916 moeroris3
1773 867 1925 918 postea

98 915 249 954 autem
305 910 502 952 fructum
554 912 889 968 pacatissimum
941 915 1193 958 exercitatis
1241 930 1318 973 per
1373 932 1471 960 eam
1521 920 1676 963 reddet
1721 920 1924 977 justitiae.

99 967 135 993 ¹2
161 969 345 1026 Propter
372 970 509 1025 quod,
544 971 750 1015 remissas
784 986 941 1015 manus
973 978 1017 1016 et
1047 973 1193 1017 soluta
1225 989 1367 1031 genua
1402 977 1580 1034 erigite,
1616 978 1651 1005 ¹3
1675 986 1719 1022 et
1750 993 1925 1035 gressus

97 1033 237 1075 rectos
264 1028 404 1073 facite
429 1029 615 1085 pedibus
642 1030 818 1087 vestris,
846 1036 893 1074 ut
925 1046 1012 1076 non
1041 1032 1297 1077 claudicans
1321 1035 1416 1090 quis
1449 1043 1580 1093 erret,
1607 1038 1751 1093 magis
1776 1046 1923 1081 autem

95 1098 286 1138 sanetur.

155 1153 193 1181 ¹¹⁴
217 1155 381 1199 Pacem
415 1155 646 1212 sequimini
682 1171 781 1199 cum
815 1155 1039 1211 omnibus,
1074 1160 1117 1198 et
1149 1156 1512 1212 sanctimoniam,
1550 1157 1644 1200 sine
1678 1171 1762 1213 qua
1795 1172 1924 1202 nemo

97 1213 268 1258 videbit
302 1215 445 1258 Deum
466 1232 474 1269 ;
510 1215 543 1241 ¹5
562 1215 913 1272 contemplantes
938 1229 993 1257 ne
1018 1214 1113 1270 quis
1148 1214 1261 1258 desit
1284 1215 1442 1271 gratiae
1469 1215 1573 1272 Dei,
1603 1230 1658 1259 ne
1687 1230 1772 1272 qua
1796 1216 1925 1260 radix

95 1273 405 1317 amaritudinis
450 1289 621 1317 sursum
671 1273 922 1330 germinans
966 1272 1201 1330 impediat,
1255 1279 1299 1317 et
1342 1289 1420 1330 per
1468 1275 1593 1317 illam
1638 1274 1925 1330 inquinentur

89 1337 234 1380 multi.
267 1336 304 1364 ¹⁶
336 1337 404 1380 Nc
438 1337 534 1393 quis
568 1337 825 1393 fornicator,
860 1342 936 1379 aut
974 1336 1188 1393 profanus
1221 1341 1269 1379 ut
1295 1337 1435 1390 Esau,
1471 1335 1542 1391 qui
1575 1341 1756 1392 propter
1791 1350 1926 1378 unam

90 1411 239 1439 eseam
260 1397 465 1441 vendidit
489 1398 718 1454 primitiva
744 1411 836 1439 sua.
861 1396 894 1422 ¹⁷
925 1396 1091 1441 Scitote
1113 1395 1232 1438 enim
1261 1394 1473 1452 quoniam
1493 1400 1536 1438 et
1557 1400 1712 1453 postea
1744 1396 1926 1452 cupiens

87 1454 340 1500 hereditare
364 1455 744 1510 benedictionem,
772 1455 1032 1512 reprobatus
1058 1459 1150 1508 est;
1181 1468 1269 1498 non
1296 1453 1417 1497 enim
1440 1453 1613 1498 invenit
1645 1455 1925 1512 poenitentiae

77 1514 248 1570 10011111,
274 1528 526 1571 quanquam
555 1530 655 1557 011111
681 1513 891 1571 lacrymis
917 1514 1171 1570 inquisisset
1194 1529 1304 1560 eam.

148 1574 183 1601 ¹⁸
207 1575 311 1617 Non
329 1574 448 1616 enim
467 1574 718 1616 accessistis
737 1574 794 1616 ad
813 1573 1097 1617 tractabilem
1115 1582 1332 1628 montem,
1353 1580 1394 1617 c‘t
1417 1574 1734 1617 accensibilem
1753 1574 1923 1631 ignem,

90 1643 134 1676 et
156 1631 394 1686 turbinem,
422 1637 467 1675 et
492 1632 747 1687 caliginem,
772 1637 816 1675 et
840 1632 1096 1690 procellam,
1120 1633 1154 1659 ¹⁹
1171 1639 1215 1676 et
1236 1633 1356 1675 tubae
1382 1648 1553 1689 sonum,
1581 1639 1624 1677 et
1651 1648 1805 1677 vocem
1827 1649 1923 1678 ver-

87 1691 257 1743 borum,
284 1705 418 1748 quam
437 1692 511 1747 qui
540 1692 778 1735 audierunt
795 1698 1120 1735 excusaverunt
1139 1705 1206 1746 se,
1224 1706 1280 1735 ne
1307 1693 1369 1735 eis
1394 1692 1520 1735 fieret
1540 1693 1738 1736 verbum.
1765 1693 1802 1720 ‘2⁰
1823 1694 1924 1737 Non

86 1751 207 1794 enim
225 1751 467 1808 portabant
492 1751 610 1807 quod
633 1751 866 1795 dicebatur
899 1767 907 1795 t
933 1752 992 1794 Et
1026 1753 1063 1795 si
1096 1754 1238 1795 bestia
1267 1752 1466 1808 tetigerit
1500 1757 1718 1807 montem,
1749 1753 1921 1809 lapida-

85 1809 220 1854 bitur.
243 1809 279 1837 21
306 1811 364 1853 Et
389 1811 452 1853 ita
477 1810 677 1854 terribile
709 1816 804 1855 erat
838 1811 953 1867 quod
977 1811 1234 1859 Tvidebatnr.
1266 1811 1443 1868 Moyses
1473 1811 1589 1854 dixit
1631 1827 1639 1854 :
1675 1811 1924 1855 Exterritus

84 1883 196 1925 sum,
223 1874 269 1913 et
293 1869 624 1913 tremebundus.
652 1869 689 1899 2²
711 1871 796 1915 Sed
817 1872 1068 1914 accessistis
1092 1871 1150 1914 ad
1161 1871 1265 1915 Sion
1285 1877 1494 1926 montem,
1515 1876 1558 1914 et
1584 1871 1814 1915 civitatem
1840 1871 1925 1914 Dei

84 1928 299 1984 viventis,
327 1929 578 1972 Jerusalem
604 1930 842 1986 caelestem,
867 1935 911 1973 et
934 1930 1175 1973 multorum
1210 1932 1401 1974 millium
1428 1931 1689 1987 angelorum
1716 1931 1923 1987 frequen-

84 1987 208 2044 tiam,
232 1988 270 2014 ‘²3
296 1992 340 2032 et
366 1988 602 2032 ecclesiam
623 1988 974 2045 primitivorum,
999 1990 1072 2045 qui
1104 1991 1343 2048 conscripti
1377 1994 1481 2033 sunt
1502 1989 1551 2032 in
1577 1990 1714 2047 caelis,
1737 1996 1782 2034 et
1805 1989 1924 2048 judi-

84 2061 182 2090 cem
215 2047 415 2091 omnium
449 2049 606 2104 Deum,
641 2053 685 2091 et-
713 2048 894 2106 spiritus
923 2048 1144 2104 justorum
1176 2051 1498 2106 perfectorum,
1522 2048 1559 2075 ²4
1592 2054 1636 2092 et
1668 2049 1924 2093 testamenti

83 2107 188 2149 novi
239 2107 532 2150 mediat-orem
567 2107 745 2163 desum,
793 2112 836 2151 et
865 2107 1096 2164 sanguinis
1129 2109 1431 2165 aspersionem
1472 2108 1630 2152 melius
1665 2109 1922 2165 loquentem

82 2178 220 2220 quam
244 2166 375 2210 Abel.

155 2241 192 2268 ‘²5
210 2241 373 2285 Videte
398 2254 453 2283 ne
477 2239 689 2283 recusetis
713 2239 968 2293 loquentem
990 2256 998 2292 3
1020 2238 1057 2280 si
1080 2237 1199 2281 enim
1222 2237 1289 2280 illi
1312 2251 1398 2281 non
1424 2237 1690 2294 effugerunt,
1717 2250 1921 2280 recusan-

35 2313 37 2315 ’
97 2306 162 2343 tes
195 2314 296 2344 eum
329 2299 400 2354 qui
436 2312 566 2355 super
597 2303 761 2341 terram
796 2297 1071 2353 loquebatur,
1112 2297 1253 2340 multo
1287 2297 1429 2353 magis
1462 2311 1561 2353 nos,
1599 2296 1674 2353 qui
1711 2296 1766 2340 de
1802 2295 1922 2339 caelis

96 2359 350 2415 loquentem
375 2358 502 2401 nobis
528 2357 782 2400 avertimus.
805 2355 842 2383 ‘2⁶
859 2356 998 2412 Cujus
1024 2371 1113 2399 vox
1135 2357 1274 2400 movit
1295 2363 1457 2399 terram
1479 2362 1605 2411 tunc,
1632 2370 1748 2399 nunc
1774 2360 1924 2398 autern

97 2417 385 2474 repromittit,
425 2417 577 2460 dicens
615 2434 624 2461 :
662 2416 824 2459 Adhuc
849 2416 1005 2471 semel,
1038 2422 1081 2458 et
1114 2430 1196 2472 ego
1229 2416 1415 2459 movebo
1447 2429 1536 2458 non
1568 2415 1712 2459 solum
1740 2419 1922 2469 terram,

97 2477 175 2520 sed
199 2482 243 2519 et
268 2476 440 2519 caelum.
463 2474 498 2502 2⁷
517 2475 642 2526 Quod
663 2480 813 2518 autem·
823 2475 983 2517 Adhuc
1004 2475 1141 2518 semel
1163 2475 1291 2531 dicit,
1312 2474 1508 2518 declarat
1530 2473 1762 2518 mobilium
1784 2478 1925 2515 trans-

98 2535 324 2592 lationem,
343 2541 557 2591 tanquam
574 2534 810 2590 factorum,
829 2539 878 2577 ut
895 2538 1106 2577 maneant
1124 2548 1175 2577 ea
1193 2549 1291 2590 quae
1313 2539 1414 2577 sunt
1431 2533 1694 2577 immobilia.
1713 2531 1750 2559 23
1768 2533 1926 2588 Itaque

98 2609 286 2652 regnum
320 2594 549 2637 immobile
585 2593 894 2650 suscipientes,
931 2593 1147 2637 habemus
1183 2593 1374 2649 gratiam
1408 2607 1486 2650 per
1518 2607 1650 2650 quam
1683 2591 1927 2635 serviamus

98 2654 325 2711 placentes
366 2655 481 2711 Dec,
519 2667 621 2697 cum
653 2658 773 2695 metu
810 2658 854 2695 et
888 2652 1150 2696 reverentia.
1188 2651 1225 2678 2⁹
1254 2652 1434 2695 Etenim
1473 2653 1592 2695 Deus
1628 2655 1776 2695 noster
1811 2650 1928 2707 ignis

99 2727 360 2757 consumens
382 2718 460 2756 est.

463 2822 624 2864 Sscrro
659 2821 720 2863 II.
747 2847 806 2852 —
837 2821 1202 2863 Annomriosms
1238 2831 1563 2863 sruciAmoREs

159 2937 267 2981 CAP.
291 2937 425 2979 XIII.
442 2935 527 2969 ——1
549 2935 751 2979 Charitas
777 2935 1074 2979 fraternitatis
1099 2941 1278 2979 maneat
1304 2935 1348 2977 in
1372 2935 1510 2978 vobis.
1539 2934 1556 2960 2
1574 2937 1631 2978 Et
1653 2934 1930 2993 hospitalita-

100 3002 192 3040 tem
215 2995 354 3039 nolite
376 2994 607 3049 oblivisci,
642 3008 718 3051 per
749 2994 866 3037 hanc
897 2994 1018 3038 enim
1045 2993 1271 3038 latuerunt
1303 2994 1503 3050 quidam,
1539 2995 1709 3050 angelis
1739 2995 1931 3052 hospitio

48 3101 52 3105 ,
100 3055 302 3113 receptis.
329 3054 347 3081 3
364 3055 635 3097 Mementote
660 3053 932 3109 vinctorum,
955 3058 1170 3109 tanquam
1195 3053 1329 3096 simul
1353 3053 1518 3109 vincti}
1543 3060 1585 3097 et
1609 3054 1927 3111 laborantium,

100 3124 312 3171 tanquam
341 3119 385 3157 et
415 3112 501 3169 ipsi
533 3112 580 3154 in
612 3125 791 3169 corpore
814 3118 1051 3156 morantes.
1080 3111 1098 3138 4
1116 3112 1392 3156 Honorabile
1422 3112 1694 3156 connubium
1717 3113 1764 3156 in
1790 3115 1928 3157 omni-

100 3173 202 3230 bus,
237 3178 281 3217 et
316 3173 468 3216 thorus
504 3171 832 3215 immaculatus.
869 3171 1175 3215 Fornicatores
1208 3171 1329 3214 enim
1366 3176 1410 3214 et
1446 3171 1669 3216 adulteros
1704 3171 1927 3228 judicabit

101 3233 233 3276 Deus.
259 3233 277 3259 ⁵
295 3232 394 3276 Sint
414 3244 557 3274 mores
577 3230 672 3273 sine
693 3229 903 3286 avaritia,
930 3230 1127 3273 contenti
1156 3230 1478 3287 praesentibus3
1507 3230 1602 3288 ipse
1628 3230 1747 3275 enim
1772 3231 1886 3274 dixit
1913 3248 1922 3275 :

99 3291 202 3335 Non
225 3296 270 3335 te
299 3291 519 3346 deseram,
547 3303 689 3345 neque
714 3288 1032 3345 derelinquam.
1058 3289 1076 3316 ⁶
1094 3290 1166 3333 Ita
1195 3294 1244 3332 ut
1272 3289 1544 3333 confidenter
1572 3290 1771 3333 dicamus
1798 3306 1808 3333 :
1836 3291 1925 3333 Do-

101 3350 248 3394 minus
269 3349 378 3393 mihi
403 3349 594 3406 adjutor,
621 3362 710 3391 non
729 3348 896 3392 timebo
918 3348 1024 3404 quid
1048 3348 1191 3392 faciat
1212 3348 1322 3391 mihi
1342 3349 1486 3392 homo.

159 3409 175 3436 7
200 3409 472 3453 Mementote
505 3407 842 3466 praepositorum
872 3412 1138 3464 vestrorum,
1173 3407 1249 3464 qui
1281 3407 1406 3450 vobis
1439 3407 1574 3450 locuti
1607 3414 1709 3451 sunt
1742 3409 1925 3452 verbum

105 3469 214 3524 Dei3
242 3482 425 3524 quorum
455 3468 680 3511 intuentes
709 3466 878 3510 exitum
911 3466 1278 3521 conversationis,
1310 3465 1549 3508 imitamini
1579 3466 1724 3509 fidem.
1758 3467 1776 3494 8
1794 3468 1925 3512 <Iesus

103 3601 150 3634 24]
171 3602 267 3629 Rom.
285 3600 375 3635 XII,
389 3603 432 3629 18.
449 3615 486 3620 -
505 3601 553 3634 16]
571 3600 649 3629 Gen.
668 3599 830 3634 XXV,33.
856 3613 889 3618 —
910 3599 957 3631 17]
974 3598 1052 3626 Gen.
1070 3597 1222 3631 XXVII,
1239 3600 1283 3623 3s.
1297 3610 1332 3615 -
1350 3596 1396 3629 18]
1414 3597 1474 3623 Ex.
1493 3595 1594 3630 XIX,
1613 3598 1698 3636 luet
1723 3596 1806 3632 XX,
1820 3601 1864 3625 21.
1889 3613 1925 3618 —

100 3646 149 3679 20]
168 3645 229 3674 Ex.
249 3644 353 3680 XIX,
369 3647 414 3673 13.
437 3660 474 3664 —
493 3646 541 3679 26]
561 3645 648 3678 Agg.
668 3645 722 3679 11,
740 3647 764 3672 τ.
789 3659 826 3663 -
850 3643 898 3676 29]
917 3643 1014 3670 Dent.
1037 3642 1094 3675 IV,
1116 3644 1160 3670 ⁶24.
1178 3655 1213 3660 -
1234 3641 1263 3673 2]
1287 3641 1380 3671 Rom.
1400 3639 1488 3674 XII,
1507 3642 1549 3668 13.
1570 3641 1583 3667 1
1609 3640 1698 3670 Petr.
1718 3642 1775 3676 IV,
1799 3644 1826 3670 9.
1844 3642 1923 3672 Gen.

98 3689 233 3724 XVIII,
248 3691 267 3718 3
283 3690 318 3718 et
336 3688 430 3725 XIX,
452 3692 477 3718 2.
495 3705 531 3710 —
547 3690 577 3724 5]
595 3690 665 3719 Jos.
688 3691 711 3724 Ι,
731 3693 756 3717 5.
775 3703 809 3708 —-
826 3689 855 3721 6]
877 3688 927 3715 Ps.
946 3687 1081 3721 CXVII,
1099 3690 1123 3714 fi.

2009 1176 2104 1203 Zetus
2123 1176 2212 1208 pacis

2021 1225 2053 1247 ct
2073 1219 2196 1247 saucti-

2043 1261 2171 1290 monioe.

2005 1597 2221 1626 Excellentia

1988 1634 2236 1664 NoviFoederis

2080 1679 2147 1705 prae

2026 1709 2188 1743 Antiqua.

2016 2245 2208 2274 Periculum

2022 2289 2203 2318 resistendi

2042 2333 2185 2363 Christo.

2042 2948 2200 2978 Eoi-tatio

2033 2993 2074 3020 ad
2091 2991 2203 3020 varias

2041 3034 2197 3064 virtutes.

2006 3420 2187 3451 Persevera
2192 3431 2221 3451 st·

2010 3463 2067 3493 t-iae
2094 3466 2212 3494 media.
