2456 3861
365 164 450 206 476
594 132 602 140 ⁶
950 161 1061 203 Toss.
1092 161 1208 216 XII,
1244 159 1270 204 3
1303 187 1360 194 —
1391 161 1534 217 xm,
1569 163 1608 204 7.

365 331 548 386 Tobias,
572 330 687 374 dixit
710 330 826 387 patri
859 344 938 374 suo
965 346 974 374 t
1011 332 1156 387 Pater,
1182 346 1315 387 quam
1348 332 1597 375 mercedem
1630 331 1836 375 dabimus
1869 331 1946 375 ei?
1981 337 2058 377 aut
2089 334 2196 390 quid

365 390 549 445 dignum
574 389 737 446 poterit
762 404 856 433 esse
881 389 1109 433 benefieiis
1131 390 1229 446 ejus
1244 390 1265 433 5>
1298 390 1316 418 3
1337 391 1411 434 Μο
1437 391 1564 434 duxit
1586 395 1631 434 et
1652 390 1830 434 reduxit
1853 405 2033 447 sanum,
2059 407 2198 449 pecu-

365 449 485 492 niam
509 463 535 491 a
562 449 732 493 Gabelo
752 448 847 505 ipse
867 449 1056 505 recepit,
1082 463 1262 493 uxorem
1285 449 1378 507 ipse
1400 465 1470 494 me
1496 450 1659 493 habere
1691 449 1825 505 fecit,
1851 454 1896 494 et
1926 450 2198 495 daemonium

366 507 420 550 ab
443 522 494 551 ea
519 507 613 564 ipse
636 508 927 564 compescuit,
951 508 1165 564 gaudium
1190 510 1448 566 parentibus
1478 509 1576 566 ejus
1605 509 1738 565 fecit,
1765 509 1985 566 meipsum
2013 525 2040 553 a
2065 510 2198 554 devo-

365 567 534 610 ratione
567 567 700 623 piscis
734 567 914 624 eripuit,
942 576 985 611 te
1018 582 1190 624 quoque
1223 568 1373 613 videre
1402 569 1514 612 fecit
1546 569 1697 612 lumen
1732 568 1851 625 caeli,
1879 574 1923 612 et
1952 568 2080 613 bonis
2107 584 2200 613 om-

365 625 494 669 nibus
523 640 600 682 per
624 641 727 669 eum
754 627 914 683 repleti
942 642 1106 671 sumus.
1131 628 1246 679 Quid
1275 627 1341 671 illi
1367 628 1423 671 ad
1449 629 1545 671 haec
1570 627 1814 684 poterimus
1843 628 2031 684 dignum
2057 628 2197 673 dare?

366 684 383 711 4
407 685 491 729 Sed
515 690 617 742 peto
638 691 702 741 te,
726 691 853 742 pater
874 686 955 743 mi,
980 691 1028 730 ut
1051 701 1180 743 roges
1201 702 1321 743 eum,
1345 687 1382 730 si
1407 688 1523 731 forte
1550 687 1810 743 dignabitur
1831 687 2120 731 medietatem
2142 688 2196 732 de

364 744 569 788 omnibus
594 759 692 800 quae
713 745 852 788 allata
874 751 988 801 sunt,
1008 746 1093 789 sibi
1118 761 1355 790 assumere.
1380 747 1397 774 5
1419 749 1477 790 Et
1501 751 1712 790 vocantes
1735 761 1857 802 eum,
1876 752 2004 804 pater
2027 747 2199 790 scilicet

364 808 407 847 et
428 803 565 858 filius,
592 804 790 847 tulerunt
814 819 915 849 eum
936 805 981 848 in
1006 811 1206 862 partem3
1242 812 1287 849 et
1314 821 1471 862 rogare
1505 811 1734 863 coeperunt
1766 811 1816 849 ut
1844 806 2106 862 dignaretur
2134 806 2198 850 di-

364 862 548 906 midiam
573 868 746 920 partem
771 864 968 907 omnium
994 879 1092 920 quae
1114 865 1378 919 attulerant,
1405 871 1638 922 acceptam
1663 865 1839 909 habere.

55 931 208 979 narb-ael
226 938 298 960 sese
422 922 440 948 6
461 923 586 965 Τ11110
615 922 732 966 dixit
765 923 827 967 eis
860 924 1033 967 occulte
1065 942 1073 969 :
1109 924 1369 968 Benedicite
1403 925 1548 968 Deum
1581 925 1700 981 caeli,
1735 930 1779 968 et
1812 939 1960 969 coram
1993 924 2199 969 omnibus

72 976 288 1011 mamfestat,
362 980 619 1025 viventibus
661 983 932 1026 confitemini
978 983 1037 1038 ei,
1080 983 1184 1039 quia
1223 983 1336 1027 fecit
1382 984 1612 1027 vobiscum
1659 984 2009 1028 misericordiam
2057 998 2197 1030 suam.

364 1040 378 1066 7
406 1041 586 1084 Etenim
621 1047 948 1086 sacramentum
983 1042 1100 1098 regis
1137 1042 1409 1086 abscondere
1445 1043 1612 1086 bonum
1644 1048 1739 1098 est3
1772 1057 1904 1100 opera
1931 1048 2082 1087 autem
2115 1043 2198 1087 Dei

362 1100 559 1144 revelare
585 1106 629 1143 et
655 1101 853 1144 confiteri
889 1101 1179 1144 honorificum
1211 1106 1291 1145 est.
1333 1102 1350 1128 8
1378 1103 1503 1145 Bona
1534 1107 1601 1145 est
1639 1102 1779 1145 oratio
1814 1117 1915 1145 cum
1945 1100 2134 1159 jejunio,
2156 1108 2200 1147 et

363 1160 646 1216 eleemosyna
686 1159 831 1216 magis
874 1174 1005 1216 quam
1037 1161 1267 1204 thesauros
1299 1161 1395 1204 auri
1428 1161 1695 1217 recondere;
1735 1161 1752 1187 9
1774 1162 1985 1217 quoniam
2010 1161 2198 1206 eleemo-

363 1233 474 1275 syna
498 1233 524 1261 a
553 1225 692 1262 morte
715 1219 896 1274 liberat,
924 1225 968 1262 et
1000 1219 1096 1276 ipsa
1129 1225 1196 1263 est
1226 1234 1326 1276 quae
1360 1226 1522 1277 purgat
1551 1226 1756 1277 peccata,
1781 1226 1825 1264 et
1849 1221 1964 1264 iacit
1996 1221 2199 1265 invenire

363 1277 713 1322 misericordiam
736 1283 779 1321 et
808 1278 948 1321 vitam
981 1285 1208 1323 aeternam.
1236 1279 1271 1306 10
1292 1280 1374 1330 Qui
1400 1286 1550 1323 autem
1579 1280 1757 1323 faciunt
1786 1285 2022 1337 peccatum
2048 1285 2092 1324 et
2117 1280 2199 1324 ini-
2452 1328 2456 1331 ,

362 1337 598 1393 quitatem,
625 1338 772 1380 hostes
797 1343 900 1380 sunt
932 1338 1094 1381 animae
1123 1353 1228 1383 suae.
1257 1339 1289 1365 11
1314 1340 1557 1383 Manifesto
1590 1354 1693 1396 ergo
1719 1340 1846 1383 vobis
1871 1339 2128 1396 veritatem,
2156 1345 2201 1384 et
2453 1338 2456 1385 1

363 1410 451 1439 non
476 1396 747 1440 abscondam
776 1412 802 1439 a
827 1397 953 1440 vobis
983 1398 1207 1442 occultum
1243 1413 1505 1443 sermonem.
1540 1398 1576 1425 1‘2
1598 1399 1783 1450 Quando
1821 1399 1978 1443 orabas
2003 1413 2104 1443 eum
2137 1399 2199 1442 la·
2455 1417 2456 1421 ¹

363 1455 546 1512 crymis,
570 1461 614 1499 et
638 1456 884 1512 sepeliebas
906 1463 1122 1514 1110111100,
1149 1463 1194 1502 01
1216 1458 1556 1514 derelinquebas
1579 1459 1815 1516 prandium
1837 1464 1985 1515 tuum,
2013 1463 2057 1502 et
2085 1474 2199 1503 mor-

362 1520 459 1558 tuos
497 1515 801 1559 abscondebas
834 1531 911 1572 per
945 1516 1063 1560 diem
1098 1517 1145 1560 in
1182 1518 1314 1561 domo
1338 1523 1437 1572 tua,
1468 1523 1512 1561 et
1549 1523 1678 1561 nocte
1715 1518 1963 1575 sepeliebas
1996 1533 2089 1575 eos,
2117 1533 2200 1575 ego

363 1574 503 1617 obtuli
529 1575 774 1618 orationem
807 1580 930 1619 tuam
968 1576 1174 1621 Domino.
1214 1577 1249 1604 13
1275 1579 1333 1620 Ε1
1364 1578 1468 1633 quia
1501 1583 1722 1634 acceptus,
1746 1591 1842 1621 eras
1879 1578 1992 1634 Deo,
2020 1591 2200 1622 necesse

362 1633 453 1676 fuit
477 1638 526 1676 ut
550 1634 740 1678 tentatio
764 1635 969 1692 probaret
993 1640 1051 1679 te.
1077 1635 1111 1662 ¹4
1133 1637 1191 1678 Et
1216 1651 1334 1680 nunc
1356 1636 1478 1680 misit
1501 1651 1571 1680 me
1594 1636 1810 1680 Dominus
1836 1642 1886 1680 ut
1908 1651 2107 1680 curarem
2132 1642 2197 1693 te,

363 1697 408 1736 et
437 1693 610 1749 Saram,
638 1707 819 1737 uxorem
852 1693 930 1736 filii
961 1695 1046 1751 tui,
1073 1710 1099 1738 a
1125 1695 1345 1739 daemonio
1379 1696 1642 1751 liberarem3
1678 1696 1711 1722 ¹5
1736 1711 1819 1752 ego
1845 1696 1965 1740 enim
1989 1711 2088 1740 sum
2115 1697 2199 1740 Ra-

362 1752 495 1808 phael
519 1752 726 1809 angelus,
750 1768 863 1796 unus
887 1768 941 1797 ex
963 1760 1134 1810 septem
1160 1755 1234 1811 qui
1257 1762 1455 1798 astamus
1481 1760 1586 1799 ante
1615 1755 1870 1800 Dominum.

423 1811 458 1838 16
484 1812 680 1867 Cumque
705 1813 800 1856 haec
825 1813 1074 1869 audissent,
1102 1815 1269 1858 turbati
1291 1820 1422 1870 sunt3
1455 1820 1500 1858 et
1524 1820 1764 1858 trementes
1791 1815 2049 1858 ceciderunt
2070 1830 2200 1872 super

363 1875 525 1914 terram
550 1871 596 1914 in
621 1871 787 1915 faciem
819 1887 958 1917 suam.
997 1873 1028 1899 ¹7
1055 1873 1269 1929 Dixitque
1301 1874 1364 1918 eis
1398 1874 1585 1930 angelus
1619 1890 1628 1918 ε
1663 1875 1758 1916 Pax
1790 1874 1938 1917 vobis!
1974 1874 2112 1918 nolite
2145 1875 2199 1918 ti-

363 1945 509 1985 mere3
539 1930 573 1957 18
595 1931 760 1974 etenim
783 1946 883 1974 cum
914 1946 1055 1975 essem
1084 1933 1334 1989 vobiscum,
1357 1948 1435 1990 per
1465 1934 1743 1976 voluntatem
1770 1933 1854 1977 Dei
1884 1948 2018 1977 eram.
2045 1935 2201 1990 Ipsum

362 1989 635 2046 benedicite,
675 1996 719 2034 et
756 1996 935 2034 cantate
973 1991 1052 2036 illi.
1095 1992 1131 2018 19
1158 1992 1356 2035 Videbar
1385 1993 1565 2049 quidem
1594 1993 1825 2036 vobiscum
1858 1993 2127 2036 manducare
2156 1997 2202 2036 et

363 2049 540 2105 bibere3
579 2049 657 2093 sed
690 2064 772 2106 ego
813 2050 912 2093 cibo
936 2051 1173 2108 invisibili,
1209 2058 1254 2095 et
1286 2057 1414 2109 potu,
1449 2052 1523 2108 qui
1555 2052 1612 2095 ab
1646 2052 1900 2095 hominibus
1934 2052 2076 2096 videri
2112 2067 2201 2096 non

362 2113 527 2165 potest,
555 2114 664 2154 utor.
693 2108 729 2135 “2⁰
749 2110 944 2166 Tempus
969 2115 1037 2154 est
1061 2125 1166 2167 ergo
1199 2116 1247 2154 ut
1283 2117 1480 2155 revertar
1515 2112 1573 2155 ad
1606 2126 1708 2155 eum
1734 2111 1808 2167 qui
1837 2126 1908 2155 me
1941 2110 2090 2166 misit3
2123 2126 2200 2155 vos

363 2173 512 2211 autem
537 2168 789 2212 benedicite
816 2170 980 2226 Deum,
1004 2175 1049 2214 et
1073 2175 1249 2214 narrate
1275 2171 1426 2214 omnia
1451 2170 1675 2214 mirabilia
1700 2172 1811 2227 ejus.

52 2239 93 2265 et
121 2236 155 2264 in
181 2236 298 2284 cfelum
422 2226 455 2254 2¹
481 2229 539 2271 Et
570 2243 670 2272 cum
702 2229 800 2272 haec
835 2229 1040 2286 dixisset,
1074 2231 1130 2273 ab
1164 2236 1348 2287 aspectu
1382 2245 1532 2274 eorum
1564 2230 1742 2274 ablatus
1768 2236 1855 2286 est,
1882 2235 1926 2273 et
1951 2231 2068 2274 ultra
2098 2245 2200 2275 eum

83 2283 279 2309 reveratur.
363 2286 512 2330 videre
542 2302 629 2330 non
655 2294 905 2344 potuerunt.
936 2288 973 2316 ²⁹2
996 2291 1120 2332 Tunc
1146 2290 1354 2347 prostrati
1387 2305 1465 2347 per
1497 2291 1626 2333 horas
1660 2295 1747 2333 tres
1780 2290 1827 2332 in
1852 2290 2039 2346 faeiem,
2068 2290 2199 2334 bene-

363 2345 571 2390 dixerunt
598 2349 771 2403 Deum3
799 2353 844 2392 01
866 2354 1151 2405 exurgentes,
1179 2355 1473 2393 narraverunt
1497 2349 1646 2393 omnia
1672 2349 1895 2392 mirabilia
1922 2349 2032 2406 ejus

91 2421 266 2450 canticum
423 2405 530 2450 CAP.
564 2407 700 2451 XIII.
733 2432 792 2440 —-
829 2407 842 2434 1
869 2408 1088 2464 Aperiens
1125 2413 1275 2451 autem
1313 2409 1476 2452 Tobias
1514 2409 1660 2452 senior
1697 2422 1744 2453 os
1781 2422 1928 2464 suum,
1967 2408 2198 2453 benedixit

121 2465 239 2495 TObiae·
364 2465 627 2521 Dominum,
652 2472 696 2510 et
716 2467 831 2510 dixit
861 2484 868 2512 :

78 2511 279 2584 Ἰεᾏξζέῗίξζ
600 2526 793 2582 Magnus
819 2541 883 2583 es,
913 2529 1123 2584 Domine,
1146 2529 1193 2571 in
1220 2534 1455 2585 aeternum,

659 2591 704 2630 et
731 2586 779 2628 in
812 2587 960 2630 omnia
993 2588 1158 2631 saecula
1186 2602 1375 2644 regnum
1404 2594 1560 2643 tuum3

562 2643 579 2670 2
595 2645 805 2701 quoniam
830 2650 879 2689 tu
904 2645 1127 2703 flagellas,
1156 2652 1200 2690 01
1224 2647 1372 2691 salvas
1392 2666 1400 2703 3

661 2705 842 2748 deducis
867 2705 923 2748 ad
944 2706 1134 2762 inferos,
1162 2712 1205 2750 et
1226 2707 1399 2750 reducis
1419 2724 1427 2761 3

660 2770 703 2807 et
728 2779 816 2808 non
838 2770 904 2808 est
925 2766 999 2821 qui
1023 2766 1213 2822 effugiat
1235 2781 1416 2810 manum
1442 2771 1579 2811 tuam.

563 2822 581 2849 3
600 2824 882 2868 Confitemini
913 2825 1123 2882 Domino,
1151 2826 1230 2869 filii
1254 2826 1413 2882 Israel,

661 2888 703 2926 et
724 2883 769 2926 in
792 2890 1030 2941 conspectu
1055 2885 1256 2941 gentium
1279 2885 1458 2929 laudate
1482 2901 1609 2941 eum3

563 2940 580 2967 ²³
595 2943 802 2997 quoniam
827 2943 927 2986 ideo
953 2944 1158 3001 dispersit
1180 2958 1257 2987 vos
1281 2945 1398 2988 inter
1419 2951 1596 3002 gentes,
1620 2959 1716 3001 quae
1741 2945 1951 3000 ignorant
1976 2958 2086 2999 eum,

660 3007 708 3044 ut
733 3016 809 3045 vos
836 3003 1047 3046 enarretis
1075 3003 1301 3046 mirabilia
1327 3004 1444 3061 ejus,

662 3067 705 3103 et
725 3061 906 3105 faciatis
932 3063 1042 3106 scire
1065 3077 1157 3120 eos,

660 3120 763 3175 quia
783 3135 870 3163 non
893 3127 957 3164 est
978 3122 1090 3165 alius
1118 3124 1236 3167 Deus
1264 3123 1542 3181 omnipotens
1565 3128 1726 3180 praeter
1747 3137 1859 3166 eum

562 3178 579 3204 5
596 3179 698 3235 Ipse
729 3180 967 3235 castigavit
995 3196 1073 3225 nos
1106 3187 1284 3239 propter
1316 3183 1577 3239 iniquitates
1606 3187 1806 3236 nostras3

661 3244 704 3281 et
728 3237 821 3294 ipse
846 3239 1040 3283 salvabit
1065 3256 1143 3284 nos
1164 3248 1342 3298 propter
1364 3241 1714 3287 misericordiam
1739 3255 1878 3285 suam.

561 3297 579 3324 6
599 3297 800 3354 Aspicite
825 3312 928 3354 ergo
954 3313 1051 3354 quae
1073 3300 1185 3343 fecit
1210 3301 1460 3358 nobiscum,

661 3362 706 3400 et
731 3371 831 3399 cum
853 3357 1010 3401 timore
1036 3365 1080 3401 et
1101 3365 1288 3403 tremore
1315 3361 1588 3406 confitemini
1613 3360 1699 3415 illi,

660 3430 897 3472 regemque
923 3418 1183 3461 saeculorum
1209 3421 1404 3464 exaltate
1431 3421 1474 3463 in
1501 3421 1704 3477 operibus
1727 3421 1896 3465 vestris.

563 3475 577 3501 7
598 3476 694 3531 Ego
720 3480 870 3519 autem
895 3476 939 3518 111
966 3482 1081 3520 terra
1103 3479 1378 3534 captivitatis
1401 3495 1510 3524 meae
1534 3480 1775 3523 confitebor
1801 3480 1887 3536 illi,

661 3534 869 3590 quoniam
895 3536 1088 3579 ostendit
1113 3538 1397 3594 majestatem
1419 3553 1543 3582 suam
1568 3539 1612 3581 in
1639 3544 1818 3595 gentem
1841 3539 2151 3596 peccatricem.

364 3682 395 3715 2]
413 3681 512 3710 Deut.
530 3682 677 3717 XXXII,
694 3684 739 3710 39.
762 3683 776 3710 1
793 3683 875 3716 Reg.
895 3681 941 3718 11,
958 3685 983 3711 6.
1003 3682 1076 3716 Sap.
1095 3684 1185 3719 XVI,
1204 3686 1246 3712 13.
