2456 3861
741 142 787 184 ΙΙ
824 143 936 186 ΒΕΘ.
971 142 1112 197 XIII,
1150 144 1310 188 10-36.
1853 146 1943 189 299

117 311 316 367 dixitque
353 312 570 354 Amnon:
610 311 774 368 Ejicite
810 312 1035 356 universos
1075 327 1101 356 a
1139 327 1220 357 me.
1259 313 1456 369 Cumque
1495 313 1729 369 ejecissent
1765 328 1937 369 omnes,

116 370 152 396 ¹⁰
176 370 289 413 dixit
318 372 492 413 Amnon
519 370 576 413 ad
601 371 796 414 Thamar
821 388 828 415 :
856 372 982 415 Infer
1007 371 1158 415 cibum
1182 371 1227 416 in
1254 372 1540 429 conclave‚ut
1557 386 1708 416 vescar
1733 373 1788 417 de
1806 387 1940 415 manu

114 434 203 474 tua.
227 429 349 472 Tul-it
371 443 473 484 ergo
499 429 693 473 Thamar
718 429 1059 473 sorbitiunculas
1085 445 1192 486 quas
1218 432 1407 485 fecerat,
1431 437 1473 474 et
1497 431 1649 474 intulit
1666 431 1723 474 ad
1746 434 1938 486 Amnon,

113 488 297 532 fratrem
324 502 474 540 suum,
500 487 545 531 in
568 488 791 532 conclave.
828 488 857 515 ¹¹
886 489 1083 545 Cumque
1116 490 1348 533 obtulisset
1380 490 1419 534 ei
1453 490 1621 545 cibum,
1647 491 1940 547 apprehendit

113 561 231 599 eam,
256 552 299 588 et
326 546 390 588 ait
417 563 425 590 :
450 546 583 599 Veni,
612 547 724 590 cuba
752 561 947 602 mecum,
972 562 1091 591 soror
1117 562 1227 592 mea.
1264 547 1300 574 ¹2
1322 549 1428 599 Quae
1461 549 1688 606 respondit
1713 549 1751 592 ei
1778 566 1786 593 :
1814 550 1937 604 Noli,

111 606 251 647 frater
285 605 366 659 mi,
402 605 491 648 noli
527 605 771 661 opprimere
806 620 896 660 mc,
922 620 1063 661 neque
1096 607 1213 649 enim
1250 607 1332 650 hoc
1369 608 1443 650 fas
1473 614 1538 651 est
1570 608 1615 650 in
1651 608 1816 663 Israel;
1849 608 1938 651 noli

111 663 260 707 facere
283 663 522 707 stultitiam
547 663 661 706 hanc
683 681 691 718 ;
721 663 756 689 13
782 677 864 719 ego
888 664 1005 707 eni-m
1028 664 1145 707 ferre
1172 679 1258 707 non
1285 673 1434 722 potero
1461 667 1744 723 opprobrium
1769 681 1937 722 meum,

111 729 154 764 et
180 728 225 764 tu
253 722 336 766 eris
367 722 489 778 quasi
520 736 633 764 unus
662 721 716 764 de
747 721 1060 778 insipientibus
1093 723 1139 765 in
1169 724 1336 779 Israel3
1368 725 1472 779 quin
1507 725 1651 781 potius
1681 726 1856 782 loquere
1881 726 1938 770 ad

110 795 280 836 regem,
300 786 343 824 et
367 795 451 824 non
480 780 661 835 negabit
686 794 758 824 me
781 780 876 823 tib-i.
902 780 936 806 ¹4
956 780 1110 824 Noluit
1131 787 1281 825 autem
1306 782 1583 838 acquiescere
1605 783 1807 840 precibus
1827 785 1939 841 ejus,

110 839 184 882 sed
212 838 458 896 praevalens
486 838 651 882 viribus
674 839 890 895 oppressit
915 853 1034 895 eam,
1062 845 1105 883 et
1131 840 1311 882 cubavit
1338 855 1437 883 cum
1461 856 1524 884 ea.

172 898 205 924 ¹5¹
228 899 284 940 Et
310 911 488 940 exosam
513 911 609 940 eam
636 897 792 940 habuit
814 901 992 941 Amnon
1014 898 1115 942 odio
1141 913 1303 954 magno
1329 899 1482 954 nimis,
1500 901 1563 942 ita
1585 906 1633 943 ut
1659 902 1803 957 majus
1827 907 1941 946 esset

109 957 259 1000 odium
293 971 377 1013 quo
407 956 560 1002 oderat
593 970 714 1011 eam,
739 970 889 1000 amore
923 971 1008 1013 quo
1031 963 1136 1001 ante
1161 957 1390 1001 dilexerat.
1420 958 1630 1014 Dixitque
1657 960 1698 1002 ei
1725 963 1902 1004 Amnon
1929 978 1938 1005 ε

110 1016 266 1071 Surge,
294 1021 337 1059 et
362 1015 488 1059 vade.
527 1014 560 1041 16
585 1014 691 1066 Quae
725 1016 952 1072 respondit
986 1015 1024 1059 ei
1051 1034 1059 1060 :
1086 1016 1238 1072 Majus
1270 1024 1336 1060 est
1368 1017 1450 1061 hoc
1481 1018 1647 1060 malum
1677 1019 1793 1074 quod
1823 1034 1939 1063 nunc

107 1075 204 1130 agis
229 1075 465 1119 adversum
491 1089 562 1117 me
587 1088 718 1130 quam
753 1075 868 1130 quod
896 1080 1001 1118 ante
1033 1075 1204 1131 fecisti,
1231 1075 1456 1132 expellens
1489 1091 1573 1120 me.
1601 1078 1658 1120 Et
1690 1077 1832 1121 noluit
1864 1093 1938 1122 au-

108 1134 201 1178 dire
225 1148 351 1188 eam3
380 1132 413 1159 '¹⁷
432 1133 509 1177 sed
536 1139 691 1177 vocato
713 1148 848 1191 puero
873 1134 946 1190 qui
969 1134 1251 1178 ministrabat
1277 1135 1337 1189 ei,
1357 1135 1471 1178 dixit
1496 1152 1504 1179 :
1531 1135 1659 1192 Ejice
1684 1136 1798 1180 hanc
1823 1151 1849 1180 a
1872 1151 1941 1181 me

106 1192 249 1247 foraS,
276 1198 319 1236 et
345 1192 504 1236 claude
529 1192 690 1236 ostium
715 1198 815 1250 post
839 1208 950 1237 eam.
986 1193 1021 1220 1⁸
1043 1193 1150 1244 Quae
1182 1193 1341 1238 induta
1373 1200 1465 1238 erat
1490 1194 1619 1238 talari
1646 1195 1825 1251 tunica3
1860 1196 1939 1239 hu-

105 1252 354 1306 juscemodi
379 1252 497 1296 enim
520 1251 624 1294 filiae
645 1251 762 1308 regis
784 1252 978 1308 virgines
1003 1252 1198 1296 vestibus
1223 1253 1470 1297 utebantur.
1497 1253 1646 1309 EJ'ecit
1666 1254 1816 1310 itaque
1842 1269 1941 1298 eam

108 1310 308 1356 minister
341 1311 460 1354 illius
488 1311 633 1366 foras,
660 1311 906 1367 clausitque
938 1311 1057 1356 fores
1086 1318 1185 1370 post
1211 1326 1322 1356 eam.
1354 1312 1389 1338 19
1411 1313 1521 1364 Quae·
1548 1327 1788 1370 aspergens
1822 1314 1938 1358 cine-

107 1384 199 1414 rem
233 1370 368 1428 capiti
401 1384 501 1420 suo,
535 1370 674 1413 scissa
702 1370 831 1413 talari
865 1371 1036 1426 tunica,
1066 1371 1374 1428 impositisque
1407 1372 1611 1415 manibus
1645 1386 1774 1429 super
1807 1379 1940 1430 caput

107 1443 255 1485 suum,
274 1429 368 1472 ibat
389 1429 644 1485 ingrediens
669 1434 712 1473 et
738 1429 951 1472 clamans.
974 1429 1012 1456 ‘2⁰
1031 1430 1157 1473 Dixit
1173 1436 1325 1474 autem
1346 1430 1385 1473 ei
1407 1430 1622 1474 Absalom
1647 1431 1786 1475 frater
1803 1446 1911 1475 suus
1929 1449 1939 1476 :

108 1488 334 1544 Numquid
369 1490 546 1533 Amnon
579 1488 720 1531 frater
752 1493 853 1530 tuus
887 1489 1128 1531 concubuit
1156 1488 1340 1532 tecum?
1374 1489 1459 1533 Sed
1484 1504 1622 1545 nunc,
1652 1504 1784 1545 soror,
1810 1496 1936 1546 tace;

106 1548 246 1591 frater
271 1553 370 1590 tuus
398 1552 476 1590 est.
497 1547 651 1602 Neque
672 1546 844 1602 affligas
871 1561 944 1590 cor
969 1552 1096 1590 tuum
1113 1562 1191 1604 pro
1213 1547 1297 1590 hac
1315 1562 1374 1591 re.
1393 1548 1561 1594 Mansit
1579 1549 1728 1604 itaque
1746 1549 1940 1592 Thamar

107 1606 422 1650 contabescens
455 1606 500 1648 in
535 1606 665 1649 domo
697 1605 911 1649 Absalom
945 1606 1098 1649 fratris
1131 1606 1212 1650 sui.
1247 1605 1281 1632 ⁶²¹
1305 1607 1418 1651 Cum
1450 1612 1601 1650 autem
1633 1607 1831 1651 audisset
1862 1623 1940 1652 rex

107 1665 253 1709 David
287 1665 422 1708 verba
454 1665 571 1720 haec,
603 1665 891 1709 contristatus
919 1669 985 1708 est
1016 1665 1171 1722 valde,
1196 1670 1239 1709 et
1267 1665 1411 1709 noluit
1443 1666 1704 1710 contristare
1735 1667 1939 1724 spiritum

106 1727 304 1780 Amnon,
335 1723 415 1766 filii
437 1723 524 1780 sui,
552 1723 762 1780 quoniam
788 1724 1007 1780 diligebat
1031 1739 1155 1780 eum,
1177 1724 1280 1780 quia
1305 1724 1626 1782 primogenitus
1649 1731 1742 1770 erat
1768 1726 1820 1769 ei.

163 1782 200 1809 “2⁹²
222 1784 354 1826 Porro
389 1797 475 1826 non
509 1789 574 1826 est
599 1783 772 1826 locutus
799 1783 1016 1827 Absalom
1044 1783 1307 1839 adAmnon
1335 1798 1417 1827 nec
1443 1784 1612 1826 malum
1646 1798 1727 1827 nec
1752 1785 1938 1843 bonum,

105 1842 257 1887 oderat
282 1843 403 1888 enim
433 1842 650 1886 Absalom
684 1844 878 1897 Amnon,
892 1857 942 1887 eo
972 1843 1088 1899 quod
1113 1842 1325 1887 violasset
1353 1843 1548 1887 Thamar
1573 1858 1766 1887 sororem
1798 1854 1939 1889 suam.

104 1900 141 1928 ‘²3
169 1902 202 1947 F
204 1907 371 1945 actum‘
390 1907 456 1946 est
487 1907 637 1945 autem
666 1907 767 1958 post
794 1907 968 1959 tempus
1002 1902 1171 1946 biennii
1195 1907 1244 1945 ut
1276 1903 1563 1948 tonderentur
1588 1917 1690 1947 oves
1725 1902 1939 1947 Absalom

103 1961 147 2004 in
177 1960 469 2016 Baal-Hasor,
498 1975 596 2017 quae
623 1967 689 2004 est
712 1961 846 2017 juxta
869 1961 1107 2018 Ephraim,
1136 1966 1180 2005 et
1204 1961 1382 2005 vocavit
1407 1962 1623 2008 Absalom
1649 1976 1801 2006 omnes
1826 1963 1938 2006 filios

105 2020 239 2076 regis.>
267 2018 304 2046 24
325 2020 549 2076 Venit-que
572 2020 629 2063 ad
662 2034 835 2076 rege-m,
858 2025 902 2064 et
929 2021 993 2063 ait
1021 2021 1081 2064 ad⁴
1112 2035 1213 2064 eum
1236 2037 1244 2064 :
1274 2022 1391 2064 Ecce
1425 2020 1664 2067 tondentur
1691 2035 1795 2066 oves
1825 2022 1938 2066 servi

102 2079 186 2135 tui;
209 2078 381 2135 veniat,
405 2094 498 2135 oro,
524 2094 602 2125 rex
633 2094 738 2123 cum.
755 2079 894 2128 servis
915 2080 1007 2124 suis
1030 2080 1088 2125 ad
1109 2094 1287 2123 servum
1312 2094 1454 2124 suum.
1482 2078 1518 2107 '²5
1545 2080 1763 2137 Dixitque
1780 2095 1856 2124 rex
1880 2081 1942 2124 ad

103 2138 320 2185 Absalom
342 2155 350 2181 ι
379 2138 505 2195 Noli,
527 2138 590 2184 fili
617 2138 699 2194 mi,
726 2139 817 2182 noli
841 2153 1005 2195 rogare
1022 2144 1071 2182 ut
1095 2139 1327 2184 veniamus
1354 2153 1527 2195 omnes,
1551 2145 1594 2183 et
1618 2154 1856 2195 gravemus
1880 2145 1938 2183 te.

104 2197 216 2241 Cum
247 2202 397 2240 autem
432 2203 608 2253 cogeret
641 2212 762 2253 eum,
790 2204 833 2241 et
865 2198 1081 2245 noluisset
1109 2198 1192 2255 ire,
1216 2198 1446 2245 benedixit
1475 2198 1527 2242 ei.
1559 2197 1595 2225 26
1620 2199 1679 2241 Et
1703 2199 1766 2241 ait
1794 2199 1936 2242 Absa-

102 2255 225 2301 lom:
256 2256 299 2300 Si
326 2271 414 2300 non
439 2256 507 2299 vis-
527 2256 702 2312 venire,
722 2257 900 2311 veniat,
918 2257 1121 2313 obsecro,
1145 2257 1378 2303 nobiscum
1402 2257 1562 2302 saltem
1587 2259 1780 2314 Amnon,
1798 2259 1938 2302 frater

103 2330 239 2369 meus.
269 2315 483 2371 Dixitque
511 2315 569 2358 ad
598 2330 699 2361 eum
726 2330 804 2365 rex
827 2332 836 2359 :
864 2317 966 2360 Non
991 2321 1059 2360 est
1084 2331 1263 2361 necesse
1287 2322 1337 2360 ut
1363 2317 1499 2360 vadat
1529 2321 1689 2361 tecum.
1720 2316 1756 2343 ²7
1782 2317 1937 2373 Coegit

101 2374 252 2430 itaque
278 2374 494 2417 Absalom
520 2389 641 2431 eum,
673 2380 716 2418 et
742 2374 912 2419 dimisit
938 2390 1039 2422 cum
1066 2389 1125 2418 eo.
1142 2376 1320 2422 Amnon
1343 2381 1386 2420 et
1414 2376 1641 2420 universos
1666 2376 1779 2419 filios
1805 2376 1935 2432 regis.

163 2434 436 2490 Feceratque
466 2434 681 2481 Absaiom
711 2433 966 2478 convivium
998 2434 1128 2490 quasi.
1158 2435 1418 2478 convivium·
1440 2435 1570 2490 regis.
1600 2434 1637 2462 28
1659 2436 1937 2492 Praeceperat

102 2498 252 2536 autem
286 2492 502 2536 Absalom
543 2493 689 2550 pueris
722 2493 831 2547 suis,
850 2493 1001 2536 dicens
1033 2509 1041 2536 z
1082 2493 1328 2536 Observate
1361 2508 1461 2540 cum
1496 2494 1764 2537 temulentus
1800 2494 1937 2537 fuerit

103 2553 282 2596 Amnon
311 2552 437 2607 vino,
471 2557 514 2595 et
548 2552 700 2596 dixero
733 2552 892 2596 vobis:
921 2551 1144 2595 Percutite
1176 2566 1298 2608 eum,
1334 2558 1378 2596 et
1416 2552 1667 2596 interficite.
1699 2553 1850 2596 Nolite
1881 2553 1934 2595 ti-

103 2626 234 2666 mere,
255 2625 336 2667 ego
363 2611 482 2656 enim
503 2626 601 2654 sum
623 2611 697 2667 qui
719 2611 930 2668 praecipio
959 2611 1111 2667 vobis;
1137 2611 1421 2668 roboramini,
1448 2617 1491 2654 et
1513 2617 1652 2655 estote
1676 2611 1759 2654 viri
1780 2612 1934 2656 fortes

102 2669 140 2697 29
162 2671 381 2714 Fecerunt
413 2684 516 2727 ergo
545 2671 667 2727 pueri
701 2670 916 2714 Absalom
945 2671 1181 2714 adversum
1213 2674 1396 2714 Amnon,
1425 2670 1541 2713 sicut
1571 2675 1842 2728 praeceperat
1873 2671 1943 2714 eis.

103 2729 332 2777 Absalom.
361 2730 686 2786 surgentesque
711 2744 862 2773 omnes
888 2729 967 2772 filii
992 2729 1111 2785 regis
1134 2729 1429 2774 ascenderunt
1453 2729 1618 2786 singuli
1648 2730 1791 2774 mulas
1813 2744 1934 2785 suas,

102 2795 145 2832 et
180 2789 409 2845 fugerunt.
443 2788 480 2815 3⁰
509 2788 707 2845 Cumque
742 2788 889 2832 adhuc
925 2794 1160 2845 pergerent
1189 2788 1235 2831 in
1271 2788 1450 2845 itinere,
1482 2789 1608 2833 fama
1644 2789 1846 2845 pervenit
1877 2789 1937 2833 ad

103 2847 253 2891 David
273 2848 425 2893 dicens
451 2864 460 2892 ε
487 2848 708 2892 Percussit
733 2847 948 2892 Absalom
982 2862 1132 2891 omnes
1157 2846 1270 2892 filios
1298 2847 1436 2904 regiS,
1459 2853 1502 2891 et
1529 2861 1619 2892 non
1642 2848 1855 2892 remansit
1880 2862 1935 2892 ex

102 2907 163 2953 eis
189 2907 348 2954 sal-tem
373 2921 500 2951 unus.
534 2906 568 2934 3¹
597 2907 793 2954 Surrexit
821 2907 971 2962 itaque
998 2921 1098 2962 rex,
1124 2911 1169 2952 et
1199 2906 1332 2950 scidit
1361 2907 1630 2952 vestimenta·
1659 2921 1765 2962 sua3
1797 2912 1840 2951 et
1866 2921 1934 2951 ce-

101 2965 213 3010 cidit
232 2980 361 3023 super
382 2971 568 3021 terram,
587 2971 630 3010 et
655 2980 808 3010 omnes
829 2966 945 3009 servi
968 2966 1091 3011 illius
1105 2965 1180 3021 qui
1200 2966 1471 3012 assistebant
1490 2966 1529 3013 ei
1554 2966 1780 3013 sciderunt
1801 2966 1931 3009 vesti-

102 3030 252 3068 menta
276 3039 367 3070 sua.
395 3024 432 3052 39
458 3025 746 3082 Respondeas
769 3030 919 3068 autem
945 3024 1173 3081 Jonadab,
1203 3024 1320 3071 filius
1349 3025 1555 3071 Semmaa
1584 3025 1737 3069 fiatris
1764 3025 1934 3080 David,

101 3083 248 3129 dixit:
277 3085 344 3128 Ne
366 3084 558 3129 aestimet
583 3083 788 3132 dominus
822 3098 943 3130 meus
967 3098 1044 3128 rex
1066 3084 1182 3140 quod
1212 3098 1364 3128 omnes
1392 3085 1515 3142 pueri
1544 3085 1624 3131 filii
1654 3085 1769 3140 regis
1799 3084 1932 3130 occisi

101 3143 214 3198 sint3
238 3145 418 3186 Amnon
440 3143 557 3186 solus
587 3149 785 3187 mortuus
814 3149 899 3198 est,
922 3143 1130 3199 quoniam
1155 3143 1202 3190 in
1230 3157 1300 3186 ore
1326 3143 1543 3192 Absalom
1575 3148 1668 3191 erat
1689 3143 1857 3200 positus
1879 3157 1933 3187 ex

102 3201 174 3250 die
199 3215 285 3258 qua
310 3202 528 3259 oppressit
552 3202 759 3258 Thamar,
787 3216 979 3249 sororem
1004 3203 1114 3259 ejus.
1141 3202 1178 3230 33
1203 3203 1334 3246 Nunc
1360 3217 1463 3259 ergo
1489 3208 1702 3260 nevponat
1727 3203 1932 3249 dominus

101 3275 224 3305 meus
251 3276 330 3304 rex
354 3275 485 3318 super
509 3276 583 3306 cor
606 3276 736 3306 suum
760 3262 944 3307 verbum
972 3261 1114 3318 istud,
1141 3262 1294 3306 dicens
1317 3279 1326 3303 ι
1348 3262 1517 3309 Omnes.
1542 3261 1620 3306 filii
1654 3261 1769 3317 regis
1797 3261 1930 3305 occisi

101 3325 224 3374 suut,
251 3319 459 3376 quoniam
484 3323 663 3368 Amnon
685 3321 805 3364 solus
830 3326 1027 3364 mortuus
1052 3326 1131 3366 est.

159 3378 196 3405 34
221 3379 357 3435 Fugit
394 3384 545 3424 autem
582 3380 812 3424 Absa-lom.
850 3381 909 3425 Et.
944 3379 1137 3427 elevavit
1162 3394 1269 3438 puer
1297 3380 1547 3438 speculator
1572 3379 1720 3424 oculos
1750 3393 1850 3424 suos
1887 3383 1933 3423 et

101 3438 287 3495 aspexit,
305 3444 350 3481 et
376 3452 476 3482 ecce
498 3439 686 3496 populus
708 3439 873 3484 multus
900 3439 1110 3487 veniebat
1124 3452 1201 3496 per
1223 3440 1308 3483 iter
1325 3439 1504 3485 devium
1523 3453 1576 3482 ex
1597 3438 1734 3483 latere
1752 3437 1928 3483 montis.

102 3495 138 3522 35
157 3496 284 3539 Dixit
303 3503 455 3540 autem
479 3498 687 3541 Jonadab
713 3498 770 3541 ad
791 3512 941 3553 regem
964 3513 973 3541 ε
1000 3498 1117 3542 Εο08
1138 3498 1218 3541 filii
1243 3498 1358 3554 regis
1384 3498 1570 3552 adsunt;
1596 3497 1727 3552 juxta
1747 3496 1930 3544 verbum

102 3555 217 3597 servi
248 3555 314 3598 tui
347 3556 409 3599 sic
442 3557 615 3600 factum
646 3562 724 3600 est.
760 3557 796 3583 3⁶
818 3558 1016 3613 Cumque
1045 3562 1258 3601 cessasset
1287 3557 1426 3612 loqui,
1452 3561 1749 3613 apparuerunt
1778 3561 1821 3599 et
1848 3555 1928 3598 filii

102 3612 247 3669 regis3
281 3618 325 3656 et
350 3614 567 3658 intrantes
599 3615 861 3659 levaverunt
888 3630 1044 3659 vocem
1075 3630 1222 3672 suam,
1254 3620 1297 3659 et
1324 3615 1568 3670 fleverunt;
1599 3614 1676 3658 sed
1709 3619 1753 3658 et
1780 3629 1858 3658 rex
1886 3620 1928 3658 et

2050 1789 2207 1817 Absalom

2063 1832 2188 1861 occidit

2053 1877 2182 1904 Amnon
2191 1896 2204 1911 ‚

2013 3391 2048 3418 et
2069 3389 2162 3423 fugit
2183 3388 2219 3418 in

2050 3433 2182 3462 Gessur.

2442 3527 2454 3861 352ffl3*:*‘'¹;⁴—1„„1*1.‘4-*:
2446 3495 2453 3520 ;-
2442 3391 2453 3487 ι-Ἀηκ
2443 3367 2451 3377 ³
2444 3344 2453 3358 ι·
2446 3322 2447 3325 Α
