2423 3861
158 317 327 345 Firmatur

193 364 242 389 uri
251 362 286 389 ·is

151 404 327 433 securitas.

162 792 300 820 Occasio

188 835 275 863 ltCili.

140 1035 319 1068 Expeditio

107 1082 226 1108 contra
237 1081 350 1116 Edoni,

129 1124 216 1151 filios
242 1126 329 1153 Bean

128 1172 161 1196 et
179 1169 331 1197 Ammon.

172 1623 281 1651 ¹Iudaei

145 1674 161 1694 e
190 1668 311 1695 Galaad

120 1714 159 1739 et
177 1712 328 1748 Galilaea,

143 1763 161 1783 a
187 1756 310 1785 vicinis

152 1801 298 1836 obsessi,

169 1848 290 1877 petunt

137 1889 315 1919 auxilium.

131 2391 317 2424 Dispositio

130 2436 171 2463 dc
188 2436 316 2464 auxilio

158 2481 290 2509 vexatis

143 2525 295 2553 serendo.

143 2983 304 3013 Victoriae

117 3024 263 3057 Simonis
289 3029 321 3058 in

150 3072 291 3102 Galilaea.

144 3340 304 3369 Victoriae

100 3380 199 3409 Judae
209 3382 240 3410 in
253 3387 339 3413 terra

155 3425 283 3455 Galaad.

431 133 541 177 1052
991 132 1013 173 Ι
1046 133 1200 174 MACH.
1235 132 1316 187 IV,
1363 133 1418 174 60
1450 158 1509 163 —-
1539 133 1594 183 V,
1630 134 1696 175 27.

2141 245 2253 253 ᾑ-

484 303 522 329 60
539 304 594 345 Et
616 304 730 345 aedifi
738 307 948 344 caverunt
969 301 1015 342 in
1036 306 1233 357 tempore
1250 300 1332 343 illo
1351 307 1545 344 montem
1569 301 1686 357 Sion,
1707 306 1751 345 et
1768 316 1845 359 per
1863 303 2096 347 circuitum
2113 306 2260 347 muros

419 361 537 404 altos
560 368 601 405 et
628 368 765 404 turres
789 361 960 414 firmas,
994 374 1049 402 ne
1075 360 1255 415 qnando
1280 360 1483 403 venirent
1517 366 1689 417 gentes,
1718 366 1762 404 et
1789 361 2104 406 conculcarent
2136 378 2258 419 eum,

420 421 537 464 sicut
556 426 687 462 antea
713 419 930 462 fecerunt.
958 419 992 445 61
1012 420 1071 461 Et
1093 418 1331 462 collocavit
1354 419 1448 461 illic
1470 419 1717 463 exercitum
1739 426 1789 464 ut
1814 427 2046 464 servarent
2066 436 2189 478 eum,
2215 429 2260 465 et

421 480 610 522 munivit
631 493 727 521 eum
752 478 807 520 ad
827 477 1165 520 custodiendam
1185 478 1471 533 Bethsuram,
1491 486 1539 521 ut
1556 479 1741 524 haberet
1759 479 1945 537 populus
1965 480 2260 525 munitionem

420 543 572 581 contra
597 537 763 580 faciem
790 536 1020 582 ldumaeae.

612 661 634 713 ξ
667 659 755 701 ΙΙΙ.
789 685 848 692 —-
881 659 1060 701 Bellum
1088 660 1224 702 Judoe
1257 660 1510 702 Machabaei
1539 675 1640 704 cum
1672 661 1828 704 vicinis
1856 662 2069 717 yemibas.

476 775 583 818 CAP.
607 774 660 816 V.
687 801 746 807 —
774 774 783 800 1
807 776 863 817 Et
886 774 1064 818 factum
1086 780 1176 829 est,
1204 780 1252 818 ut
1276 775 1516 818 audierunt
1536 782 1693 831 gentes
1719 776 1764 819 in
1793 777 2001 833 circuitu,
2021 778 2128 833 quia
2153 773 2259 822 aedi-

414 834 598 877 ficatum
623 840 691 876 est
712 834 856 877 altare
877 840 921 877 et
942 835 1245 877 sanctuarium
1271 835 1386 878 sicut
1411 835 1552 891 prius,
1578 835 1705 878 iratae
1730 841 1834 878 sunt
1854 836 2010 891 valde,
2039 836 2056 862 2
2074 842 2118 880 et
2140 839 2258 893 cogi-

414 893 574 935 tabant
599 893 753 936 tollere
779 907 918 949 genus
941 894 1084 936 Jacob
1111 893 1183 949 qui
1214 899 1339 937 erant
1369 894 1486 937 inter
1512 909 1604 951 eos,
1638 900 1683 938 et
1713 900 1946 952 coeperunt
1971 895 2172 940 occidere
2205 897 2260 941 de

415 952 598 1010 populo,
625 958 669 996 et
693 953 908 1009 persequi.

474 1012 492 1038 3
511 1013 567 1054 Et
590 1012 845 1055 debellabat
870 1013 898 1054 J
907 1013 1013 1055 udas
1036 1013 1148 1056 filios
1173 1015 1291 1056 Esau
1315 1013 1362 1056 in
1392 1013 1613 1070 Idumaea,
1642 1019 1685 1057 et
1708 1029 1779 1057 eos
1804 1015 1875 1071 qui
1903 1020 2029 1058 erant
2049 1015 2096 1058 in
2118 1016 2257 1059 Acra-

415 1071 630 1126 bathane,
654 1072 755 1127 quia
789 1071 1174 1115 circumsedebant
1199 1073 1451 1128 Israelitas3
1479 1078 1525 1116 et
1553 1073 1771 1129 percussit
1803 1088 1876 1117 eos
1910 1074 2043 1131 plaga
2077 1089 2257 1131 magna.

414 1131 431 1157 4
457 1132 515 1173 Et
543 1131 795 1174 recordatus
819 1136 884 1174 est
910 1131 1129 1174 malitiam
1152 1132 1344 1174 filiorum
1376 1134 1518 1188 Bean,
1543 1133 1616 1188 qui
1640 1138 1766 1176 era-nt
1791 1134 1952 1190 populo
1977 1133 2257 1190 in‘laqueum

415 1196 457 1234 et
482 1191 528 1233 in
558 1190 840 1246 scandalum,
866 1190 1130 1234 insidiantes
1153 1191 1192 1234 ei
1217 1191 1265 1234 in
1288 1192 1376 1235 via.
1404 1192 1421 1218 5
1447 1192 1506 1234 Et
1531 1191 1728 1234 conclusi
1759 1198 1861 1235 sunt
1889 1192 1946 1235 ab
1974 1207 2027 1236 eo
2053 1193 2102 1236 in
2126 1194 2256 1236 turri-

411 1250 515 1304 bus,
541 1255 585 1293 et
606 1250 823 1307 applicuit
847 1250 904 1292 ad
931 1264 1023 1306 eos,
1051 1256 1095 1293 et
1114 1251 1516 1294 anathematizavit
1539 1265 1630 1305 eos,
1655 1257 1699 1294 et
1721 1251 1924 1295 incendit
1945 1257 2087 1295 turres
2102 1267 2256 1296 eorum

413 1309 527 1365 igni,
555 1323 656 1352 cum
688 1309 892 1352 omnibus
926 1310 1071 1365 quiin
1102 1310 1166 1353 eis
1193 1315 1331 1354 erant.
1363 1311 1380 1337 6
1400 1312 1456 1353 Et
1488 1311 1696 1353 transivit
1721 1311 1781 1353 ad
1814 1311 1928 1354 filios
1957 1312 2178 1369 Ammon,
2210 1317 2256 1357 et

412 1368 585 1411 invenit
619 1384 800 1411 manum
835 1369 1021 1425 fortem,
1060 1375 1103 1412 et
1134 1370 1350 1427 populum
1387 1370 1635 1426 copiosum,
1675 1375 1719 1414 et
1755 1370 2062 1427 Timotheum,
2097 1371 2257 1416 ducem

412 1427 606 1484 ipsorum
624 1446 632 1482 3
661 1428 675 1454 7
695 1434 739 1471 et
755 1428 980 1471 commisit
999 1443 1099 1471 cum
1123 1430 1184 1473 eis
1207 1429 1363 1486 praelia
1381 1430 1543 1486 multa,
1562 1435 1607 1473 et
1625 1430 1804 1472 contriti
1827 1435 1930 1473 sunt
1950 1431 1997 1473 in
2013 1437 2253 1487 conspectu

411 1502 583 1539 eorum,
601 1494 647 1530 et
663 1487 882 1545 percussit
900 1502 972 1531 eos
989 1506 997 1543 3
1018 1488 1035 1514 ⁸
1054 1494 1097 1531 et
1115 1489 1232 1546 cepit
1246 1490 1392 1533 Gazer
1411 1489 1641 1532 civitatem
1656 1495 1703 1533 et
1723 1489 1836 1533 filias
1852 1489 1973 1546 ejus,
1991 1495 2038 1533 et
2054 1504 2255 1534 reversus

409 1552 477 1589 est
501 1547 546 1588 in
574 1547 794 1590 Judaeam.

472 1606 489 1631 9
515 1608 572 1649 Et
599 1613 881 1662 congregatae
914 1613 1019 1650 sunt
1048 1614 1203 1663 gentes
1233 1624 1330 1665 quae
1355 1615 1459 1652 sunt
1489 1610 1536 1652 in
1567 1609 1762 1665 Galaad,
1789 1609 2000 1653 adversus
2028 1610 2254 1654 Israelitas

412 1665 485 1721 qui
521 1672 645 1709 erant
674 1666 719 1708 in
750 1667 910 1709 finibus
940 1681 1110 1719 eorum,
1142 1674 1191 1710 ut
1212 1668 1422 1712 tollerent
1453 1683 1556 1723 eos,
1593 1674 1635 1712 et
1669 1669 1884 1725 fugerunt
1915 1669 1962 1711 in
1997 1669 2253 1712 Datheman

413 1725 725 1780 munitionem,
757 1725 790 1752 ¹0
811 1731 854 1769 et
883 1726 1098 1769 miserunt
1123 1727 1293 1770 litteras
1324 1728 1379 1770 ad
1411 1729 1439 1771 J
1445 1728 1578 1770 udam
1609 1733 1653 1771 et
1677 1729 1840 1771 {latres
1866 1729 1985 1784 ejus,
2016 1728 2217 1771 dicentes
2243 1746 2251 1772 :

413 1784 706 1840 Congregatae
733 1790 839 1828 sunt
871 1786 1107 1828 adversum
1136 1802 1215 1829 nos
1241 1793 1396 1842 gentes
1426 1802 1502 1844 per
1524 1788 1784 1843 circuitum,
1820 1793 1868 1830 ut
1900 1802 1978 1830 nos
2009 1788 2249 1842 auferant3

413 1842 445 1869 ¹¹
470 1850 512 1887 et
545 1850 704 1900 parant
737 1845 906 1900 venire,
942 1851 984 1887 et
1018 1860 1233 1902 occupare
1268 1847 1564 1889 munitionem
1599 1847 1646 1889 in
1683 1861 1816 1902 quam
1854 1846 2170 1902 confugimus3
2206 1852 2253 1890 et

411 1903 670 1947 Timotheus
697 1909 762 1947 est
788 1904 877 1947 dux
907 1905 1127 1948 exercitus
1155 1919 1317 1949 eorum.
1353 1905 1385 1931 ¹2
1413 1907 1543 1949 Nunc
1575 1921 1680 1961 ergo
1706 1906 1831 1960 veni,
1859 1911 1903 1949 et
1933 1905 2054 1962 eripe
2086 1920 2165 1949 nos
2195 1906 2253 1950 de

411 1963 615 2005 manibus
654 1978 824 2019 eorum,
862 1964 965 2020 quia
1000 1964 1163 2007 cecidit
1200 1965 1440 2008 muititudo
1478 1965 1532 2008 de
1568 1965 1709 2010 nobis.
1747 1965 1782 1991 13
1809 1966 1867 2008 Et
1903 1979 2055 2008 omnes
2088 1965 2252 2009 fratres

410 2022 547 2064 nostri
583 2023 659 2078 qui
696 2029 822 2066 erant
858 2023 904 2065 in
940 2023 1048 2066 locis
1085 2024 1232 2066 Tubin
1266 2024 1498 2067 interfecti
1540 2029 1670 2078 sunt3
1713 2030 1757 2068 et
1794 2025 1996 2081 captivas
2032 2024 2251 2068 duxeruut

409 2095 566 2124 uxores
589 2096 762 2138 eorum,
791 2087 837 2126 et
862 2089 1009 2138 natos,
1037 2088 1081 2126 et
1105 2083 1268 2140 spolia,
1293 2088 1336 2126 et
1361 2090 1642 2140 peremerunt
1666 2084 1761 2127 illic
1784 2085 1884 2127 fere
1907 2083 2034 2127 mille
2060 2083 2190 2128 viros.

471 2140 504 2166 14
524 2142 580 2183 Et
597 2142 743 2184 adhuc
766 2142 966 2198 epistolae
988 2142 1264 2198 legebantur,
1285 2149 1328 2187 et
1346 2158 1449 2186 ecce
1464 2143 1544 2186 alii
1566 2144 1711 2187 nuntii
1732 2148 1948 2187 venerunt
1967 2143 2025 2186 de
2041 2142 2248 2200 Galilaea,

410 2200 642 2243 conscissis
664 2201 841 2257 tunicis,
867 2202 1125 2245 nuntiantes
1146 2203 1393 2247 secundum
1410 2203 1546 2246 verba
1568 2203 1664 2246 haec
1683 2221 1692 2247 :
1717 2203 1752 2229 ¹5
1770 2203 1968 2246 dicentes
1990 2203 2251 2246 convenisse

408 2259 643 2303 adversum
680 2275 726 2304 se
759 2276 784 2303 a
822 2262 1121 2318 Ptolemaida,
1160 2268 1204 2305 et
1240 2264 1377 2319 Tyro,
1413 2266 1459 2306 et
1499 2262 1684 2318 Sidone;
1724 2267 1769 2305 et
1802 2262 1973 2319 repleta
2005 2266 2071 2305 est
2107 2261 2250 2305 omnis

409 2319 598 2362 Galilaea
623 2321 907 2376 alienigenis,
936 2326 983 2363 ut
1004 2335 1082 2363 nos
1110 2328 1386 2366 consumant⁴

470 2378 503 2404 16
522 2379 585 2422 Ut
610 2380 784 2422 audivit
808 2386 958 2423 autem
985 2381 1014 2423 J
1019 2381 1127 2424 udas
1155 2387 1198 2424 et
1217 2383 1406 2438 populus
1437 2396 1660 2426 sermones
1685 2381 1806 2435 istos,
1830 2381 2038 2425 convenit
2061 2381 2250 2425 ecclesia

409 2453 570 2494 magna
596 2440 793 2495 cogitare
824 2440 928 2495 quid
959 2440 1161 2483 facerent
1186 2441 1401 2484 frati-ibus
1427 2441 1517 2484 suis
1548 2442 1620 2497 qui
1646 2441 1693 2484 in
1719 2441 2007 2484 tribulatione
2030 2447 2178 2496 erant,
2206 2445 2249 2484 et

408 2500 781 2554 expugnabantur
813 2499 869 2541 ab
900 2499 975 2543 eis.
1010 2499 1041 2525 17
1071 2500 1285 2556 Dixitque
1318 2501 1345 2544 J
1352 2501 1460 2544 udas
1491 2501 1680 2556 Simoni,
1707 2500 1838 2543 fratri
1865 2514 1973 2543 suo:
2002 2500 2134 2556 Elige
2165 2499 2248 2542 tibi

406 2556 544 2613 viros,
573 2564 619 2600 et
645 2558 777 2614 vade,
809 2564 852 2602 et
884 2558 1024 2602 libera
1058 2560 1220 2602 fratres
1255 2566 1353 2603 tuos
1385 2560 1431 2602 in
1465 2560 1683 2615 Galilaea,
1723 2573 1805 2615 ego
1841 2564 1991 2602 autem
2028 2564 2072 2603 et
2108 2559 2249 2602 frater

351 2648 356 2654 .
407 2630 528 2659 meus
566 2618 786 2660 ‹Jonathas
822 2617 987 2660 ibimus
1020 2618 1066 2661 in
1104 2619 1395 2662 Galaaditim.
1434 2619 1466 2646 13
1498 2621 1555 2662 Et
1587 2619 1766 2675 reliquit
1802 2619 2069 2676 Josephum,
2105 2618 2247 2661 filium

405 2675 651 2732 Zachariae,
677 2682 724 2720 et
750 2677 979 2730 Azariam,
1009 2677 1142 2721 duces
1166 2679 1340 2735 populi,
1369 2693 1470 2722 cum
1503 2678 1679 2722 residuo
1706 2678 1902 2721 exercitu
1926 2678 1973 2720 in
1996 2678 2161 2722 Judaea
2189 2677 2247 2721 ad

406 2735 667 2779 custodiam.
696 2736 728 2762 19
755 2737 812 2779 Et
841 2737 1054 2793 praecepit
1078 2737 1189 2792 illis,
1218 2737 1399 2781 dicens:
1423 2739 1664 2781 Praeestote
1694 2738 1857 2794 populo
1889 2737 2013 2793 huic,
2037 2742 2081 2781 et
2109 2737 2248 2781 nolite

404 2792 571 2837 bellum
594 2796 870 2838 committere
895 2796 1132 2840 adversum
1155 2804 1331 2852 gentes,
1354 2797 1498 2841 donec
1520 2803 1808 2841 revertamur.
1835 2796 1871 2823 ‘²⁰
1891 2798 1949 2840 Et
1968 2796 2121 2854 partiti
2140 2801 2246 2839 sunt

405 2852 572 2897 Simoni
593 2854 678 2897 viri
706 2855 791 2898 tria
817 2854 979 2912 millia,
1004 2861 1055 2898 ut
1079 2855 1163 2899 iret
1191 2855 1238 2898 in
1264 2856 1528 2912 Galiiaeam3
1554 2856 1688 2900 Judae
1712 2861 1867 2899 ¹autem
1889 2860 1991 2900 octo
2023 2854 2166 2898 nullia
2198 2855 2246 2898 in

405 2912 693 2956 Galaaditim.
989 2952 998 2964 ,

463 2969 496 2997 ²¹
523 2971 581 3014 Et
602 2973 716 3016 abiit
737 2974 892 3018 Simon
921 2975 968 3018 in
995 2975 1255 3031 Galilaeam,
1279 2981 1326 3019 ‹et
1361 2976 1584 3020 commisit
1607 2975 1765 3033 praelia
1797 2974 1938 3018 muita
1968 2988 2070 3018 cum
2099 2974 2242 3031 genti-

404 3028 505 3086 bus,
530 3036 577 3073 et
600 3033 802 3076 contritae
831 3039 934 3077 sunt
959 3039 1113 3090 gentes
1143 3049 1169 3077 a
1193 3035 1313 3079 facie
1334 3036 1459 3091 ejus3
1486 3041 1530 3078 et
1554 3040 1809 3091 persecutus
1832 3038 1903 3076 >est
1924 3047 1995 3077 eos
2025 3048 2162 3090 usque
2183 3033 2242 3077 ad

404 3094 577 3146 portam
595 3089 632 3115 2⁹²
651 3091 965 3147 Ptolemaidis3
985 3099 1030 3137 et
1052 3094 1309 3137 ceciderunt
1331 3094 1384 3138 de
1406 3095 1614 3150 gentibus
1636 3094 1731 3137 fere
1751 3093 1839 3135 tria
1862 3093 2002 3135 millia
2026 3093 2241 3149 virorum,

405 3153 447 3191 et
475 3149 652 3206 accepit
685 3150 826 3206 spolia
859 3166 1033 3207 eorum,
1060 3151 1098 3179 23
1126 3159 1174 3197 et
1198 3154 1443 3211 assumpsit
1472 3168 1544 3197 eos
1568 3152 1645 3209 qui
1673 3156 1801 3196 erant
1829 3151 1875 3194 in
1906 3152 2098 3196 Galilaea
2128 3158 2171 3196 et
2197 3152 2242 3195 in

404 3207 605 3263 Arbatis,
637 3223 738 3251 cum
764 3211 995 3266 uxoribus,
1026 3217 1070 3254 et
1095 3212 1233 3269 natis,
1259 3218 1305 3256 et
1327 3213 1532 3256 omnibus
1558 3226 1659 3268 quae
1689 3216 1814 3254 erant
1838 3210 1949 3266 illis,
1973 3216 2022 3255 et
2050 3210 2243 3254 adduxit

402 3265 448 3309 in
473 3266 682 3310 Judaeam
708 3282 810 3310 cum
832 3268 992 3312 laetitia
1014 3285 1190 3326 magna.

462 3325 498 3352 ²²*
517 3327 574 3369 Et
609 3326 751 3370 sudas
785 3327 1072 3371 Machabaeus
1106 3336 1149 3372 et
1182 3331 1422 3387 Jonathas,
1453 3331 1593 3374 frater
1625 3330 1746 3386 ejus,
1781 3330 2052 3373 transierunt
2077 3329 2240 3374 ..Jorda-

403 3399 524 3440 nem,
548 3391 590 3429 et
619 3385 825 3430 abierunt
842 3386 964 3430 viam
989 3388 1123 3430 trium
1148 3389 1321 3432 dierum
1346 3404 1422 3446 per
1446 3389 1687 3433 desertum.
1719 3387 1755 3415 ‘2⁵
1778 3390 1835 3431 Et
1866 3394 2149 3446 occurrerunt
2177 3389 2239 3432 eis

403 3443 664 3501 Nabuthaei,
695 3450 743 3489 »et
771 3451 1061 3503 susceperunt
1090 3461 1164 3490 eos
1201 3448 1414 3504 pacifice3
1446 3453 1494 3492 et
1528 3453 1820 3491 narraverunt
1857 3449 1919 3492 eis
1955 3448 2106 3492 omnia
2139 3463 2238 3505 qnae

404 3502 658 3547 accidemnt
679 3505 897 3548 fratribus
919 3519 1072 3549 eorum
1103 3506 1151 3548 in
1179 3506 1487 3562 Galaaditide,
1515 3506 1552 3533 ²⁶
1573 3512 1620 3550 et
1649 3507 1751 3562 quia
1775 3507 1906 3550 multi
1934 3521 1992 3552 ex
2021 3507 2097 3551 eis.
2120 3521 2238 3551 com-

405 3560 605 3616 prehensi
630 3563 798 3607 suntin
826 3564 1004 3621 Barasa,
1028 3570 1072 3608 et
1094 3565 1244 3621 Bosor,
1268 3571 1312 3608 et
1335 3566 1381 3608 in
1409 3565 1584 3621 Alimis,
1609 3572 1652 3609 et
1675 3566 1721 3608 in
1748 3566 1957 3623 Casphor,
1977 3572 2020 3610 et
2039 3567 2236 3623 Mageth,

405 3622 450 3662 et
472 3617 679 3664 Carnaim
696 3639 709 3679 ς
729 3621 801 3666 hae
827 3637 979 3667 omnes
1012 3623 1216 3667 civitates
1250 3625 1433 3668 munitae
1467 3629 1511 3668 et
1543 3639 1734 3681 magnae.
1761 3623 1796 3651 ²⁷
1823 3625 1909 3669 Sed
1935 3630 1979 3669 et
2002 3625 2050 3669 in
2079 3625 2236 3670 ceteris
