2423 3861
123 758 156 782 50
177 751 280 781 David
300 754 333 779 et

147 796 315 824 Christus.

128 1052 162 1075 (30
176 1050 202 1076 Α
215 1046 335 1075 scribis

143 1093 318 1121 attenden-

188 1137 278 1165 dum.

130 1345 247 1372 Viduae
265 1351 334 1371 mu-

139 1390 329 1418 nusculum.

151 1709 265 1736 Sermo
284 1705 339 1735 cle*

149 1751 326 1780 eversione

91 1834 94 1836 v
117 1797 303 1826 Serusalem
325 1799 358 1823 et

136 1842 201 1869 fine
214 1841 340 1868 mundi.

137 1889 168 1913 1ο
190 1885 338 1914 occasio.

173 2007 206 2032 2⁰
226 2005 306 2032 Pars

143 2049 341 2082 prophetica

153 2099 328 2121 sermoms.

409 125 524 200 '1180
574 181 576 184 >
974 151 1081 192 LUC.
1117 149 1223 201 XX,
1258 148 1313 189 37
1345 172 1404 176 —-
1436 145 1570 197 XXI,
1605 144 1673 185 25.

411 332 642 384 poterunt;
675 323 864 378 aequales
891 320 1010 363 enim
1037 317 1206 373 angelis
1231 321 1354 370 sunt,
1382 320 1424 357 et
1450 313 1528 356 filii
1555 317 1658 355 sunt
1684 311 1789 365 Dei,
1816 325 1917 354 cum
1945 312 2035 354 sint
2065 312 2145 355 filii
2174 325 2240 356 re-

412 383 707 429 surrect-ionis.
732 381 765 407 37
785 380 896 429 Quia
923 392 1024 421 vero
1049 380 1283 431 resurgant
1309 373 1491 428 mortui,
1516 376 1559 415 et
1587 371 1763 426 Moyses
1787 368 1981 412 ostendit
2005 383 2129 412 secus
2153 371 2239 415 Ru-

412 446 541 498 bum,
567 443 680 485 sicut
710 439 819 482 dicit
853 437 1096 482 Dominum
1127 436 1272 478 Deum
1302 432 1556 485 Abraham,
1587 435 1631 473 et
1662 431 1807 472 Deum
1836 429 1987 482 Isaac,
2022 432 2066 470 et
2099 429 2242 472 Deum

414 504 569 547 Jacob.
604 501 639 528 3²3
667 501 787 543 Deus
820 502 971 541 autem
1003 510 1094 539 non
1120 499 1186 538 est
1222 498 1520 546 mortuorum,
1550 489 1630 533 sed
1660 488 1892 541 vivorum;
1931 500 2084 530 omnes
2107 487 2244 531 enim

413 563 571 605 vivunt
596 560 648 603 ei.
675 558 712 585 3⁹
732 556 1063 614 Respondentes
1089 559 1236 597 autem
1266 551 1449 607 quid-am
1473 549 1742 601 scribarum,
1768 546 1976 591 dixerunt
1996 545 2037 589 ei
2063 562 2072 589 :
2102 545 2246 601 Magi-

413 628 521 675 ster,
559 620 672 663 bene
711 616 879 660 dixisti.
916 614 954 640 4⁰
975 614 1034 656 Et
1069 611 1261 669 amplius
1299 624 1386 654 non
1427 608 1654 652 audebant
1695 620 1798 649 eum·
1833 605 2073 661 quidquam
2110 604 2245 648 inter·

412 694 577 736 rogare.
2281 707 2284 710 ,

472 739 505 765 “¹¹
532 738 659 781 Dixit
683 742 834 780 antem
861 734 915 778 ad
947 734 1046 777 illos
1073 750 1081 777 :
1110 730 1338 782 Quomodo
1361 729 1516 773 dicunt
1537 727 1763 771 Christum
1788 725 1928 768 filium
1956 737 2050 768 esse
2077 722 2243 775 David,

413 798 450 826 ‘¹2
474 803 519 841 et
557 798 652 854 ipse
694 794 842 839 David
883 794 992 836 dicit
1034 793 1081 836 in
1122 792 1234 834 libro
1277 789 1556 832 Psalmorum
1585 804 1593 830 :
1617 785 1762 829 ‘Dixit
1801 783 2018 828 Dominus
2056 781 2246 826 Domino

415 872 512 901 meo
539 873 547 900 ε
581 856 690 900 Sede
719 870 746 897 a
776 853 942 897 dextris
973 852 1103 907 meis,
1129 851 1166 877 ‘¹3
1183 850 1323 893 donee
1352 862 1515 905 ponam
1543 845 1748 890 inimicos
1774 849 1872 888 tuos
1899 841 2146 886 scabellum
2175 854 2247 898 pe-

415 918 521 961 dum
539 914 747 959 tuorum?
771 912 807 938 44
828 911 974 956 David
998 925 1103 966 ergo
1122 909 1364 954 Dominum
1386 907 1514 950 illum
1534 910 1690 958 vocat3
1711 909 1754 947 et
1772 901 1991 959 quomodo
2013 901 2130 944 filius
2153 899 2249 956 ejus

415 981 482 1020 est
497 976 516 1019 ἱ)

474 1036 511 1062 45
534 1035 757 1079 Audiente
789 1038 940 1076 autem
970 1030 1088 1074 omni
1118 1029 1294 1086 populo,
1330 1027 1444 1070 dixit
1478 1024 1707 1081 discipulis
1741 1022 1830 1066 suis
1860 1038 1869 1066 ε
1903 1021 1941 1048 46
1958 1019 2192 1065 Attendite
2224 1033 2251 1062 a

416 1095 594 1150 scribis,
620 1094 693 1150 qui
719 1093 876 1136 volunt
904 1090 1134 1134 ambulare
1166 1089 1214 1131 in
1238 1087 1385 1142 stolis,
1412 1092 1455 1130 et
1481 1088 1636 1128 amant
1668 1081 1959 1126 salutationes
1985 1081 2033 1124 in
2061 1081 2180 1133 t'oro,
2208 1083 2250 1121 et

416 1155 580 1212 primas
611 1152 844 1196 cathedras
874 1150 919 1193 in
945 1148 1211 1206 synagogis,
1236 1152 1280 1191 et
1301 1146 1466 1204 primos
1491 1142 1739 1187 discubitus
1765 1141 1811 1183 in
1836 1140 2083 1192 conviviis;
2114 1137 2150 1165 4⁷
2177 1137 2251 1193 qui

418 1216 631 1258 devorant
664 1213 816 1255 domos
843 1210 1097 1264 viduarum,
1129 1206 1391 1250 simulantes
1426 1205 1609 1259 longam
1643 1201 1899 1245 orationem.
1933 1199 1995 1243 Hi
2030 1197 2252 1254 accipient

417 1273 751 1317 damnationem
775 1271 1005 1326 majorem.

477 1334 583 1377 CAP.
614 1332 740 1376 XXI.
767 1355 827 1364 —-
848 1330 861 1356 ¹
884 1328 1141 1385 Respiciens
1167 1331 1338 1381 autem,
1366 1324 1480 1367 vidit
1502 1337 1573 1366 eos
1601 1321 1677 1377 qui
1702 1319 1941 1364 mittebant
1965 1331 2148 1362 munera
2174 1330 2252 1360 sua

420 1394 465 1435 in
489 1391 881 1448 gazophylacium,
906 1388 1080 1432 divites.
1107 1385 1124 1412 2
1143 1385 1269 1429 Vidit
1294 1388 1446 1428 autem
1471 1388 1515 1425 et
1541 1380 1781 1438 quamdam
1803 1378 1985 1421 viduam
2012 1390 2252 1434 paupercu-

421 1454 530 1508 lam,
558 1452 809 1494 mittentem
841 1464 926 1492 aera
954 1448 1126 1490 minuta
1153 1446 1251 1489 duo.
1275 1444 1294 1470 3
1311 1445 1369 1487 Et
1395 1442 1509 1487 dixit
1531 1458 1541 1486 ;
1565 1441 1680 1484 Vere
1703 1439 1802 1483 dico
1823 1438 1970 1492 vobis,
1991 1436 2095 1492 quia
2119 1434 2254 1479 vidua

422 1513 516 1554 haec
542 1525 708 1569 pauper
733 1510 830 1566 plns
857 1523 990 1564 quam
1016 1520 1168 1550 omnes
1198 1504 1334 1548 misit.
1361 1502 1516 1545 4Nam
1544 1514 1696 1544 omnes
1729 1498 1775 1542 hi
1809 1513 1864 1541 ex
1892 1494 2140 1540 abund-anti
2168 1493 2254 1537 sibi

422 1571 634 1614 miserunt
655 1570 701 1612 in
724 1583 908 1612 munera
932 1567 1039 1621 Dei:
1063 1567 1160 1608 haec
1182 1568 1333 1606 autem
1355 1577 1410 1605 ex
1433 1576 1481 1605 eo
1505 1559 1622 1616 quod
1645 1559 1769 1602 deest
1789 1557 1872 1613 illi,
1890 1569 2067 1600 omnem
2085 1554 2255 1597 victur-n

422 1645 550 1673 61111111
576 1644 705 1685 quem
730 1628 907 1683 habuit,
931 1627 1065 1669 misit,

481 1691 498 1716 ⁵
516 1690 574 1732 Et
597 1688 862 1745 quibusdam
889 1685 1139 1730 dicentibus
1167 1684 1220 1726 de
1241 1681 1408 1738 templo
1432 1680 1548 1736 qnod
1570 1678 1697 1722 bonis
1720 1675 1945 1733 lapidibus
1972 1679 2016 1716 et
2037 1672 2164 1716 donis
2190 1686 2254 1715 or-

424 1754 579 1792 natum
605 1754 738 1803 esset,
763 1747 876 1790 dixit
899 1763 906 1790 :
930 1746 947 1772 ⁶
966 1746 1079 1788 Haec
1107 1758 1202 1799 quae
1222 1741 1404 1795 videtis,
1433 1739 1614 1782 venient
1639 1737 1732 1781 dies
1759 1736 1802 1778 in
1830 1733 1990 1790 quibus
2012 1747 2098 1776 non
2126 1731 2256 1775 relin-

424 1814 580 1864 quetur
604 1807 717 1864 lapis
747 1821 877 1864 super
901 1805 1117 1862 lapidem,
1146 1802 1220 1858 qui
1246 1816 1332 1844 non
1361 1800 1623 1843 destruatur.
1651 1796 1666 1822 Ἴ
1688 1796 2083 1848 Interrogaverunt-
2109 1796 2258 1834 autem

424 1869 565 1920 illum,
588 1867 786 1910 dicentes
805 1883 813 1909 ;
836 1866 1101 1920 Praeceptor,
1128 1861 1303 1917 quando
1331 1860 1427 1902 haec
1455 1856 1617 1901 crunt?
1639 1860 1682 1898 et
1707 1854 1822 1910 quod
1845 1853 2022 1907 signum
2041 1864 2145 1894 cnm
2165 1849 2258 1893 fieri

425 1926 670 1984 incipient?
693 1926 710 1952 3
730 1925 806 1976 Qui
837 1925 950 1966 dixit
972 1941 980 1967 ς

484 1987 646 2029 Videte
679 2000 733 2028 ne
767 1983 1069 2036 seducamini3
1107 1981 1235 2024 multi
1266 1979 1386 2023 6111111
1412 1976 1592 2020 venient
1624 1975 1670 2017 in
1700 1973 1879 2016 nomine
1913 1985 2034 2026 meo,
2062 1969 2260 2013 dieentes

425 2047 529 2103 quia
555 2048 649 2101 Ego
671 2060 789 2099 611111,
813 2051 856 2087 et
882 2053 1056 2099 tempus
1078 2037 1478 2097 appropinquavit3
1499 2034 1638 2078 nolite
1664 2047 1767 2088 ergo
1792 2032 1855 2075 ire
1878 2035 1978 2087 post
2002 2043 2089 2073 eos.
2113 2027 2130 2054 9
2148 2028 2260 2071 Cum

425 2111 573 2148 autem
598 2104 828 2146 audieritis
850 2102 1005 2158 praelia
1031 2107 1075 2143 et
1100 2099 1354 2152 seditiones,
1378 2095 1516 2139 nolite
1539 2092 1715 2137 terreri:
1745 2095 1916 2148 oportet
1941 2089 2135 2146 primum
2163 2087 2260 2131 haec

434 2168 548 2223 fieri,
571 2165 649 2209 sed
675 2163 876 2207 nondum
901 2160 1029 2203 statit
1050 2159 1165 2202 finis.

493 2225 529 2253 1⁰
553 2226 679 2268 Tunc
705 2222 884 2265 dicebat
911 2220 1001 2262 illis
1025 2236 1033 2263 ε
1063 2219 1222 2273 Surget
1255 2230 1363 2271 gens
1399 2217 1550 2256 contra
1576 2217 1778 2266 gentem,
1806 2216 1849 2252 et
1880 2223 2069 2265 regnum
2100 2206 2253 2251 adver-

435 2300 506 2330 sus
539 2297 740 2340 regnum.
772 2281 802 2307 ¹1
833 2282 890 2323 Et
919 2282 1198 2322 terraemotus
1229 2273 1382 2330 magni
1412 2276 1541 2316 erunt
1573 2284 1649 2327 per
1682 2270 1799 2324 loca,
1824 2273 1868 2311 et
1892 2266 2182 2325 pestilentiae,
2214 2270 2258 2308 et

437 2346 594 2399 fames,
613 2348 888 2396 terroresque
914 2339 966 2381 de
990 2337 1114 2391 caelo,
1135 2341 1178 2378 et
1199 2334 1327 2389 signa
1353 2345 1518 2388 magna
1543 2334 1682 2372 erunt.
1704 2327 1740 2355 ¹2
1758 2327 1843 2372 Sed
1861 2332 1969 2370 ante
1986 2327 2083 2370 haec
2108 2323 2258 2368 omnia

437 2403 645 2460 injicient
669 2400 796 2443 vobis
821 2413 981 2441 manus
1007 2410 1132 2451 suaS,
1160 2399 1203 2437 et
1232 2395 1569 2449 persequentur,
1601 2387 1827 2431 tradentes
1852 2387 1899 2430 in
1931 2397 2186 2442 synagogas
2214 2387 2258 2426 et

440 2462 676 2516 custodias,
703 2460 929 2502 trahentes
955 2456 1012 2499 ad
1035 2469 1162 2509 reges
1184 2458 1228 2496 et
1250 2450 1474 2508 p1·aesideS‚
1502 2452 1680 2505 propter
1704 2461 1867 2490 nomen
1888 2459 2036 2489 meum
2057 2461 2066 2499 ;
2091 2443 2128 2469 ¹3
2153 2456 2256 2486 con-

437 2523 583 2578 tinget
607 2524 758 2562 autem
783 2517 909 2560 vobis
925 2516 973 2558 in
990 2512 1309 2558 testimonium.
1330 2509 1366 2536 κ’*
1385 2508 1541 2552 Ponite
1560 2521 1664 2562 ergo
1682 2507 1728 2549 in
1750 2505 1955 2549 cordibus
1974 2501 2147 2556 vestris,
2169 2515 2257 2544 non

438 2578 741 2638 praemeditari
767 2574 1142 2633 quemadmodum
1167 2569 1485 2627 respondeatis.
1515 2566 1550 2591 '¹⁵
1576 2566 1672 2620 Ego
1699 2565 1819 2608 enim
1844 2563 1961 2607 (labo
1985 2561 2111 2606 vobi-s
2142 2574 2190 2604 os
2215 2565 2259 2603 et

438 2639 728 2697 sapientiam,
759 2636 829 2679 cui
858 2649 947 2678 non
971 2636 1177 2690 poterunt
1210 2629 1415 2673 resistere
1443 2632 1486 2670 et
1512 2624 1816 2668 contradicere
1841 2637 1994 2675 omnes
2016 2618 2258 2664 adversarii

439 2698 587 2742 vestri.
624 2697 659 2723 ¹ss
691 2694 949 2739 Traden·1ini
983 2697 1134 2735 autem
1168 2706 1194 2733 a
1224 2687 1504 2746 ]·›arcntibus,
1540 2689 1583 2727 et
1619 2682 1855 2738 fratribus,
1889 2686 1933 2725 et
1966 2679 2189 2736 cognatis,
2215 2682 2259 2721 et

440 2757 616 2810 amicis,
646 2762 690 2799 et
713 2761 854 2798 morte
878 2752 1074 2796 afficient
1094 2765 1148 2795 ex
1170 2749 1296 2792 vobis
1319 2765 1328 2800 ;
1352 2746 1384 2773 '¹7
1406 2750 1451 2788 et
1476 2743 1597 2788 eritis
1622 2742 1724 2786 odio
1745 2740 1951 2785 omnibus
1978 2743 2158 2796 propter
2180 2749 2256 2779 no-

439 2831 542 2860 men
573 2830 735 2859 meum.
767 2813 802 2840 18
835 2814 894 2856 Et
926 2811 1116 2868 capillus
1150 2809 1205 2852 de
1238 2807 1382 2863 capite
1413 2809 1563 2848 vestro
1584 2816 1674 2845 non
1698 2801 1873 2859 peribit.
1902 2799 1938 2826 ¹⁹
1962 2799 2018 2844 In
2041 2795 2258 2856 patientia

440 2881 590 2919 vestra
614 2873 898 2932 possidebitis
919 2873 1092 2914 animas
1117 2875 1301 2910 vestras.

498 2933 536 2960 20
553 2933 664 2977 Cum
688 2937 843 2975 autem
866 2929 1070 2974 videritis
1094 2925 1362 2970 circumdari
1387 2924 1444 2966 ab
1469 2921 1666 2966 exercitu
1692 2919 1956 2974 Jerusalem,
1975 2922 2083 2962 tunc
2099 2914 2258 2958 scitote

441 2993 546 3048 qnia
560 2990 937 3049 appropinquavit
954 2987 1173 3035 desolatio
1192 2986 1302 3041 ejus.
1322 2984 1357 3011 2¹
1376 2984 1506 3026 Tune
1523 2980 1662 3037 quiin
1680 2979 1846 3023 Judaea
1860 2981 1981 3032 sunt,
1994 2974 2177 3030 fugiant
2201 2972 2257 3014 ad

440 3056 637 3105 montes;
665 3058 710 3093 et
735 3051 809 3105 qui
829 3050 876 3092 in
901 3047 1048 3091 medio
1073 3045 1186 3102 ejus,
1206 3043 1463 3095 discedant3
1484 3046 1528 3085 et
1545 3039 1684 3096 quiin
1700 3036 1968 3094 regionibus,
1986 3047 2075 3077 non
2090 3032 2260 3075 intrent

441 3110 486 3154 in
519 3124 631 3153 eam.
662 3108 699 3134 *22
729 3108 841 3159 Quia
865 3107 959 3151 dies
984 3105 1166 3149 ultionis
1195 3104 1242 3147 hi
1268 3108 1391 3158 sunt,
1422 3106 1472 3144 ut
1496 3100 1766 3157 impleantur
1791 3095 1940 3140 omnia
1965 3106 2064 3148 quae
2092 3090 2258 3145 scripta

439 3173 555 3214 sunt.
583 3167 620 3195 2³
644 3169 727 3212 Vae
762 3172 914 3209 autem
946 3163 1283 3222 praegnantibus
1319 3166 1364 3204 et
1398 3158 1700 3213 nutrientibus
1734 3156 1782 3199 in
1816 3154 1908 3198 illis
1941 3149 2122 3209 diebus!
2162 3148 2259 3190 Erit

440 3227 560 3271 enim
591 3240 794 3284 pressura
823 3238 987 3279 magna
1019 3236 1150 3278 super
1173 3226 1360 3275 terram,
1384 3223 1428 3262 et
1448 3218 1516 3261 ira
1539 3216 1704 3274 populo
1729 3213 1846 3258 huic.
1877 3211 1914 3237 ‘²⁴
1943 3211 2002 3255 Et
2027 3207 2189 3251 eadent
2211 3207 2258 3249 in

441 3300 513 3329 ore
537 3285 698 3341 gladii,
717 3290 761 3327 et
786 3283 953 3340 cap-tivi
979 3281 1197 3324 ducentur
1220 3279 1267 3322 in
1293 3292 1446 3321 omnes
1466 3281 1645 3332 gentes,
1666 3277 1711 3316 et
1735 3270 1985 3315 Jerusalem
2011 3266 2258 3310 calcabitur

440 3359 468 3385 a
491 3344 718 3399 gentibus,
744 3343 884 3386 donoc
909 3341 1181 3396 impleantur
1205 3343 1406 3394 tempora
1429 3336 1676 3379 nationum.

497 3405 534 3432 ‘25
554 3405 611 3448 Et
633 3409 762 3447 erunt
785 3403 914 3458 signa
939 3400 983 3443 in
1009 3399 1115 3454 sole,
1133 3403 1176 3442 et
1193 3399 1311 3453 luna,
1331 3403 1375 3441 et
1391 3395 1547 3450 stellis,
1565 3397 1609 3436 et
1629 3391 1676 3434 in-
1697 3389 1825 3435 terris
1846 3400 2049 3446 pressura
2067 3384 2270 3442 gentium

442 3537 492 3568 37]
510 3537 568 3563 Ex.
594 3536 643 3562 III
659 3555 665 3570 ,
682 3538 707 3563 6.
726 3549 760 3555 -
778 3535 827 3568 42]
846 3534 898 3561 Ps.
913 3532 1009 3566 CIX,
1027 3535 1052 3560 1.
1070 3530 1191 3559 Matth.
1211 3529 1311 3558 XXII
1326 3549 1333 3563 ‚
1349 3530 1393 3555 44.
1414 3527 1515 3554 Marc.
1533 3523 1622 3558 XII,
1638 3524 1683 3550 36.
1701 3535 1738 3541 -
1754 3520 1802 3554 46]
1821 3518 1944 3547 Matth.
1958 3517 2082 3545 XXIII
2095 3537 2103 3552 ,
2119 3519 2145 3545 6.
2167 3515 2269 3544 Marc.

443 3579 524 3614 XII,
539 3582 583 3607 38.
602 3579 678 3611 Sup.
698 3579 766 3613 XI,
783 3581 828 3606 43.
845 3593 881 3598 -
899 3578 926 3610 I]
945 3577 1046 3605 Marc.
1064 3575 1153 3609 XII,
1173 3577 1218 3602 41.
1239 3587 1275 3592 —
1295 3573 1325 3606 6]
1344 3570 1466 3600 Matth.
1487 3567 1611 3602 XXIV,
1627 3568 1654 3594 2.
1672 3565 1773 3593 Marc.
1794 3563 1892 3596 XIII,
1909 3565 1934 3590 2.
1953 3561 2031 3594 Sup.
2054 3560 2158 3596 XIX,
2173 3562 2218 3588 44.
2234 3572 2270 3580 -

442 3625 492 3657 20]
511 3624 590 3651 Dan.
618 3623 686 3657 IX,
710 3626 754 3650 27.
780 3622 902 3650 Matth.
928 3621 1062 3653 XXIV,
1087 3622 1130 3648 15.
1157 3619 1258 3646 Marc.
1277 3615 1387 3650 XIII,
1408 3616 1452 3642 14.
1473 3625 1509 3634 --
1533 3611 1581 3645 25]
1605 3610 1649 3638 Is.
1674 3608 1782 3643 XIII,
1801 3610 1844 3636 10.
1867 3607 1923 3635 ΕΖ.
1944 3604 2103 3643 XXXII,
2119 3607 2145 3633 ’1.
2174 3602 2264 3638 Joel,

446 3669 512 3703 111,
530 3670 572 3696 15.
591 3668 710 3695 Matth.
725 3667 849 3700 XXIV,
862 3668 906 3692 2⁴).
925 3665 1024 3692 Mure.
1040 3663 1141 3698 XIII,
1153 3665 1198 3690 24.
