2423 3861
112 891 292 924 prophetia

82 936 120 964 ad
148 935 206 963 Idu
213 940 321 962 maeos.

84 2907 265 2941 prophetia
285 2909 324 2936 ad

103 2953 312 2980 Damascum.

90 3442 270 3476 prophetia
287 3444 326 3471 ad

134 3487 236 3514 codar
254 3490 289 3514 et

103 3537 205 3563 regua
224 3532 318 3560 Asor.

396 110 478 152 898
1069 102 1173 142 JER.
1206 100 1381 153 XLIX,
1418 100 1554 142 3-28.

392 280 437 321 in
481 283 702 320 tumulum
742 276 978 328 dissipata,
1019 271 1212 324 filiaeque
1255 268 1349 324 ejus
1391 268 1485 323 igni
1525 268 1863 322 succendentur,
1903 274 1947 311 et
1988 268 2232 325 possidebit

394 338 533 381 Israel
559 345 827 392 possessores
853 344 975 385 suos,
1003 329 1068 370 ait
1094 327 1326 370 Dominus,
1342 326 1360 352 3
1378 326 1538 381 Ulula,
1566 326 1798 380 Hesebon,
1822 327 2032 382 quoniam
2055 331 2231 370 vastata

393 404 457 439 est
485 396 604 448 Hai3
641 392 853 445 clamate,
879 389 985 431 filiae
1014 387 1244 442 Rabbath,
1272 385 1495 441 accingite
1524 399 1602 428 vos
1636 385 1816 440 ciliciis,
1851 385 2051 442 plangite
2075 391 2119 429 et
2149 387 2231 429 cir-

393 456 508 497 cuite
541 467 618 510 per
650 464 796 507 sepes,
827 448 1039 505 quoniam
1071 445 1367 490 Melchom‘in
1397 444 1839 499 transmigrationem
1864 444 2063 501 ducetur,
2088 460 2226 489 sacer-

391 515 515 555 dotes
541 511 639 567 ejus
666 516 709 553 et
739 509 962 566 principes
989 506 1085 563 ejus
1110 505 1256 549 simul.
1280 504 1298 530 4
1324 504 1438 555 Quid
1467 504 1671 559 gloriaris
1703 503 1750 546 in
1776 503 2005 547 vallibus?
2032 504 2229 548 Defluxit

391 571 520 613 vallis
555 577 651 625 tua,
686 569 777 611 filia
812 567 1025 621 delicata,
1060 580 1159 621 quae
1195 563 1449 607 confidebas
1482 563 1529 606 in
1563 563 1780 606 thesauris
1806 563 1915 619 tuis,
1942 568 1986 605 et
2010 562 2191 608 dicebas
2221 581 2231 609 ε

390 631 494 680 Quis
519 629 670 673 veniet
694 628 751 671 ad
779 627 883 670 me?
910 627 926 652 5
953 627 1070 668 Ecce
1095 639 1176 680 ego
1201 624 1416 666 inducam
1441 637 1573 680 super
1597 627 1641 665 te
1667 627 1900 678 terrorem,
1923 622 1987 664 ait
2014 623 2234 667 Dominus

390 691 509 733 Deus
536 688 836 741 exercituum,
862 687 919 728 ab
947 684 1152 728 omnibus
1178 684 1251 739 qui
1278 688 1381 726 sunt
1404 683 1452 724 111
1479 682 1666 725 circuitu
1692 687 1769 725 tuo
1791 699 1800 736 ;
1836 687 1880 724 et
1913 681 2233 738 dispergemini

388 749 553 804 singuli
586 763 613 790 a
646 752 885 804 conspectu
918 750 1087 799 vestro,
1121 758 1203 786 nec
1239 742 1322 785 erit
1355 742 1429 798 qui
1465 742 1707 797 congreget
1740 741 1982 796 fugientes.
2011 741 2029 766 ⁰
2051 742 2110 783 Et
2135 751 2234 798 post

387 808 483 851 haec
505 807 667 850 reverti
692 806 862 849 faciam
888 804 1089 861 captivos
1115 803 1307 845 filiorum
1331 803 1549 856 Ammon,
1576 801 1640 843 ait
1668 800 1900 845 Dominus,

449 867 464 893 7
484 867 557 910 Ad
584 867 847 909 Idumaeam.

448 928 562 970 Haec
590 926 699 969 dicit
725 925 944 968 Dominus
970 923 1248 967 exercituum
1281 939 1289 965 :
1326 920 1555 976 Numquid
1587 935 1675 964 non
1710 920 1824 962 ultra
1852 926 1919 963 est
1943 920 2162 976 sapientia
2186 919 2232 962 in

387 985 627 1032 Theman?
665 985 796 1042 periit
836 983 1069 1027 consilium
1108 997 1134 1024 a
1171 981 1295 1036 filiis,
1331 980 1503 1022 inutilis
1539 980 1666 1023 facta
1707 992 1773 1022 est
1810 980 2030 1036 sapientia
2067 993 2233 1023 eorum.

387 1048 405 1075 8
424 1047 586 1102 Fugite
619 1051 663 1088 et
694 1050 822 1100 terga
855 1043 1037 1097 vertite,
1072 1040 1329 1084 descendite
1362 1040 1409 1082 in
1442 1040 1724 1096 voraginem,
1752 1039 2026 1082 habitatores
2052 1038 2231 1094 Dedan,

388 1107 599 1163 quoniam
625 1104 921 1162 perditionem
949 1103 1069 1145 Esau
1096 1100 1265 1143 adduxi
1299 1114 1430 1156 super
1456 1113 1579 1154 eum,
1606 1105 1782 1156 tempus
1815 1098 2086 1142 visitationis
2119 1098 2232 1154 ejus.

387 1167 404 1193 9
428 1167 474 1210 Si
511 1164 859 1208 vindemiatores
896 1162 1125 1205 venissent
1161 1174 1292 1216 super
1329 1164 1394 1214 te,
1432 1173 1520 1201 non
1557 1159 1842 1214 reliquissent
1882 1173 2138 1213 racemum;
2189 1157 2230 1200 si

386 1227 507 1269 fures
541 1226 588 1267 in
622 1230 773 1279 nocte,
808 1223 1060 1279 rapuissent
1094 1220 1211 1276 quod
1245 1219 1597 1262 sufficeret-sibi.
1625 1218 1662 1244 10
1682 1219 1776 1274 Ego
1802 1232 1928 1274 Vero,
1956 1217 2233 1274 discooperui

388 1288 533 1340 Esau3
572 1283 768 1327 revelavi
807 1281 1071 1325 abscondita
1109 1280 1227 1336 ejus,
1270 1284 1315 1321 et
1355 1278 1491 1321 celari
1532 1293 1621 1321 non
1658 1278 1822 1335 poterit
1862 1295 1871 1321 :
1905 1282 2135 1320 vastatum
2167 1282 2235 1320 est

386 1359 537 1389 semen
559 1344 670 1400 ejus,
698 1351 741 1386 et
763 1343 926 1385 fratres
954 1341 1063 1397 ejus,
1084 1346 1127 1383 et.
1151 1338 1289 1382 vicini
1317 1339 1426 1394 ejus,
1444 1343 1487 1381 et
1513 1353 1601 1380 non
1629 1338 1724 1381 erit.
1745 1337 1778 1364 ’11
1796 1337 2015 1393 Relinque
2039 1335 2234 1393 pupillos

387 1412 498 1461 tuos,
526 1418 609 1460 ego
633 1403 804 1446 faciam
830 1416 903 1445 eos
928 1401 1108 1447 vivere:
1137 1404 1182 1442 et
1209 1398 1355 1441 xiduae
1379 1403 1469 1440 tuae
1495 1397 1541 1440 in
1568 1412 1638 1440 me
1665 1398 1920 1454 sperabunt.
1948 1395 1984 1422 ¹2
2002 1396 2114 1447 Quia
2135 1396 2233 1439 haec

387 1464 496 1508 dicit
530 1463 748 1507 Dominus
791 1479 799 1505 :
839 1463 955 1504 Ecce
990 1460 1149 1516 quibus
1182 1472 1271 1501 non
1305 1463 1400 1501 erat
1439 1457 1660 1513 judicium
1698 1463 1745 1500 ut
1782 1457 1988 1500 biberent
2023 1456 2231 1511 calicem,

386 1524 590 1567 bibentes
623 1523 808 1576 bibent;
846 1527 888 1564 et
921 1526 990 1571 tu,
1026 1519 1150 1575 quasi
1180 1518 1395 1560 innocens
1426 1517 1723 1572 relinqueris?
1759 1517 1860 1559 Non
1888 1517 1971 1559 eris
1996 1516 2230 1570 innocens,

388 1583 464 1627 sed
486 1582 644 1626 bibens
669 1581 810 1624 bibes.
842 1581 875 1606 111
892 1580 1004 1630 Quia
1026 1594 1103 1636 per
1122 1577 1439 1634 memetipsum
1463 1576 1625 1632 juravi,
1649 1576 1759 1619 dicit
1785 1576 2017 1631 Dominus,
2045 1574 2161 1630 quod
2185 1574 2233 1617 in

388 1642 686 1696 solitudinem,
715 1648 757 1684 et
782 1641 829 1683 in
855 1639 1152 1697 opprobrium,
1181 1643 1226 1680 et
1249 1637 1296 1679 in
1345 1636 1583 1688 desertum,
1611 1640 1655 1679 et
1686 1635 1733 1678 in
1760 1634 2124 1678 maledictionem
2150 1634 2234 1677 erit

389 1703 547 1752 Bosra,
576 1707 619 1745 et
641 1715 794 1744 omnes
818 1699 1024 1742 civitates
1049 1698 1147 1753 ejus
1174 1702 1302 1740 erunt-
1325 1696 1372 1738 in
1399 1695 1662 1739 solitudines
1687 1694 1997 1752 sempiternas.

449 1762 483 1787 11
501 1761 719 1804 Auditum
743 1759 894 1802 audivi
911 1774 943 1801 ¹a
970 1758 1177 1812 Domino,
1201 1762 1243 1799 et
1266 1756 1442 1812 legatus
1464 1755 1521 1798 ad
1543 1761 1699 1810 gentes
1721 1753 1883 1797 missus
1907 1759 1974 1797 est
2003 1770 2011 1797 :
2039 1754 2232 1810 Congre-

387 1821 579 1878 gamini,
607 1826 649 1864 et
674 1819 824 1862 venite
852 1824 1006 1861 contra
1028 1832 1147 1871 eam,
1177 1822 1219 1858 et
1242 1829 1562 1871 consurgamus
1587 1814 1633 1856 in
1660 1814 1881 1871 praelium.
1910 1813 1946 1839 15
1972 1814 2090 1856 Ε606
2113 1813 2232 1856 6111111

388 1880 624 1938 parvulum
659 1879 760 1923 dedi
794 1884 838 1922 te
868 1878 915 1920 in
950 1877 1184 1933 gentibus,
1223 1874 1608 1930 contemptibilem
1640 1874 1757 1916 inter
1784 1873 2004 1917 homines.
2041 1872 2077 1898 '¹ss
2100 1873 2233 1914 Arro-

388 1940 542 1997 gantia
573 1946 649 1982 tua
687 1939 864 1994 decepit
898 1944 963 1992 te,
998 1941 1043 1980 et
1071 1936 1278 1992 superbia
1314 1934 1458 1977 cordis
1490 1934 1577 1985 tui,
1616 1934 1689 1988 qui
1729 1932 1907 1975 habitas
1942 1932 1992 1974 in
2030 1931 2234 1975 cavernis

388 2006 546 2056 petrae,
572 2005 614 2042 et
636 1997 967 2055 apprehendere
997 1995 1152 2039 niteris
1177 1994 1464 2037 altitudinem
1495 1993 1620 2035 collis
1645 2010 1653 2036 :
1679 2007 1781 2035 cum
1805 1992 2076 2035 exaltaveris
2107 1991 2233 2047 quasi

388 2059 536 2116 aquila
564 2059 721 2101 nidum
744 2063 883 2113 tuum,
911 2056 1016 2099 inde
1042 2055 1276 2098 detraham
1296 2059 1354 2109 te,
1385 2053 1497 2096 dicit
1520 2052 1754 2097 Dominus.
1778 2051 1814 2078 17
1835 2053 1893 2094 Et
1921 2051 2006 2094 erit
2027 2051 2233 2094 Idumaea

389 2119 561 2162 deserta
590 2136 598 2163 :
627 2118 770 2161 omnis
796 2117 870 2172 qui
898 2115 1107 2159 transibit
1132 2128 1209 2172 per
1234 2128 1334 2157 eam
1363 2112 1583 2169 stupebit,
1616 2116 1660 2154 et
1692 2111 1895 2154 sibilabit
1920 2125 2051 2168 super
2080 2124 2232 2154 omnes

388 2178 546 2235 plagas
572 2178 682 2234 ejus.
711 2177 746 2203 18
767 2177 889 2220 Sicut
911 2176 1122 2218 subversa
1153 2180 1220 2217 est
1248 2173 1463 2228 Sodoma,
1489 2177 1534 2215 et
1560 2172 1830 2226 Gomorrha,
1858 2176 1903 2214 et
1924 2170 2086 2213 vicinae
2113 2170 2233 2226 ejus,

387 2238 450 2280 ait
472 2238 691 2281 Dominus
720 2253 730 2281 ;
752 2251 839 2279 non
863 2235 1088 2278 habitabit
1108 2234 1172 2276 ibi
1198 2233 1279 2289 vir,
1307 2238 1352 2275 et
1377 2246 1466 2275 non
1490 2231 1658 2275 incolet
1683 2246 1782 2274 eam
1804 2231 1922 2273 filius
1946 2230 2152 2273 hominis.

451 2297 483 2323 ¹9
512 2299 628 2340 Ecce
663 2297 787 2353 quasi
826 2297 894 2339 leo
927 2294 1140 2338 ascendet
1178 2293 1232 2337 de
1270 2291 1477 2349 superbia
1512 2291 1724 2334 Jordanis
1762 2290 1819 2334 ad
1852 2289 2234 2347 pulchritudinem

387 2358 630 2412 robustam,
658 2356 761 2414 quia
786 2356 933 2399 subito
960 2368 1134 2397 currere
1160 2352 1332 2396 faciam
1361 2366 1463 2395 eum
1487 2351 1545 2394 ad
1570 2351 1711 2393 illam.
1739 2351 1799 2393 Et
1821 2349 1918 2405 quis
1941 2349 2024 2392 erit
2050 2349 2231 2404 electus,

389 2431 519 2473 quem
548 2431 810 2473 praeponam
842 2415 921 2458 ei?
954 2413 1058 2466 Quis
1089 2413 1209 2457 enim
1242 2411 1402 2454 similis
1435 2410 1558 2454 mei?
1593 2416 1637 2453 et
1666 2410 1764 2466 quis
1789 2409 2028 2452 sustinebit
2058 2408 2163 2451 me?
2190 2413 2233 2450 et

388 2477 484 2532 quis
519 2481 585 2520 est
613 2475 696 2519 iste
730 2480 899 2532 pastor,
931 2474 1005 2530 qui
1033 2473 1212 2517 resistat
1246 2471 1389 2514 vultui
1423 2470 1558 2513 meo‘?
1585 2469 1622 2495 '2⁰
1644 2471 1881 2526 Propterea
1911 2468 2064 2511 audite
2089 2467 2232 2510 consi-

388 2536 500 2578 lium
526 2536 722 2592 Domini,
751 2534 866 2590 quod
889 2534 991 2577 iniit
1013 2534 1067 2577 de
1095 2533 1252 2588 Edoni,
1277 2536 1321 2574 et
1348 2530 1642 2587 cogitationes
1667 2529 1776 2585 ejus,
1801 2542 1909 2584 quas
1936 2525 2153 2583 cogitavit
2179 2526 2232 2569 de

388 2595 717 2638 habitatoribus
748 2595 948 2638 Theman
980 2610 989 2638 z
1016 2593 1052 2636 si
1082 2608 1171 2637 non
1198 2590 1446 2647 dejecerint
1476 2604 1548 2633 eos
1579 2589 1755 2647 parvuli
1786 2587 1956 2644 gregis,
1985 2586 2070 2629 nisi
2105 2585 2232 2629 dissi-

389 2655 594 2712 paverint
629 2670 732 2698 cum
765 2655 827 2698 eis
860 2653 1170 2697 habitaculum
1198 2665 1363 2695 eorum.
1390 2649 1425 2676 91
1446 2650 1488 2693 A
1513 2663 1622 2693 voce
1650 2648 1792 2691 ruinae
1826 2660 1978 2690 eorum
2008 2650 2233 2689 commota

391 2720 456 2757 est
492 2721 628 2770 terra,
664 2715 831 2758 clamor
863 2714 910 2756 in
947 2713 1058 2756 mari
1093 2711 1242 2755 Rubro
1276 2710 1455 2753 auditus
1489 2714 1555 2753 est
1588 2708 1710 2752 vocis
1747 2707 1857 2764 ejus.
1891 2704 1929 2731 ‘22
1954 2706 2072 2749 Ecce
2107 2704 2232 2761 quasi

389 2775 537 2830 aquila
560 2775 792 2829 ascendet,
820 2779 863 2817 et
887 2772 1107 2828 avolabit,
1132 2777 1174 2814 et
1201 2770 1423 2827 expandet
1449 2769 1544 2812 alas
1569 2783 1670 2812 suas
1697 2781 1828 2824 super
1854 2767 2021 2808 Bosrau
2044 2782 2053 2819 ;
2080 2769 2124 2808 et
2150 2763 2234 2807 erit

391 2848 463 2876 cor
487 2835 675 2878 fortium
700 2835 913 2877 {Idumaeae
938 2833 984 2875 in
1011 2831 1082 2875 die
1106 2831 1184 2873 illa
1212 2830 1335 2886 quasi
1363 2844 1436 2872 cor
1458 2828 1656 2871 mulieris
1683 2824 1984 2884 parturientis

450 2893 488 2920 '²3
505 2894 579 2937 Ad
602 2895 889 2937 Damascum.
1613 2930 1616 2933 ,

452 2954 650 2996 Confusa
680 2959 745 2996 est
780 2953 944 2995 Emath
977 2957 1022 2995 et
1055 2950 1262 3007 Arphad,
1302 2949 1404 3006 quia
1437 2948 1642 2991 auditum
1680 2945 1923 3003 pessimum
1966 2943 2229 2996 audierunt3

395 3013 558 3055 turbati
581 3018 683 3055 sunt
707 3013 753 3055 in
780 3012 912 3063 mari,
940 3026 1032 3067 prae
1067 3009 1368 3053 sollicitudine
1399 3008 1624 3064 quiescere
1649 3019 1738 3049 non
1761 3003 1919 3061 potuit.
1947 3001 1983 3028 ⁶24
2004 3001 2232 3046 Dissoluta

392 3077 459 3115 est
485 3073 744 3126 Damascus,
771 3086 898 3114 versa
924 3076 989 3114 est
1014 3070 1060 3112 in
1085 3071 1274 3125 fugam3
1302 3073 1465 3111 tremor
1489 3064 1785 3123 apprehendit
1813 3077 1926 3116 eam,
1953 3061 2164 3118 angustia
2189 3070 2233 3103 et-

395 3132 565 3175 dolores
606 3137 842 3174 tenuerunt
883 3145 981 3174 eam
1021 3129 1148 3185 quasi
1187 3128 1523 3185 parturientem.
1566 3124 1602 3152 ²5
1632 3123 1861 3175 Quomodo
1900 3122 2233 3177 dereliquerunt-

394 3191 623 3234 civitatem
660 3189 958 3244 laudabilem,
998 3189 1152 3232 urbem
1190 3186 1400 3230 laetitiae?
1427 3186 1464 3212 ‘²5
1489 3185 1596 3228 Ideo
1630 3183 1793 3226 cadent
1832 3183 2021 3238 juvenes
2055 3180 2152 3236 63113
2185 3179 2232 3221 111

392 3250 552 3307 plateis
585 3250 704 3306 63113,
739 3254 783 3292 et
817 3262 966 3291 omnes
1000 3248 1082 3290 viri
1113 3247 1257 3304 praelii
1288 3246 1588 3290 conticescent
1619 3243 1667 3286 in
1700 3243 1771 3285 die
1795 3242 1896 3298 illa,
1923 3242 1988 3284 ait
2013 3239 2232 3284 Dominus

394 3309 681 3353 exercituum.
723 3307 758 3334 27
790 3309 848 3350 Et
893 3307 1163 3350 succendam
1198 3306 1351 3362 ignem
1386 3305 1433 3348 in
1471 3317 1595 3346 muro
1639 3301 1872 3357 Damasci,
1912 3306 1957 3344 et
1996 3297 2232 3343 devorabit

395 3369 559 3412 moenia
587 3368 815 3412 Benadad.

454 3427 489 3455 ⁹²8
516 3429 587 3472 Ad
621 3428 777 3482 Cedar,
811 3433 856 3470 et
893 3426 948 3469 ad
982 3440 1118 3481 regna
1148 3426 1275 3480 Aser,
1311 3438 1409 3480 quae
1441 3421 1657 3480 percussit
1693 3418 2118 3474 Nabuchodonosor,
2150 3430 2232 3461 rex

395 3487 650 3543 Babylonis.

406 3635 452 3666 14]
471 3632 553 3662 And.
574 3636 648 3662 1.—-
669 3638 717 3668 10]
732 3635 818 3664 ΑΜ.
857 3635 883 3662 4.
918 3647 943 3655 ··-
966 3634 1012 3667 18]
1030 3635 1109 3662 Gen.
1127 3634 1228 3669 XIX,
1245 3637 1289 3662 24.
1305 3649 1341 3654 -
1361 3633 1710 3670 19]111f.L‚4-1.J‹·1›,
1733 3635 1811 3662 XLI
1826 3654 1829 3663 .
1847 3637 1872 3660 1.
