<?xml version="1.0" encoding="UTF-8"?>
<!DOCTYPE html PUBLIC "-//W3C//DTD XHTML 1.0 Transitional//EN"
    "http://www.w3.org/TR/xhtml1/DTD/xhtml1-transitional.dtd">
<html xmlns="http://www.w3.org/1999/xhtml" xml:lang="en" lang="en">
 <head>
  <title>
</title>
<meta http-equiv="Content-Type" content="text/html;charset=utf-8" />
  <meta name='ocr-system' content='tesseract 3.04.00' />
  <meta name='ocr-capabilities' content='ocr_page ocr_carea ocr_par ocr_line ocrx_word'/>
</head>
<body>
  <div class='ocr_page' id='page_1' title='image "./bibliasacrajuxta00fill_0993.png"; bbox 0 0 2423 3861; ppageno 0'>
   <div class='ocr_carea' id='block_1_1' title="bbox 775 141 1352 193">
    <p class='ocr_par' dir='ltr' id='par_1_1' title="bbox 775 141 1352 193">
     <span class='ocr_line' id='line_1_1' title="bbox 775 141 1352 193; baseline 0.003 -12"><span class='ocrx_word' id='word_1_1' title='bbox 775 141 890 183; x_wconf 62' lang='lat' dir='ltr'>nm.</span> <span class='ocrx_word' id='word_1_2' title='bbox 928 141 970 190; x_wconf 84' lang='grc'>1,</span> <span class='ocrx_word' id='word_1_3' title='bbox 1004 142 1053 182; x_wconf 68' lang='grc'>01</span> <span class='ocrx_word' id='word_1_4' title='bbox 1091 167 1149 172; x_wconf 81' lang='lat'><em>-</em></span> <span class='ocrx_word' id='word_1_5' title='bbox 1182 142 1248 193; x_wconf 86' lang='grc'>11,</span> <span class='ocrx_word' id='word_1_6' title='bbox 1283 143 1352 183; x_wconf 67' lang='grc'>21.</span> 
     </span>
    </p>
   </div>
   <div class='ocr_carea' id='block_1_2' title="bbox 1891 142 1976 186">
    <p class='ocr_par' dir='ltr' id='par_1_2' title="bbox 1891 142 1976 186">
     <span class='ocr_line' id='line_1_2' title="bbox 1891 142 1976 186; baseline 0.012 -1"><span class='ocrx_word' id='word_1_7' title='bbox 1891 142 1976 186; x_wconf 82' lang='grc'>975</span> 
     </span>
    </p>
   </div>
   <div class='ocr_carea' id='block_1_3' title="bbox 1438 250 1677 254">
    <p class='ocr_par' dir='ltr' id='par_1_3' title="bbox 1438 250 1677 254">
     <span class='ocr_line' id='line_1_3' title="bbox 1438 250 1677 254; baseline 0 0"><span class='ocrx_word' id='word_1_8' title='bbox 1438 250 1677 254; x_wconf 95' lang='lat' dir='ltr'> </span> 
     </span>
    </p>
   </div>
   <div class='ocr_carea' id='block_1_4' title="bbox 124 309 1975 553">
    <p class='ocr_par' dir='ltr' id='par_1_4' title="bbox 124 309 1975 483">
     <span class='ocr_line' id='line_1_4' title="bbox 124 309 1974 368; baseline 0.001 -15"><span class='ocrx_word' id='word_1_9' title='bbox 124 328 126 330; x_wconf 63' lang='grc'>’</span> <span class='ocrx_word' id='word_1_10' title='bbox 148 309 321 353; x_wconf 87' lang='lat' dir='ltr'>invenit</span> <span class='ocrx_word' id='word_1_11' title='bbox 341 310 387 352; x_wconf 91' lang='lat' dir='ltr'>in</span> <span class='ocrx_word' id='word_1_12' title='bbox 413 309 473 353; x_wconf 83' lang='lat' dir='ltr'>eis</span> <span class='ocrx_word' id='word_1_13' title='bbox 501 310 759 366; x_wconf 87' lang='lat' dir='ltr'>decuplum,</span> <span class='ocrx_word' id='word_1_14' title='bbox 783 324 912 367; x_wconf 88' lang='lat' dir='ltr'>super</span> <span class='ocrx_word' id='word_1_15' title='bbox 937 318 1119 353; x_wconf 83' lang='lat' dir='ltr'>cunctos</span> <span class='ocrx_word' id='word_1_16' title='bbox 1143 311 1303 354; x_wconf 79' lang='lat' dir='ltr'>ariolos</span> <span class='ocrx_word' id='word_1_17' title='bbox 1327 318 1369 355; x_wconf 87' lang='lat' dir='ltr'>et</span> <span class='ocrx_word' id='word_1_18' title='bbox 1395 326 1548 368; x_wconf 83' lang='lat' dir='ltr'>magos</span> <span class='ocrx_word' id='word_1_19' title='bbox 1570 312 1643 368; x_wconf 89' lang='lat' dir='ltr'>qni</span> <span class='ocrx_word' id='word_1_20' title='bbox 1667 318 1791 355; x_wconf 89' lang='lat' dir='ltr'>erant</span> <span class='ocrx_word' id='word_1_21' title='bbox 1813 313 1857 355; x_wconf 89' lang='lat' dir='ltr'>in</span> <span class='ocrx_word' id='word_1_22' title='bbox 1882 313 1974 355; x_wconf 90' lang='lat' dir='ltr'>uni-</span> 
     </span>
     <span class='ocr_line' id='line_1_5' title="bbox 149 368 1975 428; baseline 0.001 -16"><span class='ocrx_word' id='word_1_23' title='bbox 149 382 274 412; x_wconf 84' lang='lat' dir='ltr'>verso</span> <span class='ocrx_word' id='word_1_24' title='bbox 301 383 437 424; x_wconf 83' lang='lat' dir='ltr'>regno</span> <span class='ocrx_word' id='word_1_25' title='bbox 466 369 576 425; x_wconf 85' lang='lat' dir='ltr'>ejus.</span> <span class='ocrx_word' id='word_1_26' title='bbox 607 368 640 394; x_wconf 75' lang='lat'>²¹¹</span> <span class='ocrx_word' id='word_1_27' title='bbox 670 368 774 411; x_wconf 77' lang='lat' dir='ltr'>Fuit</span> <span class='ocrx_word' id='word_1_28' title='bbox 805 374 955 412; x_wconf 84' lang='lat' dir='ltr'>autem</span> <span class='ocrx_word' id='word_1_29' title='bbox 990 369 1149 413; x_wconf 81' lang='lat' dir='ltr'>Daniel</span> <span class='ocrx_word' id='word_1_30' title='bbox 1185 384 1321 426; x_wconf 83' lang='lat' dir='ltr'>usque</span> <span class='ocrx_word' id='word_1_31' title='bbox 1353 371 1407 413; x_wconf 81' lang='lat' dir='ltr'>ad</span> <span class='ocrx_word' id='word_1_32' title='bbox 1442 385 1609 413; x_wconf 85' lang='lat' dir='ltr'>annum</span> <span class='ocrx_word' id='word_1_33' title='bbox 1647 371 1837 428; x_wconf 87' lang='lat' dir='ltr'>primum</span> <span class='ocrx_word' id='word_1_34' title='bbox 1874 372 1975 427; x_wconf 80' lang='lat' dir='ltr'>Cyri</span> 
     </span>
     <span class='ocr_line' id='line_1_6' title="bbox 148 442 276 483; baseline 0 -14"><span class='ocrx_word' id='word_1_35' title='bbox 148 442 276 483; x_wconf 73' lang='lat' dir='ltr'>regis.</span> 
     </span>
    </p>

    <p class='ocr_par' dir='ltr' id='par_1_5' title="bbox 368 495 1762 553">
     <span class='ocr_line' id='line_1_7' title="bbox 368 495 1762 553; baseline 0.003 -17"><span class='ocrx_word' id='word_1_36' title='bbox 368 496 392 551; x_wconf 64' lang='grc' dir='ltr'>ξ</span> <span class='ocrx_word' id='word_1_37' title='bbox 428 495 490 537; x_wconf 93' lang='grc' dir='ltr'>ΙΙ.</span> <span class='ocrx_word' id='word_1_38' title='bbox 515 520 575 528; x_wconf 89' lang='lat'>—-</span> <span class='ocrx_word' id='word_1_39' title='bbox 600 495 827 539; x_wconf 65' lang='lat' dir='ltr'><em>Somnium</em></span> <span class='ocrx_word' id='word_1_40' title='bbox 853 495 1255 538; x_wconf 74' lang='lat' dir='ltr'>Nabuchodonosor</span> <span class='ocrx_word' id='word_1_41' title='bbox 1286 496 1338 538; x_wconf 79' lang='lat' dir='ltr'>de</span> <span class='ocrx_word' id='word_1_42' title='bbox 1367 503 1515 539; x_wconf 67' lang='lat' dir='ltr'>statua</span> <span class='ocrx_word' id='word_1_43' title='bbox 1541 498 1762 553; x_wconf 59' lang='lat' dir='ltr'>{ligantem</span> 
     </span>
    </p>
   </div>
   <div class='ocr_carea' id='block_1_5' title="bbox 145 601 1979 1781">
    <p class='ocr_par' dir='ltr' id='par_1_6' title="bbox 145 601 1977 893">
     <span class='ocr_line' id='line_1_8' title="bbox 207 601 1976 659; baseline 0.001 -14"><span class='ocrx_word' id='word_1_44' title='bbox 207 602 313 646; x_wconf 81' lang='lat' dir='ltr'>CAP.</span> <span class='ocrx_word' id='word_1_45' title='bbox 340 603 403 645; x_wconf 93' lang='lat' dir='ltr'>II.</span> <span class='ocrx_word' id='word_1_46' title='bbox 425 627 484 634; x_wconf 93' lang='lat'>—-</span> <span class='ocrx_word' id='word_1_47' title='bbox 512 601 597 645; x_wconf 87' lang='lat' dir='ltr'>¹In</span> <span class='ocrx_word' id='word_1_48' title='bbox 623 617 739 645; x_wconf 82' lang='lat' dir='ltr'>anno</span> <span class='ocrx_word' id='word_1_49' title='bbox 769 603 960 646; x_wconf 80' lang='lat' dir='ltr'>secundo</span> <span class='ocrx_word' id='word_1_50' title='bbox 992 602 1114 657; x_wconf 68' lang='lat' dir='ltr'>regni</span> <span class='ocrx_word' id='word_1_51' title='bbox 1149 603 1568 659; x_wconf 62' lang='lat' dir='ltr'>Nabuchodonowr,</span> <span class='ocrx_word' id='word_1_52' title='bbox 1597 605 1709 647; x_wconf 85' lang='lat' dir='ltr'>vidit</span> <span class='ocrx_word' id='word_1_53' title='bbox 1741 605 1976 648; x_wconf 80' lang='lat' dir='ltr'>Nabucho—</span> 
     </span>
     <span class='ocr_line' id='line_1_9' title="bbox 146 661 1977 720; baseline 0.003 -18"><span class='ocrx_word' id='word_1_54' title='bbox 146 661 334 703; x_wconf 78' lang='lat' dir='ltr'>donosor</span> <span class='ocrx_word' id='word_1_55' title='bbox 358 661 602 712; x_wconf 82' lang='lat' dir='ltr'>somnium,</span> <span class='ocrx_word' id='word_1_56' title='bbox 626 668 669 704; x_wconf 92' lang='lat' dir='ltr'>et</span> <span class='ocrx_word' id='word_1_57' title='bbox 692 662 954 705; x_wconf 80' lang='lat' dir='ltr'>conterritus</span> <span class='ocrx_word' id='word_1_58' title='bbox 978 668 1043 704; x_wconf 87' lang='lat' dir='ltr'>est</span> <span class='ocrx_word' id='word_1_59' title='bbox 1068 661 1247 717; x_wconf 87' lang='lat' dir='ltr'>spiritus</span> <span class='ocrx_word' id='word_1_60' title='bbox 1274 662 1390 717; x_wconf 80' lang='lat' dir='ltr'>ejus,</span> <span class='ocrx_word' id='word_1_61' title='bbox 1418 668 1461 705; x_wconf 90' lang='lat' dir='ltr'>et</span> <span class='ocrx_word' id='word_1_62' title='bbox 1485 663 1706 705; x_wconf 85' lang='lat' dir='ltr'>somnium</span> <span class='ocrx_word' id='word_1_63' title='bbox 1736 665 1832 720; x_wconf 84' lang='lat' dir='ltr'>ejus</span> <span class='ocrx_word' id='word_1_64' title='bbox 1857 664 1977 720; x_wconf 75' lang='lat' dir='ltr'>fugit</span> 
     </span>
     <span class='ocr_line' id='line_1_10' title="bbox 145 719 1975 779; baseline 0.003 -19"><span class='ocrx_word' id='word_1_65' title='bbox 145 719 202 761; x_wconf 74' lang='lat' dir='ltr'>ab</span> <span class='ocrx_word' id='word_1_66' title='bbox 224 733 289 763; x_wconf 91' lang='grc'>00.</span> <span class='ocrx_word' id='word_1_67' title='bbox 313 719 330 746; x_wconf 73' lang='lat'>‘2</span> <span class='ocrx_word' id='word_1_68' title='bbox 349 720 570 777; x_wconf 89' lang='lat' dir='ltr'>Praecepit</span> <span class='ocrx_word' id='word_1_69' title='bbox 593 727 743 764; x_wconf 86' lang='lat' dir='ltr'>autem</span> <span class='ocrx_word' id='word_1_70' title='bbox 768 734 845 764; x_wconf 78' lang='lat' dir='ltr'>rex</span> <span class='ocrx_word' id='word_1_71' title='bbox 868 726 916 762; x_wconf 91' lang='lat' dir='ltr'>ut</span> <span class='ocrx_word' id='word_1_72' title='bbox 933 726 1282 763; x_wconf 80' lang='lat' dir='ltr'>convocarentur</span> <span class='ocrx_word' id='word_1_73' title='bbox 1301 721 1450 776; x_wconf 84' lang='lat' dir='ltr'>arioli,</span> <span class='ocrx_word' id='word_1_74' title='bbox 1478 728 1521 764; x_wconf 87' lang='lat' dir='ltr'>ct</span> <span class='ocrx_word' id='word_1_75' title='bbox 1545 723 1685 777; x_wconf 75' lang='lat' dir='ltr'>magi,</span> <span class='ocrx_word' id='word_1_76' title='bbox 1709 729 1752 766; x_wconf 89' lang='lat' dir='ltr'>et</span> <span class='ocrx_word' id='word_1_77' title='bbox 1773 723 1975 779; x_wconf 85' lang='lat' dir='ltr'>malefici,</span> 
     </span>
     <span class='ocr_line' id='line_1_11' title="bbox 147 778 1977 837; baseline 0.003 -17"><span class='ocrx_word' id='word_1_78' title='bbox 147 783 190 820; x_wconf 76' lang='lat' dir='ltr'>et</span> <span class='ocrx_word' id='word_1_79' title='bbox 216 778 438 835; x_wconf 68' lang='lat' dir='ltr'>Chaldaei,</span> <span class='ocrx_word' id='word_1_80' title='bbox 465 785 514 837; x_wconf 88' lang='lat' dir='ltr'>ut</span> <span class='ocrx_word' id='word_1_81' title='bbox 542 779 792 822; x_wconf 87' lang='lat' dir='ltr'>indicarent</span> <span class='ocrx_word' id='word_1_82' title='bbox 821 779 912 834; x_wconf 81' lang='lat' dir='ltr'>regi</span> <span class='ocrx_word' id='word_1_83' title='bbox 939 779 1109 822; x_wconf 88' lang='lat' dir='ltr'>somnia</span> <span class='ocrx_word' id='word_1_84' title='bbox 1134 793 1226 821; x_wconf 84' lang='lat' dir='ltr'>sua.</span> <span class='ocrx_word' id='word_1_85' title='bbox 1249 779 1330 829; x_wconf 80' lang='lat' dir='ltr'>Qui</span> <span class='ocrx_word' id='word_1_86' title='bbox 1362 793 1459 822; x_wconf 89' lang='lat' dir='ltr'>cum</span> <span class='ocrx_word' id='word_1_87' title='bbox 1486 781 1730 837; x_wconf 77' lang='lat' dir='ltr'>venissent,</span> <span class='ocrx_word' id='word_1_88' title='bbox 1760 788 1977 826; x_wconf 87' lang='lat' dir='ltr'>steterunt</span> 
     </span>
     <span class='ocr_line' id='line_1_12' title="bbox 147 851 440 893; baseline 0.014 -16"><span class='ocrx_word' id='word_1_89' title='bbox 147 851 295 879; x_wconf 78' lang='lat' dir='ltr'>coram</span> <span class='ocrx_word' id='word_1_90' title='bbox 325 852 440 893; x_wconf 80' lang='lat' dir='ltr'>rege.</span> 
     </span>
    </p>

    <p class='ocr_par' dir='ltr' id='par_1_7' title="bbox 145 896 1979 1781">
     <span class='ocr_line' id='line_1_13' title="bbox 206 896 1976 957; baseline 0.003 -19"><span class='ocrx_word' id='word_1_91' title='bbox 206 896 224 922; x_wconf 84' lang='lat'>3</span> <span class='ocrx_word' id='word_1_92' title='bbox 241 898 299 939; x_wconf 89' lang='lat' dir='ltr'>Et</span> <span class='ocrx_word' id='word_1_93' title='bbox 324 896 440 939; x_wconf 80' lang='lat' dir='ltr'>dixit</span> <span class='ocrx_word' id='word_1_94' title='bbox 464 898 521 940; x_wconf 88' lang='lat' dir='ltr'>ad</span> <span class='ocrx_word' id='word_1_95' title='bbox 547 912 620 941; x_wconf 88' lang='lat' dir='ltr'>eos</span> <span class='ocrx_word' id='word_1_96' title='bbox 652 912 760 942; x_wconf 79' lang='lat' dir='ltr'>rex:</span> <span class='ocrx_word' id='word_1_97' title='bbox 791 897 895 941; x_wconf 82' lang='lat' dir='ltr'>Vidi</span> <span class='ocrx_word' id='word_1_98' title='bbox 921 897 1162 952; x_wconf 84' lang='lat' dir='ltr'>somnium,</span> <span class='ocrx_word' id='word_1_99' title='bbox 1191 902 1234 940; x_wconf 91' lang='lat' dir='ltr'>et</span> <span class='ocrx_word' id='word_1_100' title='bbox 1263 902 1410 941; x_wconf 90' lang='lat' dir='ltr'>mente</span> <span class='ocrx_word' id='word_1_101' title='bbox 1440 899 1653 943; x_wconf 75' lang='lat' dir='ltr'>confusus</span> <span class='ocrx_word' id='word_1_102' title='bbox 1685 900 1840 956; x_wconf 84' lang='lat' dir='ltr'>ignoro</span> <span class='ocrx_word' id='word_1_103' title='bbox 1873 901 1976 957; x_wconf 81' lang='lat' dir='ltr'>quid</span> 
     </span>
     <span class='ocr_line' id='line_1_14' title="bbox 147 954 1975 1016; baseline 0.003 -19"><span class='ocrx_word' id='word_1_104' title='bbox 147 954 348 998; x_wconf 84' lang='lat' dir='ltr'>viderim.</span> <span class='ocrx_word' id='word_1_105' title='bbox 377 955 394 982; x_wconf 81' lang='lat'>4</span> <span class='ocrx_word' id='word_1_106' title='bbox 417 957 840 1013; x_wconf 84' lang='lat' dir='ltr'>Responderuntque</span> <span class='ocrx_word' id='word_1_107' title='bbox 865 955 1067 1000; x_wconf 77' lang='lat' dir='ltr'>Chaldaei</span> <span class='ocrx_word' id='word_1_108' title='bbox 1091 956 1185 1011; x_wconf 80' lang='lat' dir='ltr'>regi</span> <span class='ocrx_word' id='word_1_109' title='bbox 1210 956 1381 1012; x_wconf 78' lang='lat' dir='ltr'>syriace</span> <span class='ocrx_word' id='word_1_110' title='bbox 1402 973 1412 1000; x_wconf 78' lang='lat' dir='ltr'>z</span> <span class='ocrx_word' id='word_1_111' title='bbox 1441 959 1554 1014; x_wconf 80' lang='lat' dir='ltr'>Rex,</span> <span class='ocrx_word' id='word_1_112' title='bbox 1584 959 1630 1001; x_wconf 91' lang='lat' dir='ltr'>in</span> <span class='ocrx_word' id='word_1_113' title='bbox 1659 959 1975 1016; x_wconf 86' lang='lat' dir='ltr'>sempiternum</span> 
     </span>
     <span class='ocr_line' id='line_1_15' title="bbox 147 1010 1979 1071; baseline 0.003 -16"><span class='ocrx_word' id='word_1_114' title='bbox 147 1010 249 1056; x_wconf 60' lang='lat' dir='ltr'>vive</span> <span class='ocrx_word' id='word_1_115' title='bbox 269 1014 277 1056; x_wconf 80' lang='lat'>1</span> <span class='ocrx_word' id='word_1_116' title='bbox 298 1015 381 1057; x_wconf 94' lang='lat' dir='ltr'>Dic</span> <span class='ocrx_word' id='word_1_117' title='bbox 407 1016 629 1058; x_wconf 87' lang='lat' dir='ltr'>somnium</span> <span class='ocrx_word' id='word_1_118' title='bbox 652 1015 789 1058; x_wconf 83' lang='lat' dir='ltr'>servis</span> <span class='ocrx_word' id='word_1_119' title='bbox 812 1015 913 1070; x_wconf 86' lang='lat' dir='ltr'>tuis,</span> <span class='ocrx_word' id='word_1_120' title='bbox 938 1020 981 1058; x_wconf 89' lang='lat' dir='ltr'>et</span> <span class='ocrx_word' id='word_1_121' title='bbox 1002 1015 1414 1071; x_wconf 78' lang='lat' dir='ltr'>interpretationem</span> <span class='ocrx_word' id='word_1_122' title='bbox 1437 1017 1532 1071; x_wconf 80' lang='lat' dir='ltr'>ejus</span> <span class='ocrx_word' id='word_1_123' title='bbox 1554 1017 1865 1062; x_wconf 77' lang='lat' dir='ltr'>indicabimus.</span> <span class='ocrx_word' id='word_1_124' title='bbox 1886 1020 1902 1045; x_wconf 79' lang='lat'>⁵</span> <span class='ocrx_word' id='word_1_125' title='bbox 1921 1019 1979 1061; x_wconf 84' lang='lat' dir='ltr'>Et</span> 
     </span>
     <span class='ocr_line' id='line_1_16' title="bbox 146 1073 1977 1129; baseline 0.003 -14"><span class='ocrx_word' id='word_1_126' title='bbox 146 1073 416 1129; x_wconf 88' lang='lat' dir='ltr'>respondens</span> <span class='ocrx_word' id='word_1_127' title='bbox 441 1089 516 1117; x_wconf 73' lang='lat' dir='ltr'>rex</span> <span class='ocrx_word' id='word_1_128' title='bbox 535 1075 599 1116; x_wconf 81' lang='lat' dir='ltr'>ait</span> <span class='ocrx_word' id='word_1_129' title='bbox 617 1073 840 1117; x_wconf 77' lang='lat' dir='ltr'>Chaldaeis</span> <span class='ocrx_word' id='word_1_130' title='bbox 859 1075 1030 1118; x_wconf 84' lang='lat' dir='ltr'>:Sermo</span> <span class='ocrx_word' id='word_1_131' title='bbox 1056 1074 1237 1117; x_wconf 87' lang='lat' dir='ltr'>recessit</span> <span class='ocrx_word' id='word_1_132' title='bbox 1262 1089 1288 1116; x_wconf 86' lang='lat' dir='ltr'>a</span> <span class='ocrx_word' id='word_1_133' title='bbox 1310 1089 1405 1129; x_wconf 89' lang='lat' dir='ltr'>me;</span> <span class='ocrx_word' id='word_1_134' title='bbox 1433 1076 1517 1118; x_wconf 86' lang='lat' dir='ltr'>nisi</span> <span class='ocrx_word' id='word_1_135' title='bbox 1542 1076 1845 1120; x_wconf 77' lang='lat' dir='ltr'>indicaveritis</span> <span class='ocrx_word' id='word_1_136' title='bbox 1868 1078 1977 1120; x_wconf 87' lang='lat' dir='ltr'>mihi</span> 
     </span>
     <span class='ocr_line' id='line_1_17' title="bbox 146 1132 1977 1193; baseline 0.003 -20"><span class='ocrx_word' id='word_1_137' title='bbox 146 1132 389 1187; x_wconf 87' lang='lat' dir='ltr'>somnium,</span> <span class='ocrx_word' id='word_1_138' title='bbox 416 1140 460 1176; x_wconf 89' lang='lat' dir='ltr'>et</span> <span class='ocrx_word' id='word_1_139' title='bbox 493 1133 796 1189; x_wconf 85' lang='lat' dir='ltr'>conjecturam</span> <span class='ocrx_word' id='word_1_140' title='bbox 822 1134 938 1190; x_wconf 85' lang='lat' dir='ltr'>ejus,</span> <span class='ocrx_word' id='word_1_141' title='bbox 973 1133 1174 1190; x_wconf 80' lang='lat' dir='ltr'>peribitis</span> <span class='ocrx_word' id='word_1_142' title='bbox 1204 1147 1302 1190; x_wconf 90' lang='lat' dir='ltr'>vos,</span> <span class='ocrx_word' id='word_1_143' title='bbox 1333 1140 1376 1177; x_wconf 92' lang='lat' dir='ltr'>et</span> <span class='ocrx_word' id='word_1_144' title='bbox 1409 1134 1564 1178; x_wconf 88' lang='lat' dir='ltr'>domus</span> <span class='ocrx_word' id='word_1_145' title='bbox 1590 1141 1750 1179; x_wconf 76' lang='lat' dir='ltr'>vestrae</span> <span class='ocrx_word' id='word_1_146' title='bbox 1780 1136 1977 1193; x_wconf 85' lang='lat' dir='ltr'>publica-</span> 
     </span>
     <span class='ocr_line' id='line_1_18' title="bbox 147 1190 1975 1252; baseline 0.003 -20"><span class='ocrx_word' id='word_1_147' title='bbox 147 1190 325 1234; x_wconf 81' lang='lat' dir='ltr'>buntur.</span> <span class='ocrx_word' id='word_1_148' title='bbox 352 1191 370 1218; x_wconf 71' lang='grc'><strong>6</strong></span> <span class='ocrx_word' id='word_1_149' title='bbox 387 1192 431 1235; x_wconf 85' lang='lat' dir='ltr'>Si</span> <span class='ocrx_word' id='word_1_150' title='bbox 461 1198 612 1235; x_wconf 88' lang='lat' dir='ltr'>autem</span> <span class='ocrx_word' id='word_1_151' title='bbox 637 1193 879 1248; x_wconf 88' lang='lat' dir='ltr'>somnium,</span> <span class='ocrx_word' id='word_1_152' title='bbox 908 1197 952 1235; x_wconf 88' lang='lat' dir='ltr'>et</span> <span class='ocrx_word' id='word_1_153' title='bbox 980 1193 1283 1247; x_wconf 78' lang='lat' dir='ltr'>conjecturam</span> <span class='ocrx_word' id='word_1_154' title='bbox 1313 1193 1411 1248; x_wconf 82' lang='lat' dir='ltr'>ejus</span> <span class='ocrx_word' id='word_1_155' title='bbox 1437 1195 1741 1249; x_wconf 83' lang='lat' dir='ltr'>narraveritis,</span> <span class='ocrx_word' id='word_1_156' title='bbox 1772 1196 1975 1252; x_wconf 79' lang='lat' dir='ltr'>praemia,</span> 
     </span>
     <span class='ocr_line' id='line_1_19' title="bbox 146 1249 1978 1310; baseline 0.003 -18"><span class='ocrx_word' id='word_1_157' title='bbox 146 1255 190 1292; x_wconf 90' lang='lat' dir='ltr'>et</span> <span class='ocrx_word' id='word_1_158' title='bbox 211 1249 347 1306; x_wconf 85' lang='lat' dir='ltr'>dona,</span> <span class='ocrx_word' id='word_1_159' title='bbox 373 1256 417 1294; x_wconf 91' lang='lat' dir='ltr'>et</span> <span class='ocrx_word' id='word_1_160' title='bbox 446 1251 657 1295; x_wconf 89' lang='lat' dir='ltr'>honorem</span> <span class='ocrx_word' id='word_1_161' title='bbox 683 1252 873 1294; x_wconf 87' lang='lat' dir='ltr'>multum</span> <span class='ocrx_word' id='word_1_162' title='bbox 905 1251 1135 1308; x_wconf 78' lang='lat' dir='ltr'>accipietis</span> <span class='ocrx_word' id='word_1_163' title='bbox 1165 1266 1305 1306; x_wconf 86' lang='lat' dir='ltr'>ame.</span> <span class='ocrx_word' id='word_1_164' title='bbox 1338 1253 1565 1296; x_wconf 75' lang='lat' dir='ltr'>Somnium</span> <span class='ocrx_word' id='word_1_165' title='bbox 1596 1254 1746 1310; x_wconf 72' lang='lat' dir='ltr'>igitur,</span> <span class='ocrx_word' id='word_1_166' title='bbox 1773 1260 1817 1297; x_wconf 83' lang='lat' dir='ltr'>et</span> <span class='ocrx_word' id='word_1_167' title='bbox 1845 1255 1978 1298; x_wconf 88' lang='lat' dir='ltr'>inter-</span> 
     </span>
     <span class='ocr_line' id='line_1_20' title="bbox 146 1310 1976 1369; baseline 0.004 -18"><span class='ocrx_word' id='word_1_168' title='bbox 146 1310 439 1365; x_wconf 81' lang='lat' dir='ltr'>pretationem</span> <span class='ocrx_word' id='word_1_169' title='bbox 467 1311 562 1366; x_wconf 87' lang='lat' dir='ltr'>ejus</span> <span class='ocrx_word' id='word_1_170' title='bbox 586 1311 783 1353; x_wconf 87' lang='lat' dir='ltr'>indicate</span> <span class='ocrx_word' id='word_1_171' title='bbox 809 1311 968 1353; x_wconf 75' lang='grc'>1111111.7</span> <span class='ocrx_word' id='word_1_172' title='bbox 990 1311 1328 1367; x_wconf 75' lang='lat' dir='ltr'>Responderunt</span> <span class='ocrx_word' id='word_1_173' title='bbox 1349 1312 1555 1367; x_wconf 84' lang='lat' dir='ltr'>secundo,</span> <span class='ocrx_word' id='word_1_174' title='bbox 1583 1321 1715 1369; x_wconf 84' lang='lat' dir='ltr'>atque</span> <span class='ocrx_word' id='word_1_175' title='bbox 1741 1314 1976 1359; x_wconf 79' lang='lat' dir='ltr'>dixerunt:</span> 
     </span>
     <span class='ocr_line' id='line_1_21' title="bbox 148 1369 1977 1426; baseline 0.003 -15"><span class='ocrx_word' id='word_1_176' title='bbox 148 1369 243 1412; x_wconf 86' lang='lat' dir='ltr'>Rex</span> <span class='ocrx_word' id='word_1_177' title='bbox 275 1370 498 1411; x_wconf 88' lang='lat' dir='ltr'>somnium</span> <span class='ocrx_word' id='word_1_178' title='bbox 532 1369 654 1413; x_wconf 90' lang='lat' dir='ltr'>dicat</span> <span class='ocrx_word' id='word_1_179' title='bbox 685 1370 824 1413; x_wconf 86' lang='lat' dir='ltr'>servis</span> <span class='ocrx_word' id='word_1_180' title='bbox 854 1370 964 1423; x_wconf 84' lang='lat' dir='ltr'>suis,</span> <span class='ocrx_word' id='word_1_181' title='bbox 999 1375 1042 1413; x_wconf 90' lang='lat' dir='ltr'>et</span> <span class='ocrx_word' id='word_1_182' title='bbox 1070 1370 1488 1426; x_wconf 76' lang='lat' dir='ltr'>interpretationem</span> <span class='ocrx_word' id='word_1_183' title='bbox 1515 1372 1634 1414; x_wconf 88' lang='lat' dir='ltr'>illius</span> <span class='ocrx_word' id='word_1_184' title='bbox 1666 1373 1977 1417; x_wconf 86' lang='lat' dir='ltr'>indicabimus.</span> 
     </span>
     <span class='ocr_line' id='line_1_22' title="bbox 146 1428 1977 1488; baseline 0.002 -17"><span class='ocrx_word' id='word_1_185' title='bbox 146 1429 162 1453; x_wconf 57' lang='grc' dir='ltr'>ὅ</span> <span class='ocrx_word' id='word_1_186' title='bbox 182 1428 426 1485; x_wconf 87' lang='lat' dir='ltr'>Respondit</span> <span class='ocrx_word' id='word_1_187' title='bbox 450 1443 549 1483; x_wconf 75' lang='lat' dir='ltr'>reX‚</span> <span class='ocrx_word' id='word_1_188' title='bbox 573 1435 618 1472; x_wconf 91' lang='lat' dir='ltr'>et</span> <span class='ocrx_word' id='word_1_189' title='bbox 640 1429 705 1471; x_wconf 87' lang='lat' dir='ltr'>ait</span> <span class='ocrx_word' id='word_1_190' title='bbox 727 1445 735 1472; x_wconf 94' lang='lat'><strong>:</strong></span> <span class='ocrx_word' id='word_1_191' title='bbox 762 1429 891 1472; x_wconf 86' lang='lat' dir='ltr'>Certe</span> <span class='ocrx_word' id='word_1_192' title='bbox 917 1428 1020 1472; x_wconf 89' lang='lat' dir='ltr'>novi</span> <span class='ocrx_word' id='word_1_193' title='bbox 1044 1429 1159 1484; x_wconf 85' lang='lat' dir='ltr'>quod</span> <span class='ocrx_word' id='word_1_194' title='bbox 1186 1435 1360 1486; x_wconf 87' lang='lat' dir='ltr'>tempus</span> <span class='ocrx_word' id='word_1_195' title='bbox 1386 1431 1623 1487; x_wconf 80' lang='lat' dir='ltr'>redimitis,</span> <span class='ocrx_word' id='word_1_196' title='bbox 1648 1432 1836 1475; x_wconf 84' lang='lat' dir='ltr'>scientes</span> <span class='ocrx_word' id='word_1_197' title='bbox 1861 1433 1977 1488; x_wconf 87' lang='lat' dir='ltr'>quod</span> 
     </span>
     <span class='ocr_line' id='line_1_23' title="bbox 145 1487 1979 1546; baseline 0.003 -17"><span class='ocrx_word' id='word_1_198' title='bbox 145 1487 374 1529; x_wconf 80' lang='lat' dir='ltr'>recesserit</span> <span class='ocrx_word' id='word_1_199' title='bbox 399 1502 425 1529; x_wconf 89' lang='lat' dir='ltr'>a</span> <span class='ocrx_word' id='word_1_200' title='bbox 450 1502 519 1530; x_wconf 90' lang='lat' dir='ltr'>me</span> <span class='ocrx_word' id='word_1_201' title='bbox 545 1502 702 1530; x_wconf 87' lang='lat' dir='ltr'>sermo.</span> <span class='ocrx_word' id='word_1_202' title='bbox 729 1488 746 1513; x_wconf 80' lang='lat'>9</span> <span class='ocrx_word' id='word_1_203' title='bbox 765 1488 809 1531; x_wconf 76' lang='lat' dir='ltr'>Si</span> <span class='ocrx_word' id='word_1_204' title='bbox 831 1502 934 1544; x_wconf 83' lang='lat' dir='ltr'>ergo</span> <span class='ocrx_word' id='word_1_205' title='bbox 957 1488 1180 1530; x_wconf 87' lang='lat' dir='ltr'>somnium</span> <span class='ocrx_word' id='word_1_206' title='bbox 1206 1503 1294 1531; x_wconf 90' lang='lat' dir='ltr'>non</span> <span class='ocrx_word' id='word_1_207' title='bbox 1318 1488 1623 1532; x_wconf 81' lang='lat' dir='ltr'>indicaveritis</span> <span class='ocrx_word' id='word_1_208' title='bbox 1649 1491 1780 1546; x_wconf 77' lang='lat' dir='ltr'>milri,</span> <span class='ocrx_word' id='word_1_209' title='bbox 1807 1506 1894 1533; x_wconf 88' lang='lat' dir='ltr'>una</span> <span class='ocrx_word' id='word_1_210' title='bbox 1912 1498 1979 1535; x_wconf 89' lang='lat' dir='ltr'>est</span> 
     </span>
     <span class='ocr_line' id='line_1_24' title="bbox 145 1546 1978 1606; baseline 0.003 -18"><span class='ocrx_word' id='word_1_211' title='bbox 145 1546 201 1588; x_wconf 91' lang='lat' dir='ltr'>de</span> <span class='ocrx_word' id='word_1_212' title='bbox 224 1546 350 1588; x_wconf 90' lang='lat' dir='ltr'>vobis</span> <span class='ocrx_word' id='word_1_213' title='bbox 373 1546 615 1602; x_wconf 84' lang='lat' dir='ltr'>sententia,</span> <span class='ocrx_word' id='word_1_214' title='bbox 642 1547 759 1602; x_wconf 86' lang='lat' dir='ltr'>quod</span> <span class='ocrx_word' id='word_1_215' title='bbox 783 1547 1194 1603; x_wconf 82' lang='lat' dir='ltr'>interpretationem</span> <span class='ocrx_word' id='word_1_216' title='bbox 1221 1562 1392 1603; x_wconf 84' lang='lat' dir='ltr'>quoque</span> <span class='ocrx_word' id='word_1_217' title='bbox 1416 1548 1628 1591; x_wconf 74' lang='lat' dir='ltr'>fallacem</span> <span class='ocrx_word' id='word_1_218' title='bbox 1655 1554 1697 1591; x_wconf 88' lang='lat' dir='ltr'>et</span> <span class='ocrx_word' id='word_1_219' title='bbox 1719 1549 1978 1606; x_wconf 86' lang='lat' dir='ltr'>deceptione</span> 
     </span>
     <span class='ocr_line' id='line_1_25' title="bbox 146 1604 1976 1663; baseline 0.003 -17"><span class='ocrx_word' id='word_1_220' title='bbox 146 1604 326 1661; x_wconf 86' lang='lat' dir='ltr'>plenam</span> <span class='ocrx_word' id='word_1_221' title='bbox 366 1606 726 1661; x_wconf 84' lang='lat' dir='ltr'>composueritis,</span> <span class='ocrx_word' id='word_1_222' title='bbox 769 1611 818 1647; x_wconf 90' lang='lat' dir='ltr'>ut</span> <span class='ocrx_word' id='word_1_223' title='bbox 862 1605 1105 1661; x_wconf 82' lang='lat' dir='ltr'>loquamini</span> <span class='ocrx_word' id='word_1_224' title='bbox 1148 1606 1275 1655; x_wconf 80' lang='grc'>1111111,</span> <span class='ocrx_word' id='word_1_225' title='bbox 1295 1607 1433 1649; x_wconf 85' lang='lat' dir='ltr'>donec</span> <span class='ocrx_word' id='word_1_226' title='bbox 1475 1614 1648 1663; x_wconf 83' lang='lat' dir='ltr'>tempus</span> <span class='ocrx_word' id='word_1_227' title='bbox 1689 1616 1976 1663; x_wconf 79' lang='lat' dir='ltr'>pertranseat.</span> 
     </span>
     <span class='ocr_line' id='line_1_26' title="bbox 145 1663 1978 1724; baseline 0.003 -19"><span class='ocrx_word' id='word_1_228' title='bbox 145 1663 373 1706; x_wconf 78' lang='lat' dir='ltr'>Somnium</span> <span class='ocrx_word' id='word_1_229' title='bbox 400 1663 548 1720; x_wconf 82' lang='lat' dir='ltr'>itaque</span> <span class='ocrx_word' id='word_1_230' title='bbox 575 1664 711 1707; x_wconf 88' lang='lat' dir='ltr'>dicite</span> <span class='ocrx_word' id='word_1_231' title='bbox 734 1665 857 1720; x_wconf 88' lang='lat' dir='ltr'>mihi,</span> <span class='ocrx_word' id='word_1_232' title='bbox 880 1671 929 1707; x_wconf 85' lang='lat' dir='ltr'>ut</span> <span class='ocrx_word' id='word_1_233' title='bbox 951 1665 1090 1707; x_wconf 83' lang='lat' dir='ltr'>sciam</span> <span class='ocrx_word' id='word_1_234' title='bbox 1112 1665 1227 1720; x_wconf 83' lang='lat' dir='ltr'>quod</span> <span class='ocrx_word' id='word_1_235' title='bbox 1251 1666 1664 1721; x_wconf 84' lang='lat' dir='ltr'>interpretationem</span> <span class='ocrx_word' id='word_1_236' title='bbox 1687 1681 1856 1723; x_wconf 86' lang='lat' dir='ltr'>quoque</span> <span class='ocrx_word' id='word_1_237' title='bbox 1881 1669 1978 1724; x_wconf 79' lang='lat' dir='ltr'>ejus</span> 
     </span>
     <span class='ocr_line' id='line_1_27' title="bbox 145 1723 1977 1781; baseline 0.003 -17"><span class='ocrx_word' id='word_1_238' title='bbox 145 1737 297 1765; x_wconf 78' lang='lat' dir='ltr'>veram</span> <span class='ocrx_word' id='word_1_239' title='bbox 322 1723 581 1778; x_wconf 84' lang='lat' dir='ltr'>loquamini.</span> <span class='ocrx_word' id='word_1_240' title='bbox 611 1723 646 1750; x_wconf 81' lang='grc'>10</span> <span class='ocrx_word' id='word_1_241' title='bbox 666 1724 1000 1781; x_wconf 82' lang='lat' dir='ltr'>Respondentes</span> <span class='ocrx_word' id='word_1_242' title='bbox 1031 1738 1134 1779; x_wconf 82' lang='lat' dir='ltr'>ergo</span> <span class='ocrx_word' id='word_1_243' title='bbox 1167 1724 1369 1766; x_wconf 73' lang='lat' dir='ltr'>Chaldaei</span> <span class='ocrx_word' id='word_1_244' title='bbox 1402 1738 1550 1767; x_wconf 90' lang='lat' dir='ltr'>coram</span> <span class='ocrx_word' id='word_1_245' title='bbox 1582 1739 1707 1781; x_wconf 79' lang='lat' dir='ltr'>rege,</span> <span class='ocrx_word' id='word_1_246' title='bbox 1742 1726 1977 1771; x_wconf 71' lang='lat' dir='ltr'>dixerunt:</span> 
     </span>
    </p>
   </div>
   <div class='ocr_carea' id='block_1_6' title="bbox 145 1783 2030 1844">
    <p class='ocr_par' dir='ltr' id='par_1_8' title="bbox 145 1783 2030 1844">
     <span class='ocr_line' id='line_1_28' title="bbox 145 1783 2030 1844; baseline 0.002 -19"><span class='ocrx_word' id='word_1_247' title='bbox 145 1783 246 1825; x_wconf 82' lang='lat' dir='ltr'>Non</span> <span class='ocrx_word' id='word_1_248' title='bbox 275 1788 342 1825; x_wconf 87' lang='lat' dir='ltr'>est</span> <span class='ocrx_word' id='word_1_249' title='bbox 366 1783 496 1826; x_wconf 84' lang='lat' dir='ltr'>homo</span> <span class='ocrx_word' id='word_1_250' title='bbox 526 1798 658 1840; x_wconf 88' lang='lat' dir='ltr'>super</span> <span class='ocrx_word' id='word_1_251' title='bbox 682 1788 866 1839; x_wconf 85' lang='lat' dir='ltr'>terram,</span> <span class='ocrx_word' id='word_1_252' title='bbox 897 1783 971 1839; x_wconf 86' lang='lat' dir='ltr'>qui</span> <span class='ocrx_word' id='word_1_253' title='bbox 1005 1797 1254 1840; x_wconf 86' lang='lat' dir='ltr'>sermonem</span> <span class='ocrx_word' id='word_1_254' title='bbox 1282 1788 1429 1844; x_wconf 78' lang='lat' dir='ltr'>tuum,</span> <span class='ocrx_word' id='word_1_255' title='bbox 1463 1798 1560 1840; x_wconf 78' lang='lat' dir='ltr'>rex,</span> <span class='ocrx_word' id='word_1_256' title='bbox 1595 1785 1732 1841; x_wconf 80' lang='lat' dir='ltr'>possit</span> <span class='ocrx_word' id='word_1_257' title='bbox 1764 1785 1975 1842; x_wconf 74' lang='lat' dir='ltr'>implere3</span> <span class='ocrx_word' id='word_1_258' title='bbox 2024 1815 2030 1819; x_wconf 62' lang='grc'><strong>«</strong></span> 
     </span>
    </p>
   </div>
   <div class='ocr_carea' id='block_1_7' title="bbox 136 1841 1980 3558">
    <p class='ocr_par' dir='ltr' id='par_1_9' title="bbox 136 1841 1979 2255">
     <span class='ocr_line' id='line_1_29' title="bbox 144 1841 1978 1900; baseline 0.002 -16"><span class='ocrx_word' id='word_1_259' title='bbox 144 1841 222 1884; x_wconf 87' lang='lat' dir='ltr'>sed</span> <span class='ocrx_word' id='word_1_260' title='bbox 245 1855 386 1897; x_wconf 89' lang='lat' dir='ltr'>neque</span> <span class='ocrx_word' id='word_1_261' title='bbox 410 1856 565 1898; x_wconf 82' lang='lat' dir='ltr'>regum</span> <span class='ocrx_word' id='word_1_262' title='bbox 588 1843 820 1898; x_wconf 86' lang='lat' dir='ltr'>quisquam</span> <span class='ocrx_word' id='word_1_263' title='bbox 845 1855 1035 1898; x_wconf 82' lang='lat' dir='ltr'>magnus</span> <span class='ocrx_word' id='word_1_264' title='bbox 1052 1847 1095 1885; x_wconf 88' lang='lat' dir='ltr'>et</span> <span class='ocrx_word' id='word_1_265' title='bbox 1116 1848 1272 1899; x_wconf 87' lang='lat' dir='ltr'>potens</span> <span class='ocrx_word' id='word_1_266' title='bbox 1291 1843 1475 1886; x_wconf 89' lang='lat' dir='ltr'>verbum</span> <span class='ocrx_word' id='word_1_267' title='bbox 1500 1843 1809 1900; x_wconf 74' lang='lat' dir='ltr'>hujuscemodi</span> <span class='ocrx_word' id='word_1_268' title='bbox 1830 1845 1978 1888; x_wconf 82' lang='lat' dir='ltr'>scisci-</span> 
     </span>
     <span class='ocr_line' id='line_1_30' title="bbox 145 1900 1979 1959; baseline 0.003 -17"><span class='ocrx_word' id='word_1_269' title='bbox 145 1905 266 1943; x_wconf 85' lang='lat' dir='ltr'>tatur</span> <span class='ocrx_word' id='word_1_270' title='bbox 297 1900 353 1943; x_wconf 87' lang='lat' dir='ltr'>ab</span> <span class='ocrx_word' id='word_1_271' title='bbox 387 1902 507 1944; x_wconf 88' lang='lat' dir='ltr'>omni</span> <span class='ocrx_word' id='word_1_272' title='bbox 540 1902 700 1957; x_wconf 83' lang='lat' dir='ltr'>ariolo,</span> <span class='ocrx_word' id='word_1_273' title='bbox 733 1909 776 1946; x_wconf 88' lang='lat' dir='ltr'>et</span> <span class='ocrx_word' id='word_1_274' title='bbox 810 1916 963 1959; x_wconf 78' lang='lat' dir='ltr'>mago,</span> <span class='ocrx_word' id='word_1_275' title='bbox 996 1908 1041 1944; x_wconf 86' lang='lat' dir='ltr'>et</span> <span class='ocrx_word' id='word_1_276' title='bbox 1077 1901 1307 1946; x_wconf 68' lang='lat' dir='ltr'>Chaldaeo.</span> <span class='ocrx_word' id='word_1_277' title='bbox 1341 1902 1371 1928; x_wconf 88' lang='grc'>11</span> <span class='ocrx_word' id='word_1_278' title='bbox 1405 1903 1553 1946; x_wconf 81' lang='lat' dir='ltr'>Sermo</span> <span class='ocrx_word' id='word_1_279' title='bbox 1586 1903 1727 1959; x_wconf 84' lang='lat' dir='ltr'>enim,</span> <span class='ocrx_word' id='word_1_280' title='bbox 1765 1919 1895 1959; x_wconf 87' lang='lat' dir='ltr'>quem</span> <span class='ocrx_word' id='word_1_281' title='bbox 1930 1910 1979 1947; x_wconf 90' lang='lat' dir='ltr'>tu</span> 
     </span>
     <span class='ocr_line' id='line_1_31' title="bbox 148 1960 1978 2018; baseline 0.002 -16"><span class='ocrx_word' id='word_1_282' title='bbox 148 1960 328 2016; x_wconf 75' lang='lat' dir='ltr'>quaeris,</span> <span class='ocrx_word' id='word_1_283' title='bbox 365 1974 462 2016; x_wconf 79' lang='lat' dir='ltr'>rex,</span> <span class='ocrx_word' id='word_1_284' title='bbox 498 1962 646 2017; x_wconf 82' lang='lat' dir='ltr'>gravis</span> <span class='ocrx_word' id='word_1_285' title='bbox 681 1967 772 2016; x_wconf 75' lang='lat' dir='ltr'>est3</span> <span class='ocrx_word' id='word_1_286' title='bbox 808 1976 889 2004; x_wconf 90' lang='lat' dir='ltr'>nec</span> <span class='ocrx_word' id='word_1_287' title='bbox 921 1961 1163 2018; x_wconf 84' lang='lat' dir='ltr'>reperietur</span> <span class='ocrx_word' id='word_1_288' title='bbox 1200 1962 1430 2017; x_wconf 81' lang='lat' dir='ltr'>quisquam</span> <span class='ocrx_word' id='word_1_289' title='bbox 1460 1962 1533 2018; x_wconf 85' lang='lat' dir='ltr'>qui</span> <span class='ocrx_word' id='word_1_290' title='bbox 1566 1962 1734 2006; x_wconf 84' lang='lat' dir='ltr'>indicet</span> <span class='ocrx_word' id='word_1_291' title='bbox 1769 1964 1896 2006; x_wconf 85' lang='lat' dir='ltr'>illum</span> <span class='ocrx_word' id='word_1_292' title='bbox 1933 1964 1978 2006; x_wconf 90' lang='grc'>111</span> 
     </span>
     <span class='ocr_line' id='line_1_32' title="bbox 147 2021 1977 2077; baseline 0.002 -16"><span class='ocrx_word' id='word_1_293' title='bbox 147 2026 387 2076; x_wconf 76' lang='lat' dir='ltr'>conspectu</span> <span class='ocrx_word' id='word_1_294' title='bbox 414 2021 552 2076; x_wconf 82' lang='lat' dir='ltr'>regis,</span> <span class='ocrx_word' id='word_1_295' title='bbox 584 2022 782 2077; x_wconf 79' lang='lat' dir='ltr'>exceptis</span> <span class='ocrx_word' id='word_1_296' title='bbox 809 2021 915 2075; x_wconf 88' lang='lat' dir='ltr'>diis,</span> <span class='ocrx_word' id='word_1_297' title='bbox 950 2035 1135 2076; x_wconf 86' lang='lat' dir='ltr'>quorum</span> <span class='ocrx_word' id='word_1_298' title='bbox 1169 2035 1256 2063; x_wconf 87' lang='lat' dir='ltr'>non</span> <span class='ocrx_word' id='word_1_299' title='bbox 1282 2026 1348 2064; x_wconf 89' lang='lat' dir='ltr'>est</span> <span class='ocrx_word' id='word_1_300' title='bbox 1381 2035 1481 2064; x_wconf 88' lang='lat' dir='ltr'>cum</span> <span class='ocrx_word' id='word_1_301' title='bbox 1510 2022 1765 2065; x_wconf 87' lang='lat' dir='ltr'>hominibus</span> <span class='ocrx_word' id='word_1_302' title='bbox 1799 2037 1977 2066; x_wconf 89' lang='lat' dir='ltr'>conver-</span> 
     </span>
     <span class='ocr_line' id='line_1_33' title="bbox 146 2078 1978 2141; baseline 0.002 -20"><span class='ocrx_word' id='word_1_303' title='bbox 146 2079 272 2122; x_wconf 82' lang='lat' dir='ltr'>satio.</span> <span class='ocrx_word' id='word_1_304' title='bbox 298 2078 333 2104; x_wconf 64' lang='lat'>¹⁹²</span> <span class='ocrx_word' id='word_1_305' title='bbox 351 2080 444 2129; x_wconf 79' lang='lat' dir='ltr'>Quo</span> <span class='ocrx_word' id='word_1_306' title='bbox 469 2080 643 2135; x_wconf 88' lang='lat' dir='ltr'>audito,</span> <span class='ocrx_word' id='word_1_307' title='bbox 667 2095 764 2134; x_wconf 80' lang='lat' dir='ltr'>rex,</span> <span class='ocrx_word' id='word_1_308' title='bbox 786 2080 833 2122; x_wconf 91' lang='lat' dir='ltr'>in</span> <span class='ocrx_word' id='word_1_309' title='bbox 855 2080 1005 2122; x_wconf 76' lang='lat' dir='ltr'>furore</span> <span class='ocrx_word' id='word_1_310' title='bbox 1030 2085 1074 2122; x_wconf 90' lang='lat' dir='ltr'>et</span> <span class='ocrx_word' id='word_1_311' title='bbox 1101 2079 1148 2121; x_wconf 89' lang='lat' dir='ltr'>in</span> <span class='ocrx_word' id='word_1_312' title='bbox 1173 2080 1239 2122; x_wconf 88' lang='lat' dir='ltr'>ira</span> <span class='ocrx_word' id='word_1_313' title='bbox 1264 2095 1444 2141; x_wconf 78' lang='lat' dir='ltr'>magna,</span> <span class='ocrx_word' id='word_1_314' title='bbox 1476 2081 1688 2137; x_wconf 64' lang='lat' dir='ltr'>praecepit</span> <span class='ocrx_word' id='word_1_315' title='bbox 1714 2088 1762 2124; x_wconf 87' lang='lat' dir='ltr'>ut</span> <span class='ocrx_word' id='word_1_316' title='bbox 1787 2082 1978 2138; x_wconf 87' lang='lat' dir='ltr'>perirent</span> 
     </span>
     <span class='ocr_line' id='line_1_34' title="bbox 136 2138 1977 2196; baseline 0.002 -15"><span class='ocrx_word' id='word_1_317' title='bbox 136 2152 298 2181; x_wconf 81' lang='lat' dir='ltr'>omnes</span> <span class='ocrx_word' id='word_1_318' title='bbox 328 2139 550 2195; x_wconf 88' lang='lat' dir='ltr'>sapientes</span> <span class='ocrx_word' id='word_1_319' title='bbox 586 2139 844 2195; x_wconf 79' lang='lat' dir='ltr'>Babylonis.</span> <span class='ocrx_word' id='word_1_320' title='bbox 872 2138 908 2165; x_wconf 85' lang='grc'>’13</span> <span class='ocrx_word' id='word_1_321' title='bbox 933 2140 991 2181; x_wconf 88' lang='lat' dir='ltr'>Et</span> <span class='ocrx_word' id='word_1_322' title='bbox 1016 2153 1192 2194; x_wconf 86' lang='lat' dir='ltr'>egressa</span> <span class='ocrx_word' id='word_1_323' title='bbox 1224 2140 1466 2194; x_wconf 84' lang='lat' dir='ltr'>sententia,</span> <span class='ocrx_word' id='word_1_324' title='bbox 1492 2139 1713 2196; x_wconf 85' lang='lat' dir='ltr'>sapientes</span> <span class='ocrx_word' id='word_1_325' title='bbox 1742 2141 1977 2184; x_wconf 85' lang='lat' dir='ltr'>interficie-</span> 
     </span>
     <span class='ocr_line' id='line_1_35' title="bbox 146 2192 1592 2255; baseline 0.001 -15"><span class='ocrx_word' id='word_1_326' title='bbox 146 2192 334 2253; x_wconf 85' lang='lat' dir='ltr'>bantur;</span> <span class='ocrx_word' id='word_1_327' title='bbox 362 2199 761 2254; x_wconf 81' lang='lat' dir='ltr'>quaerebanturque</span> <span class='ocrx_word' id='word_1_328' title='bbox 789 2198 949 2241; x_wconf 88' lang='lat' dir='ltr'>Daniel</span> <span class='ocrx_word' id='word_1_329' title='bbox 975 2204 1018 2241; x_wconf 90' lang='lat' dir='ltr'>et</span> <span class='ocrx_word' id='word_1_330' title='bbox 1043 2198 1151 2240; x_wconf 91' lang='lat' dir='ltr'>socii</span> <span class='ocrx_word' id='word_1_331' title='bbox 1178 2198 1294 2254; x_wconf 80' lang='lat' dir='ltr'>ejus,</span> <span class='ocrx_word' id='word_1_332' title='bbox 1317 2204 1365 2240; x_wconf 89' lang='lat' dir='ltr'>ut</span> <span class='ocrx_word' id='word_1_333' title='bbox 1387 2198 1592 2255; x_wconf 86' lang='lat' dir='ltr'>perirent.</span> 
     </span>
    </p>

    <p class='ocr_par' dir='ltr' id='par_1_10' title="bbox 147 2257 1978 2609">
     <span class='ocr_line' id='line_1_36' title="bbox 208 2257 1977 2315; baseline 0.002 -16"><span class='ocrx_word' id='word_1_334' title='bbox 208 2257 242 2283; x_wconf 78' lang='lat'>¹4</span> <span class='ocrx_word' id='word_1_335' title='bbox 261 2257 385 2300; x_wconf 89' lang='lat' dir='ltr'>Tunc</span> <span class='ocrx_word' id='word_1_336' title='bbox 412 2257 574 2301; x_wconf 90' lang='lat' dir='ltr'>Daniel</span> <span class='ocrx_word' id='word_1_337' title='bbox 595 2258 826 2314; x_wconf 82' lang='lat' dir='ltr'>requisivit</span> <span class='ocrx_word' id='word_1_338' title='bbox 851 2257 905 2300; x_wconf 91' lang='lat' dir='ltr'>de</span> <span class='ocrx_word' id='word_1_339' title='bbox 935 2258 1034 2312; x_wconf 85' lang='lat' dir='ltr'>lege</span> <span class='ocrx_word' id='word_1_340' title='bbox 1057 2262 1190 2312; x_wconf 87' lang='lat' dir='ltr'>atque</span> <span class='ocrx_word' id='word_1_341' title='bbox 1215 2258 1458 2311; x_wconf 88' lang='lat' dir='ltr'>sententia,</span> <span class='ocrx_word' id='word_1_342' title='bbox 1483 2257 1540 2300; x_wconf 90' lang='lat' dir='ltr'>ab</span> <span class='ocrx_word' id='word_1_343' title='bbox 1565 2258 1751 2314; x_wconf 89' lang='lat' dir='ltr'>Arioch,</span> <span class='ocrx_word' id='word_1_344' title='bbox 1778 2259 1977 2315; x_wconf 85' lang='lat' dir='ltr'>principe</span> 
     </span>
     <span class='ocr_line' id='line_1_37' title="bbox 149 2314 1974 2374; baseline 0.001 -16"><span class='ocrx_word' id='word_1_345' title='bbox 149 2316 324 2359; x_wconf 79' lang='lat' dir='ltr'>militiae</span> <span class='ocrx_word' id='word_1_346' title='bbox 353 2317 490 2373; x_wconf 83' lang='lat' dir='ltr'>regis,</span> <span class='ocrx_word' id='word_1_347' title='bbox 517 2317 591 2372; x_wconf 86' lang='lat' dir='ltr'>qui</span> <span class='ocrx_word' id='word_1_348' title='bbox 618 2331 817 2373; x_wconf 78' lang='lat' dir='ltr'>egressus</span> <span class='ocrx_word' id='word_1_349' title='bbox 843 2317 992 2360; x_wconf 70' lang='lat' dir='ltr'>fuerat</span> <span class='ocrx_word' id='word_1_350' title='bbox 1017 2316 1073 2358; x_wconf 89' lang='lat' dir='ltr'>ad</span> <span class='ocrx_word' id='word_1_351' title='bbox 1097 2316 1426 2359; x_wconf 88' lang='lat' dir='ltr'>interficiendos</span> <span class='ocrx_word' id='word_1_352' title='bbox 1455 2316 1676 2373; x_wconf 86' lang='lat' dir='ltr'>sapientes</span> <span class='ocrx_word' id='word_1_353' title='bbox 1704 2314 1974 2374; x_wconf 82' lang='lat' dir='ltr'>Babylonis3</span> 
     </span>
     <span class='ocr_line' id='line_1_38' title="bbox 148 2375 1978 2433; baseline 0 -14"><span class='ocrx_word' id='word_1_354' title='bbox 148 2376 184 2403; x_wconf 80' lang='lat'>¹⁵</span> <span class='ocrx_word' id='word_1_355' title='bbox 202 2381 246 2419; x_wconf 90' lang='lat' dir='ltr'>et</span> <span class='ocrx_word' id='word_1_356' title='bbox 270 2376 564 2433; x_wconf 80' lang='lat' dir='ltr'>interrogavit</span> <span class='ocrx_word' id='word_1_357' title='bbox 589 2391 711 2431; x_wconf 85' lang='lat' dir='ltr'>eum,</span> <span class='ocrx_word' id='word_1_358' title='bbox 734 2375 808 2432; x_wconf 87' lang='lat' dir='ltr'>qui</span> <span class='ocrx_word' id='word_1_359' title='bbox 833 2391 860 2418; x_wconf 88' lang='lat' dir='ltr'>a</span> <span class='ocrx_word' id='word_1_360' title='bbox 881 2389 984 2431; x_wconf 86' lang='lat' dir='ltr'>rege</span> <span class='ocrx_word' id='word_1_361' title='bbox 1005 2380 1273 2433; x_wconf 85' lang='lat' dir='ltr'>potestatem</span> <span class='ocrx_word' id='word_1_362' title='bbox 1296 2384 1547 2432; x_wconf 86' lang='lat' dir='ltr'>acceperat,</span> <span class='ocrx_word' id='word_1_363' title='bbox 1571 2390 1703 2431; x_wconf 80' lang='lat' dir='ltr'>quam</span> <span class='ocrx_word' id='word_1_364' title='bbox 1721 2377 1776 2419; x_wconf 90' lang='lat' dir='ltr'>ob</span> <span class='ocrx_word' id='word_1_365' title='bbox 1799 2391 1978 2420; x_wconf 83' lang='lat' dir='ltr'>causam</span> 
     </span>
     <span class='ocr_line' id='line_1_39' title="bbox 147 2434 1977 2490; baseline -0.001 -11"><span class='ocrx_word' id='word_1_366' title='bbox 147 2441 242 2479; x_wconf 88' lang='lat' dir='ltr'>tam</span> <span class='ocrx_word' id='word_1_367' title='bbox 276 2436 466 2479; x_wconf 88' lang='lat' dir='ltr'>crudelis</span> <span class='ocrx_word' id='word_1_368' title='bbox 499 2436 720 2479; x_wconf 85' lang='lat' dir='ltr'>sententia</span> <span class='ocrx_word' id='word_1_369' title='bbox 751 2450 778 2478; x_wconf 87' lang='lat' dir='ltr'>a</span> <span class='ocrx_word' id='word_1_370' title='bbox 807 2434 927 2478; x_wconf 76' lang='lat' dir='ltr'>facie</span> <span class='ocrx_word' id='word_1_371' title='bbox 955 2434 1072 2490; x_wconf 87' lang='lat' dir='ltr'>regis</span> <span class='ocrx_word' id='word_1_372' title='bbox 1105 2439 1220 2477; x_wconf 86' lang='lat' dir='ltr'>esset</span> <span class='ocrx_word' id='word_1_373' title='bbox 1252 2449 1442 2490; x_wconf 86' lang='lat' dir='ltr'>egressa.</span> <span class='ocrx_word' id='word_1_374' title='bbox 1469 2435 1581 2478; x_wconf 86' lang='lat' dir='ltr'>Cum</span> <span class='ocrx_word' id='word_1_375' title='bbox 1611 2449 1712 2490; x_wconf 83' lang='lat' dir='ltr'>ergo</span> <span class='ocrx_word' id='word_1_376' title='bbox 1745 2450 1838 2479; x_wconf 90' lang='lat' dir='ltr'>rem</span> <span class='ocrx_word' id='word_1_377' title='bbox 1862 2436 1977 2479; x_wconf 87' lang='lat' dir='ltr'>indi-</span> 
     </span>
     <span class='ocr_line' id='line_1_40' title="bbox 148 2493 1977 2551; baseline 0 -13"><span class='ocrx_word' id='word_1_378' title='bbox 148 2500 293 2539; x_wconf 87' lang='lat' dir='ltr'>casset</span> <span class='ocrx_word' id='word_1_379' title='bbox 317 2495 483 2538; x_wconf 88' lang='lat' dir='ltr'>Arioch</span> <span class='ocrx_word' id='word_1_380' title='bbox 507 2495 705 2550; x_wconf 87' lang='lat' dir='ltr'>Danieli,</span> <span class='ocrx_word' id='word_1_381' title='bbox 729 2494 762 2521; x_wconf 71' lang='grc'>16</span> <span class='ocrx_word' id='word_1_382' title='bbox 780 2494 941 2537; x_wconf 88' lang='lat' dir='ltr'>Daniel</span> <span class='ocrx_word' id='word_1_383' title='bbox 965 2493 1190 2549; x_wconf 85' lang='lat' dir='ltr'>ingressus</span> <span class='ocrx_word' id='word_1_384' title='bbox 1214 2494 1390 2549; x_wconf 80' lang='lat' dir='ltr'>rogavit</span> <span class='ocrx_word' id='word_1_385' title='bbox 1410 2508 1560 2550; x_wconf 80' lang='lat' dir='ltr'>regem</span> <span class='ocrx_word' id='word_1_386' title='bbox 1588 2499 1636 2536; x_wconf 90' lang='lat' dir='ltr'>ut</span> <span class='ocrx_word' id='word_1_387' title='bbox 1656 2500 1829 2551; x_wconf 84' lang='lat' dir='ltr'>tempus</span> <span class='ocrx_word' id='word_1_388' title='bbox 1853 2495 1977 2538; x_wconf 87' lang='lat' dir='ltr'>daret</span> 
     </span>
     <span class='ocr_line' id='line_1_41' title="bbox 147 2553 1052 2609; baseline -0.002 -12"><span class='ocrx_word' id='word_1_389' title='bbox 147 2554 232 2597; x_wconf 87' lang='lat' dir='ltr'>sibi</span> <span class='ocrx_word' id='word_1_390' title='bbox 257 2555 315 2597; x_wconf 86' lang='lat' dir='ltr'>ad</span> <span class='ocrx_word' id='word_1_391' title='bbox 340 2555 606 2598; x_wconf 90' lang='lat' dir='ltr'>solutionem</span> <span class='ocrx_word' id='word_1_392' title='bbox 630 2554 920 2597; x_wconf 87' lang='lat' dir='ltr'>indicandam</span> <span class='ocrx_word' id='word_1_393' title='bbox 943 2553 1052 2609; x_wconf 83' lang='lat' dir='ltr'>regi.</span> 
     </span>
    </p>

    <p class='ocr_par' dir='ltr' id='par_1_11' title="bbox 146 2612 1980 3369">
     <span class='ocr_line' id='line_1_42' title="bbox 208 2612 1971 2670; baseline -0.001 -14"><span class='ocrx_word' id='word_1_394' title='bbox 208 2613 243 2640; x_wconf 82' lang='lat'>¹⁷</span> <span class='ocrx_word' id='word_1_395' title='bbox 270 2614 328 2656; x_wconf 87' lang='lat' dir='ltr'>Et</span> <span class='ocrx_word' id='word_1_396' title='bbox 358 2614 583 2670; x_wconf 83' lang='lat' dir='ltr'>ingressus</span> <span class='ocrx_word' id='word_1_397' title='bbox 617 2620 682 2657; x_wconf 91' lang='lat' dir='ltr'>est</span> <span class='ocrx_word' id='word_1_398' title='bbox 710 2614 892 2656; x_wconf 89' lang='lat' dir='ltr'>domum</span> <span class='ocrx_word' id='word_1_399' title='bbox 924 2626 1070 2669; x_wconf 87' lang='lat' dir='ltr'>suam,</span> <span class='ocrx_word' id='word_1_400' title='bbox 1108 2612 1386 2668; x_wconf 81' lang='lat' dir='ltr'>Ananiaeque</span> <span class='ocrx_word' id='word_1_401' title='bbox 1414 2618 1457 2656; x_wconf 87' lang='lat' dir='ltr'>et</span> <span class='ocrx_word' id='word_1_402' title='bbox 1490 2613 1663 2656; x_wconf 87' lang='lat' dir='ltr'>Misaeli</span> <span class='ocrx_word' id='word_1_403' title='bbox 1702 2618 1744 2655; x_wconf 87' lang='lat' dir='ltr'>et</span> <span class='ocrx_word' id='word_1_404' title='bbox 1777 2613 1971 2664; x_wconf 75' lang='lat' dir='ltr'>Azariae,</span> 
     </span>
     <span class='ocr_line' id='line_1_43' title="bbox 148 2671 1977 2729; baseline -0.001 -13"><span class='ocrx_word' id='word_1_405' title='bbox 148 2673 279 2717; x_wconf 88' lang='lat' dir='ltr'>sociis</span> <span class='ocrx_word' id='word_1_406' title='bbox 300 2673 402 2729; x_wconf 86' lang='lat' dir='ltr'>suis,</span> <span class='ocrx_word' id='word_1_407' title='bbox 424 2673 646 2716; x_wconf 90' lang='lat' dir='ltr'>indicavit</span> <span class='ocrx_word' id='word_1_408' title='bbox 666 2673 909 2729; x_wconf 86' lang='lat' dir='ltr'>negotium,</span> <span class='ocrx_word' id='word_1_409' title='bbox 934 2671 970 2698; x_wconf 76' lang='lat'>¹8</span> <span class='ocrx_word' id='word_1_410' title='bbox 988 2676 1037 2714; x_wconf 89' lang='lat' dir='ltr'>ut</span> <span class='ocrx_word' id='word_1_411' title='bbox 1061 2677 1309 2728; x_wconf 72' lang='lat' dir='ltr'>quaererent</span> <span class='ocrx_word' id='word_1_412' title='bbox 1335 2671 1680 2714; x_wconf 87' lang='lat' dir='ltr'>misericordiam</span> <span class='ocrx_word' id='word_1_413' title='bbox 1706 2687 1732 2714; x_wconf 87' lang='lat' dir='ltr'>a</span> <span class='ocrx_word' id='word_1_414' title='bbox 1753 2672 1872 2714; x_wconf 79' lang='lat' dir='ltr'>facie</span> <span class='ocrx_word' id='word_1_415' title='bbox 1895 2672 1977 2715; x_wconf 89' lang='lat' dir='ltr'>Dei</span> 
     </span>
     <span class='ocr_line' id='line_1_44' title="bbox 149 2730 1978 2790; baseline -0.001 -14"><span class='ocrx_word' id='word_1_416' title='bbox 149 2732 250 2776; x_wconf 79' lang='lat' dir='ltr'>caeli</span> <span class='ocrx_word' id='word_1_417' title='bbox 274 2746 405 2790; x_wconf 87' lang='lat' dir='ltr'>super</span> <span class='ocrx_word' id='word_1_418' title='bbox 433 2737 710 2776; x_wconf 89' lang='lat' dir='ltr'>sacramento</span> <span class='ocrx_word' id='word_1_419' title='bbox 739 2732 845 2787; x_wconf 87' lang='lat' dir='ltr'>isto,</span> <span class='ocrx_word' id='word_1_420' title='bbox 872 2737 916 2775; x_wconf 88' lang='lat' dir='ltr'>et</span> <span class='ocrx_word' id='word_1_421' title='bbox 940 2745 1028 2774; x_wconf 90' lang='lat' dir='ltr'>non</span> <span class='ocrx_word' id='word_1_422' title='bbox 1050 2731 1244 2788; x_wconf 85' lang='lat' dir='ltr'>perirent</span> <span class='ocrx_word' id='word_1_423' title='bbox 1269 2730 1429 2773; x_wconf 88' lang='lat' dir='ltr'>Daniel</span> <span class='ocrx_word' id='word_1_424' title='bbox 1455 2736 1499 2773; x_wconf 87' lang='lat' dir='ltr'>et</span> <span class='ocrx_word' id='word_1_425' title='bbox 1523 2731 1631 2774; x_wconf 89' lang='lat' dir='ltr'>socii</span> <span class='ocrx_word' id='word_1_426' title='bbox 1657 2731 1753 2786; x_wconf 76' lang='lat' dir='ltr'>ejus</span> <span class='ocrx_word' id='word_1_427' title='bbox 1783 2744 1884 2773; x_wconf 91' lang='lat' dir='ltr'>cum</span> <span class='ocrx_word' id='word_1_428' title='bbox 1909 2745 1978 2774; x_wconf 88' lang='lat' dir='ltr'>ce—</span> 
     </span>
     <span class='ocr_line' id='line_1_45' title="bbox 149 2788 1977 2848; baseline -0.001 -14"><span class='ocrx_word' id='word_1_429' title='bbox 149 2792 253 2835; x_wconf 89' lang='lat' dir='ltr'>teris</span> <span class='ocrx_word' id='word_1_430' title='bbox 275 2792 551 2848; x_wconf 86' lang='lat' dir='ltr'>sapientibus</span> <span class='ocrx_word' id='word_1_431' title='bbox 575 2791 831 2848; x_wconf 85' lang='lat' dir='ltr'>Babylonis.</span> <span class='ocrx_word' id='word_1_432' title='bbox 853 2790 888 2817; x_wconf 80' lang='grc'>19</span> <span class='ocrx_word' id='word_1_433' title='bbox 901 2791 1027 2833; x_wconf 84' lang='grc' dir='ltr'>Τ11110</span> <span class='ocrx_word' id='word_1_434' title='bbox 1049 2789 1224 2833; x_wconf 88' lang='lat' dir='ltr'>Danieli</span> <span class='ocrx_word' id='word_1_435' title='bbox 1244 2788 1505 2845; x_wconf 74' lang='lat' dir='ltr'>mysterium</span> <span class='ocrx_word' id='word_1_436' title='bbox 1521 2803 1598 2846; x_wconf 86' lang='lat' dir='ltr'>per</span> <span class='ocrx_word' id='word_1_437' title='bbox 1615 2790 1831 2833; x_wconf 88' lang='lat' dir='ltr'>visionem</span> <span class='ocrx_word' id='word_1_438' title='bbox 1848 2795 1977 2833; x_wconf 89' lang='lat' dir='ltr'>nocte</span> 
     </span>
     <span class='ocr_line' id='line_1_46' title="bbox 148 2847 1978 2907; baseline -0.001 -13"><span class='ocrx_word' id='word_1_439' title='bbox 148 2851 395 2894; x_wconf 88' lang='lat' dir='ltr'>revelatum</span> <span class='ocrx_word' id='word_1_440' title='bbox 419 2857 510 2907; x_wconf 81' lang='lat' dir='ltr'>est3</span> <span class='ocrx_word' id='word_1_441' title='bbox 537 2857 582 2895; x_wconf 89' lang='lat' dir='ltr'>et</span> <span class='ocrx_word' id='word_1_442' title='bbox 606 2850 836 2895; x_wconf 85' lang='lat' dir='ltr'>benedixit</span> <span class='ocrx_word' id='word_1_443' title='bbox 863 2849 1025 2893; x_wconf 89' lang='lat' dir='ltr'>Daniel</span> <span class='ocrx_word' id='word_1_444' title='bbox 1052 2850 1198 2893; x_wconf 89' lang='lat' dir='ltr'>Deum</span> <span class='ocrx_word' id='word_1_445' title='bbox 1220 2849 1343 2903; x_wconf 80' lang='lat' dir='ltr'>caeli,</span> <span class='ocrx_word' id='word_1_446' title='bbox 1372 2847 1409 2874; x_wconf 75' lang='lat'>‘2⁰</span> <span class='ocrx_word' id='word_1_447' title='bbox 1426 2854 1469 2891; x_wconf 91' lang='lat' dir='ltr'>et</span> <span class='ocrx_word' id='word_1_448' title='bbox 1493 2849 1666 2891; x_wconf 85' lang='lat' dir='ltr'>locutus</span> <span class='ocrx_word' id='word_1_449' title='bbox 1690 2848 1754 2891; x_wconf 86' lang='lat' dir='ltr'>ait</span> <span class='ocrx_word' id='word_1_450' title='bbox 1776 2865 1785 2892; x_wconf 78' lang='lat' dir='ltr'>t</span> <span class='ocrx_word' id='word_1_451' title='bbox 1813 2849 1878 2892; x_wconf 82' lang='lat' dir='ltr'>Sit</span> <span class='ocrx_word' id='word_1_452' title='bbox 1901 2863 1978 2892; x_wconf 91' lang='lat' dir='ltr'>no-</span> 
     </span>
     <span class='ocr_line' id='line_1_47' title="bbox 148 2907 1979 2964; baseline -0.002 -10"><span class='ocrx_word' id='word_1_453' title='bbox 148 2925 250 2954; x_wconf 87' lang='lat' dir='ltr'>men</span> <span class='ocrx_word' id='word_1_454' title='bbox 278 2911 458 2954; x_wconf 90' lang='lat' dir='ltr'>Domini</span> <span class='ocrx_word' id='word_1_455' title='bbox 489 2911 775 2955; x_wconf 88' lang='lat' dir='ltr'>benedictum</span> <span class='ocrx_word' id='word_1_456' title='bbox 804 2925 830 2952; x_wconf 90' lang='lat' dir='ltr'>a</span> <span class='ocrx_word' id='word_1_457' title='bbox 858 2909 1024 2952; x_wconf 88' lang='lat' dir='ltr'>saeculo</span> <span class='ocrx_word' id='word_1_458' title='bbox 1049 2914 1092 2952; x_wconf 89' lang='lat' dir='ltr'>et</span> <span class='ocrx_word' id='word_1_459' title='bbox 1119 2922 1254 2963; x_wconf 90' lang='lat' dir='ltr'>usque</span> <span class='ocrx_word' id='word_1_460' title='bbox 1285 2907 1332 2950; x_wconf 87' lang='lat' dir='ltr'>in</span> <span class='ocrx_word' id='word_1_461' title='bbox 1363 2908 1600 2963; x_wconf 88' lang='lat' dir='ltr'>saeculum,</span> <span class='ocrx_word' id='word_1_462' title='bbox 1626 2907 1727 2963; x_wconf 87' lang='lat' dir='ltr'>quia</span> <span class='ocrx_word' id='word_1_463' title='bbox 1760 2907 1979 2964; x_wconf 86' lang='lat' dir='ltr'>sapientia</span> 
     </span>
     <span class='ocr_line' id='line_1_48' title="bbox 149 2967 1980 3027; baseline -0.002 -15"><span class='ocrx_word' id='word_1_464' title='bbox 149 2975 192 3012; x_wconf 88' lang='lat' dir='ltr'>et</span> <span class='ocrx_word' id='word_1_465' title='bbox 223 2970 441 3014; x_wconf 78' lang='lat' dir='ltr'>fortitudo</span> <span class='ocrx_word' id='word_1_466' title='bbox 475 2971 573 3027; x_wconf 80' lang='lat' dir='ltr'>ejus</span> <span class='ocrx_word' id='word_1_467' title='bbox 606 2970 734 3012; x_wconf 84' lang='lat' dir='ltr'>sunt!</span> <span class='ocrx_word' id='word_1_468' title='bbox 765 2969 799 2995; x_wconf 65' lang='lat'>2¹</span> <span class='ocrx_word' id='word_1_469' title='bbox 828 2969 886 3011; x_wconf 87' lang='lat' dir='ltr'>Et</span> <span class='ocrx_word' id='word_1_470' title='bbox 917 2972 1012 3025; x_wconf 76' lang='lat' dir='ltr'>lpse</span> <span class='ocrx_word' id='word_1_471' title='bbox 1046 2972 1190 3010; x_wconf 87' lang='lat' dir='ltr'>mutat</span> <span class='ocrx_word' id='word_1_472' title='bbox 1219 2972 1438 3023; x_wconf 84' lang='lat' dir='ltr'>tempora,</span> <span class='ocrx_word' id='word_1_473' title='bbox 1473 2972 1516 3010; x_wconf 89' lang='lat' dir='ltr'>et</span> <span class='ocrx_word' id='word_1_474' title='bbox 1547 2972 1730 3021; x_wconf 84' lang='lat' dir='ltr'>aetates3</span> <span class='ocrx_word' id='word_1_475' title='bbox 1765 2967 1980 3010; x_wconf 73' lang='lat' dir='ltr'>transfert</span> 
     </span>
     <span class='ocr_line' id='line_1_49' title="bbox 149 3025 1979 3086; baseline -0.002 -15"><span class='ocrx_word' id='word_1_476' title='bbox 149 3043 304 3085; x_wconf 87' lang='lat' dir='ltr'>regna,</span> <span class='ocrx_word' id='word_1_477' title='bbox 327 3036 459 3086; x_wconf 82' lang='lat' dir='ltr'>atque</span> <span class='ocrx_word' id='word_1_478' title='bbox 486 3030 742 3083; x_wconf 84' lang='lat' dir='ltr'>constituit;</span> <span class='ocrx_word' id='word_1_479' title='bbox 771 3029 847 3071; x_wconf 89' lang='lat' dir='ltr'>dat</span> <span class='ocrx_word' id='word_1_480' title='bbox 875 3027 1142 3084; x_wconf 87' lang='lat' dir='ltr'>sapientiam</span> <span class='ocrx_word' id='word_1_481' title='bbox 1172 3025 1467 3082; x_wconf 84' lang='lat' dir='ltr'>sapientibus,</span> <span class='ocrx_word' id='word_1_482' title='bbox 1492 3030 1536 3068; x_wconf 93' lang='lat' dir='ltr'>et</span> <span class='ocrx_word' id='word_1_483' title='bbox 1560 3026 1794 3069; x_wconf 89' lang='lat' dir='ltr'>scientiam</span> <span class='ocrx_word' id='word_1_484' title='bbox 1816 3025 1979 3069; x_wconf 90' lang='lat' dir='ltr'>intelli-</span> 
     </span>
     <span class='ocr_line' id='line_1_50' title="bbox 147 3084 1978 3146; baseline -0.002 -15"><span class='ocrx_word' id='word_1_485' title='bbox 147 3089 355 3143; x_wconf 86' lang='lat' dir='ltr'>gentibus</span> <span class='ocrx_word' id='word_1_486' title='bbox 386 3089 684 3146; x_wconf 84' lang='lat' dir='ltr'>disciplinam.</span> <span class='ocrx_word' id='word_1_487' title='bbox 708 3087 744 3114; x_wconf 48' lang='grc'>91</span> <span class='ocrx_word' id='word_1_488' title='bbox 762 3089 865 3144; x_wconf 87' lang='lat' dir='ltr'>Ipse</span> <span class='ocrx_word' id='word_1_489' title='bbox 890 3086 1060 3129; x_wconf 88' lang='lat' dir='ltr'>revelat</span> <span class='ocrx_word' id='word_1_490' title='bbox 1083 3085 1308 3143; x_wconf 80' lang='lat' dir='ltr'>profunda</span> <span class='ocrx_word' id='word_1_491' title='bbox 1334 3090 1377 3128; x_wconf 91' lang='lat' dir='ltr'>et</span> <span class='ocrx_word' id='word_1_492' title='bbox 1402 3084 1685 3141; x_wconf 87' lang='lat' dir='ltr'>abscondita,</span> <span class='ocrx_word' id='word_1_493' title='bbox 1711 3091 1760 3128; x_wconf 73' lang='lat' dir='ltr'>etv</span> <span class='ocrx_word' id='word_1_494' title='bbox 1780 3085 1905 3128; x_wconf 86' lang='lat' dir='ltr'>novit</span> <span class='ocrx_word' id='word_1_495' title='bbox 1932 3085 1978 3127; x_wconf 91' lang='lat' dir='ltr'>in</span> 
     </span>
     <span class='ocr_line' id='line_1_51' title="bbox 147 3143 1976 3205; baseline -0.002 -15"><span class='ocrx_word' id='word_1_496' title='bbox 147 3147 341 3191; x_wconf 84' lang='lat' dir='ltr'>tenebris</span> <span class='ocrx_word' id='word_1_497' title='bbox 368 3149 630 3205; x_wconf 86' lang='lat' dir='ltr'>constituta,</span> <span class='ocrx_word' id='word_1_498' title='bbox 653 3153 698 3192; x_wconf 88' lang='lat' dir='ltr'>et</span> <span class='ocrx_word' id='word_1_499' title='bbox 722 3147 799 3190; x_wconf 80' lang='lat' dir='ltr'>lux</span> <span class='ocrx_word' id='word_1_500' title='bbox 822 3160 924 3189; x_wconf 90' lang='lat' dir='ltr'>cum</span> <span class='ocrx_word' id='word_1_501' title='bbox 955 3159 1006 3188; x_wconf 92' lang='lat' dir='ltr'>eo</span> <span class='ocrx_word' id='word_1_502' title='bbox 1033 3151 1112 3188; x_wconf 90' lang='lat' dir='ltr'>est.</span> <span class='ocrx_word' id='word_1_503' title='bbox 1140 3144 1177 3172; x_wconf 73' lang='lat'>23</span> <span class='ocrx_word' id='word_1_504' title='bbox 1198 3143 1321 3201; x_wconf 89' lang='lat' dir='ltr'>Tibi,</span> <span class='ocrx_word' id='word_1_505' title='bbox 1351 3145 1470 3187; x_wconf 90' lang='lat' dir='ltr'>Deus</span> <span class='ocrx_word' id='word_1_506' title='bbox 1499 3149 1676 3201; x_wconf 88' lang='lat' dir='ltr'>patrum</span> <span class='ocrx_word' id='word_1_507' title='bbox 1709 3150 1976 3193; x_wconf 81' lang='lat' dir='ltr'>nostrorum,</span> 
     </span>
     <span class='ocr_line' id='line_1_52' title="bbox 146 3203 1979 3265; baseline -0.001 -17"><span class='ocrx_word' id='word_1_508' title='bbox 146 3206 370 3264; x_wconf 87' lang='lat' dir='ltr'>confiteor,</span> <span class='ocrx_word' id='word_1_509' title='bbox 390 3213 527 3264; x_wconf 83' lang='lat' dir='ltr'>teque</span> <span class='ocrx_word' id='word_1_510' title='bbox 557 3208 710 3265; x_wconf 88' lang='lat' dir='ltr'>laudo,</span> <span class='ocrx_word' id='word_1_511' title='bbox 742 3206 843 3263; x_wconf 86' lang='lat' dir='ltr'>quia</span> <span class='ocrx_word' id='word_1_512' title='bbox 872 3204 1139 3261; x_wconf 85' lang='lat' dir='ltr'>sapientiam</span> <span class='ocrx_word' id='word_1_513' title='bbox 1164 3210 1209 3248; x_wconf 90' lang='lat' dir='ltr'>et</span> <span class='ocrx_word' id='word_1_514' title='bbox 1240 3203 1553 3246; x_wconf 77' lang='lat' dir='ltr'>fortitudinem</span> <span class='ocrx_word' id='word_1_515' title='bbox 1583 3203 1745 3247; x_wconf 86' lang='lat' dir='ltr'>dedisti</span> <span class='ocrx_word' id='word_1_516' title='bbox 1778 3203 1908 3257; x_wconf 80' lang='lat' dir='ltr'>mihi,</span> <span class='ocrx_word' id='word_1_517' title='bbox 1936 3210 1979 3246; x_wconf 81' lang='lat' dir='ltr'>et</span> 
     </span>
     <span class='ocr_line' id='line_1_53' title="bbox 147 3261 1978 3323; baseline -0.002 -16"><span class='ocrx_word' id='word_1_518' title='bbox 147 3279 266 3309; x_wconf 88' lang='lat' dir='ltr'>nunc</span> <span class='ocrx_word' id='word_1_519' title='bbox 291 3267 524 3310; x_wconf 84' lang='lat' dir='ltr'>ostendisti</span> <span class='ocrx_word' id='word_1_520' title='bbox 551 3266 659 3310; x_wconf 88' lang='lat' dir='ltr'>mihi</span> <span class='ocrx_word' id='word_1_521' title='bbox 693 3280 793 3323; x_wconf 85' lang='lat' dir='ltr'>quae</span> <span class='ocrx_word' id='word_1_522' title='bbox 827 3264 1079 3320; x_wconf 81' lang='lat' dir='ltr'>rogavimus</span> <span class='ocrx_word' id='word_1_523' title='bbox 1108 3269 1152 3307; x_wconf 92' lang='lat' dir='ltr'>te</span> <span class='ocrx_word' id='word_1_524' title='bbox 1163 3299 1173 3320; x_wconf 84' lang='lat'>‚</span> <span class='ocrx_word' id='word_1_525' title='bbox 1208 3262 1310 3320; x_wconf 89' lang='lat' dir='ltr'>quia</span> <span class='ocrx_word' id='word_1_526' title='bbox 1339 3276 1587 3306; x_wconf 88' lang='lat' dir='ltr'>sermonem</span> <span class='ocrx_word' id='word_1_527' title='bbox 1619 3263 1735 3318; x_wconf 84' lang='lat' dir='ltr'>regis</span> <span class='ocrx_word' id='word_1_528' title='bbox 1767 3261 1978 3318; x_wconf 86' lang='lat' dir='ltr'>aperuisti</span> 
     </span>
     <span class='ocr_line' id='line_1_54' title="bbox 148 3325 287 3369; baseline 0.022 -3"><span class='ocrx_word' id='word_1_529' title='bbox 148 3325 287 3369; x_wconf 88' lang='lat' dir='ltr'>nobis.</span> 
     </span>
    </p>

    <p class='ocr_par' dir='ltr' id='par_1_12' title="bbox 149 3380 1978 3558">
     <span class='ocr_line' id='line_1_55' title="bbox 208 3380 1977 3441; baseline -0.002 -14"><span class='ocrx_word' id='word_1_530' title='bbox 208 3382 244 3410; x_wconf 73' lang='lat'>‘24</span> <span class='ocrx_word' id='word_1_531' title='bbox 262 3385 368 3430; x_wconf 87' lang='lat' dir='ltr'>Post</span> <span class='ocrx_word' id='word_1_532' title='bbox 393 3386 490 3429; x_wconf 85' lang='lat' dir='ltr'>haec</span> <span class='ocrx_word' id='word_1_533' title='bbox 515 3386 677 3429; x_wconf 87' lang='lat' dir='ltr'>Daniel</span> <span class='ocrx_word' id='word_1_534' title='bbox 701 3385 926 3441; x_wconf 83' lang='lat' dir='ltr'>ingressus</span> <span class='ocrx_word' id='word_1_535' title='bbox 947 3383 1004 3425; x_wconf 83' lang='lat' dir='ltr'>ad</span> <span class='ocrx_word' id='word_1_536' title='bbox 1027 3382 1212 3438; x_wconf 86' lang='lat' dir='ltr'>Arioch,</span> <span class='ocrx_word' id='word_1_537' title='bbox 1237 3396 1368 3438; x_wconf 83' lang='lat' dir='ltr'>quem</span> <span class='ocrx_word' id='word_1_538' title='bbox 1395 3380 1686 3424; x_wconf 84' lang='lat' dir='ltr'>constituerat</span> <span class='ocrx_word' id='word_1_539' title='bbox 1708 3395 1784 3424; x_wconf 74' lang='lat' dir='ltr'>rex</span> <span class='ocrx_word' id='word_1_540' title='bbox 1806 3386 1854 3423; x_wconf 89' lang='lat' dir='ltr'>ut</span> <span class='ocrx_word' id='word_1_541' title='bbox 1882 3394 1977 3437; x_wconf 86' lang='lat' dir='ltr'>per—</span> 
     </span>
     <span class='ocr_line' id='line_1_56' title="bbox 150 3439 1978 3501; baseline -0.001 -17"><span class='ocrx_word' id='word_1_542' title='bbox 150 3441 270 3486; x_wconf 87' lang='lat' dir='ltr'>deret</span> <span class='ocrx_word' id='word_1_543' title='bbox 303 3445 526 3500; x_wconf 85' lang='lat' dir='ltr'>sapientes</span> <span class='ocrx_word' id='word_1_544' title='bbox 561 3445 824 3501; x_wconf 89' lang='lat' dir='ltr'>Babylonis,</span> <span class='ocrx_word' id='word_1_545' title='bbox 862 3443 924 3486; x_wconf 90' lang='lat' dir='ltr'>sic</span> <span class='ocrx_word' id='word_1_546' title='bbox 958 3442 998 3485; x_wconf 91' lang='lat' dir='ltr'>ei</span> <span class='ocrx_word' id='word_1_547' title='bbox 1034 3441 1208 3485; x_wconf 87' lang='lat' dir='ltr'>locutus</span> <span class='ocrx_word' id='word_1_548' title='bbox 1245 3447 1346 3485; x_wconf 85' lang='lat' dir='ltr'>est:</span> <span class='ocrx_word' id='word_1_549' title='bbox 1382 3440 1613 3497; x_wconf 84' lang='lat' dir='ltr'>Sapientes</span> <span class='ocrx_word' id='word_1_550' title='bbox 1649 3439 1890 3496; x_wconf 85' lang='lat' dir='ltr'>Babylonis</span> <span class='ocrx_word' id='word_1_551' title='bbox 1923 3453 1978 3484; x_wconf 88' lang='lat' dir='ltr'>ne</span> 
     </span>
     <span class='ocr_line' id='line_1_57' title="bbox 149 3498 1976 3558; baseline 0 -15"><span class='ocrx_word' id='word_1_552' title='bbox 149 3501 308 3556; x_wconf 87' lang='lat' dir='ltr'>perdas</span> <span class='ocrx_word' id='word_1_553' title='bbox 330 3510 343 3557; x_wconf 87' lang='grc'>;’</span> <span class='ocrx_word' id='word_1_554' title='bbox 376 3502 595 3548; x_wconf 65' lang='lat' dir='ltr'>introduc,</span> <span class='ocrx_word' id='word_1_555' title='bbox 621 3518 691 3547; x_wconf 89' lang='lat' dir='ltr'>me</span> <span class='ocrx_word' id='word_1_556' title='bbox 727 3503 773 3547; x_wconf 89' lang='lat' dir='ltr'>in</span> <span class='ocrx_word' id='word_1_557' title='bbox 811 3505 1050 3558; x_wconf 88' lang='lat' dir='ltr'>conspectu</span> <span class='ocrx_word' id='word_1_558' title='bbox 1085 3500 1227 3557; x_wconf 80' lang='lat' dir='ltr'>regiS‚</span> <span class='ocrx_word' id='word_1_559' title='bbox 1265 3505 1309 3543; x_wconf 88' lang='lat' dir='ltr'>et</span> <span class='ocrx_word' id='word_1_560' title='bbox 1344 3499 1609 3543; x_wconf 86' lang='lat' dir='ltr'>solutionem</span> <span class='ocrx_word' id='word_1_561' title='bbox 1645 3499 1740 3554; x_wconf 82' lang='lat' dir='ltr'>regi</span> <span class='ocrx_word' id='word_1_562' title='bbox 1776 3498 1976 3543; x_wconf 88' lang='lat' dir='ltr'>narrabo.</span> 
     </span>
    </p>
   </div>
   <div class='ocr_carea' id='block_1_8' title="bbox 150 3655 463 3690">
    <p class='ocr_par' dir='ltr' id='par_1_13' title="bbox 150 3655 463 3690">
     <span class='ocr_line' id='line_1_58' title="bbox 150 3655 463 3690; baseline 0.019 -9"><span class='ocrx_word' id='word_1_563' title='bbox 150 3658 176 3689; x_wconf 75' lang='lat'>1,</span> <span class='ocrx_word' id='word_1_564' title='bbox 193 3655 243 3689; x_wconf 81' lang='lat'>21]</span> <span class='ocrx_word' id='word_1_565' title='bbox 260 3656 328 3685; x_wconf 72' lang='lat' dir='ltr'>Ins.</span> <span class='ocrx_word' id='word_1_566' title='bbox 345 3658 401 3690; x_wconf 75' lang='lat' dir='ltr'>VI,</span> <span class='ocrx_word' id='word_1_567' title='bbox 418 3662 463 3688; x_wconf 78' lang='lat'>28.</span> 
     </span>
    </p>
   </div>
   <div class='ocr_carea' id='block_1_9' title="bbox 2046 611 2289 905">
    <p class='ocr_par' dir='ltr' id='par_1_14' title="bbox 2046 611 2289 776">
     <span class='ocr_line' id='line_1_59' title="bbox 2089 611 2261 639; baseline -0.006 0"><span class='ocrx_word' id='word_1_568' title='bbox 2089 611 2261 639; x_wconf 61' lang='lat' dir='ltr'>June-ntur</span> 
     </span>
     <span class='ocr_line' id='line_1_60' title="bbox 2060 654 2276 698; baseline 0 -16"><span class='ocrx_word' id='word_1_569' title='bbox 2060 654 2209 698; x_wconf 61' lang='lat' dir='ltr'>intcr&#39;nni</span> <span class='ocrx_word' id='word_1_570' title='bbox 2227 663 2276 682; x_wconf 72' lang='lat' dir='ltr'>sa-</span> 
     </span>
     <span class='ocr_line' id='line_1_61' title="bbox 2062 698 2274 732; baseline -0.005 -5"><span class='ocrx_word' id='word_1_571' title='bbox 2062 699 2195 732; x_wconf 74' lang='lat' dir='ltr'>pientes</span> <span class='ocrx_word' id='word_1_572' title='bbox 2216 698 2274 731; x_wconf 79' lang='lat' dir='ltr'>qui</span> 
     </span>
     <span class='ocr_line' id='line_1_62' title="bbox 2046 747 2289 776; baseline -0.004 -4"><span class='ocrx_word' id='word_1_573' title='bbox 2046 751 2112 772; x_wconf 85' lang='lat' dir='ltr'>non</span> <span class='ocrx_word' id='word_1_574' title='bbox 2132 747 2289 776; x_wconf 78' lang='lat' dir='ltr'>poterant</span> 
     </span>
    </p>

    <p class='ocr_par' dir='ltr' id='par_1_15' title="bbox 2083 787 2250 816">
     <span class='ocr_line' id='line_1_63' title="bbox 2083 787 2250 816; baseline -0.006 0"><span class='ocrx_word' id='word_1_575' title='bbox 2083 787 2250 816; x_wconf 81' lang='lat' dir='ltr'>somnium</span> 
     </span>
    </p>

    <p class='ocr_par' dir='ltr' id='par_1_16' title="bbox 2093 832 2252 905">
     <span class='ocr_line' id='line_1_64' title="bbox 2125 832 2216 866; baseline 0 -6"><span class='ocrx_word' id='word_1_576' title='bbox 2125 832 2216 866; x_wconf 80' lang='lat' dir='ltr'>regis</span> 
     </span>
     <span class='ocr_line' id='line_1_65' title="bbox 2093 876 2252 905; baseline 0 0"><span class='ocrx_word' id='word_1_577' title='bbox 2093 876 2252 905; x_wconf 80' lang='lat' dir='ltr'>iudicare.</span> 
     </span>
    </p>
   </div>
   <div class='ocr_carea' id='block_1_10' title="bbox 2068 2265 2264 2431">
    <p class='ocr_par' dir='ltr' id='par_1_17' title="bbox 2068 2265 2264 2431">
     <span class='ocr_line' id='line_1_66' title="bbox 2109 2265 2227 2293; baseline 0.008 -1"><span class='ocrx_word' id='word_1_578' title='bbox 2109 2265 2227 2293; x_wconf 86' lang='lat' dir='ltr'>Daniel</span> 
     </span>
     <span class='ocr_line' id='line_1_67' title="bbox 2105 2316 2231 2337; baseline 0.008 -1"><span class='ocrx_word' id='word_1_579' title='bbox 2105 2316 2231 2337; x_wconf 85' lang='lat' dir='ltr'>moram</span> 
     </span>
     <span class='ocr_line' id='line_1_68' title="bbox 2068 2353 2264 2386; baseline 0.005 -4"><span class='ocrx_word' id='word_1_580' title='bbox 2068 2353 2230 2386; x_wconf 80' lang='lat' dir='ltr'>impetrat</span> <span class='ocrx_word' id='word_1_581' title='bbox 2243 2360 2264 2383; x_wconf 80' lang='lat' dir='ltr'>a</span> 
     </span>
     <span class='ocr_line' id='line_1_69' title="bbox 2121 2404 2210 2431; baseline 0.022 -6"><span class='ocrx_word' id='word_1_582' title='bbox 2121 2404 2210 2431; x_wconf 84' lang='lat' dir='ltr'>rege.</span> 
     </span>
    </p>
   </div>
   <div class='ocr_carea' id='block_1_11' title="bbox 2051 2618 2281 2785">
    <p class='ocr_par' dir='ltr' id='par_1_18' title="bbox 2078 2618 2251 2646">
     <span class='ocr_line' id='line_1_70' title="bbox 2078 2618 2251 2646; baseline 0.006 -1"><span class='ocrx_word' id='word_1_583' title='bbox 2078 2618 2251 2646; x_wconf 72' lang='lat' dir='ltr'>Somnium</span> 
     </span>
    </p>

    <p class='ocr_par' dir='ltr' id='par_1_19' title="bbox 2051 2663 2281 2785">
     <span class='ocr_line' id='line_1_71' title="bbox 2090 2663 2251 2690; baseline 0 0"><span class='ocrx_word' id='word_1_584' title='bbox 2090 2663 2251 2690; x_wconf 81' lang='lat' dir='ltr'>edocetur</span> 
     </span>
     <span class='ocr_line' id='line_1_72' title="bbox 2069 2707 2264 2743; baseline 0.005 -9"><span class='ocrx_word' id='word_1_585' title='bbox 2069 2714 2088 2735; x_wconf 84' lang='lat' dir='ltr'>a</span> <span class='ocrx_word' id='word_1_586' title='bbox 2106 2708 2191 2743; x_wconf 86' lang='lat' dir='ltr'>Deo,</span> <span class='ocrx_word' id='word_1_587' title='bbox 2209 2707 2264 2735; x_wconf 91' lang='lat' dir='ltr'>cui</span> 
     </span>
     <span class='ocr_line' id='line_1_73' title="bbox 2051 2750 2281 2785; baseline 0 -6"><span class='ocrx_word' id='word_1_588' title='bbox 2051 2750 2180 2785; x_wconf 72' lang='lat' dir='ltr'>gratias</span> <span class='ocrx_word' id='word_1_589' title='bbox 2197 2751 2281 2785; x_wconf 84' lang='lat' dir='ltr'>agit.</span> 
     </span>
    </p>
   </div>
   <div class='ocr_carea' id='block_1_12' title="bbox 2047 3385 2292 3554">
    <p class='ocr_par' dir='ltr' id='par_1_20' title="bbox 2047 3385 2292 3554">
     <span class='ocr_line' id='line_1_74' title="bbox 2050 3385 2290 3416; baseline -0.008 0"><span class='ocrx_word' id='word_1_590' title='bbox 2050 3385 2290 3416; x_wconf 78' lang='lat' dir='ltr'>Introducitur</span> 
     </span>
     <span class='ocr_line' id='line_1_75' title="bbox 2075 3432 2259 3466; baseline 0 -6"><span class='ocrx_word' id='word_1_591' title='bbox 2075 3432 2117 3460; x_wconf 86' lang='lat' dir='ltr'>ad</span> <span class='ocrx_word' id='word_1_592' title='bbox 2132 3438 2259 3466; x_wconf 83' lang='lat' dir='ltr'>regem,</span> 
     </span>
     <span class='ocr_line' id='line_1_76' title="bbox 2047 3475 2292 3505; baseline -0.008 0"><span class='ocrx_word' id='word_1_593' title='bbox 2047 3475 2216 3505; x_wconf 87' lang='lat' dir='ltr'>somnium</span> <span class='ocrx_word' id='word_1_594' title='bbox 2233 3482 2292 3503; x_wconf 82' lang='lat' dir='ltr'>ex·</span> 
     </span>
     <span class='ocr_line' id='line_1_77' title="bbox 2065 3520 2267 3554; baseline 0.01 -8"><span class='ocrx_word' id='word_1_595' title='bbox 2065 3520 2267 3554; x_wconf 72' lang='lat' dir='ltr'>plicatur-us.</span> 
     </span>
    </p>
   </div>
  </div>
 </body>
</html>
