2456 3861
215 1011 370 1039 ι10001102.

222 1722 244 1750 J
247 1720 370 1765 00111111.-

211 2907 364 2936 Joachin.

477 182 564 225 376
931 178 996 220 IV
1033 179 1145 220 ΒΕΘ.
1179 176 1368 230 XXIII,
1400 176 1458 218 28
1490 201 1548 208 —
1581 177 1752 231 XXIV,
1789 178 1851 220 13.

539 350 574 377 ³2⁸
594 349 779 404 Reliqua
807 351 958 390 autem
982 360 1236 389 sermonum
1264 346 1292 388 J
1297 345 1424 400 osiae,
1455 350 1499 388 et
1523 345 1730 388 universa
1756 360 1857 401 quae
1885 346 2018 402 fecit,
2040 362 2186 392 nonne
2213 350 2312 394 haec

487 409 642 464 scripta
671 412 774 449 sunt
801 407 849 448 in
882 405 1017 448 Libro
1045 405 1280 448 verborum
1311 404 1484 448 dierum
1513 418 1670 460 regum
1696 405 1723 447 J
1729 404 1850 448 uda?
1877 404 1914 431 '²9
1941 406 1996 448 In
2026 405 2182 450 diebus
2215 408 2312 464 ejus

478 466 681 510 ascendit
723 465 894 508 Pharao
929 464 1130 519 Nechao,
1165 478 1242 507 rex
1276 463 1488 520 AEgypti,
1532 469 1685 506 contra
1721 478 1872 519 regem
1909 464 2217 522 Assyriorum,
2255 468 2312 510 ad

478 526 643 568 fiumen
674 525 959 582 Euphratem
992 529 1036 567 et
1067 523 1180 566 abiit
1209 524 1237 566 J
1242 523 1356 566 osias
1383 537 1462 565 rex
1489 523 1536 565 in
1563 536 1793 566 occursum
1822 523 1942 579 ejus,
1974 528 2019 566 et
2052 523 2222 568 occisus
2248 531 2315 569 est

477 585 524 627 in
547 584 783 640 Mageddo,
808 598 909 627 cum
933 583 1120 626 vidisset
1141 597 1255 626 eum.
1282 582 1320 609 3⁰
1338 583 1396 624 Et
1421 586 1711 638 portaverunt
1735 596 1837 625 eum
1859 583 1974 626 servi
2000 583 2069 625 sui
2091 589 2316 626 mortuum

478 644 532 687 de
557 643 799 699 Mageddo,
824 648 866 686 et
888 642 1164 700 pertulerunt
1184 641 1231 684 in
1253 641 1527 696 Jerusalem,
1551 646 1594 685 et
1619 640 1888 698 sepelierunt
1914 656 2017 686 eum
2045 642 2092 685 in
2112 642 2314 699 sepulcro

477 717 568 746 suo.
592 703 802 759 Tulitque
826 702 1013 759 populus
1039 707 1169 744 terrae
1195 701 1413 757 Joachaz,
1437 700 1579 743 filium
1609 701 1635 743 J
1642 700 1746 743 osiae
1767 718 1777 756 3
1807 705 1850 744 et
1873 706 2098 745 unxerunt
2123 715 2247 758 01101,
2272 706 2317 746 et

478 761 804 805 constituerunt
825 776 926 805 eum
948 775 1099 817 regem
1122 774 1200 818 pro
1225 767 1351 817 patre
1375 774 1468 803 suo.

798 885 821 938 ξ
842 883 933 926 III.
954 908 1015 916 —
1038 883 1243 938 Regyuanc
1265 882 1485 935 Joachaz,
1513 882 1702 925 Joakim
1727 888 1769 925 et
1789 882 1992 927 Joachin.

536 998 571 1026 3¹
599 998 774 1055 Viginti
816 998 952 1041 trium
992 1012 1211 1041 annorum
1251 1003 1345 1041 erat
1389 998 1584 1041 Joachaz
1626 1012 1728 1040 cum
1764 1011 1951 1053 regnare
1988 998 2225 1056 coepisset,
2275 1005 2320 1044 et

477 1059 619 1102 tribus
667 1058 893 1101 mensibus
937 1057 1145 1113 regnavit
1189 1057 1235 1099 in
1273 1057 1538 1100 Jerusalem.
1580 1057 1755 1100 Nomen
1793 1057 1947 1100 matris
1986 1057 2083 1113 ejus
2124 1059 2316 1116 Amital,

477 1118 569 1161 filia
595 1117 803 1161 Jeremiae
834 1118 888 1160 de
918 1117 1086 1160 Lobna.
1114 1115 1150 1142 32
1170 1118 1227 1158 Et
1255 1116 1367 1159 fecit
1389 1116 1559 1158 malum
1588 1130 1737 1158 coram
1770 1116 1983 1172 Domino,
2013 1116 2145 1172 juxta
2169 1118 2320 1162 omnia

478 1192 576 1234 quae
611 1177 815 1220 fecerant
845 1182 992 1232 patres
1022 1176 1134 1232 ejus.
1168 1175 1206 1202 33
1232 1175 1478 1231 Vinxitque
1515 1190 1617 1218 eum
1651 1175 1826 1218 Pharao
1859 1176 2042 1219 Nechao
2073 1175 2119 1218 in
2155 1177 2316 1234 Rebla,

479 1251 577 1293 quae
605 1241 670 1279 est
693 1236 741 1278 in
764 1241 878 1278 terra
907 1236 1086 1291 Emath,
1110 1250 1164 1278 ne
1188 1240 1394 1290 regnaret
1420 1235 1468 1277 in
1490 1235 1739 1278 Jerusalem
1762 1251 1770 1289 3
1800 1240 1844 1278 et
1863 1235 2078 1292 imposuit
2101 1236 2318 1279 mulctam

449 1302 606 1342 ,terrae
641 1301 821 1339 centum
857 1295 1037 1338 talentis
1073 1295 1248 1350 argenti
1289 1300 1331 1338 et
1372 1294 1540 1337 talento
1577 1294 1687 1337 auri.
1726 1293 1763 1320 34
1795 1295 2051 1350 Regemque
2088 1296 2319 1339 constituit

480 1356 651 1398 Pharao
686 1355 867 1398 Nechao
899 1354 1107 1409 Eliacim,
1143 1354 1288 1396 filium
1317 1355 1344 1397 J
1351 1354 1478 1408 osiae,
1513 1367 1590 1410 pro
1621 1353 1747 1397 Josia
1782 1360 1906 1412 patre
1944 1354 2062 1411 ejus,
2098 1355 2319 1411 vertitque

477 1429 639 1458 nomen
662 1415 758 1471 ejus
785 1415 813 1457 J
818 1415 981 1457 oakim.
1005 1415 1140 1457 Porro
1166 1414 1192 1456 J
1198 1410 1362 1456 oach'az
1391 1413 1514 1469 tulit,
1542 1418 1584 1456 et
1607 1413 1735 1456 duxit
1757 1413 1803 1455 in
1829 1414 2106 1470 AEgyptum,
2136 1419 2180 1458 et
2204 1429 2317 1457 mor-

477 1480 579 1517 tuus
609 1480 675 1517 est
702 1474 780 1517 ibi.
808 1473 845 1500 35
862 1475 1114 1530 Argentum
1139 1478 1291 1516 autem
1320 1479 1363 1516 et
1388 1487 1545 1515 aurum
1572 1472 1696 1515 dedit
1726 1473 1754 1515 J
1759 1473 1909 1515 oakim
1938 1473 2180 1530 Pharaoni,
2216 1488 2318 1518 cum

476 1533 713 1577 indixisset
737 1538 866 1577 terrae
888 1548 965 1590 per
985 1533 1183 1588 singulos
1207 1537 1255 1574 ut
1283 1532 1560 1575 conferretur
1584 1532 1715 1587 juxta
1741 1537 2018 1589 praeceptum
2044 1533 2314 1590 Pharaonis;

478 1598 522 1636 et
550 1607 909 1648 unumquemque
931 1592 1062 1648 juxta
1087 1593 1201 1635 vires
1234 1606 1334 1634 suas
1362 1591 1530 1647 exegit,
1557 1597 1652 1634 tam
1688 1596 1925 1646 argentum
1968 1606 2102 1648 quam
2137 1607 2317 1650 aurum,

478 1652 533 1695 de
556 1652 720 1709 populo
745 1657 896 1708 terrae,
920 1657 968 1694 ut
995 1651 1120 1695 daret
1143 1651 1363 1693 Pharaoni
1391 1651 1433 1693 N
1437 1651 1586 1694 echao.

536 1711 573 1738 36
590 1711 767 1767 Viginti
801 1711 994 1767 quinque
1030 1725 1248 1753 annorum
1285 1715 1379 1753 erat
1416 1710 1599 1752 ι10011110
1635 1724 1738 1753 01101
1773 1724 1959 1766 regnare
1996 1711 2235 1768 coepisset3
2274 1716 2319 1755 et

477 1771 687 1815 undecim
718 1771 847 1813 annis
880 1770 1085 1826 regnavit
1117 1770 1164 1812 in
1198 1770 1461 1813 Jerusalem.
1495 1770 1669 1813 Nomen
1703 1769 1856 1812 matris
1888 1770 1985 1826 ejus
2014 1770 2201 1827 Zebida,
2225 1771 2318 1814 filia

478 1830 678 1873 Phadaia
708 1830 763 1873 de
793 1831 951 1873 Ruma.
982 1829 1017 1856 37
1038 1831 1095 1872 Et
1120 1829 1232 1872 fecit
1259 1829 1427 1871 malum
1454 1843 1603 1872 coram
1630 1828 1843 1885 Domino,
1878 1829 2008 1885 juxta
2037 1829 2188 1873 omnia
2218 1844 2317 1886 quae

476 1890 679 1933 fecerant
705 1894 850 1946 patres
873 1889 984 1945 ejus.

536 1949 642 1992 CAP.
669 1949 841 1992 XXIV.
867 1975 927 1982 —
958 1948 970 1974 ¹
992 1950 1047 1992 In
1074 1949 1230 1992 diebus
1257 1949 1354 2005 03110
1384 1949 1587 1992 ascendit
1612 1948 2036 2005 Nabuchodonosor,
2063 1964 2141 1993 1011
2171 1949 2318 2006 Baby-

476 2008 610 2064 lonis,
640 2013 682 2051 et
707 2008 856 2051 factus
883 2013 948 2051 est
981 2009 1020 2051 ei
1048 2009 1075 2051 J
1080 2008 1230 2051 oakim
1264 2022 1415 2051 servus
1448 2008 1590 2051 tribus
1619 2009 1777 2064 annis3
1806 2014 1849 2052 et
1875 2023 2050 2052 rursum
2082 2008 2318 2052 rebellavit

476 2072 629 2111 contra
674 2081 788 2110 011111.
835 2066 853 2093 2
883 2067 1166 2123 Immisitque
1214 2067 1253 2111 ei
1301 2068 1519 2111 Dominus
1565 2068 1840 2111 latrunculos
1893 2068 2228 2124 Chaldaeorum,
2273 2073 2317 2112 et

475 2127 749 2169 latrunculos
778 2127 938 2183 Syriae,
965 2133 1007 2170 et
1033 2127 1308 2170 latrunculos
1334 2127 1488 2180 Moab,
1513 2132 1556 2171 et
1577 2128 1852 2171 latrunculos
1879 2127 2069 2170 filiorum
2097 2127 2314 2183 Ammon,

476 2191 518 2229 et
554 2185 743 2228 immisit
781 2200 853 2229 eos
889 2187 936 2229 in
961 2187 1129 2229 Judam
1166 2192 1215 2229 ut
1252 2186 1556 2243 disperderent
1589 2202 1711 2241 eum,
1749 2187 1880 2241 juxta
1913 2187 2100 2230 verbum
2134 2187 2316 2230 Domini

476 2246 591 2301 quod
616 2246 790 2289 locutus
823 2247 972 2289 fuerat
1005 2261 1082 2303 per
1110 2260 1258 2289 servos
1287 2260 1388 2289 suos
1413 2247 1664 2303 prophetas.
1697 2246 1715 2273 3
1734 2248 1924 2290 Factum
1958 2251 2024 2289 est
2056 2251 2208 2289 autem
2232 2246 2316 2289 hoc

475 2319 552 2362 per
575 2305 762 2348 verbum
793 2305 974 2348 Domini
1009 2311 1161 2348 contra
1192 2306 1219 2349 J
1225 2306 1380 2361 udam,
1415 2311 1464 2348 ut
1497 2306 1695 2349 auferret
1728 2320 1830 2349 eum
1863 2320 2013 2349 coram
2044 2320 2112 2361 se,
2139 2310 2317 2362 propter

475 2369 660 2421 peccata
689 2365 896 2408 Manasse
930 2365 1136 2408 universa
1166 2379 1266 2420 quae
1300 2365 1433 2421 fecit,
1464 2365 1481 2391 4
1499 2371 1542 2409 et
1571 2370 1749 2422 propter
1781 2366 2048 2421 sanguinem
2080 2364 2315 2407 innoxium

475 2438 606 2479 quem
643 2423 826 2479 effudit,
865 2429 907 2467 et
943 2424 1149 2481 implevit
1187 2425 1438 2468 Jerusalem
1475 2439 1627 2468 cruore
1663 2424 1991 2480 innocentium,
2027 2430 2070 2468 et
2108 2424 2162 2467 ob
2199 2424 2315 2467 hanc

474 2497 567 2525 rem
589 2483 730 2525 noluit
757 2484 974 2526 Dominus
998 2484 1240 2541 propitiari.

534 2543 550 2568 5
570 2542 757 2598 Reliqua
782 2548 932 2586 autem
955 2558 1209 2586 sermonum
1231 2544 1259 2586 J
1265 2544 1434 2598 oakim,
1459 2549 1501 2587 et
1527 2544 1732 2587 universa
1756 2557 1855 2599 quae
1881 2543 2012 2600 fecit,
2040 2557 2186 2587 nonne
2215 2543 2314 2587 haec

474 2602 638 2658 scripta
683 2607 787 2645 sunt
831 2603 877 2645 in
924 2603 1057 2646 Libro
1100 2617 1354 2646 sermonum
1396 2603 1567 2646 dierum
1607 2617 1764 2659 regum
1804 2602 1962 2645 Juda‘?
2008 2604 2066 2645 Et
2102 2602 2314 2646 dormivit

474 2661 656 2704 Joakim
691 2676 793 2705 cum
829 2663 1029 2719 patribus
1064 2662 1168 2705 suis.
1203 2663 1297 2705 6Et
1329 2663 1535 2718 regnavit
1573 2662 1788 2717 Joachin,
1825 2661 1942 2705 filius
1979 2661 2098 2718 ejus,
2137 2676 2215 2719 pro
2247 2675 2311 2706 eo.

474 2719 489 2746 7
510 2721 567 2763 Et
596 2720 711 2764 ultra
743 2735 832 2764 non
856 2721 1032 2764 addidit
1062 2736 1141 2765 rex
1172 2722 1364 2779 AEgypti
1399 2727 1447 2764 ut
1476 2722 1759 2778 egrederetiu·
1794 2720 1848 2764 de
1873 2726 1987 2764 terra
2013 2735 2123 2776 sua;
2150 2721 2313 2764 tulerat

475 2779 592 2822 enim
613 2795 691 2824 rex
718 2781 983 2837 Babylonis,
1006 2796 1032 2823 a
1057 2781 1153 2824 rivo
1178 2781 1369 2838 AEgypti
1392 2795 1530 2837 usque
1550 2781 1607 2824 ad
1636 2780 1824 2824 fluvium
1854 2780 2135 2837 Euphraten,
2163 2779 2312 2824 omnia

475 2853 572 2894 quae
598 2839 779 2883 fuerant
804 2840 919 2896 regis
944 2840 1148 2897 AEgypti.

533 2898 549 2923 ⁸
580 2900 745 2942 Decem
782 2905 824 2943 et
867 2904 964 2942 octo
1003 2914 1221 2942 annorum
1262 2906 1355 2945 erat
1395 2901 1587 2944 Joachin
1631 2913 1735 2943 cum
1770 2913 1955 2955 regnare
1990 2899 2226 2957 coepisset3
2268 2904 2313 2943 et

473 2957 613 2999 tribus
640 2959 865 3001 mensibus
887 2959 1092 3015 regnavit
1117 2959 1163 3002 in
1189 2960 1453 3003 Jerusalem.
1482 2961 1656 3003 Nomen
1683 2958 1836 3001 matris
1862 2959 1960 3015 ejus
1983 2959 2196 3014 Nohesta,
2219 2958 2312 3002 filia

474 3015 699 3059 Elnathan
733 3018 786 3061 de
819 3019 1082 3061 Jerusalem.
1111 3018 1128 3044 9
1148 3019 1203 3061 Et
1236 3019 1348 3062 fecit
1374 3019 1543 3062 malum
1578 3032 1728 3062 coram
1756 3018 1969 3074 Domino,
1998 3018 2128 3074 juxta
2161 3017 2311 3062 omnia

474 3089 571 3131 quae
594 3075 764 3119 fecerat
786 3083 911 3133 pater
937 3079 1048 3135 ejus.

532 3134 568 3161 ¹⁰
586 3135 640 3177 In
665 3140 862 3191 tempore
883 3137 961 3179 illo
981 3138 1277 3181 ascenderunt
1302 3139 1416 3182 servi
1449 3137 1868 3191 Nabuchodonosor,
1896 3138 2013 3193 regis
2042 3136 2310 3194 Babylonis,

471 3194 519 3237 in
547 3194 818 3249 Jerusalem,
849 3201 891 3238 et
925 3196 1200 3240 circumdata
1231 3204 1296 3240 est
1326 3198 1427 3240 urbs
1460 3196 1812 3251 munitionibus3
1849 3196 1881 3223 ¹¹
1912 3196 2122 3252 venitque
2155 3195 2310 3239 Nabu—

472 3253 756 3308 chodonosor,
780 3268 856 3296 rex
885 3255 1146 3311 Babylonis,
1173 3257 1230 3299 ad
1257 3257 1486 3300 civitatem
1510 3271 1611 3300 cum
1636 3256 1773 3299 servis
1804 3256 1894 3299 suis
1922 3261 1970 3298 ut
1996 3259 2308 3312 oppugnarent

472 3327 583 3356 eam.
610 3311 643 3338 ¹2
662 3313 963 3368 Egressusque
989 3320 1054 3357 est
1076 3316 1103 3357 J
1109 3316 1288 3370 oachin,
1310 3330 1388 3359 rex
1413 3316 1554 3371 Juda,
1579 3315 1636 3358 ad
1661 3329 1813 3370 regem
1838 3315 2105 3371 Babylonis,
2135 3314 2231 3371 ipse
2263 3317 2308 3357 et

472 3377 612 3415 mater
635 3372 753 3428 ejus,
779 3376 822 3414 et
851 3372 963 3415 servi
991 3373 1108 3429 ejus,
1140 3380 1183 3417 et
1212 3375 1432 3431 principes
1455 3375 1571 3431 ejus,
1602 3379 1646 3417 et
1668 3374 1856 3417 eunuchi
1885 3375 2011 3430 ejus3
2044 3379 2089 3417 et
2110 3371 2308 3429 suscepit

471 3445 572 3474 eum
604 3445 682 3474 rex
720 3430 983 3487 BabyloniS,
1021 3447 1137 3475 011110
1173 3439 1328 3477 octavo
1365 3434 1489 3490 regni
1527 3433 1609 3477 sui.
1645 3432 1681 3458 ¹3
1707 3433 1764 3475 Et
1798 3433 1981 3490 protulit
2014 3433 2120 3476 inde
2155 3445 2307 3475 omnes

471 3490 698 3533 thesauros
721 3490 878 3534 domus
905 3491 1097 3546 Domini,
1126 3497 1169 3534 et
1190 3493 1418 3535 thesauros
1441 3493 1596 3535 domus
1621 3492 1756 3547 regiae
1777 3510 1786 3546 ;
1811 3499 1854 3536 et
1877 3492 2073 3535 concidit
2097 3491 2307 3534 universa

470 3563 577 3591 vasa
609 3563 741 3592 aurea
780 3564 878 3605 quae
911 3549 1079 3592 fecerat
1115 3550 1343 3606 Salomon,
1370 3565 1447 3594 rex
1473 3551 1635 3606 Israel,
1665 3550 1712 3593 in
1742 3551 1908 3608 templo
1941 3550 2144 3605 Domini,
2175 3549 2308 3606 juxta

471 3693 518 3726 20]
539 3694 570 3720 II
591 3694 662 3721 Par.
682 3695 820 3730 XXXV,
837 3697 881 3722 20.
902 3709 938 3713 —-
954 3695 1001 3728 31]
1023 3695 1055 3722 II
1076 3695 1147 3723 Par.
1164 3695 1324 3731 XXXVI,
1347 3698 1372 3724 2.
1391 3710 1427 3715 —
1445 3697 1473 3729 2]
1493 3696 1570 3728 Sup.
1590 3697 1723 3731 XXIII,
1742 3699 1785 3725 27.
1805 3711 1839 3716 -
1864 3697 1912 3730 10]
1932 3697 2013 3725 Dan.
2032 3696 2060 3731 1,
2079 3697 2106 3726 1.
