2456 3861
130 1618 315 1648 Consilium

157 1664 197 1691 de
223 1662 289 1691 alia

118 1707 236 1741 regina
254 1709 330 1735 sub-

131 1752 314 1781 stituenda.

113 2220 342 2248 Mardochaeus

131 2267 165 2293 et
184 2264 316 2292 Esther.

103 2636 228 2664 Esther
252 2634 346 2668 eligi-

141 2684 197 2707 tur
219 2679 309 2707 inter

117 2723 266 2757 virgines
283 2730 332 2752 re-

104 2768 160 2802 gio
178 2767 345 2796 connubio

126 2812 326 2841 destinatas

169 3284 283 3313 Placet

126 3329 272 3357 Assuero
293 3332 327 3357 et

136 3372 175 3401 fit
190 3373 315 3406 regina.

415 154 501 197 494
1024 153 1164 195 ESTH.
1199 152 1244 208 I,
1282 153 1335 196 16
1368 179 1424 185 -
1458 153 1529 209 ΙΙ,
1566 154 1635 198 13.

415 257 2238 279 Μ

412 322 566 377 regina
591 321 862 377 subjaceret,
887 336 984 377 quae
1006 321 1188 365 Assueri
1212 322 1330 378 regis
1352 322 1608 380 imperium,
1633 323 1749 379 quod
1775 338 1853 380 per
1873 325 2101 370 eunuchos
2121 342 2242 371 man-

413 381 616 436 daverat,
653 380 803 423 facere
842 380 1070 423 noluisset.
1105 380 1141 407 16
1170 381 1501 438 Responditque
1535 383 1834 439 Mamuchan,
1869 383 2079 429 audiente
2116 400 2244 444 rege,

411 445 545 495 atque
563 439 868 496 principibus:
895 439 996 482 Non
1025 439 1169 483 solum
1196 454 1348 497 regem
1376 442 1491 484 laesit
1519 441 1673 498 regina
1699 442 1881 499 Vasthi,
1916 443 1993 486 sed
2023 448 2067 487 et
2095 458 2247 489 omnes

410 499 609 555 populos,
632 504 675 541 et
696 498 929 555 principes,
950 499 1023 554 qui
1049 505 1152 542 sunt
1171 499 1219 542 in
1242 501 1412 543 cunctis
1435 501 1675 557 provinciis
1697 501 1815 557 regis
1835 502 2031 549 Assueri.
2056 502 2091 529 ¹⁷
2111 505 2249 560 Egre-

412 557 556 601 dietur
581 557 699 600 enim
720 571 864 600 sermo
888 558 1056 614 reginae
1077 559 1134 602 ad
1158 573 1308 603 omnes
1335 560 1561 616 mulieres,
1585 565 1634 602 ut
1664 565 1954 604 contemnant
1975 562 2092 605 viros
2125 577 2247 620 suos,

411 622 456 660 et
476 617 627 659 dicant
653 634 661 661 :
695 618 789 660 Rex
811 618 1028 660 Assuerus
1049 617 1182 674 jussit
1211 624 1260 661 ut
1284 619 1438 675 regina
1465 620 1624 662 Vasthi
1650 619 1837 663 intraret
1862 620 1919 663 ad
1949 635 2071 678 eum,
2095 627 2138 665 et
2171 622 2249 666 illa

410 676 566 719 noluit.
594 676 629 702 ¹8
645 677 792 732 Atque
818 677 899 720 hoc
925 677 1129 734 exemplo
1152 692 1302 721 omnes
1329 678 1582 736 principum
1604 679 1820 735 conjuges
1853 680 2087 723 Persarum
2115 686 2250 737 atque

409 735 642 778 Medorum
674 736 998 793 parvipendent
1030 736 1217 793 imperia
1250 738 1533 793 maritorum3
1567 739 1684 782 unde
1713 738 1831 795 regis
1868 739 1990 795 justa
2027 745 2093 783 est
2133 740 2248 783 indi-

410 795 576 850 gnatio.
602 794 638 820 19
656 795 700 838 81
721 794 804 838 tibi
825 795 994 853 placet,
1018 796 1271 852 egrediatur
1293 796 1491 846 edictum
1515 812 1542 840 a
1563 798 1683 841 facie
1701 803 1790 854 tua,
1815 803 1858 841 et
1879 798 2099 842 scribatur
2118 799 2249 855 juxta

410 854 556 909 legem
582 854 816 897 Persarum
841 860 974 911 atquc
1004 855 1255 911 Medorum,
1280 870 1413 912 quam
1435 857 1650 913 praeteriri
1671 857 1882 900 illicitum
1905 863 1992 913 est,
2015 863 2064 901 ut
2084 872 2248 915 nequa—

410 927 542 969 quam
567 913 682 956 ultra
704 914 865 957 Vasthi
890 915 1167 970 ingrediatur
1195 915 1253 957 ad
1281 929 1453 971 regem,
1476 916 1553 959 sed
1582 931 1771 973 regnum
1799 916 1921 960 illius
1953 917 2115 974 altera,
2150 932 2249 974 quae

410 972 565 1015 melior
589 978 655 1016 est
683 973 783 1030 illa,
809 974 1027 1030 accipiat,
1053 973 1090 1000 ‘2⁰
1108 979 1151 1017 et
1172 974 1254 1016 hoc
1276 974 1322 1016 in
1349 988 1477 1018 omne
1502 976 1640 1031 (quod
1666 976 1936 1019 latissimum
1958 977 2047 1034 est)
2073 977 2250 1034 provin—

409 1031 577 1074 ciarum
610 1037 786 1075 tuarum
821 1032 1075 1088 divulgetur
1106 1033 1364 1089 imperium,
1396 1038 1440 1076 et
1474 1040 1645 1078 cunctae
1680 1049 1860 1092 uxoreS,
1897 1040 1992 1078 tam
2028 1036 2250 1092 majorum

409 1105 542 1147 quam
567 1091 808 1148 minorum,
836 1091 1042 1135 deferant
1064 1092 1234 1135 maritis
1255 1093 1344 1135 suis
1367 1093 1593 1137 honorem.

468 1149 502 1176 “2¹
522 1151 699 1193 Placuit
729 1151 963 1194 consilium
990 1151 1085 1207 ejus
1110 1151 1204 1207 regi
1230 1157 1274 1195 et
1295 1152 1597 1209 principibus3
1629 1153 1828 1209 fecitque
1849 1168 1926 1197 rex
1950 1154 2081 1211 juxta
2107 1155 2248 1198 consi-

407 1210 518 1252 lium
542 1210 838 1265 Mamuchan3
864 1209 901 1235 2⁶2
919 1215 962 1253 et
987 1210 1109 1253 misit
1138 1210 1348 1267 epistolas
1377 1211 1435 1254 ad
1468 1212 1698 1255 universas
1728 1213 1979 1269 provincias
2008 1214 2134 1269 regni
2159 1214 2248 1271 sui,

407 1274 455 1311 ut
480 1282 665 1324 quaeque
690 1284 798 1325 gens
819 1269 974 1312 audire
996 1275 1038 1313 et
1064 1270 1211 1326 legere
1235 1275 1430 1327 poterat,
1462 1270 1647 1315 diversis
1679 1272 1843 1328 linguis
1873 1277 1917 1316 et
1942 1272 2122 1330 litteris,
2156 1287 2250 1318 esse

407 1328 524 1370 viros
552 1328 774 1386 principes
798 1342 851 1371 ac
881 1329 1072 1385 majores
1101 1329 1148 1371 in
1179 1329 1383 1373 domibus
1413 1330 1523 1386 suis,
1556 1336 1600 1374 et
1629 1332 1712 1374 1100
1742 1346 1819 1388 per
1849 1337 2031 1375 cunctos
2065 1333 2249 1390 populos

407 1386 642 1442 divulgari.

772 1475 795 1532 ξ
830 1476 893 1519 Π.
919 1503 978 1509 -
1011 1449 1174 1520 Estlicr
1206 1479 1251 1520 in
1286 1479 1428 1521 locam
1467 1479 1624 1521 Vasthz·
1656 1480 1882 1534 suffi'citur.

467 1611 576 1654 CAP.
604 1612 667 1655 H.
689 1637 747 1642 —
769 1611 783 1637 '¹
804 1611 889 1654 His
913 1611 977 1669 ita
1007 1612 1164 1668 gestis,
1194 1618 1432 1669 postquam
1460 1614 1578 1669 regis
1607 1614 1790 1656 Assueri
1820 1614 2073 1670 indignatio
2104 1615 2251 1660 defer-

407 1670 582 1726 buerat,
609 1670 866 1713 recordatus
887 1676 953 1714 est
975 1671 1148 1728 Vasthi,
1172 1676 1216 1715 et
1242 1687 1340 1728 quae
1362 1672 1546 1716 fecisset
1566 1673 1638 1716 vel
1661 1687 1759 1728 quae
1782 1687 1912 1730 passa
1931 1679 2058 1717 esset.
2078 1672 2096 1700 2
2114 1674 2249 1719 Dixe-

407 1735 596 1785 runtque
622 1730 745 1786 pueri
773 1730 890 1785 regis
911 1744 963 1773 ac
990 1730 1181 1773 ministri
1210 1731 1341 1787 ejus:
1367 1731 1632 1782 Quaerantur
1656 1732 1749 1788 regi
1779 1732 1942 1788 puellae
1971 1733 2167 1789 virgines
2195 1749 2249 1778 ac

408 1789 645 1845 speciosae;
670 1789 687 1815 3
705 1794 748 1832 et
771 1789 1007 1832 mittantur
1029 1790 1102 1846 qui
1129 1791 1410 1834 considerent-
1438 1805 1515 1848 per
1539 1791 1767 1834 universas
1797 1792 2048 1848 provincias
2077 1793 2248 1849 puellas

409 1848 630 1904 speciosas
649 1854 692 1891 et
720 1849 936 1905 virgines,
964 1855 1007 1892 et
1028 1849 1257 1892 adducant
1282 1864 1354 1893 eas
1377 1850 1433 1892 ad
1457 1851 1686 1894 civitatem
1718 1851 1878 1907 Susan,
1907 1856 1950 1894 et
1970 1852 2151 1895 tradant
2175 1866 2250 1896 eas

408 1908 454 1949 in
488 1907 669 1950 domum
701 1908 974 1951 feminarum
1007 1909 1088 1951 sub
1126 1923 1262 1951 manu
1299 1909 1409 1964 Egei
1449 1909 1664 1966 eunuchi,
1699 1910 1773 1965 qui
1807 1916 1872 1953 est
1909 1911 2173 1967 praepositus
2206 1916 2250 1955 et

409 1972 556 2010 custos
578 1967 813 2010 mulierum
839 1968 1086 2023 regiarum3
1111 1974 1154 2010 et
1175 1968 1400 2024 accipiant
1422 1968 1640 2011 mundum
1666 1968 1942 2024 muliebrem,
1967 1975 2010 2012 et
2029 1975 2175 2013 cetera
2191 1971 2250 2014 ad

408 2039 510 2068 usus
540 2026 802 2070 necessaria.
829 2026 847 2052 4
870 2028 926 2069 Et
951 2041 1244 2083 quaecumque
1272 2028 1387 2070 inter
1409 2041 1560 2070 omnes
1588 2027 1727 2070 oculis
1752 2028 1870 2083 regis
1892 2027 2130 2085 placuerit,
2151 2028 2251 2086 ipsa

408 2091 562 2141 regnet
595 2099 673 2143 pro
706 2086 881 2129 Vasthi.
918 2086 1093 2129 Placuit
1123 2100 1265 2130 sermo
1298 2086 1420 2142 regi;
1457 2091 1500 2129 et
1532 2086 1620 2144 ita,
1656 2092 1705 2129 ut
1745 2093 2084 2144 suggesserant,
2117 2087 2250 2143 jussit

408 2144 515 2188 fieri.
974 2163 979 2166 ·

465 2205 482 2232 5
498 2208 606 2249 Erat
626 2206 694 2249 vir
717 2208 903 2250 ι1111100110
929 2207 976 2250 111
1002 2207 1142 2251 8118011
1165 2206 1368 2261 civitate,
1392 2206 1612 2249 vocabulo
1635 2206 1968 2262 Mardochaeus,
1994 2206 2111 2250 filius
2137 2207 2247 2264 Jair,

408 2264 488 2307 filii
514 2266 679 2322 Semei,
703 2266 783 2309 filii
807 2267 901 2323 Cis,
920 2267 974 2310 de
995 2267 1131 2323 stirpe
1153 2265 1343 2322 ἱ101111111,
1364 2265 1382 2292 ⁶
1397 2265 1469 2321 qui
1492 2265 1734 2308 translatus
1755 2266 1904 2308 fuerat
1926 2265 1980 2309 de
1998 2266 2250 2310 Jerusalem

408 2339 459 2367 eo
485 2331 683 2382 tempore
705 2340 790 2382 quo
809 2326 1095 2381 Jechoniam,
1115 2339 1266 2381 regem
1285 2325 1425 2381 duda,
1447 2324 1869 2381 Nabuchodonosor,
1888 2338 1965 2367 rex
1990 2324 2247 2382 Babylonis,

409 2385 708 2428 transtulerat.
732 2386 746 2412 ⁷
771 2387 852 2437 Qui
878 2386 968 2428 ruit
993 2385 1202 2428 nutritius
1224 2384 1328 2427 filiae
1353 2384 1507 2427 fra-tris
1537 2384 1626 2440 sui,
1658 2384 1849 2440 Edissae,
1882 2398 1979 2440 quae
2007 2385 2148 2428 altero
2172 2399 2248 2428 no-

409 2443 528 2487 mine
550 2445 794 2488 vocabatur
816 2445 988 2501 Esther,
1019 2450 1063 2488 et
1088 2450 1323 2500 utrumque
1348 2448 1579 2501 parentem
1608 2444 1843 2498 amiserat3
1871 2443 2057 2499 pulchra
2090 2444 2246 2500 nimis,

410 2509 453 2545 et
475 2504 633 2546 decora
662 2504 794 2548 faeie.
830 2504 1104 2560 Mor-tuisque
1129 2509 1254 2561 patre
1284 2503 1382 2560 ejus
1411 2517 1463 2546 ac
1493 2508 1655 2558 matre,
1686 2502 1996 2546 Mardochaeus
2029 2502 2115 2545 sibi
2149 2517 2248 2547 eam

409 2562 641 2619 adoptavit
662 2563 709 2606 in
730 2564 883 2607 filiam.

469 2622 485 2648 8
515 2622 714 2678 Cumque
744 2621 1091 2679 percrebruisset
1118 2623 1235 2678 regis
1270 2622 1532 2679 imperium,
1575 2628 1618 2666 et
1661 2622 1791 2677 juxta
1828 2621 2090 2664 mandatum
2125 2621 2246 2664 illius

411 2682 564 2724 multae
593 2683 790 2738 pulchrae
813 2683 1007 2739 virgines
1037 2682 1365 2725 adducerentur
1395 2682 1556 2737 Susan,
1587 2688 1631 2725 et
1658 2682 1780 2737 Egeo
1806 2680 2084 2723 traderentur
2112 2695 2248 2724 eunu-

411 2741 514 2797 cho,
539 2741 699 2784 Esther
728 2756 900 2798 quoque
924 2742 1040 2785 inter
1070 2747 1236 2785 ceteras
1267 2741 1437 2798 puellas
1466 2741 1505 2784 ei
1536 2741 1702 2783 tradita
1727 2745 1812 2795 est,
1843 2745 1892 2782 ut
1920 2745 2169 2783 servaretur
2200 2740 2246 2782 in

410 2814 592 2843 numero
628 2801 911 2844 feminarum.
943 2801 1085 2851 9erae
1119 2801 1289 2858 placuit
1322 2801 1380 2856 ei,
1416 2806 1459 2844 et
1490 2800 1663 2844 invenit
1695 2799 1887 2855 gratiam
1923 2798 1969 2841 in
2007 2804 2245 2855 conspectu

409 2859 554 2914 illius,
587 2866 629 2902 et
661 2861 875 2918 praecepit
905 2861 1107 2904 eunucho
1136 2866 1185 2902 ut
1217 2860 1485 2903 acceleraret
1517 2859 1735 2902 mundum
1767 2857 2047 2914 muliebrem,
2083 2863 2127 2901 et
2159 2863 2246 2900 tra-

412 2918 533 2962 deret
556 2918 595 2961 ei
617 2926 764 2976 partes
793 2934 915 2975 suas,
943 2926 986 2963 et
1013 2925 1183 2977 septem
1208 2919 1379 2976 puellas
1409 2918 1756 2976 speciosissimas
1785 2917 1840 2960 de
1869 2916 2001 2959 domo
2032 2917 2172 2972 regis,
2203 2922 2246 2960 et

410 2982 503 3019 tam
523 2977 668 3034 ipsam
691 2994 823 3035 quam
847 2979 1132 3036 pedissequas
1158 2979 1254 3035 ejus
1285 2984 1458 3022 ornaret
1486 2985 1619 3034 atque
1644 2977 1878 3020 excoleret.
1906 2975 1942 3002 ‘¹⁰
1963 2976 2071 3026 Quae
2104 2976 2247 3043 noluit

410 3036 608 3080 indicare
630 3038 669 3080 ei
690 3039 902 3095 populum
924 3044 968 3082 01
989 3039 1180 3096 patriam
1209 3052 1360 3093 suam;
1389 3038 1699 3081 Mardochaeus
1728 3035 1847 3079 enim
1880 3040 2159 3102 praeceperat
2183 3049 2243 3091 01,

411 3100 459 3138 111
489 3095 543 3139 (10
571 3097 654 3138 1100
684 3111 729 3140 10
754 3098 934 3140 0111111110
956 3098 1171 3141 reticeret.
1195 3097 1228 3123 ¹¹
1249 3097 1331 3148 Qui
1355 3097 1674 3140 deambulabat
1703 3094 1900 3151 quotidie
1925 3100 2029 3137 ante
2052 3094 2245 3138 108111111-

411 3155 504 3197 111111
540 3155 720 3211 domus,
758 3157 804 3198 in
845 3171 931 3212 qua
968 3157 1122 3200 electae
1155 3157 1351 3213 virgines
1384 3156 1697 3210 servabantur,
1731 3167 1885 3197 curam
1917 3167 2055 3209 agens
2088 3153 2245 3197 salutis

412 3214 584 3270 Esther,
614 3220 657 3258 et
679 3216 790 3258 scire
812 3216 965 3259 volens
987 3217 1091 3272 quid
1116 3217 1155 3260 ei
1178 3217 1411 3259 accideret.

473 3273 508 3300 12
527 3274 639 3317 Cum
667 3280 816 3318 autem
839 3275 1031 3318 venisset
1054 3282 1228 3332 tempus
1257 3276 1533 3331 singularum
1563 3289 1640 3332 per
1665 3273 1864 3316 ordinem
1894 3273 2165 3328 puellarum,
2197 3278 2245 3314 ut

410 3334 629 3377 intrarent
649 3334 705 3377 ad
728 3348 898 3390 regem,
923 3335 1110 3390 expletis
1134 3335 1338 3377 omnibus
1361 3349 1457 3390 quae
1479 3334 1535 3378 ad
1563 3334 1733 3376 cultum
1763 3332 2029 3375 muliebrem
2054 3332 2242 3388 pertine-

410 3393 539 3448 bant,
563 3394 726 3437 mensis
748 3393 1034 3436 duodecimus
1057 3394 1335 3438 vertebatur:
1358 3395 1422 3437 ita
1447 3394 1702 3448 dumtaxat,
1727 3398 1775 3434 ut
1797 3406 1875 3435 sex
1900 3390 2126 3435 mensibus
2149 3390 2244 3432 oleo

412 3458 680 3508 ungerentur
711 3453 962 3509 myrrhino,
992 3458 1035 3496 et
1067 3453 1166 3495 aliis
1199 3468 1295 3508 sex,
1331 3452 1596 3509 quibusdam
1624 3451 1865 3508 pigmentis
1895 3457 1939 3494 et
1971 3449 2244 3493 aromatibus

411 3516 650 3555 uterentur.
671 3511 1116 3568 ¹³Ingredientesque
1137 3512 1193 3555 ad
1219 3526 1380 3568 regem,
1405 3510 1618 3568 quidquid
1641 3510 1940 3568 postulassent
1959 3509 2017 3553 ad
2039 3513 2244 3553 ornatum

413 3675 443 3709 5]
463 3675 528 3703 inf.
549 3676 608 3709 x1‚
627 3678 651 3703 2.
671 3690 705 3694 -
723 3675 752 3708 6]
774 3675 816 3701 1v
839 3675 921 3707 neg.
941 3674 1065 3708 xxxv,
1084 3675 1127 3701 15.
1150 3672 1215 3700 Ins.
1235 3672 1296 3707 xi,
1313 3674 1339 3700 4.
