2423 3861
124 497 156 522 2⁰
177 494 210 523 in
232 494 312 523 caelo

164 545 260 568 aereo
273 546 281 574 3

107 1555 140 1582 3⁰
158 1552 191 1582 in
211 1556 309 1583 terra.

87 2681 150 2710 Illa
158 2681 325 2712 mirabilia

121 2732 164 2753 nu
170 2733 291 2758 nquam

166 2770 250 2798 satis

103 2813 309 2844 celebranda.

404 134 490 177 784

1037 135 1187 176 anm.
1220 134 1404 188 XLIII,
1441 134 1490 175 11
1507 134 1601 177 -36.

667 236 715 238 w*
740 235 1747 246 -ὛῊ,
1768 243 1778 245 ,
1811 242 1815 245 .
1856 242 1860 246 .
1957 231 2150 247 ,ρ-...κ

700 304 913 344 mundum
937 303 1194 344 illuminans
1219 302 1265 343 in
1293 301 1479 344 excelsis
1507 302 1739 346 Dominus.

582 361 614 387 11
637 362 691 404 In
719 360 862 403 verbis
890 360 1040 402 Sancti
1062 360 1246 402 stabunt
1264 360 1326 403 'ad
1351 359 1595 416 judicium,

697 424 740 462 et
765 433 853 461 non
879 418 1086 461 deficient
1109 419 1155 461 in
1181 418 1348 474 vigiliis
1374 419 1479 462 suis.

581 478 616 504 1'2
638 478 752 521 Vide
776 492 950 532 arcum,
976 482 1020 520 et
1045 477 1231 521 benedic
1258 492 1359 521 eum
1385 478 1458 534 qui
1484 478 1596 521 fecit
1616 478 1745 521 illum
1768 495 1777 523 ε

694 536 837 590 valde,
851 536 1074 593 speciosus
1097 542 1163 580 est
1183 537 1230 579 in
1255 537 1488 594 splendore
1514 552 1605 580 suo.

582 596 614 622 13
637 595 824 651 Gyravit
851 596 1011 639 caelum
1035 596 1082 638 in
1108 596 1297 639 circuitu
1323 596 1478 652 gloriae
1505 611 1616 653 suae,

697 669 852 697 manus
880 655 1058 699 Excelsi
1080 661 1348 712 aperuerunt
1372 655 1513 698 illum.

579 713 614 739 11
635 714 828 770 Imperio
855 728 932 757 suo
957 714 1224 758 acceleravit
1249 714 1419 771 nivem,

694 779 737 815 et
762 773 982 816 accelerat
1004 774 1331 818 coruscationes
1358 774 1559 818 emittere
1580 775 1740 831 judicii
1767 776 1848 819 sui.

577 830 612 857 ¹5
634 832 869 888 Propterea
895 833 1037 890 aperti
1058 838 1161 876 sunt
1186 833 1402 888 thesauri,

695 897 739 934 et
764 891 1052 935 evolaverunt
1076 892 1252 936 nebulae
1278 893 1394 936 sicut
1419 908 1535 938 aves.

577 948 613 975 16
634 950 688 992 In
710 951 1022 1006 magnitudine
1043 966 1121 995 sua
1149 951 1295 1009 posuit
1319 952 1458 996 nubes
1472 988 1481 1006 ,

694 1016 736 1052 et
762 1010 982 1054 confracti
1009 1016 1112 1054 sunt
1137 1011 1307 1067 lapides
1333 1012 1577 1067 grandinis.

577 1067 610 1093 1⁷
632 1068 687 1110 In
710 1076 949 1126 conspectu
973 1071 1068 1127 ejus
1092 1071 1489 1114 commovebuntur
1514 1078 1705 1127 montes,

694 1133 736 1171 et
760 1128 806 1170 in
836 1129 1064 1173 voluntate
1090 1130 1186 1185 ejus
1207 1130 1423 1187 aspirabit
1448 1137 1591 1176 notus,

577 1185 611 1211 13
635 1186 733 1229 Vox
758 1188 941 1231 tonitrui
966 1189 1062 1245 ejus
1088 1189 1340 1232 verberabit
1365 1195 1548 1245 terram,

691 1252 932 1303 tempestas
958 1248 1199 1304 aquilonis,
1227 1253 1269 1292 et
1296 1249 1583 1304 congregatio
1610 1249 1815 1306 spiritus3

577 1302 611 1328 19
633 1311 675 1347 et
701 1306 815 1349 sicut
836 1307 932 1350 avis
955 1307 1178 1365 deponens
1204 1308 1261 1351 ad
1288 1308 1553 1364 sedendum,
1580 1309 1775 1364 aspergit
1801 1310 1968 1368 nivem,

694 1373 735 1408 et
761 1365 876 1409 sicut
901 1366 1072 1410 locusta
1100 1367 1364 1423 demergens
1390 1367 1627 1411 descensus
1653 1368 1764 1424 ejus.

575 1421 612 1448 ‘2⁰
632 1424 1018 1470 Pulchritudinem
1047 1426 1249 1469 candoris
1276 1426 1373 1482 ejus
1397 1426 1694 1469 admirabitur
1719 1428 1890 1483 oculus,

693 1489 736 1526 et
756 1499 887 1541 super
909 1486 1095 1529 imbrem
1123 1486 1220 1542 ejus
1243 1492 1509 1542 expavescet
1535 1501 1620 1530 cor.

576 1541 608 1568 ‘²¹
634 1543 746 1587 Gelu
773 1544 888 1587 sicut
913 1545 1052 1588 salem
1079 1545 1280 1588 effundet
1306 1560 1436 1602 super
1460 1551 1647 1601 terram,

694 1608 737 1645 et
759 1603 864 1646 dum
890 1604 1126 1660 gelaverit,
1153 1605 1228 1647 fiet
1254 1610 1467 1660 tanquam
1494 1605 1727 1648 cacumina
1754 1605 1917 1649 tribuli.

575 1660 611 1685 ‘2'2
633 1662 840 1717 Frigidus
864 1669 1022 1706 ventus
1047 1664 1194 1719 aquilo
1221 1664 1367 1718 flavit,

692 1727 734 1763 et
759 1722 928 1777 gelavit
955 1723 1190 1779 crystallus
1216 1723 1272 1765 ab
1298 1738 1436 1779 aqua3

632 1794 762 1836 super
786 1795 962 1825 omnem
986 1783 1378 1838 congregationem
1403 1798 1617 1839 aquarum
1642 1783 1905 1840 requiescet,

691 1846 734 1882 et
755 1841 869 1883 sicut
895 1841 1031 1884 lorica
1053 1842 1209 1885 induet
1231 1857 1276 1885 se
1301 1842 1453 1898 aquis,

575 1897 611 1923 ²³3
634 1904 677 1941 et
701 1899 930 1943 devorabit
958 1906 1148 1957 montes,
1178 1907 1221 1944 et
1243 1908 1395 1945 exuret
1421 1902 1664 1957 desertum,

691 1964 733 2001 et
755 1960 989 2016 extinguet
1014 1960 1177 2017 viride,
1201 1961 1316 2004 sicut
1340 1961 1458 2017 igne.

573 2015 608 2042 24
628 2018 851 2061 Medicina
879 2020 1078 2062 omnium
1102 2020 1149 2062 in
1170 2020 1460 2064 festinatione
1485 2021 1685 2069 nebulae:

688 2084 730 2120 et
752 2093 821 2121 ros
848 2079 1034 2122 obvians
1059 2080 1116 2122 ab
1138 2079 1294 2123 ardore
1319 2079 1516 2123 venienti
1539 2079 1754 2123 humilem
1781 2080 1948 2124 efficiet
1974 2097 2086 2126 eum.

572 2135 608 2162 ‘2³
628 2137 682 2178 In
704 2151 904 2181 sermone
930 2138 1026 2194 ejus
1053 2139 1176 2182 siluit
1203 2145 1379 2195 ventus,

689 2202 731 2238 et
753 2197 1023 2252 cogitatione
1049 2213 1128 2241 sua
1154 2197 1351 2255 placavit
1376 2198 1588 2255 abyssum
1609 2217 1618 2253 3

688 2261 731 2298 et
756 2255 977 2312 plantavit
1002 2257 1048 2300 in
1071 2257 1148 2300 illa
1176 2257 1393 2300 Dominus
1417 2258 1600 2301 insulas.

571 2314 606 2338 ²¹⁴⁵
629 2314 710 2365 Qui
736 2315 952 2371 navigant
978 2331 1099 2360 mare
1121 2323 1327 2360 enarrent
1353 2317 1548 2374 pericula
1575 2318 1693 2373 ejus,

687 2380 730 2417 et
751 2375 981 2419 audientes
1006 2376 1186 2419 auribus
1213 2377 1374 2420 nostris
1399 2377 1734 2420 admirabimur.

570 2431 605 2458 ⁹2⁷
628 2432 729 2476 Illic
751 2434 967 2490 praeclara
993 2450 1124 2492 opera
1151 2441 1193 2479 et
1219 2436 1465 2492 mirabilia,

686 2493 809 2535 varia
830 2493 1075 2537 bestiarum
1100 2509 1284 2551 genera,
1308 2500 1351 2539 et
1377 2496 1576 2539 omnium
1599 2510 1829 2552 pecorum,
1850 2502 1893 2540 et
1912 2502 2110 2540 creatura
2132 2499 2221 2542 bel-

571 2550 607 2576 98
629 2552 813 2608 Propter
837 2552 983 2609 ipsum
1006 2555 1291 2598 confirmatus
1317 2560 1382 2598 est
1403 2555 1574 2598 itineris
1600 2555 1721 2609 finis,
2014 2555 2222 2613 [luarum.

686 2618 729 2654 et
753 2611 799 2653 in
821 2626 1020 2656 sermone
1043 2613 1140 2669 ejus
1166 2614 1411 2671 composita
1436 2620 1539 2657 sunt
1565 2614 1724 2658 omnia.

570 2668 606 2694 '²9
627 2670 770 2713 Multa
796 2671 1016 2728 dicemus,
1040 2678 1083 2716 et
1105 2673 1360 2717 deficiemus
1385 2674 1429 2716 in
1456 2674 1629 2729 verbis;

687 2731 1010 2775 consummatio
1035 2737 1185 2775 autem
1211 2748 1463 2777 sermonum
1489 2733 1583 2790 ipse
1609 2738 1674 2776 est
1695 2733 1741 2776 in
1767 2733 1984 2777 omnibus.

569 2786 606 2813 3⁰
627 2788 879 2833 Gloriantes
905 2790 961 2833 ad
989 2791 1094 2847 quid
1116 2792 1399 2836 valebimus?

685 2847 780 2904 ipse
803 2848 921 2892 enim
945 2850 1236 2907 Omnipotens
1262 2866 1392 2909 super
1417 2852 1565 2896 omnia
1591 2866 1722 2908 opera
1744 2866 1835 2895 sua.

568 2905 600 2931 3¹
624 2906 852 2951 Terribilis
876 2909 1093 2952 Dominus
1120 2916 1164 2953 et
1189 2925 1378 2967 magnus
1399 2911 1696 2966 vehementer,

685 2972 727 3008 et
753 2967 970 3010 mirabilis
995 2969 1195 3025 potentia
1217 2970 1368 3027 ipsius.

568 3022 604 3048 3'2
626 3024 935 3070 Glorificantes
963 3028 1205 3072 Dominum
1232 3035 1639 3086 quantumcumque
1665 3029 1915 3086 potueritis,

686 3085 987 3140 supervalebit
1012 3087 1131 3130 enim
1156 3088 1326 3143 adhuc;
1351 3094 1395 3132 et
1415 3088 1694 3132 admirabilis
1721 3087 2054 3143 magnificentia
2078 3088 2187 3145 ejus.

567 3141 604 3167 33
626 3143 946 3187 Benedicentes
976 3147 1238 3202 Dominum,
1265 3148 1461 3203 exaltate
1483 3148 1611 3191 illum
1633 3151 1848 3204 quantum
1874 3147 2082 3204 potestis;

685 3202 828 3257 major
853 3203 970 3246 enim
997 3210 1062 3247 est
1085 3206 1203 3249 omni
1226 3207 1372 3251 laude.

566 3258 602 3285 3-1
624 3260 886 3304 Exaltantes
912 3277 1031 3319 eum,
1059 3265 1291 3321 replemini
1319 3266 1502 3322 virtute,
1531 3280 1584 3309 ne
1606 3265 1834 3319 laboretis,

684 3334 768 3363 non
794 3321 912 3363 enim
938 3324 1334 3379 comprehendetis.

565 3378 602 3405 35
623 3379 727 3430 Quis
748 3379 918 3422 videbit
945 3394 1043 3423 eum
1070 3388 1113 3424 et
1139 3384 1391 3429 enarrabit?

684 3443 728 3481 et
753 3438 849 3494 quis
876 3440 1181 3494 magnificabit
1207 3457 1306 3485 eum
1329 3444 1443 3487 sicut
1469 3449 1533 3487 est
1559 3442 1615 3485 ab
1640 3440 1798 3485 initio?

566 3496 602 3523 3⁰
624 3497 767 3540 Multa
788 3497 1049 3541 abscondita
1076 3506 1178 3542 sunt
1204 3502 1373 3557 majora
1395 3502 1487 3557 his3

389 3641 435 3674 12]
453 3640 529 3669 Gen.
551 3641 610 3676 lx,
629 3645 670 3670 13.
689 3657 722 3661 —-
740 3644 788 3676 35]
812 3644 860 3671 rs.
877 3644 940 3677 CV,
957 3647 981 3672 2.
