2391 3861
830 102 891 143 iv
930 102 1067 145 Esnn.
1103 102 1181 155 iv,
1220 102 1270 144 12
1303 128 1361 133 —
1394 102 1445 155 v,
1475 102 1516 144 9.
2152 102 2228 145 15*

178 273 210 299 12
232 282 278 313 Et
300 280 376 313 dixi
397 280 450 312 illi
471 290 480 313 ε
503 280 634 312 Μ811118
658 281 740 312 erat
765 288 830 311 nos
849 288 922 312 non
946 288 1021 311 esse
1043 289 1153 319 quam
1171 281 1291 312 81111110
1318 280 1485 312 viventes
1514 280 1636 312 vivere
1666 282 1702 311 in
1728 278 1990 319 impietatibus,
2019 280 2057 310 et
2080 278 2167 317 pati,
2191 282 2229 309 et

128 340 200 364 non
230 332 436 372 intelligere
468 332 511 364 de
539 340 612 371 qua
643 339 692 364 re.
722 322 753 349 ¹3
779 331 826 363 Et
854 331 1043 371 respondit
1071 332 1115 363 ad
1139 339 1213 370 me,
1241 335 1279 363 et
1302 330 1428 364 dixit:
1451 330 1687 363 Proficiscens
1713 331 1899 370 protectus
1926 338 2007 362 sum
2032 329 2078 361 ad
2098 328 2229 360 silvam

129 383 312 423 lignorum
338 382 477 423 campi,
497 384 535 414 et
555 383 818 421 cogitaverunt
838 382 1117 423 cogitationem,
1142 374 1174 400 ¹⁴
1199 385 1237 415 et
1261 383 1438 415 dixerunt
1469 393 1476 416 :
1499 382 1651 422 Venite,
1683 385 1721 415 et
1743 390 1887 421 eamus,
1916 385 1955 414 et
1978 382 2156 413 faciamus
2183 380 2230 412 ad

128 443 228 467 mare
256 436 404 473 bellum,
426 436 469 466 ut
490 434 636 466 recedat
656 442 779 466 coram
805 434 918 474 nobis,
942 436 980 466 et
1009 435 1189 466 faciamus
1208 434 1312 466 nobis
1335 435 1427 466 allas
1454 434 1574 466 silvas.
1602 425 1634 451 ¹5
1654 434 1700 465 Et
1723 433 1893 466 similiter
1910 434 2044 465 fluctus
2064 431 2175 464 maris
2192 432 2230 464 et

127 487 192 526 ipsi
210 487 474 526 cogitaverunt
497 485 770 524 cogitationem,
796 488 833 518 et
854 486 1031 518 dixerunt
1052 495 1060 518 :
1086 485 1217 518 Venite
1243 487 1495 525 ascendentes,
1520 486 1745 518 debellemus
1769 485 1879 517 silvas
1904 484 2034 523 campi,
2057 486 2099 516 ut
2116 487 2154 516 et
2179 482 2228 515 ibi

127 544 422 570 consummemus
442 536 711 576 nobismetipsis
732 538 841 569 aliam
864 537 1059 576 regionem.
1084 529 1116 554 ¹⁶
1136 537 1184 569 Et
1205 538 1324 569 iactus
1344 539 1400 569 est
1424 537 1607 576 cogitatus
1631 536 1733 569 silvoe
1754 537 1792 568 in
1817 545 1953 568 vanum
1972 547 1980 574 ;
2007 537 2110 567 venit
2131 535 2230 567 enim

128 589 240 628 ignis,
263 591 301 620 et
325 587 550 626 consumpsit
570 595 663 620 eam.
686 579 717 605 ¹⁷
736 588 916 620 Similiter
935 591 974 620 et
997 588 1185 627 cogitatus
1210 590 1390 621 fluctuum
1416 589 1554 627 maris;
1574 589 1684 620 stetit
1703 588 1800 620 enim
1825 595 1954 627 arena,
1980 590 2017 620 et
2043 585 2230 627 prohibuit

118 649 197 673 eos.
221 631 254 658 ¹⁸
273 639 307 672 Si
332 638 430 672 enim
454 646 548 671 esses
573 639 684 678 iudex
702 639 847 679 horum,
864 648 971 679 quem
994 639 1171 678 inciperes
1188 640 1401 680 iustificare,
1421 643 1488 672 aut
1505 648 1612 680 quem
1630 640 1874 673 condemnare
1888 640 1904 671 ἰ’
1925 631 1958 657 ¹¹³
1978 640 2026 671 Et
2047 637 2229 678 respondi,

125 695 164 724 et
186 690 260 723 dixi
283 701 291 724 ε
318 691 456 730 Utique
476 698 609 722 vanam
627 691 892 729 cogitationem
914 691 1173 730 cogitaverunt
1191 701 1199 730 ;
1224 695 1327 724 terra
1350 691 1447 724 enim
1469 692 1557 724 data
1581 693 1636 723 est
1656 692 1771 732 silvoe,
1792 694 1830 724 et
1854 690 1946 723 mari
1967 691 2065 723 locus
2084 692 2230 729 portare

125 743 259 774 fluctus
283 750 375 774 suos.
398 733 434 759 ²⁰
455 741 502 774 Et
527 741 717 781 respondit
737 742 783 774 ad
805 750 874 782 me,
899 745 937 774 et
953 742 1048 774 dixit
1075 753 1082 775 :
1104 743 1200 775 Bene
1218 746 1258 775 tu
1280 743 1471 783 judicasti,
1492 745 1530 775 et
1553 751 1670 782 quare
1687 751 1759 775 non
1783 742 1955 782 judicasti
1983 741 2230 781 tibimetipsi?

124 785 155 811 ²¹
169 794 481 832 Quemadmodum
504 792 602 826 enim
623 795 727 825 terra
751 794 855 826 silvoe
881 795 969 826 data
989 797 1054 832 est,
1076 798 1114 826 et
1138 803 1239 827 mare
1262 795 1434 827 fluctibus
1455 795 1539 834 suis,
1568 795 1618 826 810
1643 794 1704 834 qui
1725 803 1834 834 super
1859 797 1997 827 terram
2019 794 2231 825 inhabitant

124 854 207 885 qum
229 848 319 877 sunt
342 853 453 884 super
478 847 618 877 terram
644 844 850 884 intelligere
870 846 1101 878 solummodo
1126 851 1302 886 possunt;
1327 848 1364 879 et
1385 846 1449 886 qui
1474 853 1583 886 super
1602 847 1730 887 coelos,
1751 854 1835 886 quac
1858 853 1968 885 super
1993 844 2231 877 altitudinem

124 898 315 930 caelorum.

176 942 211 967 ²²
232 949 280 981 Et
307 949 498 989 respondi,
524 950 564 982 et
588 948 663 980 dixi
690 959 698 982 :
722 949 903 988 Deprecor
931 951 988 988 te,
1019 950 1189 990 Domine,
1215 952 1257 982 ut
1283 950 1371 982 milii
1397 950 1508 982 detur
1535 959 1661 982 sensus
1688 949 1933 989 intelligendi.
1962 940 2000 968 2³
2020 948 2104 981 Non
2131 949 2230 982 enim

125 1000 224 1032 volui
249 1000 479 1040 interrogare
504 1001 547 1032 de
567 1000 819 1040 superioribus
844 1002 936 1040 tuis,
957 1002 1019 1033 sed
1044 1002 1088 1034 de
1108 1001 1163 1033 his
1188 1010 1272 1041 quae
1301 1004 1566 1041 pertranseunt
1587 1010 1650 1042 per
1671 1009 1737 1033 nos
1758 1001 1925 1040 quotidie
1944 1011 1951 1033 ε
1971 1003 2122 1040 propter
2140 1000 2231 1039 quid

125 1052 238 1084 Israel
274 1053 385 1085 datus
414 1052 452 1084 in
477 1053 716 1092 opprobrium
742 1052 942 1091 gentibus?
967 1061 1076 1092 quem
1101 1054 1262 1086 dilexisti
1289 1054 1484 1094 populum,
1516 1054 1626 1086 datus
1658 1055 1714 1085 est
1742 1053 1912 1085 tribubus
1941 1052 2080 1091 impiiS,
2104 1054 2142 1084 et
2174 1053 2231 1083 lex

124 1106 275 1144 patrum
308 1106 522 1136 nostrorum
555 1105 596 1136 18
632 1103 829 1136 interitum
862 1105 1022 1137 deducta
1049 1107 1123 1144 est,
1154 1107 1192 1137 et
1225 1105 1480 1144 dlspnsitiones
1509 1106 1658 1145 scriptae
1689 1113 1872 1144 nusquam
1896 1106 1996 1136 sunt.
2023 1096 2058 1122 ²⁴
2077 1103 2126 1135 Et
2153 1111 2231 1143 per-

123 1155 368 1189 transivimus
392 1156 437 1189 de
465 1157 599 1188 saeculo
628 1157 671 1188 ut
696 1157 868 1196 locustae,
895 1158 932 1188 et
958 1156 1038 1189 vita
1067 1159 1198 1189 nostra
1223 1160 1352 1197 stupor
1375 1159 1413 1190 et
1438 1165 1574 1197 pavor;
1599 1159 1637 1190 et
1661 1164 1726 1188 nec
1754 1156 1855 1195 digni
1879 1163 2006 1188 sumus
2028 1154 2231 1187 misericor-

123 1207 223 1240 diam
248 1207 431 1248 consequi.
456 1200 495 1226 25
512 1207 580 1240 Sed
604 1208 693 1247 quid
721 1208 832 1240 faciet
856 1207 995 1240 nomini
1022 1217 1087 1241 suo
1119 1208 1219 1248 quod
1247 1208 1459 1241 invocatum
1490 1212 1545 1241 est
1573 1216 1682 1248 super
1713 1208 1810 1240 nos?
1842 1209 1880 1240 et
1912 1207 1956 1239 de
1987 1206 2045 1238 his
2077 1207 2231 1239 interro·

117 1268 219 1298 gavi.

175 1303 212 1329 ‘²⁶
232 1312 280 1344 Et
302 1311 491 1351 respondit
519 1313 565 1344 ad
591 1320 666 1351 me,
695 1314 732 1344 et
761 1312 857 1344 dixit
880 1323 887 1345 :
912 1312 946 1345 Si
975 1313 1089 1345 fueris
1113 1313 1317 1353 plurimum
1345 1313 1553 1352 scrutatus,
1577 1313 1793 1352 frequenter
1817 1311 2035 1349 miraberis;
2056 1309 2232 1350 quoniam

120 1363 305 1395 festinans
333 1364 488 1396 festinat
515 1364 694 1396 saeculum
727 1364 970 1403 pertransire,
995 1356 1029 1382 2⁷
1048 1366 1086 1397 et
1114 1372 1188 1396 non
1219 1363 1318 1404 capit
1351 1365 1500 1403 por-tare
1524 1372 1608 1403 (1888
1639 1364 1677 1396 18
1709 1364 1848 1396 futuris
1874 1362 2102 1403 temporibus
2125 1361 2232 1402 justis

122 1415 340 1455 repromissa
355 1416 466 1454 sunt;
491 1414 664 1455 quoniam
688 1416 838 1454 plenum
861 1415 1048 1456 injustitia
1070 1417 1126 1449 est
1150 1417 1330 1448 saeculum
1351 1416 1438 1455 hoc,
1457 1417 1494 1448 et
1519 1416 1810 1449 infirmitatibus.
1825 1407 1862 1434 ²⁸
1880 1415 1933 1447 De
1953 1414 2088 1453 quibus
2108 1415 2232 1446 autem

121 1466 351 1507 interrogas,
377 1468 521 1506 dicam;
546 1468 773 1500 seminatum
798 1467 896 1499 enlm
920 1469 976 1500 est
1000 1469 1159 1508 malum,
1179 1470 1217 1500 et
1242 1468 1400 1500 necdum
1426 1467 1530 1499 venit
1554 1468 1760 1500 destructio
1787 1467 1909 1508 ipsius.
1935 1458 1973 1485 ²⁹
1991 1465 2028 1498 Si
2048 1473 2136 1504 ergo
2160 1473 2234 1497 non

122 1518 310 1551 inversum
329 1519 445 1551 tuerit
468 1519 565 1558 quod
592 1519 818 1560 seminatum
839 1522 905 1559 est,
930 1522 968 1552 et
986 1519 1193 1553 discesserit
1218 1520 1316 1552 locus
1340 1519 1403 1551 ubi
1430 1518 1654 1552 seminatum
1678 1524 1734 1552 est
1753 1520 1906 1558 malum,
1928 1526 2003 1550 non
2027 1516 2151 1550 veniet
2170 1516 2233 1549 ubi

122 1571 346 1603 seminatum
365 1573 423 1602 est
442 1570 589 1602 bonum.
617 1562 653 1588 3⁰
670 1570 852 1608 Quonium
878 1579 1031 1610 gramen
1051 1570 1198 1604 seminis
1222 1571 1313 1603 mali
1331 1571 1556 1604 seminatum
1576 1573 1632 1603 est
1657 1570 1696 1602 in
1720 1572 1828 1604 corde
1849 1571 1968 1603 Adam
1985 1569 2031 1601 ab
2051 1569 2171 1608 initio,
2194 1570 2234 1600 et

119 1622 304 1661 quantum
332 1621 536 1660 impietatis
564 1622 758 1660 generavit
786 1630 901 1661 usque
928 1631 1047 1661 nunc,
1076 1624 1116 1655 et
1144 1625 1299 1662 generat
1327 1630 1443 1661 usque
1467 1630 1548 1655 cum
1578 1622 1705 1655 veniat
1733 1624 1843 1656 area?
1870 1613 1901 1641 31
1919 1621 2076 1654 AEstima
2107 1624 2232 1652 autem

119 1673 219 1712 apud
247 1674 285 1705 te
315 1681 470 1712 gramen
497 1671 585 1704 mali
616 1673 783 1712 88811818,
816 1676 1000 1713 quantum
1030 1674 1199 1706 fructum
1228 1674 1427 1713 impietatis
1458 1674 1672 1714 generavit;
1695 1666 1730 1694 32
1751 1675 1898 1715 quando
1930 1676 2063 1706 secatae
2092 1672 2234 1704 fuerint

114 1724 247 1764 spicae,
268 1732 428 1763 quarum
448 1732 523 1756 non
543 1724 600 1756 est
623 1731 821 1762 numeruS,
842 1733 953 1763 qnam
973 1733 1149 1764 magnam
1174 1733 1299 1757 aream
1324 1724 1501 1764 incipient
1525 1726 1645 1758 facere
1660 1727 1677 1758 ⁸?

174 1768 210 1795 33
228 1776 276 1808 Et
303 1776 499 1817 respondi,
523 1777 563 1808 et
587 1775 693 1808 dixi:
725 1775 915 1814 Quomodo
942 1777 980 1809 et
1009 1777 1156 1815 quando
1186 1777 1297 1809 haec‘?
1330 1777 1450 1816 Quare
1481 1777 1618 1809 modici
1644 1780 1682 1810 et
1714 1776 1804 1808 mali
1835 1778 1924 1809 anni
1955 1776 2105 1808 nostri?
2128 1767 2164 1795 34
2185 1776 2234 1807 Et

121 1828 313 1868 respondit
336 1828 384 1860 ad
412 1835 488 1864 me,
513 1830 551 1859 et
572 1827 666 1860 dixit
688 1827 804 1859 mihi:
829 1829 913 1860 Non
941 1828 1093 1861 festines
1117 1830 1160 1861 tu
1185 1836 1295 1868 super
1316 1828 1562 1861 Altissimum.
1582 1828 1638 1861 Tu
1662 1827 1764 1860 enim
1791 1827 1947 1860 festinas
1971 1828 2135 1860 inaniter
2159 1835 2234 1859 esse

120 1888 230 1920 super
253 1879 394 1919 ipsum;
420 1887 505 1911 nam
530 1887 697 1912 excessus
718 1881 807 1912 tuus
828 1880 983 1913 multus.
1001 1872 1038 1899 35
1054 1880 1185 1913 Nonne
1202 1881 1248 1913 de
1269 1880 1328 1914 his
1348 1880 1679 1920 interrogaverunt
1700 1879 1837 1912 animae
1854 1881 2041 1920 justorum
2059 1881 2098 1911 in
2116 1888 2234 1919 prom·

121 1932 278 1972 ptuariis
298 1930 392 1970 suis,
418 1932 606 1964 dicentes:
626 1931 830 1970 Usquequo
850 1940 957 1972 spero
974 1932 1051 1965 sic?
1072 1934 1110 1965 et
1135 1932 1284 1972 quando
1307 1932 1432 1965 veniet
1455 1933 1604 1965 fructus
1628 1940 1723 1965 areae
1746 1932 1926 1965 mercedis
1943 1932 2113 1964 nostrae?
2132 1922 2168 1950 36
2187 1932 2233 1963 Et

120 1982 311 2023 respondit
336 1983 383 2015 ad
402 1991 443 2016 ea
469 1982 644 2016 Jeremiel
668 1983 931 2025 archangelus,
949 1986 987 2016 et
1009 1984 1107 2016 dixit
1126 1994 1133 2017 :
1153 1984 1306 2023 Quando
1327 1984 1502 2024 impletus
1527 1985 1645 2017 fuerit
1665 1992 1841 2016 numerus
1861 1983 2044 2016 seminum
2064 1984 2104 2015 in
2120 1983 2233 2023 vobis,

122 2035 299 2075 quoniam
324 2035 362 2067 in
386 2037 529 2067 statera
549 2034 773 2075 ponderavit
798 2036 994 2076 saeculum,
1020 2027 1054 2054 37
1072 2037 1110 2069 et
1131 2044 1302 2069 mensura
1323 2035 1555 2069 mensuravit
1578 2038 1769 2076 tempora,
1789 2039 1827 2067 et
1845 2043 2000 2068 numero
2016 2037 2234 2068 numeravit

121 2090 306 2127 tempora,
331 2091 369 2119 et
392 2095 468 2119 non
492 2087 694 2119 commovit
717 2095 785 2120 nec
809 2087 988 2120 excitavit
1020 2088 1228 2127 usquedum
1258 2089 1459 2128 impleatur
1483 2087 1663 2128 praedicta
1689 2095 1876 2120 mensura.

176 2131 212 2158 3⁸
231 2139 278 2171 Et
306 2139 496 2179 respondi,
518 2141 556 2171 et
581 2139 682 2172 dixi:
711 2139 740 2172 Ο
764 2139 976 2172 dominator
1000 2140 1176 2180 Domine,
1209 2141 1272 2172 sed
1300 2142 1338 2172 et
1363 2147 1431 2172 nos
1455 2148 1581 2172 omnes
1604 2138 1704 2180 pleni
1736 2148 1861 2171 sumus
1893 2139 2099 2180 impietate.
2127 2130 2162 2157 39
2185 2138 2233 2170 Et

118 2200 169 2224 ne
191 2191 290 2223 forte
311 2196 464 2231 propter
487 2199 554 2223 nos
578 2199 652 2223 non
677 2191 908 2231 impleantur
927 2193 1115 2232 justorum
1138 2200 1256 2232 areae,
1277 2193 1430 2231 propter
1450 2193 1604 2232 peccata
1624 2190 1921 2224 inhabitantium
1946 2199 2060 2231 super
2080 2191 2233 2225 terram.

125 2236 163 2262 40
188 2243 237 2275 Et
264 2243 456 2283 respondit
482 2243 530 2275 ad
557 2251 634 2284 me,
666 2245 704 2276 et
738 2243 859 2277 dixit:
887 2244 1010 2284 Vade,
1041 2245 1081 2276 et
1113 2243 1304 2283 interroga
1327 2245 1608 2285 praegnantem,
1631 2243 1661 2276 si
1684 2242 1833 2282 quando
1859 2243 2075 2283 impleverit
2099 2250 2231 2275 novem

123 2303 264 2327 menses
295 2303 399 2334 SUOS,
426 2294 549 2327 adhuc
583 2295 726 2335 poterit
757 2295 896 2328 matrix
924 2297 1002 2335 ejus
1034 2296 1194 2328 retinere
1226 2298 1376 2336 partum
1404 2295 1442 2328 in
1469 2296 1677 2335 semetipsa.
1702 2285 1735 2312 ⁴¹
1765 2294 1815 2327 Et
1846 2294 1922 2328 dixi
1945 2305 1954 2329 t
1981 2295 2065 2327 Non
2094 2295 2232 2334 potest,

124 2347 289 2379 Domine.
316 2346 364 2379 Et
382 2347 482 2379 dixit
506 2346 554 2378 ad
575 2355 633 2380 me
649 2356 658 2380 z
683 2347 729 2379 In
745 2347 890 2380 inferno
910 2347 1168 2387 promptuaria
1192 2347 1404 2380 animarum
1423 2348 1574 2380 matrici
1593 2346 1799 2379 assimilata
1819 2349 1921 2381 sunt.
1939 2338 1976 2366 ‘⁴²
1991 2346 2233 2386 Quemadmo-

124 2399 213 2431 dum
241 2398 338 2430 enim
362 2397 428 2431 illa
452 2398 607 2431 festinat
633 2407 718 2438 quae
742 2399 841 2439 parit
868 2400 1030 2439 effugere
1055 2400 1310 2432 necessitatem
1335 2401 1484 2440 partus,
1504 2398 1556 2432 sic
1580 2401 1619 2432 et
1638 2399 1717 2432 haec
1741 2399 1898 2431 festinat
1917 2400 2069 2432 reddere
2090 2406 2133 2430 ea
2150 2405 2233 2437 qnae

124 2451 379 2483 commendata
402 2452 502 2483 sunt.
525 2442 562 2469 43
580 2451 637 2483 Ab
660 2451 769 2484 initio
793 2451 865 2483 tibi
888 2450 1206 2484 demonstrabitur
1233 2452 1277 2485 de
1301 2451 1358 2483 his
1383 2460 1466 2492 (11188
1490 2450 1712 2491 concupiscis
1733 2450 1870 2483 videre.

176 2494 213 2520 44
243 2503 293 2534 Et
322 2503 512 2543 respondi,
535 2504 574 2535 et
598 2503 701 2536 dixi:
731 2503 766 2536 Si
789 2502 917 2536 inveni
942 2503 1104 2544 gratiam
1131 2505 1219 2536 ante
1244 2504 1369 2536 oculos
1397 2507 1501 2543 tuoe,
1525 2505 1563 2536 et
1594 2503 1624 2535 si
1655 2501 1827 2542 possibile
1855 2503 1932 2542 est,
1960 2506 1996 2534 et
2025 2502 2055 2534 si
2084 2502 2234 2534 idoneus

123 2563 223 2594 sum,
248 2546 286 2573 45
304 2554 516 2587 demonstra
532 2555 644 2596 mihi,
664 2555 694 2587 si
719 2556 803 2595 plus
825 2563 940 2595 quam
958 2555 1199 2595 praeteritum
1221 2557 1270 2588 sit
1293 2555 1406 2588 habet
1421 2556 1567 2596 venire,
1587 2556 1653 2587 aut
1677 2555 1784 2595 plura
1799 2554 2100 2594 pertransierunt
2122 2561 2234 2594 supra

122 2615 233 2646 quam
257 2606 430 2639 futurum
454 2609 522 2639 est.
540 2597 578 2624 ⁴⁶
595 2606 690 2645 Quid
714 2607 981 2647 pertransivit,
1006 2606 1100 2647 sci03
1124 2607 1216 2647 quid
1241 2613 1367 2640 autem
1392 2608 1566 2640 futurum
1588 2606 1654 2646 sit,
1679 2606 1825 2646 ignoro.
1843 2598 1879 2624 47
1900 2606 1949 2638 Et
1970 2605 2065 2638 dixit
2087 2607 2135 2638 ad
2155 2614 2234 2638 me:

124 2658 188 2691 Sta
207 2666 315 2698 super
335 2659 530 2691 dexteram
556 2660 703 2699 partem
715 2684 723 2697 ‚
744 2660 783 2692 et
799 2659 1062 2692 demonstrabo
1085 2658 1153 2692 tibi
1174 2659 1527 2700 interpretationem
1547 2657 1816 2692 similitudinis.
1835 2650 1872 2676 48
1889 2657 1937 2690 Et
1954 2658 2061 2697 steti,
2081 2660 2120 2690 et
2135 2657 2234 2690 vidi:

121 2713 163 2743 et
192 2718 274 2743 ecce
306 2711 442 2742 fornax
470 2711 604 2743 ardens
635 2711 785 2743 transiit
816 2720 943 2744 coram
974 2720 1054 2751 me;
1085 2713 1123 2744 et
1150 2712 1296 2744 factum
1325 2714 1399 2752 est,
1430 2720 1516 2745 cum
1540 2710 1718 2744 transiret
1749 2710 1921 2749 flamma,
1955 2710 2053 2749 vidi,
2085 2712 2124 2743 et
2154 2717 2234 2742 ecce

124 2761 314 2801 superavit
345 2763 480 2794 fumus.
511 2754 548 2780 49
566 2763 654 2795 Post
682 2763 762 2796 haec
793 2763 943 2795 transiit
972 2771 1096 2796 coram
1127 2772 1184 2796 me
1216 2764 1334 2797 nubes
1365 2765 1473 2805 plena
1501 2771 1626 2803 aquae,
1651 2766 1689 2795 et
1717 2761 1871 2794 immisit
1899 2762 2064 2802 pluviam
2093 2762 2233 2801 impetu

122 2815 304 2853 multam;
323 2817 362 2847 et
389 2822 473 2846 cum
498 2813 706 2848 transiisset
730 2814 889 2855 impetus
912 2814 1068 2855 pluviae,
1092 2817 1367 2856 superaverunt
1391 2817 1431 2848 in
1454 2824 1497 2849 ea
1517 2817 1649 2856 guttae.
1677 2805 1713 2832 50
1731 2815 1778 2846 Et
1803 2813 1897 2846 dixit
1923 2815 1971 2846 ad
2000 2820 2080 2846 me:
2106 2812 2235 2852 Cogita

125 2866 214 2898 tibi:
230 2865 326 2899 sicut
342 2866 474 2899 crescit
490 2865 617 2906 pluvia
632 2867 789 2906 amplius
807 2875 917 2907 quam
934 2869 1071 2907 guttae,
1088 2869 1126 2900 et
1146 2867 1242 2907 ignis
1257 2876 1369 2908 quam
1386 2869 1530 2908 fumus,
1547 2866 1598 2899 sic
1617 2866 1941 2906 superabundavit
1959 2873 2043 2906 quae
2060 2864 2234 2898 transivit

122 2926 305 2951 mensura.
329 2917 608 2958 superaverunt
633 2920 758 2952 autem
783 2921 902 2959 guttae
925 2921 964 2951 et
986 2919 1122 2951 fumus.

177 2961 272 3001 ⁵1Et
293 2970 418 3010 oravi,
441 2971 480 3002 et
505 2970 583 3003 dixi
602 2980 609 3003 :
631 2971 746 3003 Putas
770 2970 856 3003 vivo
876 2979 991 3011 usque
1011 2970 1050 3003 in
1072 2971 1201 3004 diebus
1226 2971 1326 3004 iuis?
1347 2972 1405 3003 vel
1431 2970 1521 3009 quid
1545 2970 1618 3003 erit
1642 2971 1682 3002 in
1706 2971 1834 3003 diebus
1859 2969 1959 3001 inis?
1979 2962 2014 2988 ⁵2
2031 2969 2234 3008 Respondit

125 3022 173 3054 ad
196 3030 272 3061 me,
298 3024 337 3054 et
360 3021 482 3055 dixit:
509 3022 563 3054 De
587 3022 717 3062 signis,
742 3023 786 3055 de
810 3023 945 3062 quibus
969 3031 1027 3055 me
1047 3023 1272 3064 interrogas,
1296 3031 1341 3056 ex
1365 3025 1469 3062 parte
1494 3030 1642 3062 possum
1666 3021 1736 3055 tibi
1760 3022 1903 3060 dicere;
1935 3022 1978 3053 de
2001 3021 2083 3054 vita
2107 3024 2233 3053 autem

125 3074 192 3106 tua
214 3081 286 3106 non
309 3082 390 3106 sum
416 3073 547 3106 missus
573 3074 691 3107 dicere
711 3074 800 3116 tibi,
824 3075 892 3107 sed.
906 3074 1037 3108 nescio.

176 3125 262 3158 GAP.
285 3126 325 3157 V.
356 3143 399 3148 —
426 3116 439 3143 ¹
459 3126 511 3159 De
538 3126 651 3166 signis
680 3128 805 3159 autem
825 3136 833 3159 :
855 3134 936 3159 ecce
961 3126 1037 3159 dies
1057 3126 1230 3167 venient,
1259 3127 1298 3159 in
1322 3126 1456 3166 quibus
1478 3125 1806 3166 apprehendentur
1830 3125 1894 3164 qui
1923 3124 2135 3158 inhabitant
2159 3127 2232 3159 ter-

126 3184 205 3209 ram
227 3178 266 3210 in
291 3186 402 3210 censu
427 3179 547 3210 multo
560 3187 569 3218 ;
590 3180 629 3211 et
652 3178 898 3210 abscondetur
918 3177 1091 3211 veritatis
1116 3180 1197 3218 via,
1222 3180 1260 3211 et
1280 3178 1418 3211 sterilis
1438 3178 1512 3211 erit
1536 3186 1558 3210 a
1581 3177 1652 3210 fide
1674 3178 1803 3216 regio;
1827 3169 1844 3196 ²
1861 3178 1900 3209 et
1920 3176 2233 3216 multiplicabitur

126 3228 312 3268 iniustitia
335 3238 446 3269 super
474 3229 570 3262 hanc
598 3238 708 3270 quam
732 3229 808 3269 ipse
835 3231 878 3262 tu
907 3229 1029 3270 vides,
1054 3232 1092 3262 et
1115 3238 1227 3270 super
1251 3238 1362 3270 quam
1377 3229 1515 3264 audisti
1529 3228 1640 3269 olim3
1666 3221 1682 3248 3
1704 3231 1742 3262 et
1773 3228 1845 3261 erit
1877 3227 2050 3268 imposito
2074 3229 2233 3268 vestigio

125 3288 237 3319 quam
260 3289 359 3314 nunc
383 3281 484 3314 vides
504 3289 662 3322 regnare
687 3281 890 3322 regionem,
915 3283 955 3315 et
978 3281 1160 3315 videbunt
1181 3290 1262 3314 eam
1287 3282 1481 3315 desertam.
1502 3273 1519 3299 4
1540 3280 1574 3314 Si
1603 3283 1729 3314 autem
1750 3280 1818 3313 tibi
1847 3281 1993 3313 dederit
2021 3280 2233 3314 Altissimus

126 3330 272 3370 vivere,
302 3332 440 3366 videbis
473 3335 555 3373 post
586 3334 742 3366 tertiam
770 3333 921 3373 tubam,
951 3335 990 3366 et
1018 3335 1219 3366 relucescet
1247 3333 1369 3366 subito
1398 3334 1450 3365 sol
1483 3335 1616 3373 noctu,
1644 3334 1682 3366 et
1716 3334 1805 3365 luna
1831 3335 1889 3365 ter
1916 3333 1955 3365 in
1979 3332 2057 3372 die,
2088 3325 2104 3351 5
2124 3335 2162 3366 et
2189 3333 2232 3366 de

125 3383 230 3422 iigno
250 3384 398 3423 sanguis
418 3385 597 3425 stillabit,
622 3387 660 3418 et
682 3385 774 3425 lapis
798 3385 901 3417 dabit
921 3393 1047 3417 vocem
1067 3394 1170 3418 suam
1183 3410 1191 3426 ,
1212 3387 1250 3418 et
1270 3385 1399 3425 populi
1426 3385 1784 3424 commovebuntur;
1810 3376 1827 3402 ⁶
1844 3388 1882 3416 et
1906 3385 2099 3425 regnabit,
2120 3393 2232 3424 quem

126 3443 202 3467 non
229 3437 377 3475 sperant
400 3437 464 3476 qui
489 3437 704 3470 inhabitant
727 3445 837 3476 super
860 3439 1020 3478 terram,
1046 3439 1084 3470 et
1103 3436 1273 3469 volatilia
1297 3436 1641 3476 commigrationem
1666 3435 1828 3476 facient;
1853 3428 1869 3454 7
1887 3438 1926 3469 et
1949 3445 2052 3470 mare
2072 3436 2232 3470 Sodomi-

126 3486 240 3519 ticum
262 3487 375 3528 pisces
394 3489 554 3529 rejiciet,
579 3491 618 3522 et
644 3489 750 3521 dabit
767 3496 892 3521 vocem
910 3490 1024 3521 noctu
1038 3514 1047 3529 ,
1070 3498 1180 3529 quam
1197 3497 1272 3521 808
1289 3490 1474 3522 noverant
1495 3489 1625 3527 multi,
1649 3496 1777 3521 omnes
1793 3489 1919 3521 autem
1936 3489 2090 3522 audient
2107 3497 2232 3521 vocem

125 3539 223 3578 ejus,
244 3530 312 3571 ⁸et
335 3539 447 3573 chaos
467 3541 530 3574 flet
555 3549 621 3581 per
649 3542 727 3573 loca
755 3541 893 3581 multa,
917 3542 958 3574 et
977 3540 1074 3580 ignis
1099 3541 1317 3580 frequenter
1335 3539 1564 3580 remittetur,
1588 3542 1626 3573 et
1650 3540 1779 3573 bestiae
1799 3543 1963 3580 agrestes
1990 3540 2232 3580 transmigra·

126 3589 240 3630 bunt,
266 3593 304 3624 et
328 3592 501 3626 mulieres
525 3594 771 3626 menstruatae
792 3591 939 3633 parient
966 3594 1153 3632 monstra,
1179 3584 1196 3610 ⁹
1215 3595 1255 3626 et
1282 3592 1321 3624 in
1345 3592 1515 3625 dulcibus
1534 3593 1642 3632 aquis
1666 3593 1772 3626 salsae
1791 3592 2042 3634 invenientur,
2063 3596 2101 3626 et
2126 3589 2233 3625 amici
