2456 3861
843 179 863 221 1
899 179 1006 221 PAR.
1042 177 1219 231 xxm,
1257 176 1416 218 11-30.
1957 172 2042 214 407

224 352 254 378 ¹¹
282 352 378 394 Tua
400 356 485 405 est,
513 350 722 405 Domine,
751 348 1102 405 magnificentia,
1126 353 1171 390 et
1192 346 1413 403 potentia,
1441 350 1483 387 et
1505 343 1665 399 gloria,
1693 347 1824 397 atque
1847 341 2045 390 victoria,

222 415 265 453 et
292 410 372 453 tibi
400 410 494 452 laus
515 427 523 464 3
548 415 708 452 cuncta
734 408 852 451 enim
878 422 975 463 quae
1003 407 1047 448 in
1071 406 1178 449 caelo
1205 410 1326 459 sunt,
1350 410 1394 447 et
1418 404 1462 446 in
1490 407 1720 457 te1·1·a‚tua
1746 406 1872 455 sunt;
1901 405 2046 455 tuum,

223 469 433 523 Domine,
461 483 645 524 regumn
666 486 674 522 3
703 472 747 510 et
770 472 817 509 tu
841 481 886 508 es
911 480 1040 522 super
1065 479 1216 507 omnes
1239 463 1472 520 principes.
1498 461 1532 487 ¹2
1557 462 1664 504 Tuae
1687 459 1880 514 divitiae,
1907 464 1952 502 et
1972 463 2050 501 tua

224 533 288 571 cst
321 527 492 584 gloria3
528 533 575 569 tu
610 525 849 569 dominaris
883 525 1108 577 omnium3
1144 523 1189 565 in
1220 536 1352 564 manu
1387 527 1461 564 tua
1495 520 1632 563 virtus
1667 524 1710 563 et
1741 518 1969 575 potentia;
2003 518 2049 559 in

224 601 357 629 manu
384 592 459 628 tua
483 585 744 641 magnitudo
773 588 817 626 et
848 582 1083 638 imperium
1112 581 1321 623 omnium.
1352 580 1385 606 ¹3
1408 581 1537 623 Nunc
1566 579 1714 633 igitur,
1744 579 1862 621 Deus
1888 582 2048 632 noster,

224 646 485 688 confitemur
514 644 616 699 tibi,
644 648 687 687 et
711 642 942 685 laudamus
967 654 1126 683 nomen
1153 646 1279 681 tuum
1308 638 1538 694 inclytum.
1568 638 1600 663 ¹¹
1624 637 1728 687 Quis
1753 651 1856 692 ego,
1883 641 1927 679 et
1956 635 2053 691 quis

225 704 411 760 populus
458 717 601 758 meus,
639 707 688 744 ut
725 700 941 757 possimus
984 700 1082 741 haec
1119 698 1200 740 tibi
1238 698 1442 739 universa
1487 696 1775 752 promittere?
1817 696 1912 738 Tua
1952 699 2054 737 sunt

227 763 403 817 omnia;
429 768 472 805 et
499 775 596 816 quae
624 760 677 803 de
703 773 837 801 manu
863 764 937 800 tua
963 757 1236 812 accepimus,
1265 755 1465 798 dedimus
1491 754 1601 809 tibi3
1632 754 1666 780 ¹⁵
1688 753 1908 810 peregrini
1935 753 2055 796 enim

230 835 378 864 sumus
404 834 551 864 coram
577 824 641 874 te,
670 824 712 861 et
732 817 940 870 advenae,
967 817 1082 858 sicut
1107 829 1259 858 omnes
1285 820 1431 870 patres
1454 813 1606 856 nostri.
1635 813 1740 855 Dies
1771 812 1906 855 nostri
1931 810 2056 867 quasi

227 881 382 923 umbra
415 883 750 934 superterram,
785 881 829 918 et
862 875 984 918 nulla
1018 878 1084 918 est
1114 888 1247 916 mora.
1284 873 1319 899 ¹⁶
1346 872 1534 915 Domine
1569 872 1689 914 Deus
1727 876 1886 925 noster,
1913 869 2057 913 omnis

225 939 323 981 haec
350 937 474 993 copia
501 951 634 992 quam
656 935 909 992 paravimus
935 939 983 976 ut
1009 933 1302 976 aedificaretur
1324 932 1480 974 domus
1509 929 1679 973 nomini
1704 935 1858 972 sancto
1884 934 1979 985 tuo,
2004 928 2058 972 de

229 1011 362 1040 manu
384 1001 461 1038 tua
487 1000 572 1050 est,
603 999 647 1038 et
672 999 748 1037 tua
774 998 876 1036 sunt
898 993 1058 1036 onmia.
1086 991 1119 1018 ‘¹7
1141 991 1260 1047 Scio,
1282 992 1401 1034 Deus
1424 1003 1568 1045 1110110,
1588 988 1703 1045 quod
1728 988 1885 1044 probes
1904 988 2056 1042 corda,

232 1061 274 1100 et
305 1054 641 1111 simplicitatem
675 1053 854 1109 diligas,
889 1052 1007 1095 unde
1040 1056 1084 1095 et
1121 1065 1203 1106 ego
1235 1050 1282 1092 in
1315 1048 1603 1106 simplicitate
1636 1047 1779 1090 cordis
1813 1047 1899 1090 mei
1932 1046 2059 1089 laetus

231 1114 370 1157 obtuli
401 1113 606 1156 universa
642 1113 766 1167 haec;
799 1118 842 1155 et
878 1111 1090 1168 populum
1126 1116 1251 1152 tuum
1288 1109 1362 1165 qui
1394 1108 1467 1151 hic
1496 1112 1694 1164 repertus
1724 1111 1808 1162 est,
1835 1105 1929 1148 vidi
1960 1119 2061 1148 cum

228 1173 400 1229 ingenti
427 1168 598 1228 gaudio*
616 1171 697 1214 tibi
721 1171 879 1214 offerre
905 1170 1101 1213 donaria.
1130 1168 1164 1195 ¹3
1187 1168 1398 1224 Domine,
1428 1169 1546 1210 Deus
1573 1165 1822 1221 Abraham,
1842 1170 1886 1208 et
1911 1165 2061 1219 Isaac,

231 1237 275 1275 et
298 1231 455 1286 Israel,
479 1236 655 1287 patrum
678 1235 946 1285 nostrorum,
975 1228 1146 1272 custodi
1168 1228 1215 1270 in
1241 1232 1455 1270 aeternum
1475 1226 1592 1268 hanc
1614 1224 1893 1268 voluntatem
1919 1223 2063 1266 cordis

232 1306 403 1345 corum,
430 1296 474 1333 01
499 1305 670 1347 semper
695 1289 740 1332 in
770 1289 1100 1332 venerationem
1125 1287 1189 1330 tui
1216 1301 1339 1329 mens
1368 1286 1454 1328 ista
1478 1288 1750 1342 permaneat.
1781 1283 1817 1309 ¹⁹
1840 1280 2064 1327 Salomoni

233 1364 403 1405 quoque
424 1349 514 1392 filio
538 1363 634 1392 meo
658 1349 713 1391 da
740 1363 813 1391 cor
834 1348 1104 1404 perfectum,
1129 1352 1178 1389 ut
1203 1345 1423 1388 custodiat
1453 1344 1666 1386 mandata
1687 1347 1785 1398 tua,
1808 1341 2064 1385 testimonia

233 1418 331 1462 tua,
366 1414 410 1451 et
447 1407 717 1451 ceremonias
754 1412 874 1462 tuas,
909 1412 953 1449 01
985 1406 1128 1448 faciat
1161 1405 1395 1459 universa;
1434 1408 1477 1446 01
1514 1403 1705 1445 aedificet
1742 1402 1903 1458 aedem,
1938 1400 2065 1456 cujus

234 1482 457 1523 unpensas
482 1466 650 1523 paravi.

294 1528 330 1552 2⁰
353 1525 570 1581 Praecepit
602 1530 752 1568 autem
782 1525 928 1568 David
958 1526 1174 1569 universae
1202 1524 1402 1568 ecclesiae
1433 1535 1442 1563 z
1472 1522 1732 1566 Benedicite
1756 1520 1946 1564 Domino
1974 1521 2068 1562 Deo

236 1592 395 1628 nostro.
421 1586 478 1626 Et
502 1583 732 1627 benedixit
755 1584 898 1628 omnis
925 1584 1111 1627 ecclesia
1140 1584 1351 1639 Domino,
1376 1584 1470 1625 Deo
1496 1587 1673 1638 patrum
1702 1594 1881 1624 suorum
1901 1597 1910 1635 3
1934 1582 1978 1622 et
2001 1578 2068 1620 in-

237 1644 516 1687 clinaverunt
551 1658 617 1699 se,
652 1647 696 1686 01
732 1643 1028 1687 adoraverunt
1063 1645 1228 1699 Deum,
1263 1647 1307 1685 et
1343 1641 1505 1684 deinde
1536 1656 1700 1697 regem.
1735 1639 1769 1665 2¹
1800 1637 2069 1682 Immolave-

236 1708 424 1758 runtque
450 1702 658 1745 victimas
684 1703 876 1746 Domino
897 1720 905 1758 ;
941 1708 984 1746 et
1009 1702 1265 1746 obtulerunt
1292 1701 1549 1744 holocausta
1574 1700 1645 1743 die
1676 1698 1899 1755 sequenti,
1921 1702 2070 1740 tauros

238 1762 380 1817 mille,
408 1761 568 1805 arietes
597 1761 741 1818 mille,
763 1776 903 1818 agnos
931 1762 1074 1817 mille,
1100 1776 1200 1804 cum
1230 1759 1520 1803 libaminibus
1549 1759 1658 1816 suis,
1685 1764 1728 1802 01
1753 1757 1960 1800 universo
1984 1755 2070 1799 ritu

238 1820 621 1864 abundantissime
654 1821 701 1863 in
738 1835 916 1864 omnem
952 1821 1105 1864 Israel.
1144 1819 1181 1846 ‘22
1207 1822 1265 1863 Et
1295 1819 1583 1862 comederunt
1612 1823 1656 1862 01
1687 1818 1895 1865 biberunt
1924 1829 2073 1858 coram

241 1880 432 1923 Domino
457 1880 503 1922 in
531 1879 601 1923 die
622 1880 700 1923 illo
723 1895 824 1923 cum
849 1880 1009 1936 grandi
1030 1879 1204 1924 laetitia.
1228 1881 1286 1923 Et
1313 1883 1535 1921 unxerunt
1559 1877 1754 1921 secundo
1776 1875 2071 1928 Salomonem,

240 1939 381 1982 filium
408 1939 569 1983 David.
601 1940 836 1984 Unxerunt
870 1944 1019 1982 autem
1044 1954 1144 1983 eum
1179 1939 1372 1983 Domino
1403 1937 1450 1980 in
1482 1937 1749 1995 principem,
1776 1941 1820 1978 01
1854 1934 1994 1979 Sadoc
2027 1932 2074 1974 in

240 1998 509 2056 pontificem.
550 1997 588 2025 23
620 1998 828 2054 Seditque
874 1999 1081 2043 Salomon
1122 2013 1251 2056 super
1290 1997 1451 2041 solium
1496 1995 1678 2040 Domini
1716 1995 1764 2038 in
1807 2008 1958 2050 regem
1997 2005 2075 2048 pro

244 2057 411 2113 David,
435 2062 560 2114 patre
585 2072 662 2101 suo
682 2075 691 2112 3
718 2063 761 2101 et
784 2058 954 2101 cunctis
980 2058 1170 2115 placuit,
1196 2063 1240 2101 et
1261 2057 1409 2114 paruit
1433 2056 1499 2099 illi
1523 2055 1665 2099 omnis
1688 2053 1840 2098 Israel.
1866 2052 1903 2078 ‘24
1925 2051 2009 2095 Sed
2033 2056 2076 2093 et

243 2116 434 2159 universi
469 2117 691 2173 principes
720 2122 765 2160 et
794 2122 1018 2174 potentes,
1047 2122 1091 2160 et
1117 2117 1266 2160 cuncti
1298 2116 1378 2159 filii
1412 2115 1528 2171 regis
1562 2114 1709 2157 David
1743 2113 1959 2156 dederunt
1983 2124 2075 2152 ma-

244 2190 370 2229 num,
404 2181 449 2218 et
481 2176 672 2232 subjecti
705 2176 887 2220 fuerunt
921 2177 1145 2220 Salomoni
1178 2176 1287 2232 regi.
1317 2174 1355 2202 25
1381 2173 1691 2231 Magnificavit
1724 2186 1827 2229 ergo
1861 2169 2077 2214 Dominus

245 2235 526 2278 Salomonem
566 2249 695 2292 super
736 2249 912 2279 omnem
953 2236 1114 2292 Israel,
1151 2241 1194 2279 et
1231 2235 1357 2278 dedit
1387 2234 1456 2276 illi
1492 2233 1682 2290 gloriam
1716 2230 1862 2288 regni,
1901 2228 2076 2286 qualem

245 2293 392 2336 nullus
417 2293 575 2336 habuit
600 2299 704 2337 ante
727 2309 827 2338 eum
852 2310 930 2338 rex
955 2296 1107 2339 Israel.

304 2352 341 2420 ⁶:³⁶
360 2353 506 2408 Igitur
528 2353 696 2409 David,
719 2353 835 2396 filius
861 2354 972 2410 Isai,
992 2355 1198 2411 regnavit
1222 2370 1353 2412 super
1373 2355 1629 2398 universum
1652 2351 1804 2396 Israel.
1827 2351 1862 2377 2⁷
1883 2352 1940 2394 Et
1965 2349 2078 2403 dies,

247 2412 404 2468 quibus
433 2412 640 2468 regnavit
665 2427 795 2470 super
828 2414 988 2469 Israel,
1020 2415 1203 2457 fuerunt
1229 2414 1525 2470 quadraginta
1553 2412 1688 2468 anni3
1723 2411 1771 2454 in
1801 2410 1986 2454 Hebron
2015 2422 2079 2450 re-

247 2471 405 2527 gnavit
425 2477 596 2529 septem
621 2472 771 2528 annis,
796 2478 840 2516 et
859 2473 906 2515 in
933 2473 1182 2516 Jerusalem
1208 2473 1337 2516 annis
1358 2473 1545 2528 triginta
1570 2472 1725 2515 tribus.
1749 2469 1785 2496 98
1805 2471 1862 2513 Ε1
1883 2472 2080 2511 111011111ιο

248 2530 384 2594 estin
417 2536 645 2575 senectute
674 2531 812 2588 bona,
843 2532 999 2588 plenus
1025 2532 1216 2587 dierum,
1242 2537 1286 2574 et
1319 2531 1511 2587 divitiis,
1538 2537 1580 2574 et
1606 2530 1760 2586 gloria.
1784 2530 1843 2571 Et
1875 2525 2082 2583 regnavit

250 2590 478 2647 Salomon,
496 2591 613 2633 filius
637 2591 753 2647 ejus,
777 2605 855 2647 pro
881 2606 945 2634 eo.
968 2590 1005 2617 2⁹
1027 2591 1165 2634 Gesta
1192 2595 1344 2634 autem
1370 2590 1517 2634 David
1542 2590 1658 2645 regis
1680 2588 1845 2645 priora,
1870 2591 1912 2630 et
1934 2585 2079 2628 novis-

250 2649 384 2705 sima,
421 2650 585 2707 scripta
618 2655 721 2694 sunt
753 2650 799 2692 in
829 2651 941 2694 libro
980 2649 1196 2693 Samuelis
1212 2650 1254 2693 V
1259 2649 1443 2705 identis,
1478 2654 1521 2692 et
1552 2649 1599 2690 in
1628 2648 1741 2691 libro
1771 2646 1952 2690 Nathan
1984 2658 2080 2701 pro-

251 2709 419 2766 phetae,
453 2714 586 2765 atque
621 2710 669 2752 in
706 2709 931 2752 volumine
966 2709 1065 2753 Gad
1083 2708 1312 2762 Videntis,
1347 2708 1383 2735 3⁰
1412 2707 1693 2763 universique
1729 2705 1855 2762 regni
1889 2704 2005 2761 ejus,
2040 2708 2084 2746 et

251 2767 549 2825 fortitudinis,
576 2775 619 2812 et
642 2775 913 2825 temporum,
936 2783 1032 2825 quae
1058 2768 1325 2811 transierunt
1351 2768 1431 2810 sub
1454 2781 1525 2824 eo,
1548 2767 1641 2809 sive
1661 2766 1710 2808 in
1735 2762 1891 2823 Israel,
1923 2763 2017 2807 sive
2037 2762 2084 2805 in

252 2827 425 2870 cunctis
449 2827 598 2883 regnis
625 2833 853 2871 terrarum.

255 2975 303 3010 15]
321 2975 396 3008 Sap.
414 2975 461 3008 Π,
484 2978 511 3004 5.
529 2990 565 2996 -
581 2975 629 3010 22]
654 2975 708 3002 III
727 2975 810 3007 Reg.
830 2974 864 3009 1,
885 2974 929 3000 34.
948 2987 984 2990 -
1004 2972 1051 3004 27]
1068 2971 1122 2998 ΙΙΙ
1142 2971 1224 3003 Reg.
1246 2970 1300 3006 ΙΙ,
1320 2972 1365 3000 11.

2189 1526 2318 1555 Electio

2171 1576 2203 1599 et
2223 1569 2337 1599 unctio

2161 1613 2356 1643 Salomonis.

2178 2346 2355 2377 Conclusio

2145 2391 2241 2425 regni
2271 2389 2386 2419 David.
