<?xml version="1.0" encoding="UTF-8"?>
<!DOCTYPE html PUBLIC "-//W3C//DTD XHTML 1.0 Transitional//EN"
    "http://www.w3.org/TR/xhtml1/DTD/xhtml1-transitional.dtd">
<html xmlns="http://www.w3.org/1999/xhtml" xml:lang="en" lang="en">
 <head>
  <title>
</title>
<meta http-equiv="Content-Type" content="text/html;charset=utf-8" />
  <meta name='ocr-system' content='tesseract 3.04.00' />
  <meta name='ocr-capabilities' content='ocr_page ocr_carea ocr_par ocr_line ocrx_word'/>
</head>
<body>
  <div class='ocr_page' id='page_1' title='image "./bibliasacrajuxta00fill_0317.png"; bbox 0 0 2456 3861; ppageno 0'>
   <div class='ocr_carea' id='block_1_1' title="bbox 655 172 1946 228">
    <p class='ocr_par' dir='ltr' id='par_1_1' title="bbox 655 172 1946 228">
     <span class='ocr_line' id='line_1_1' title="bbox 655 172 1946 228; baseline 0.001 -13"><span class='ocrx_word' id='word_1_1' title='bbox 655 172 703 215; x_wconf 90' lang='lat'>11</span> <span class='ocrx_word' id='word_1_2' title='bbox 739 173 850 216; x_wconf 64' lang='lat' dir='ltr'>nm.</span> <span class='ocrx_word' id='word_1_3' title='bbox 884 173 1009 228; x_wconf 79' lang='lat' dir='ltr'>xiv,</span> <span class='ocrx_word' id='word_1_4' title='bbox 1043 173 1098 215; x_wconf 80' lang='lat'>23</span> <span class='ocrx_word' id='word_1_5' title='bbox 1131 199 1188 205; x_wconf 88' lang='lat'><strong>—</strong></span> <span class='ocrx_word' id='word_1_6' title='bbox 1219 174 1317 228; x_wconf 82' lang='lat' dir='ltr'>xv,</span> <span class='ocrx_word' id='word_1_7' title='bbox 1354 174 1420 216; x_wconf 87' lang='lat'>15.</span> <span class='ocrx_word' id='word_1_8' title='bbox 1865 174 1946 217; x_wconf 87' lang='lat'>301</span> 
     </span>
    </p>
   </div>
   <div class='ocr_carea' id='block_1_2' title="bbox 104 340 1958 1750">
    <p class='ocr_par' dir='ltr' id='par_1_2' title="bbox 108 340 1953 924">
     <span class='ocr_line' id='line_1_2' title="bbox 188 340 1953 396; baseline 0.002 -13"><span class='ocrx_word' id='word_1_9' title='bbox 188 341 226 368; x_wconf 69' lang='lat'>‘²3</span> <span class='ocrx_word' id='word_1_10' title='bbox 251 341 446 385; x_wconf 76' lang='lat' dir='ltr'>Surrexit</span> <span class='ocrx_word' id='word_1_11' title='bbox 476 355 578 396; x_wconf 87' lang='lat' dir='ltr'>ergo</span> <span class='ocrx_word' id='word_1_12' title='bbox 603 340 718 384; x_wconf 61' lang='grc' dir='ltr'>ι1001)</span> <span class='ocrx_word' id='word_1_13' title='bbox 748 348 789 384; x_wconf 86' lang='lat' dir='ltr'>et</span> <span class='ocrx_word' id='word_1_14' title='bbox 819 341 930 384; x_wconf 80' lang='lat' dir='ltr'>abiit</span> <span class='ocrx_word' id='word_1_15' title='bbox 958 342 1001 384; x_wconf 93' lang='lat' dir='ltr'>in</span> <span class='ocrx_word' id='word_1_16' title='bbox 1029 343 1204 396; x_wconf 72' lang='lat' dir='ltr'>Ges-sur,</span> <span class='ocrx_word' id='word_1_17' title='bbox 1232 347 1275 385; x_wconf 89' lang='lat' dir='ltr'>et</span> <span class='ocrx_word' id='word_1_18' title='bbox 1298 342 1486 386; x_wconf 85' lang='lat' dir='ltr'>adduxit</span> <span class='ocrx_word' id='word_1_19' title='bbox 1511 342 1725 385; x_wconf 83' lang='lat' dir='ltr'>Absalom</span> <span class='ocrx_word' id='word_1_20' title='bbox 1749 343 1795 385; x_wconf 91' lang='lat' dir='ltr'>in</span> <span class='ocrx_word' id='word_1_21' title='bbox 1820 344 1953 386; x_wconf 82' lang='lat' dir='ltr'>Jeru-</span> 
     </span>
     <span class='ocr_line' id='line_1_3' title="bbox 130 399 1952 456; baseline 0.001 -12"><span class='ocrx_word' id='word_1_22' title='bbox 130 401 281 444; x_wconf 84' lang='lat' dir='ltr'><strong>salem.</strong></span> <span class='ocrx_word' id='word_1_23' title='bbox 309 399 344 426; x_wconf 54' lang='grc'>91</span> <span class='ocrx_word' id='word_1_24' title='bbox 364 400 490 442; x_wconf 80' lang='lat' dir='ltr'>Dixit</span> <span class='ocrx_word' id='word_1_25' title='bbox 514 405 664 443; x_wconf 83' lang='lat' dir='ltr'>autem</span> <span class='ocrx_word' id='word_1_26' title='bbox 691 415 765 444; x_wconf 86' lang='lat' dir='ltr'>rex</span> <span class='ocrx_word' id='word_1_27' title='bbox 791 416 798 443; x_wconf 92' lang='lat'><strong>:</strong></span> <span class='ocrx_word' id='word_1_28' title='bbox 830 401 1087 443; x_wconf 79' lang='lat' dir='ltr'>Revertatur</span> <span class='ocrx_word' id='word_1_29' title='bbox 1112 401 1157 443; x_wconf 90' lang='lat' dir='ltr'>in</span> <span class='ocrx_word' id='word_1_30' title='bbox 1179 401 1358 443; x_wconf 88' lang='lat' dir='ltr'>domum</span> <span class='ocrx_word' id='word_1_31' title='bbox 1380 415 1525 456; x_wconf 88' lang='lat' dir='ltr'>suam,</span> <span class='ocrx_word' id='word_1_32' title='bbox 1552 407 1596 444; x_wconf 90' lang='lat' dir='ltr'>et</span> <span class='ocrx_word' id='word_1_33' title='bbox 1620 402 1785 445; x_wconf 82' lang='lat' dir='ltr'>faciem</span> <span class='ocrx_word' id='word_1_34' title='bbox 1808 416 1952 445; x_wconf 88' lang='lat' dir='ltr'>meam</span> 
     </span>
     <span class='ocr_line' id='line_1_4' title="bbox 129 459 1952 515; baseline 0 -12"><span class='ocrx_word' id='word_1_35' title='bbox 129 474 213 503; x_wconf 89' lang='lat' dir='ltr'>non</span> <span class='ocrx_word' id='word_1_36' title='bbox 254 459 417 502; x_wconf 80' lang='lat' dir='ltr'>videat.</span> <span class='ocrx_word' id='word_1_37' title='bbox 454 459 668 502; x_wconf 81' lang='lat' dir='ltr'>Reversus</span> <span class='ocrx_word' id='word_1_38' title='bbox 705 465 770 502; x_wconf 89' lang='lat' dir='ltr'>est</span> <span class='ocrx_word' id='word_1_39' title='bbox 806 459 954 514; x_wconf 80' lang='lat' dir='ltr'>itaque</span> <span class='ocrx_word' id='word_1_40' title='bbox 991 459 1204 502; x_wconf 85' lang='lat' dir='ltr'>Absalom</span> <span class='ocrx_word' id='word_1_41' title='bbox 1237 460 1282 502; x_wconf 92' lang='lat' dir='ltr'>in</span> <span class='ocrx_word' id='word_1_42' title='bbox 1319 460 1499 503; x_wconf 89' lang='lat' dir='ltr'>domum</span> <span class='ocrx_word' id='word_1_43' title='bbox 1531 474 1677 515; x_wconf 88' lang='lat' dir='ltr'>suam,</span> <span class='ocrx_word' id='word_1_44' title='bbox 1712 466 1754 503; x_wconf 89' lang='lat' dir='ltr'>et</span> <span class='ocrx_word' id='word_1_45' title='bbox 1786 460 1952 504; x_wconf 85' lang='grc'><strong>10010111</strong></span> 
     </span>
     <span class='ocr_line' id='line_1_5' title="bbox 128 517 1951 575; baseline 0.001 -14"><span class='ocrx_word' id='word_1_46' title='bbox 128 519 242 574; x_wconf 86' lang='lat' dir='ltr'>regis</span> <span class='ocrx_word' id='word_1_47' title='bbox 277 532 362 560; x_wconf 89' lang='lat' dir='ltr'>non</span> <span class='ocrx_word' id='word_1_48' title='bbox 403 517 526 561; x_wconf 79' lang='lat' dir='ltr'>vidit.</span> <span class='ocrx_word' id='word_1_49' title='bbox 561 517 596 543; x_wconf 68' lang='lat'>&#39;²³³</span> <span class='ocrx_word' id='word_1_50' title='bbox 624 518 754 560; x_wconf 88' lang='lat' dir='ltr'>Porro</span> <span class='ocrx_word' id='word_1_51' title='bbox 787 518 900 560; x_wconf 87' lang='lat' dir='ltr'>sicut</span> <span class='ocrx_word' id='word_1_52' title='bbox 938 518 1152 560; x_wconf 86' lang='lat' dir='ltr'>Absalom</span> <span class='ocrx_word' id='word_1_53' title='bbox 1190 518 1255 561; x_wconf 90' lang='lat' dir='ltr'>vir</span> <span class='ocrx_word' id='word_1_54' title='bbox 1287 533 1373 561; x_wconf 91' lang='lat' dir='ltr'>non</span> <span class='ocrx_word' id='word_1_55' title='bbox 1410 524 1502 562; x_wconf 89' lang='lat' dir='ltr'>erat</span> <span class='ocrx_word' id='word_1_56' title='bbox 1538 519 1719 575; x_wconf 85' lang='lat' dir='ltr'>pulcher</span> <span class='ocrx_word' id='word_1_57' title='bbox 1753 519 1799 562; x_wconf 92' lang='lat' dir='ltr'>in</span> <span class='ocrx_word' id='word_1_58' title='bbox 1833 520 1951 563; x_wconf 89' lang='lat' dir='ltr'>omni</span> 
     </span>
     <span class='ocr_line' id='line_1_6' title="bbox 127 576 1951 632; baseline 0.001 -12"><span class='ocrx_word' id='word_1_59' title='bbox 127 577 288 631; x_wconf 83' lang='lat' dir='ltr'>Israel,</span> <span class='ocrx_word' id='word_1_60' title='bbox 316 582 358 620; x_wconf 91' lang='lat' dir='ltr'>et</span> <span class='ocrx_word' id='word_1_61' title='bbox 384 577 566 620; x_wconf 84' lang='lat' dir='ltr'>decorus</span> <span class='ocrx_word' id='word_1_62' title='bbox 593 576 724 618; x_wconf 90' lang='lat' dir='ltr'>nimis</span> <span class='ocrx_word' id='word_1_63' title='bbox 745 593 752 630; x_wconf 92' lang='lat'>;</span> <span class='ocrx_word' id='word_1_64' title='bbox 784 591 809 618; x_wconf 91' lang='lat' dir='ltr'>a</span> <span class='ocrx_word' id='word_1_65' title='bbox 835 576 1023 631; x_wconf 87' lang='lat' dir='ltr'>vestigio</span> <span class='ocrx_word' id='word_1_66' title='bbox 1045 577 1168 632; x_wconf 87' lang='lat' dir='ltr'>pedis</span> <span class='ocrx_word' id='word_1_67' title='bbox 1194 591 1329 632; x_wconf 91' lang='lat' dir='ltr'>usque</span> <span class='ocrx_word' id='word_1_68' title='bbox 1357 577 1414 620; x_wconf 86' lang='lat' dir='ltr'>ad</span> <span class='ocrx_word' id='word_1_69' title='bbox 1440 578 1650 622; x_wconf 87' lang='lat' dir='ltr'>verticem</span> <span class='ocrx_word' id='word_1_70' title='bbox 1680 592 1766 621; x_wconf 90' lang='lat' dir='ltr'>non</span> <span class='ocrx_word' id='word_1_71' title='bbox 1789 584 1881 621; x_wconf 89' lang='lat' dir='ltr'>erat</span> <span class='ocrx_word' id='word_1_72' title='bbox 1905 579 1951 622; x_wconf 91' lang='lat' dir='ltr'>in</span> 
     </span>
     <span class='ocr_line' id='line_1_7' title="bbox 127 634 1952 691; baseline 0.002 -13"><span class='ocrx_word' id='word_1_73' title='bbox 127 650 176 679; x_wconf 93' lang='lat' dir='ltr'>eo</span> <span class='ocrx_word' id='word_1_74' title='bbox 210 635 300 678; x_wconf 89' lang='lat' dir='ltr'>ulla</span> <span class='ocrx_word' id='word_1_75' title='bbox 334 635 522 678; x_wconf 86' lang='lat' dir='ltr'>macula.</span> <span class='ocrx_word' id='word_1_76' title='bbox 553 634 589 661; x_wconf 66' lang='lat'>2⁶</span> <span class='ocrx_word' id='word_1_77' title='bbox 612 636 668 677; x_wconf 88' lang='lat' dir='ltr'>Et</span> <span class='ocrx_word' id='word_1_78' title='bbox 701 634 876 690; x_wconf 91' lang='lat' dir='ltr'>quando</span> <span class='ocrx_word' id='word_1_79' title='bbox 910 635 1122 677; x_wconf 84' lang='lat' dir='ltr'>tondebat</span> <span class='ocrx_word' id='word_1_80' title='bbox 1155 635 1363 691; x_wconf 81' lang='lat' dir='ltr'>capillum</span> <span class='ocrx_word' id='word_1_81' title='bbox 1392 636 1557 691; x_wconf 85' lang='lat' dir='ltr'>(semel</span> <span class='ocrx_word' id='word_1_82' title='bbox 1584 642 1734 680; x_wconf 89' lang='lat' dir='ltr'>autem</span> <span class='ocrx_word' id='word_1_83' title='bbox 1763 637 1807 680; x_wconf 90' lang='lat' dir='ltr'>in</span> <span class='ocrx_word' id='word_1_84' title='bbox 1836 652 1952 681; x_wconf 91' lang='lat' dir='ltr'>anno</span> 
     </span>
     <span class='ocr_line' id='line_1_8' title="bbox 128 693 1951 752; baseline 0.002 -15"><span class='ocrx_word' id='word_1_85' title='bbox 128 695 408 747; x_wconf 81' lang='lat' dir='ltr'>tondebatur,</span> <span class='ocrx_word' id='word_1_86' title='bbox 428 694 530 750; x_wconf 89' lang='lat' dir='ltr'>quia</span> <span class='ocrx_word' id='word_1_87' title='bbox 556 693 772 749; x_wconf 80' lang='lat' dir='ltr'>gravabat</span> <span class='ocrx_word' id='word_1_88' title='bbox 794 707 894 735; x_wconf 90' lang='lat' dir='ltr'>eum</span> <span class='ocrx_word' id='word_1_89' title='bbox 921 693 1169 749; x_wconf 77' lang='lat' dir='ltr'>caesaries),</span> <span class='ocrx_word' id='word_1_90' title='bbox 1193 694 1467 750; x_wconf 82' lang='lat' dir='ltr'>ponderabat</span> <span class='ocrx_word' id='word_1_91' title='bbox 1492 695 1674 752; x_wconf 82' lang='lat' dir='ltr'>capillos</span> <span class='ocrx_word' id='word_1_92' title='bbox 1701 696 1859 752; x_wconf 88' lang='lat' dir='ltr'>capitis</span> <span class='ocrx_word' id='word_1_93' title='bbox 1884 697 1951 740; x_wconf 84' lang='lat' dir='ltr'>sui</span> 
     </span>
     <span class='ocr_line' id='line_1_9' title="bbox 128 750 1953 811; baseline 0.002 -15"><span class='ocrx_word' id='word_1_94' title='bbox 128 753 329 796; x_wconf 89' lang='lat' dir='ltr'>ducentis</span> <span class='ocrx_word' id='word_1_95' title='bbox 354 753 474 796; x_wconf 90' lang='lat' dir='ltr'>siclis</span> <span class='ocrx_word' id='word_1_96' title='bbox 501 751 692 808; x_wconf 88' lang='lat' dir='ltr'>pondere</span> <span class='ocrx_word' id='word_1_97' title='bbox 716 751 907 807; x_wconf 86' lang='lat' dir='ltr'>publico.</span> <span class='ocrx_word' id='word_1_98' title='bbox 942 750 976 777; x_wconf 65' lang='lat'>”2⁷</span> <span class='ocrx_word' id='word_1_99' title='bbox 1005 751 1109 793; x_wconf 92' lang='lat' dir='ltr'>Nati</span> <span class='ocrx_word' id='word_1_100' title='bbox 1131 756 1233 794; x_wconf 91' lang='lat' dir='ltr'>sunt</span> <span class='ocrx_word' id='word_1_101' title='bbox 1253 758 1402 795; x_wconf 89' lang='lat' dir='ltr'>autem</span> <span class='ocrx_word' id='word_1_102' title='bbox 1431 753 1646 797; x_wconf 88' lang='lat' dir='ltr'>Absalom</span> <span class='ocrx_word' id='word_1_103' title='bbox 1674 754 1753 798; x_wconf 92' lang='lat' dir='ltr'>filii</span> <span class='ocrx_word' id='word_1_104' title='bbox 1780 760 1887 811; x_wconf 89' lang='lat' dir='ltr'>tres,</span> <span class='ocrx_word' id='word_1_105' title='bbox 1910 760 1953 799; x_wconf 88' lang='lat' dir='ltr'>et</span> 
     </span>
     <span class='ocr_line' id='line_1_10' title="bbox 108 809 1952 867; baseline 0.001 -12"><span class='ocrx_word' id='word_1_106' title='bbox 108 812 218 855; x_wconf 81' lang='lat' dir='ltr'>-filia</span> <span class='ocrx_word' id='word_1_107' title='bbox 239 827 326 854; x_wconf 88' lang='lat' dir='ltr'>una</span> <span class='ocrx_word' id='word_1_108' title='bbox 350 810 529 854; x_wconf 89' lang='lat' dir='ltr'>nomine</span> <span class='ocrx_word' id='word_1_109' title='bbox 554 810 761 865; x_wconf 88' lang='lat' dir='ltr'>Thamar,</span> <span class='ocrx_word' id='word_1_110' title='bbox 785 809 1000 865; x_wconf 87' lang='lat' dir='ltr'>elegantis</span> <span class='ocrx_word' id='word_1_111' title='bbox 1026 810 1198 852; x_wconf 73' lang='lat' dir='ltr'>formae.</span> <span class='ocrx_word' id='word_1_112' title='bbox 1232 809 1268 836; x_wconf 62' lang='lat'>2⁸</span> <span class='ocrx_word' id='word_1_113' title='bbox 1293 811 1544 867; x_wconf 88' lang='lat' dir='ltr'>Mansitque</span> <span class='ocrx_word' id='word_1_114' title='bbox 1569 813 1782 856; x_wconf 83' lang='lat' dir='ltr'>Absalom</span> <span class='ocrx_word' id='word_1_115' title='bbox 1807 814 1853 856; x_wconf 89' lang='lat' dir='ltr'>in</span> <span class='ocrx_word' id='word_1_116' title='bbox 1879 815 1952 858; x_wconf 80' lang='lat' dir='ltr'>Je-</span> 
     </span>
     <span class='ocr_line' id='line_1_11' title="bbox 126 868 1350 924; baseline -0.002 -11"><span class='ocrx_word' id='word_1_117' title='bbox 126 870 317 913; x_wconf 89' lang='lat' dir='ltr'>rusalem</span> <span class='ocrx_word' id='word_1_118' title='bbox 339 869 509 912; x_wconf 91' lang='lat' dir='ltr'>duobus</span> <span class='ocrx_word' id='word_1_119' title='bbox 534 869 684 924; x_wconf 84' lang='lat' dir='ltr'>annis,</span> <span class='ocrx_word' id='word_1_120' title='bbox 711 873 754 912; x_wconf 91' lang='lat' dir='ltr'>et</span> <span class='ocrx_word' id='word_1_121' title='bbox 779 868 946 912; x_wconf 78' lang='lat' dir='ltr'>faciem</span> <span class='ocrx_word' id='word_1_122' title='bbox 970 868 1086 924; x_wconf 88' lang='lat' dir='ltr'>regis</span> <span class='ocrx_word' id='word_1_123' title='bbox 1112 882 1198 911; x_wconf 88' lang='lat' dir='ltr'>non</span> <span class='ocrx_word' id='word_1_124' title='bbox 1225 868 1350 911; x_wconf 79' lang='lat' dir='ltr'>vidit.</span> 
     </span>
    </p>

    <p class='ocr_par' dir='ltr' id='par_1_3' title="bbox 125 927 1958 1575">
     <span class='ocr_line' id='line_1_12' title="bbox 185 927 1954 984; baseline 0.003 -14"><span class='ocrx_word' id='word_1_125' title='bbox 185 929 222 955; x_wconf 71' lang='lat'>“2⁹</span> <span class='ocrx_word' id='word_1_126' title='bbox 240 928 363 971; x_wconf 88' lang='lat' dir='ltr'>Misit</span> <span class='ocrx_word' id='word_1_127' title='bbox 389 928 538 983; x_wconf 90' lang='lat' dir='ltr'>itaque</span> <span class='ocrx_word' id='word_1_128' title='bbox 563 927 619 970; x_wconf 91' lang='lat' dir='ltr'>ad</span> <span class='ocrx_word' id='word_1_129' title='bbox 641 928 669 970; x_wconf 76' lang='lat' dir='ltr'>J</span> <span class='ocrx_word' id='word_1_130' title='bbox 674 927 757 970; x_wconf 91' lang='lat' dir='ltr'>oab</span> <span class='ocrx_word' id='word_1_131' title='bbox 780 932 827 970; x_wconf 93' lang='lat' dir='ltr'>ut</span> <span class='ocrx_word' id='word_1_132' title='bbox 850 927 1044 971; x_wconf 90' lang='lat' dir='ltr'>mitteret</span> <span class='ocrx_word' id='word_1_133' title='bbox 1065 941 1166 970; x_wconf 90' lang='lat' dir='ltr'>eum</span> <span class='ocrx_word' id='word_1_134' title='bbox 1190 927 1247 970; x_wconf 89' lang='lat' dir='ltr'>ad</span> <span class='ocrx_word' id='word_1_135' title='bbox 1272 942 1445 983; x_wconf 73' lang='lat' dir='ltr'>regern,</span> <span class='ocrx_word' id='word_1_136' title='bbox 1470 929 1542 984; x_wconf 91' lang='lat' dir='ltr'>qui</span> <span class='ocrx_word' id='word_1_137' title='bbox 1566 930 1706 972; x_wconf 91' lang='lat' dir='ltr'>noluit</span> <span class='ocrx_word' id='word_1_138' title='bbox 1727 931 1876 975; x_wconf 89' lang='lat' dir='ltr'>venire</span> <span class='ocrx_word' id='word_1_139' title='bbox 1896 932 1954 975; x_wconf 89' lang='lat' dir='ltr'>ad</span> 
     </span>
     <span class='ocr_line' id='line_1_13' title="bbox 126 986 1955 1044; baseline 0.001 -13"><span class='ocrx_word' id='word_1_140' title='bbox 126 1003 239 1032; x_wconf 92' lang='lat' dir='ltr'>eum.</span> <span class='ocrx_word' id='word_1_141' title='bbox 264 988 461 1043; x_wconf 86' lang='lat' dir='ltr'>Cumque</span> <span class='ocrx_word' id='word_1_142' title='bbox 489 986 683 1030; x_wconf 83' lang='lat' dir='ltr'>secundo</span> <span class='ocrx_word' id='word_1_143' title='bbox 718 986 929 1041; x_wconf 80' lang='lat' dir='ltr'>misisset,</span> <span class='ocrx_word' id='word_1_144' title='bbox 957 991 1000 1029; x_wconf 90' lang='lat' dir='ltr'>et</span> <span class='ocrx_word' id='word_1_145' title='bbox 1031 986 1107 1030; x_wconf 90' lang='lat' dir='ltr'>ille</span> <span class='ocrx_word' id='word_1_146' title='bbox 1132 986 1345 1030; x_wconf 78' lang='lat' dir='ltr'>noluisset</span> <span class='ocrx_word' id='word_1_147' title='bbox 1369 987 1518 1030; x_wconf 86' lang='lat' dir='ltr'>venire</span> <span class='ocrx_word' id='word_1_148' title='bbox 1546 988 1602 1031; x_wconf 92' lang='lat' dir='ltr'>ad</span> <span class='ocrx_word' id='word_1_149' title='bbox 1632 1002 1752 1044; x_wconf 88' lang='lat' dir='ltr'>eum,</span> <span class='ocrx_word' id='word_1_150' title='bbox 1783 989 1820 1016; x_wconf 78' lang='lat'>30</span> <span class='ocrx_word' id='word_1_151' title='bbox 1841 990 1955 1033; x_wconf 86' lang='lat' dir='ltr'>dixit</span> 
     </span>
     <span class='ocr_line' id='line_1_14' title="bbox 126 1045 1954 1101; baseline 0.001 -11"><span class='ocrx_word' id='word_1_152' title='bbox 126 1047 262 1091; x_wconf 88' lang='lat' dir='ltr'>servis</span> <span class='ocrx_word' id='word_1_153' title='bbox 295 1047 384 1089; x_wconf 83' lang='lat' dir='ltr'>suis</span> <span class='ocrx_word' id='word_1_154' title='bbox 416 1062 423 1089; x_wconf 93' lang='lat'>:</span> <span class='ocrx_word' id='word_1_155' title='bbox 457 1046 587 1089; x_wconf 87' lang='lat' dir='ltr'>Scitis</span> <span class='ocrx_word' id='word_1_156' title='bbox 616 1059 773 1100; x_wconf 88' lang='lat' dir='ltr'>agrum</span> <span class='ocrx_word' id='word_1_157' title='bbox 806 1045 921 1088; x_wconf 80' lang='lat' dir='ltr'>Joab</span> <span class='ocrx_word' id='word_1_158' title='bbox 954 1045 1083 1101; x_wconf 82' lang='lat' dir='ltr'>juxta</span> <span class='ocrx_word' id='word_1_159' title='bbox 1114 1060 1272 1101; x_wconf 90' lang='lat' dir='ltr'>agrum</span> <span class='ocrx_word' id='word_1_160' title='bbox 1301 1060 1469 1101; x_wconf 89' lang='lat' dir='ltr'>meum,</span> <span class='ocrx_word' id='word_1_161' title='bbox 1499 1046 1736 1090; x_wconf 89' lang='lat' dir='ltr'>habentem</span> <span class='ocrx_word' id='word_1_162' title='bbox 1768 1062 1954 1092; x_wconf 85' lang='lat' dir='ltr'>messem</span> 
     </span>
     <span class='ocr_line' id='line_1_15' title="bbox 126 1104 1956 1161; baseline 0 -12"><span class='ocrx_word' id='word_1_163' title='bbox 126 1105 304 1161; x_wconf 74' lang='lat' dir='ltr'>hordei,</span> <span class='ocrx_word' id='word_1_164' title='bbox 329 1106 389 1148; x_wconf 88' lang='lat' dir='ltr'>ite</span> <span class='ocrx_word' id='word_1_165' title='bbox 414 1105 564 1160; x_wconf 90' lang='lat' dir='ltr'>igitur,</span> <span class='ocrx_word' id='word_1_166' title='bbox 587 1111 630 1148; x_wconf 90' lang='lat' dir='ltr'>et</span> <span class='ocrx_word' id='word_1_167' title='bbox 656 1104 911 1148; x_wconf 87' lang='lat' dir='ltr'>succendite</span> <span class='ocrx_word' id='word_1_168' title='bbox 937 1119 1037 1148; x_wconf 91' lang='lat' dir='ltr'>eum</span> <span class='ocrx_word' id='word_1_169' title='bbox 1061 1104 1169 1160; x_wconf 84' lang='lat' dir='ltr'>igni.</span> <span class='ocrx_word' id='word_1_170' title='bbox 1190 1104 1520 1148; x_wconf 90' lang='lat' dir='ltr'>Succenderunt</span> <span class='ocrx_word' id='word_1_171' title='bbox 1546 1119 1649 1161; x_wconf 88' lang='lat' dir='ltr'>ergo</span> <span class='ocrx_word' id='word_1_172' title='bbox 1673 1106 1787 1149; x_wconf 89' lang='lat' dir='ltr'>servi</span> <span class='ocrx_word' id='word_1_173' title='bbox 1813 1107 1956 1149; x_wconf 92' lang='lat' dir='ltr'>Absa-</span> 
     </span>
     <span class='ocr_line' id='line_1_16' title="bbox 125 1163 1955 1221; baseline 0.001 -13"><span class='ocrx_word' id='word_1_174' title='bbox 125 1165 215 1208; x_wconf 91' lang='lat' dir='ltr'>lom</span> <span class='ocrx_word' id='word_1_175' title='bbox 251 1169 449 1220; x_wconf 87' lang='lat' dir='ltr'>segetem</span> <span class='ocrx_word' id='word_1_176' title='bbox 481 1163 591 1220; x_wconf 87' lang='lat' dir='ltr'>igni.</span> <span class='ocrx_word' id='word_1_177' title='bbox 625 1164 684 1218; x_wconf 83' lang='lat' dir='ltr'>Et</span> <span class='ocrx_word' id='word_1_178' title='bbox 717 1163 945 1207; x_wconf 86' lang='lat' dir='ltr'>venientes</span> <span class='ocrx_word' id='word_1_179' title='bbox 978 1163 1093 1207; x_wconf 86' lang='lat' dir='ltr'>servi</span> <span class='ocrx_word' id='word_1_180' title='bbox 1126 1163 1263 1219; x_wconf 78' lang='lat' dir='ltr'>Joab,</span> <span class='ocrx_word' id='word_1_181' title='bbox 1289 1163 1437 1207; x_wconf 90' lang='lat' dir='ltr'>scissis</span> <span class='ocrx_word' id='word_1_182' title='bbox 1467 1164 1663 1207; x_wconf 84' lang='lat' dir='ltr'>vestibus</span> <span class='ocrx_word' id='word_1_183' title='bbox 1695 1165 1806 1221; x_wconf 89' lang='lat' dir='ltr'>suis,</span> <span class='ocrx_word' id='word_1_184' title='bbox 1834 1165 1955 1209; x_wconf 86' lang='lat' dir='ltr'>dixe-</span> 
     </span>
     <span class='ocr_line' id='line_1_17' title="bbox 126 1222 1954 1281; baseline 0.001 -14"><span class='ocrx_word' id='word_1_185' title='bbox 126 1229 228 1267; x_wconf 90' lang='lat' dir='ltr'>runt</span> <span class='ocrx_word' id='word_1_186' title='bbox 250 1239 259 1267; x_wconf 91' lang='lat'>:</span> <span class='ocrx_word' id='word_1_187' title='bbox 287 1222 620 1267; x_wconf 89' lang='lat' dir='ltr'>Succenderunt</span> <span class='ocrx_word' id='word_1_188' title='bbox 643 1222 758 1266; x_wconf 85' lang='lat' dir='ltr'>servi</span> <span class='ocrx_word' id='word_1_189' title='bbox 784 1222 1000 1265; x_wconf 90' lang='lat' dir='ltr'>Absalom</span> <span class='ocrx_word' id='word_1_190' title='bbox 1025 1228 1196 1280; x_wconf 85' lang='lat' dir='ltr'>partem</span> <span class='ocrx_word' id='word_1_191' title='bbox 1216 1223 1312 1278; x_wconf 88' lang='lat' dir='ltr'>agri</span> <span class='ocrx_word' id='word_1_192' title='bbox 1333 1222 1441 1279; x_wconf 91' lang='lat' dir='ltr'>igni.</span> <span class='ocrx_word' id='word_1_193' title='bbox 1468 1223 1502 1249; x_wconf 82' lang='lat'>3¹</span> <span class='ocrx_word' id='word_1_194' title='bbox 1523 1223 1805 1280; x_wconf 88' lang='lat' dir='ltr'>Surrexitque</span> <span class='ocrx_word' id='word_1_195' title='bbox 1826 1225 1954 1281; x_wconf 82' lang='lat' dir='ltr'>Joab,</span> 
     </span>
     <span class='ocr_line' id='line_1_18' title="bbox 128 1281 1957 1338; baseline 0 -12"><span class='ocrx_word' id='word_1_196' title='bbox 128 1288 171 1326; x_wconf 92' lang='lat' dir='ltr'>et</span> <span class='ocrx_word' id='word_1_197' title='bbox 191 1282 314 1326; x_wconf 86' lang='lat' dir='ltr'>venit</span> <span class='ocrx_word' id='word_1_198' title='bbox 341 1282 399 1325; x_wconf 91' lang='lat' dir='ltr'>ad</span> <span class='ocrx_word' id='word_1_199' title='bbox 425 1281 641 1324; x_wconf 87' lang='lat' dir='ltr'>Absalom</span> <span class='ocrx_word' id='word_1_200' title='bbox 666 1282 712 1324; x_wconf 90' lang='lat' dir='ltr'>in</span> <span class='ocrx_word' id='word_1_201' title='bbox 735 1281 916 1324; x_wconf 90' lang='lat' dir='ltr'>domum</span> <span class='ocrx_word' id='word_1_202' title='bbox 941 1282 1058 1338; x_wconf 83' lang='lat' dir='ltr'>ejus,</span> <span class='ocrx_word' id='word_1_203' title='bbox 1086 1286 1129 1325; x_wconf 91' lang='lat' dir='ltr'>et</span> <span class='ocrx_word' id='word_1_204' title='bbox 1154 1282 1268 1324; x_wconf 82' lang='lat' dir='ltr'>dixit</span> <span class='ocrx_word' id='word_1_205' title='bbox 1291 1298 1299 1325; x_wconf 90' lang='lat'><strong>:</strong></span> <span class='ocrx_word' id='word_1_206' title='bbox 1328 1282 1470 1332; x_wconf 85' lang='lat' dir='ltr'>Quare</span> <span class='ocrx_word' id='word_1_207' title='bbox 1495 1283 1817 1326; x_wconf 89' lang='lat' dir='ltr'>succenderunt</span> <span class='ocrx_word' id='word_1_208' title='bbox 1841 1284 1957 1327; x_wconf 72' lang='lat' dir='ltr'>servi</span> 
     </span>
     <span class='ocr_line' id='line_1_19' title="bbox 127 1339 1958 1398; baseline 0 -13"><span class='ocrx_word' id='word_1_209' title='bbox 127 1342 191 1385; x_wconf 90' lang='lat' dir='ltr'>tui</span> <span class='ocrx_word' id='word_1_210' title='bbox 219 1346 417 1398; x_wconf 85' lang='lat' dir='ltr'>segetem</span> <span class='ocrx_word' id='word_1_211' title='bbox 451 1355 596 1384; x_wconf 83' lang='lat' dir='ltr'>meam</span> <span class='ocrx_word' id='word_1_212' title='bbox 627 1340 756 1396; x_wconf 80' lang='lat' dir='ltr'>igni?</span> <span class='ocrx_word' id='word_1_213' title='bbox 789 1339 825 1367; x_wconf 76' lang='lat'>3&#39;2</span> <span class='ocrx_word' id='word_1_214' title='bbox 851 1341 909 1383; x_wconf 86' lang='lat' dir='ltr'>Et</span> <span class='ocrx_word' id='word_1_215' title='bbox 936 1340 1164 1397; x_wconf 79' lang='lat' dir='ltr'>respondit</span> <span class='ocrx_word' id='word_1_216' title='bbox 1194 1340 1411 1384; x_wconf 89' lang='lat' dir='ltr'>Absalom</span> <span class='ocrx_word' id='word_1_217' title='bbox 1434 1341 1492 1384; x_wconf 87' lang='lat' dir='ltr'>ad</span> <span class='ocrx_word' id='word_1_218' title='bbox 1521 1342 1548 1384; x_wconf 83' lang='lat' dir='ltr'><strong>J</strong></span> <span class='ocrx_word' id='word_1_219' title='bbox 1554 1341 1636 1384; x_wconf 87' lang='lat' dir='ltr'>oab</span> <span class='ocrx_word' id='word_1_220' title='bbox 1660 1358 1668 1385; x_wconf 93' lang='lat'>:</span> <span class='ocrx_word' id='word_1_221' title='bbox 1696 1342 1799 1384; x_wconf 90' lang='lat' dir='ltr'>Misi</span> <span class='ocrx_word' id='word_1_222' title='bbox 1823 1342 1881 1385; x_wconf 88' lang='lat' dir='ltr'>ad</span> <span class='ocrx_word' id='word_1_223' title='bbox 1914 1348 1958 1386; x_wconf 84' lang='lat' dir='ltr'>te</span> 
     </span>
     <span class='ocr_line' id='line_1_20' title="bbox 129 1399 1954 1456; baseline 0 -12"><span class='ocrx_word' id='word_1_224' title='bbox 129 1401 362 1444; x_wconf 87' lang='lat' dir='ltr'>obsecrans</span> <span class='ocrx_word' id='word_1_225' title='bbox 394 1405 442 1443; x_wconf 91' lang='lat' dir='ltr'>ut</span> <span class='ocrx_word' id='word_1_226' title='bbox 475 1400 646 1443; x_wconf 87' lang='lat' dir='ltr'>venires</span> <span class='ocrx_word' id='word_1_227' title='bbox 683 1399 740 1442; x_wconf 89' lang='lat' dir='ltr'>ad</span> <span class='ocrx_word' id='word_1_228' title='bbox 779 1414 868 1454; x_wconf 90' lang='lat' dir='ltr'>me,</span> <span class='ocrx_word' id='word_1_229' title='bbox 903 1405 946 1442; x_wconf 87' lang='lat' dir='ltr'>et</span> <span class='ocrx_word' id='word_1_230' title='bbox 983 1399 1203 1443; x_wconf 87' lang='lat' dir='ltr'>mitterem</span> <span class='ocrx_word' id='word_1_231' title='bbox 1236 1404 1280 1443; x_wconf 90' lang='lat' dir='ltr'>te</span> <span class='ocrx_word' id='word_1_232' title='bbox 1307 1400 1364 1443; x_wconf 91' lang='lat' dir='ltr'>ad</span> <span class='ocrx_word' id='word_1_233' title='bbox 1397 1414 1568 1456; x_wconf 89' lang='lat' dir='ltr'>regem,</span> <span class='ocrx_word' id='word_1_234' title='bbox 1603 1406 1647 1443; x_wconf 92' lang='lat' dir='ltr'>et</span> <span class='ocrx_word' id='word_1_235' title='bbox 1679 1401 1847 1444; x_wconf 87' lang='lat' dir='ltr'>diceres</span> <span class='ocrx_word' id='word_1_236' title='bbox 1879 1401 1918 1444; x_wconf 90' lang='lat' dir='ltr'>ei</span> <span class='ocrx_word' id='word_1_237' title='bbox 1945 1418 1954 1445; x_wconf 90' lang='lat'>:</span> 
     </span>
     <span class='ocr_line' id='line_1_21' title="bbox 129 1457 1956 1515; baseline 0.001 -13"><span class='ocrx_word' id='word_1_238' title='bbox 129 1461 269 1510; x_wconf 83' lang='lat' dir='ltr'>Quare</span> <span class='ocrx_word' id='word_1_239' title='bbox 302 1459 403 1502; x_wconf 87' lang='lat' dir='ltr'>veni</span> <span class='ocrx_word' id='word_1_240' title='bbox 438 1458 492 1501; x_wconf 91' lang='lat' dir='ltr'>de</span> <span class='ocrx_word' id='word_1_241' title='bbox 525 1457 726 1502; x_wconf 84' lang='lat' dir='ltr'>Gessur‘?</span> <span class='ocrx_word' id='word_1_242' title='bbox 761 1458 918 1501; x_wconf 89' lang='lat' dir='ltr'>melius</span> <span class='ocrx_word' id='word_1_243' title='bbox 951 1458 1060 1500; x_wconf 90' lang='lat' dir='ltr'>mihi</span> <span class='ocrx_word' id='word_1_244' title='bbox 1093 1463 1186 1501; x_wconf 88' lang='lat' dir='ltr'>erat</span> <span class='ocrx_word' id='word_1_245' title='bbox 1217 1458 1280 1501; x_wconf 91' lang='lat' dir='ltr'>ibi</span> <span class='ocrx_word' id='word_1_246' title='bbox 1314 1473 1437 1514; x_wconf 81' lang='lat' dir='ltr'>esse3</span> <span class='ocrx_word' id='word_1_247' title='bbox 1474 1459 1652 1503; x_wconf 91' lang='lat' dir='ltr'>obsecro</span> <span class='ocrx_word' id='word_1_248' title='bbox 1682 1473 1785 1515; x_wconf 89' lang='lat' dir='ltr'>ergo</span> <span class='ocrx_word' id='word_1_249' title='bbox 1813 1465 1861 1503; x_wconf 90' lang='lat' dir='ltr'>ut</span> <span class='ocrx_word' id='word_1_250' title='bbox 1893 1460 1956 1503; x_wconf 85' lang='lat' dir='ltr'>vi-</span> 
     </span>
     <span class='ocr_line' id='line_1_22' title="bbox 127 1516 1956 1575; baseline 0.001 -13"><span class='ocrx_word' id='word_1_251' title='bbox 127 1519 257 1562; x_wconf 89' lang='lat' dir='ltr'>deam</span> <span class='ocrx_word' id='word_1_252' title='bbox 282 1517 448 1560; x_wconf 81' lang='lat' dir='ltr'>faciem</span> <span class='ocrx_word' id='word_1_253' title='bbox 480 1517 626 1572; x_wconf 88' lang='lat' dir='ltr'>regis;</span> <span class='ocrx_word' id='word_1_254' title='bbox 662 1516 777 1572; x_wconf 87' lang='lat' dir='ltr'>quod</span> <span class='ocrx_word' id='word_1_255' title='bbox 804 1517 841 1559; x_wconf 90' lang='lat' dir='ltr'>si</span> <span class='ocrx_word' id='word_1_256' title='bbox 874 1531 1042 1560; x_wconf 89' lang='lat' dir='ltr'>memor</span> <span class='ocrx_word' id='word_1_257' title='bbox 1067 1521 1132 1560; x_wconf 91' lang='lat' dir='ltr'>est</span> <span class='ocrx_word' id='word_1_258' title='bbox 1163 1517 1411 1573; x_wconf 86' lang='lat' dir='ltr'>iniquitatis</span> <span class='ocrx_word' id='word_1_259' title='bbox 1445 1533 1575 1575; x_wconf 80' lang='grc'><strong>111000,</strong></span> <span class='ocrx_word' id='word_1_260' title='bbox 1601 1518 1840 1562; x_wconf 88' lang='lat' dir='ltr'>interficiat</span> <span class='ocrx_word' id='word_1_261' title='bbox 1872 1534 1956 1563; x_wconf 89' lang='lat' dir='ltr'>me.</span> 
     </span>
    </p>

    <p class='ocr_par' dir='ltr' id='par_1_4' title="bbox 104 1574 1958 1750">
     <span class='ocr_line' id='line_1_23' title="bbox 104 1574 1958 1634; baseline -0.001 -12"><span class='ocrx_word' id='word_1_262' title='bbox 104 1577 164 1623; x_wconf 81' lang='grc'>,33</span> <span class='ocrx_word' id='word_1_263' title='bbox 188 1578 420 1632; x_wconf 87' lang='lat' dir='ltr'>Ingressus</span> <span class='ocrx_word' id='word_1_264' title='bbox 452 1575 603 1631; x_wconf 88' lang='lat' dir='ltr'>itaque</span> <span class='ocrx_word' id='word_1_265' title='bbox 632 1575 748 1618; x_wconf 85' lang='lat' dir='ltr'>Joab</span> <span class='ocrx_word' id='word_1_266' title='bbox 777 1575 834 1618; x_wconf 89' lang='lat' dir='ltr'>ad</span> <span class='ocrx_word' id='word_1_267' title='bbox 866 1589 1017 1631; x_wconf 87' lang='lat' dir='ltr'>regem</span> <span class='ocrx_word' id='word_1_268' title='bbox 1049 1574 1273 1619; x_wconf 87' lang='lat' dir='ltr'>nuntiavit</span> <span class='ocrx_word' id='word_1_269' title='bbox 1306 1576 1345 1620; x_wconf 90' lang='lat' dir='ltr'>ei</span> <span class='ocrx_word' id='word_1_270' title='bbox 1379 1577 1555 1632; x_wconf 74' lang='lat' dir='ltr'>omnia,</span> <span class='ocrx_word' id='word_1_271' title='bbox 1589 1582 1858 1634; x_wconf 89' lang='lat' dir='ltr'>vocatusque</span> <span class='ocrx_word' id='word_1_272' title='bbox 1891 1583 1958 1621; x_wconf 92' lang='lat' dir='ltr'>est</span> 
     </span>
     <span class='ocr_line' id='line_1_24' title="bbox 126 1634 1958 1692; baseline 0.001 -13"><span class='ocrx_word' id='word_1_273' title='bbox 126 1636 363 1689; x_wconf 90' lang='lat' dir='ltr'>Absalom,</span> <span class='ocrx_word' id='word_1_274' title='bbox 393 1639 437 1678; x_wconf 90' lang='lat' dir='ltr'>et</span> <span class='ocrx_word' id='word_1_275' title='bbox 467 1634 652 1677; x_wconf 88' lang='lat' dir='ltr'>intravit</span> <span class='ocrx_word' id='word_1_276' title='bbox 683 1634 740 1677; x_wconf 91' lang='lat' dir='ltr'>ad</span> <span class='ocrx_word' id='word_1_277' title='bbox 774 1648 944 1690; x_wconf 90' lang='lat' dir='ltr'>regem,</span> <span class='ocrx_word' id='word_1_278' title='bbox 979 1640 1023 1678; x_wconf 92' lang='lat' dir='ltr'>et</span> <span class='ocrx_word' id='word_1_279' title='bbox 1053 1634 1258 1678; x_wconf 88' lang='lat' dir='ltr'>adoravit</span> <span class='ocrx_word' id='word_1_280' title='bbox 1289 1648 1419 1692; x_wconf 90' lang='lat' dir='ltr'>super</span> <span class='ocrx_word' id='word_1_281' title='bbox 1451 1635 1617 1679; x_wconf 80' lang='lat' dir='ltr'>faciem</span> <span class='ocrx_word' id='word_1_282' title='bbox 1649 1640 1777 1679; x_wconf 78' lang='lat' dir='ltr'>terrae</span> <span class='ocrx_word' id='word_1_283' title='bbox 1811 1651 1958 1680; x_wconf 89' lang='lat' dir='ltr'>coram</span> 
     </span>
     <span class='ocr_line' id='line_1_25' title="bbox 127 1693 986 1750; baseline -0.001 -12"><span class='ocrx_word' id='word_1_284' title='bbox 127 1708 201 1749; x_wconf 88' lang='lat' dir='ltr'>eo;</span> <span class='ocrx_word' id='word_1_285' title='bbox 230 1693 538 1750; x_wconf 83' lang='lat' dir='ltr'>osculatusque</span> <span class='ocrx_word' id='word_1_286' title='bbox 563 1698 630 1737; x_wconf 88' lang='lat' dir='ltr'>est</span> <span class='ocrx_word' id='word_1_287' title='bbox 654 1707 731 1737; x_wconf 83' lang='lat' dir='ltr'>rex</span> <span class='ocrx_word' id='word_1_288' title='bbox 755 1693 986 1737; x_wconf 89' lang='lat' dir='ltr'>Absalom.</span> 
     </span>
    </p>
   </div>
   <div class='ocr_carea' id='block_1_3' title="bbox 533 1788 1541 1845">
    <p class='ocr_par' dir='ltr' id='par_1_5' title="bbox 533 1788 1541 1845">
     <span class='ocr_line' id='line_1_26' title="bbox 533 1788 1541 1845; baseline 0.002 -15"><span class='ocrx_word' id='word_1_289' title='bbox 533 1788 558 1845; x_wconf 63' lang='grc' dir='ltr'>ξ</span> <span class='ocrx_word' id='word_1_290' title='bbox 592 1788 672 1831; x_wconf 91' lang='lat' dir='ltr'>IV.</span> <span class='ocrx_word' id='word_1_291' title='bbox 698 1814 758 1819; x_wconf 88' lang='lat'>-—</span> <span class='ocrx_word' id='word_1_292' title='bbox 790 1789 998 1831; x_wconf 75' lang='lat' dir='ltr'>Historia</span> <span class='ocrx_word' id='word_1_293' title='bbox 1029 1789 1277 1832; x_wconf 78' lang='lat' dir='ltr'>rebellionis</span> <span class='ocrx_word' id='word_1_294' title='bbox 1308 1789 1541 1832; x_wconf 77' lang='lat' dir='ltr'>Absalom.</span> 
     </span>
    </p>
   </div>
   <div class='ocr_carea' id='block_1_4' title="bbox 124 1875 1958 3694">
    <p class='ocr_par' dir='ltr' id='par_1_6' title="bbox 125 1875 1958 2582">
     <span class='ocr_line' id='line_1_27' title="bbox 185 1875 1958 1932; baseline 0.001 -13"><span class='ocrx_word' id='word_1_295' title='bbox 185 1875 292 1920; x_wconf 82' lang='lat' dir='ltr'>CAP.</span> <span class='ocrx_word' id='word_1_296' title='bbox 315 1876 413 1918; x_wconf 89' lang='lat' dir='ltr'>XV.</span> <span class='ocrx_word' id='word_1_297' title='bbox 435 1901 495 1908; x_wconf 92' lang='lat'>—</span> <span class='ocrx_word' id='word_1_298' title='bbox 520 1875 533 1901; x_wconf 84' lang='grc'>1</span> <span class='ocrx_word' id='word_1_299' title='bbox 557 1875 703 1931; x_wconf 90' lang='lat' dir='ltr'>Igitur</span> <span class='ocrx_word' id='word_1_300' title='bbox 726 1880 826 1932; x_wconf 89' lang='lat' dir='ltr'>post</span> <span class='ocrx_word' id='word_1_301' title='bbox 846 1875 943 1919; x_wconf 84' lang='lat' dir='ltr'>haec</span> <span class='ocrx_word' id='word_1_302' title='bbox 969 1875 1081 1919; x_wconf 78' lang='lat' dir='ltr'>fecit</span> <span class='ocrx_word' id='word_1_303' title='bbox 1105 1875 1190 1919; x_wconf 89' lang='lat' dir='ltr'>sibi</span> <span class='ocrx_word' id='word_1_304' title='bbox 1215 1876 1432 1919; x_wconf 89' lang='lat' dir='ltr'>Absalom</span> <span class='ocrx_word' id='word_1_305' title='bbox 1454 1890 1604 1919; x_wconf 88' lang='lat' dir='ltr'>currus</span> <span class='ocrx_word' id='word_1_306' title='bbox 1630 1881 1675 1920; x_wconf 93' lang='lat' dir='ltr'>et</span> <span class='ocrx_word' id='word_1_307' title='bbox 1700 1876 1888 1932; x_wconf 88' lang='lat' dir='ltr'>equites,</span> <span class='ocrx_word' id='word_1_308' title='bbox 1915 1881 1958 1920; x_wconf 90' lang='lat' dir='ltr'>et</span> 
     </span>
     <span class='ocr_line' id='line_1_28' title="bbox 126 1933 1958 1991; baseline 0.001 -14"><span class='ocrx_word' id='word_1_309' title='bbox 126 1934 447 1991; x_wconf 87' lang='lat' dir='ltr'>quinquaginta</span> <span class='ocrx_word' id='word_1_310' title='bbox 468 1934 585 1977; x_wconf 89' lang='lat' dir='ltr'>viros</span> <span class='ocrx_word' id='word_1_311' title='bbox 610 1933 685 1990; x_wconf 91' lang='lat' dir='ltr'>qui</span> <span class='ocrx_word' id='word_1_312' title='bbox 706 1934 1009 1991; x_wconf 76' lang='lat' dir='ltr'>praecederent</span> <span class='ocrx_word' id='word_1_313' title='bbox 1033 1949 1147 1978; x_wconf 90' lang='lat' dir='ltr'>eum.</span> <span class='ocrx_word' id='word_1_314' title='bbox 1173 1934 1191 1961; x_wconf 64' lang='lat'>2</span> <span class='ocrx_word' id='word_1_315' title='bbox 1215 1936 1273 1978; x_wconf 86' lang='lat' dir='ltr'>Et</span> <span class='ocrx_word' id='word_1_316' title='bbox 1294 1950 1425 1978; x_wconf 86' lang='lat' dir='ltr'>mane</span> <span class='ocrx_word' id='word_1_317' title='bbox 1450 1949 1717 1991; x_wconf 86' lang='lat' dir='ltr'>consurgens</span> <span class='ocrx_word' id='word_1_318' title='bbox 1743 1935 1958 1979; x_wconf 89' lang='lat' dir='ltr'>Absalom</span> 
     </span>
     <span class='ocr_line' id='line_1_29' title="bbox 125 1993 1957 2051; baseline 0 -14"><span class='ocrx_word' id='word_1_319' title='bbox 125 1993 273 2037; x_wconf 89' lang='lat' dir='ltr'>stabat</span> <span class='ocrx_word' id='word_1_320' title='bbox 297 1993 427 2050; x_wconf 78' lang='lat' dir='ltr'>juxta</span> <span class='ocrx_word' id='word_1_321' title='bbox 450 1993 683 2036; x_wconf 90' lang='lat' dir='ltr'>introitum</span> <span class='ocrx_word' id='word_1_322' title='bbox 707 1998 868 2050; x_wconf 76' lang='lat' dir='ltr'>portae,</span> <span class='ocrx_word' id='word_1_323' title='bbox 895 1999 938 2037; x_wconf 92' lang='lat' dir='ltr'>et</span> <span class='ocrx_word' id='word_1_324' title='bbox 964 2007 1141 2037; x_wconf 91' lang='lat' dir='ltr'>omnem</span> <span class='ocrx_word' id='word_1_325' title='bbox 1170 1994 1316 2037; x_wconf 87' lang='lat' dir='ltr'>virum</span> <span class='ocrx_word' id='word_1_326' title='bbox 1337 1994 1411 2051; x_wconf 90' lang='lat' dir='ltr'>qui</span> <span class='ocrx_word' id='word_1_327' title='bbox 1436 1994 1632 2037; x_wconf 89' lang='lat' dir='ltr'>habebat</span> <span class='ocrx_word' id='word_1_328' title='bbox 1656 1994 1885 2051; x_wconf 91' lang='lat' dir='ltr'>negotium</span> <span class='ocrx_word' id='word_1_329' title='bbox 1909 2000 1957 2037; x_wconf 89' lang='lat' dir='ltr'>ut</span> 
     </span>
     <span class='ocr_line' id='line_1_30' title="bbox 125 2052 1957 2109; baseline 0.001 -14"><span class='ocrx_word' id='word_1_330' title='bbox 125 2053 296 2096; x_wconf 79' lang='lat' dir='ltr'>veniret</span> <span class='ocrx_word' id='word_1_331' title='bbox 327 2052 384 2096; x_wconf 90' lang='lat' dir='ltr'>ad</span> <span class='ocrx_word' id='word_1_332' title='bbox 416 2052 532 2108; x_wconf 91' lang='lat' dir='ltr'>regis</span> <span class='ocrx_word' id='word_1_333' title='bbox 563 2052 784 2108; x_wconf 81' lang='lat' dir='ltr'>judicium</span> <span class='ocrx_word' id='word_1_334' title='bbox 816 2052 1006 2096; x_wconf 84' lang='lat' dir='ltr'>vocabat</span> <span class='ocrx_word' id='word_1_335' title='bbox 1038 2052 1255 2096; x_wconf 88' lang='lat' dir='ltr'>Absalom</span> <span class='ocrx_word' id='word_1_336' title='bbox 1282 2053 1340 2097; x_wconf 90' lang='lat' dir='ltr'>ad</span> <span class='ocrx_word' id='word_1_337' title='bbox 1372 2067 1439 2109; x_wconf 87' lang='lat' dir='ltr'>se,</span> <span class='ocrx_word' id='word_1_338' title='bbox 1470 2058 1515 2096; x_wconf 92' lang='lat' dir='ltr'>et</span> <span class='ocrx_word' id='word_1_339' title='bbox 1543 2053 1751 2097; x_wconf 90' lang='lat' dir='ltr'>dicebat:</span> <span class='ocrx_word' id='word_1_340' title='bbox 1780 2054 1847 2097; x_wconf 95' lang='lat' dir='ltr'>De</span> <span class='ocrx_word' id='word_1_341' title='bbox 1873 2068 1957 2109; x_wconf 90' lang='lat' dir='ltr'>qua</span> 
     </span>
     <span class='ocr_line' id='line_1_31' title="bbox 125 2111 1957 2168; baseline 0 -14"><span class='ocrx_word' id='word_1_342' title='bbox 125 2112 309 2155; x_wconf 86' lang='lat' dir='ltr'>civitate</span> <span class='ocrx_word' id='word_1_343' title='bbox 341 2126 385 2155; x_wconf 87' lang='lat' dir='ltr'>es</span> <span class='ocrx_word' id='word_1_344' title='bbox 418 2111 500 2155; x_wconf 81' lang='lat' dir='ltr'>tu?</span> <span class='ocrx_word' id='word_1_345' title='bbox 538 2112 619 2162; x_wconf 83' lang='lat' dir='ltr'>Qui</span> <span class='ocrx_word' id='word_1_346' title='bbox 651 2111 921 2168; x_wconf 88' lang='lat' dir='ltr'>respondens</span> <span class='ocrx_word' id='word_1_347' title='bbox 954 2111 1104 2155; x_wconf 89' lang='lat' dir='ltr'>aiebat</span> <span class='ocrx_word' id='word_1_348' title='bbox 1134 2128 1142 2156; x_wconf 93' lang='lat'><strong>:</strong></span> <span class='ocrx_word' id='word_1_349' title='bbox 1182 2114 1251 2156; x_wconf 86' lang='lat' dir='ltr'>Ex</span> <span class='ocrx_word' id='word_1_350' title='bbox 1287 2127 1376 2156; x_wconf 91' lang='lat' dir='ltr'>una</span> <span class='ocrx_word' id='word_1_351' title='bbox 1414 2112 1533 2156; x_wconf 80' lang='lat' dir='ltr'>tribu</span> <span class='ocrx_word' id='word_1_352' title='bbox 1569 2113 1708 2155; x_wconf 89' lang='lat' dir='ltr'>Israel</span> <span class='ocrx_word' id='word_1_353' title='bbox 1742 2127 1821 2168; x_wconf 90' lang='lat' dir='ltr'>ego</span> <span class='ocrx_word' id='word_1_354' title='bbox 1859 2127 1957 2155; x_wconf 91' lang='lat' dir='ltr'>sum</span> 
     </span>
     <span class='ocr_line' id='line_1_32' title="bbox 125 2170 1955 2228; baseline 0 -14"><span class='ocrx_word' id='word_1_355' title='bbox 125 2185 276 2214; x_wconf 89' lang='lat' dir='ltr'>servus</span> <span class='ocrx_word' id='word_1_356' title='bbox 301 2176 417 2213; x_wconf 90' lang='lat' dir='ltr'>tuus.</span> <span class='ocrx_word' id='word_1_357' title='bbox 451 2170 469 2197; x_wconf 84' lang='lat'><strong>3</strong></span> <span class='ocrx_word' id='word_1_358' title='bbox 491 2170 891 2228; x_wconf 89' lang='lat' dir='ltr'>Respondebatque</span> <span class='ocrx_word' id='word_1_359' title='bbox 916 2171 956 2214; x_wconf 91' lang='lat' dir='ltr'>ei</span> <span class='ocrx_word' id='word_1_360' title='bbox 981 2171 1198 2215; x_wconf 87' lang='lat' dir='ltr'>Absalom</span> <span class='ocrx_word' id='word_1_361' title='bbox 1220 2189 1229 2217; x_wconf 87' lang='lat'>:</span> <span class='ocrx_word' id='word_1_362' title='bbox 1256 2171 1477 2215; x_wconf 85' lang='lat' dir='ltr'>Videntur</span> <span class='ocrx_word' id='word_1_363' title='bbox 1508 2171 1618 2214; x_wconf 90' lang='lat' dir='ltr'>mihi</span> <span class='ocrx_word' id='word_1_364' title='bbox 1643 2185 1865 2215; x_wconf 90' lang='lat' dir='ltr'>sermones</span> <span class='ocrx_word' id='word_1_365' title='bbox 1891 2171 1955 2214; x_wconf 83' lang='lat' dir='ltr'>tui</span> 
     </span>
     <span class='ocr_line' id='line_1_33' title="bbox 125 2229 1957 2287; baseline 0.001 -15"><span class='ocrx_word' id='word_1_366' title='bbox 125 2229 228 2273; x_wconf 90' lang='lat' dir='ltr'>boni</span> <span class='ocrx_word' id='word_1_367' title='bbox 259 2235 302 2272; x_wconf 90' lang='lat' dir='ltr'>et</span> <span class='ocrx_word' id='word_1_368' title='bbox 333 2229 468 2286; x_wconf 81' lang='lat' dir='ltr'>justi3</span> <span class='ocrx_word' id='word_1_369' title='bbox 503 2229 580 2273; x_wconf 90' lang='lat' dir='ltr'>sed</span> <span class='ocrx_word' id='word_1_370' title='bbox 612 2243 700 2273; x_wconf 91' lang='lat' dir='ltr'>non</span> <span class='ocrx_word' id='word_1_371' title='bbox 733 2235 799 2273; x_wconf 91' lang='lat' dir='ltr'>est</span> <span class='ocrx_word' id='word_1_372' title='bbox 825 2230 897 2286; x_wconf 91' lang='lat' dir='ltr'>qui</span> <span class='ocrx_word' id='word_1_373' title='bbox 927 2235 970 2273; x_wconf 93' lang='lat' dir='ltr'>te</span> <span class='ocrx_word' id='word_1_374' title='bbox 996 2230 1149 2274; x_wconf 88' lang='lat' dir='ltr'>audiat</span> <span class='ocrx_word' id='word_1_375' title='bbox 1182 2231 1447 2275; x_wconf 88' lang='lat' dir='ltr'>constitutus</span> <span class='ocrx_word' id='word_1_376' title='bbox 1479 2245 1506 2274; x_wconf 90' lang='lat' dir='ltr'>a</span> <span class='ocrx_word' id='word_1_377' title='bbox 1537 2245 1653 2287; x_wconf 85' lang='lat' dir='ltr'>rege.</span> <span class='ocrx_word' id='word_1_378' title='bbox 1681 2230 1957 2286; x_wconf 91' lang='lat' dir='ltr'>Dicebatque</span> 
     </span>
     <span class='ocr_line' id='line_1_34' title="bbox 125 2288 1957 2347; baseline 0.001 -16"><span class='ocrx_word' id='word_1_379' title='bbox 125 2288 341 2331; x_wconf 88' lang='lat' dir='ltr'>Absalom</span> <span class='ocrx_word' id='word_1_380' title='bbox 364 2305 372 2331; x_wconf 91' lang='lat'>:</span> <span class='ocrx_word' id='word_1_381' title='bbox 400 2288 418 2315; x_wconf 77' lang='lat'>4</span> <span class='ocrx_word' id='word_1_382' title='bbox 443 2288 547 2339; x_wconf 83' lang='lat' dir='ltr'>Quis</span> <span class='ocrx_word' id='word_1_383' title='bbox 573 2303 643 2331; x_wconf 90' lang='lat' dir='ltr'>me</span> <span class='ocrx_word' id='word_1_384' title='bbox 669 2289 910 2332; x_wconf 86' lang='lat' dir='ltr'>constituat</span> <span class='ocrx_word' id='word_1_385' title='bbox 934 2289 1133 2345; x_wconf 82' lang='lat' dir='ltr'>judicem</span> <span class='ocrx_word' id='word_1_386' title='bbox 1161 2305 1290 2347; x_wconf 87' lang='lat' dir='ltr'>super</span> <span class='ocrx_word' id='word_1_387' title='bbox 1315 2294 1497 2346; x_wconf 87' lang='lat' dir='ltr'>terram,</span> <span class='ocrx_word' id='word_1_388' title='bbox 1520 2295 1569 2333; x_wconf 93' lang='lat' dir='ltr'>ut</span> <span class='ocrx_word' id='word_1_389' title='bbox 1592 2289 1649 2333; x_wconf 90' lang='lat' dir='ltr'>ad</span> <span class='ocrx_word' id='word_1_390' title='bbox 1676 2304 1746 2333; x_wconf 89' lang='lat' dir='ltr'>me</span> <span class='ocrx_word' id='word_1_391' title='bbox 1774 2289 1957 2333; x_wconf 79' lang='lat' dir='ltr'>veniant</span> 
     </span>
     <span class='ocr_line' id='line_1_35' title="bbox 125 2347 1956 2405; baseline 0.001 -15"><span class='ocrx_word' id='word_1_392' title='bbox 125 2362 276 2391; x_wconf 88' lang='lat' dir='ltr'>omnes</span> <span class='ocrx_word' id='word_1_393' title='bbox 303 2348 375 2403; x_wconf 91' lang='lat' dir='ltr'>qui</span> <span class='ocrx_word' id='word_1_394' title='bbox 408 2347 576 2391; x_wconf 88' lang='lat' dir='ltr'>habent</span> <span class='ocrx_word' id='word_1_395' title='bbox 604 2348 854 2404; x_wconf 86' lang='lat' dir='ltr'>negotium,</span> <span class='ocrx_word' id='word_1_396' title='bbox 880 2353 924 2391; x_wconf 89' lang='lat' dir='ltr'>et</span> <span class='ocrx_word' id='word_1_397' title='bbox 955 2348 1073 2405; x_wconf 84' lang='lat' dir='ltr'>juste</span> <span class='ocrx_word' id='word_1_398' title='bbox 1105 2349 1335 2405; x_wconf 81' lang='lat' dir='ltr'>judicem?</span> <span class='ocrx_word' id='word_1_399' title='bbox 1369 2349 1386 2376; x_wconf 81' lang='lat'>⁵</span> <span class='ocrx_word' id='word_1_400' title='bbox 1408 2349 1492 2393; x_wconf 86' lang='lat' dir='ltr'>Sed</span> <span class='ocrx_word' id='word_1_401' title='bbox 1518 2354 1562 2393; x_wconf 92' lang='lat' dir='ltr'>et</span> <span class='ocrx_word' id='word_1_402' title='bbox 1594 2363 1694 2392; x_wconf 87' lang='lat' dir='ltr'>cum</span> <span class='ocrx_word' id='word_1_403' title='bbox 1725 2348 1956 2392; x_wconf 88' lang='lat' dir='ltr'>accederet</span> 
     </span>
     <span class='ocr_line' id='line_1_36' title="bbox 125 2406 1956 2465; baseline 0.001 -16"><span class='ocrx_word' id='word_1_404' title='bbox 125 2407 182 2450; x_wconf 87' lang='lat' dir='ltr'>ad</span> <span class='ocrx_word' id='word_1_405' title='bbox 204 2421 305 2450; x_wconf 87' lang='lat' dir='ltr'>eum</span> <span class='ocrx_word' id='word_1_406' title='bbox 329 2407 462 2450; x_wconf 90' lang='lat' dir='ltr'>homo</span> <span class='ocrx_word' id='word_1_407' title='bbox 486 2412 536 2450; x_wconf 90' lang='lat' dir='ltr'>ut</span> <span class='ocrx_word' id='word_1_408' title='bbox 563 2406 777 2450; x_wconf 87' lang='lat' dir='ltr'>salutaret</span> <span class='ocrx_word' id='word_1_409' title='bbox 799 2407 949 2462; x_wconf 89' lang='lat' dir='ltr'>illum,</span> <span class='ocrx_word' id='word_1_410' title='bbox 976 2408 1245 2452; x_wconf 87' lang='lat' dir='ltr'>extendebat</span> <span class='ocrx_word' id='word_1_411' title='bbox 1270 2423 1452 2451; x_wconf 90' lang='lat' dir='ltr'>manum</span> <span class='ocrx_word' id='word_1_412' title='bbox 1475 2423 1622 2463; x_wconf 89' lang='lat' dir='ltr'>suam,</span> <span class='ocrx_word' id='word_1_413' title='bbox 1649 2413 1692 2451; x_wconf 93' lang='lat' dir='ltr'>et</span> <span class='ocrx_word' id='word_1_414' title='bbox 1712 2407 1956 2465; x_wconf 86' lang='lat' dir='ltr'>apprehen-</span> 
     </span>
     <span class='ocr_line' id='line_1_37' title="bbox 126 2465 1954 2522; baseline 0 -14"><span class='ocrx_word' id='word_1_415' title='bbox 126 2465 235 2509; x_wconf 89' lang='lat' dir='ltr'>dens</span> <span class='ocrx_word' id='word_1_416' title='bbox 260 2465 543 2509; x_wconf 89' lang='lat' dir='ltr'>osculabatur</span> <span class='ocrx_word' id='word_1_417' title='bbox 567 2480 681 2509; x_wconf 91' lang='lat' dir='ltr'>eum.</span> <span class='ocrx_word' id='word_1_418' title='bbox 716 2466 733 2493; x_wconf 73' lang='lat'>⁶</span> <span class='ocrx_word' id='word_1_419' title='bbox 755 2466 1054 2522; x_wconf 89' lang='lat' dir='ltr'>Faciebatque</span> <span class='ocrx_word' id='word_1_420' title='bbox 1079 2467 1162 2510; x_wconf 92' lang='grc'><strong>1100</strong></span> <span class='ocrx_word' id='word_1_421' title='bbox 1195 2467 1315 2510; x_wconf 87' lang='grc'><strong>0111111</strong></span> <span class='ocrx_word' id='word_1_422' title='bbox 1348 2467 1488 2510; x_wconf 89' lang='lat' dir='ltr'>Israel</span> <span class='ocrx_word' id='word_1_423' title='bbox 1520 2467 1718 2510; x_wconf 90' lang='lat' dir='ltr'>venienti</span> <span class='ocrx_word' id='word_1_424' title='bbox 1750 2466 1806 2509; x_wconf 91' lang='lat' dir='ltr'>ad</span> <span class='ocrx_word' id='word_1_425' title='bbox 1838 2466 1954 2522; x_wconf 80' lang='lat' dir='ltr'>judi-</span> 
     </span>
     <span class='ocr_line' id='line_1_38' title="bbox 126 2524 1687 2582; baseline 0 -14"><span class='ocrx_word' id='word_1_426' title='bbox 126 2524 243 2568; x_wconf 86' lang='lat' dir='ltr'>cium</span> <span class='ocrx_word' id='word_1_427' title='bbox 269 2530 318 2567; x_wconf 93' lang='lat' dir='ltr'>ut</span> <span class='ocrx_word' id='word_1_428' title='bbox 342 2525 567 2569; x_wconf 85' lang='lat' dir='ltr'>audiretur</span> <span class='ocrx_word' id='word_1_429' title='bbox 591 2540 617 2568; x_wconf 88' lang='lat' dir='ltr'>a</span> <span class='ocrx_word' id='word_1_430' title='bbox 641 2540 765 2582; x_wconf 89' lang='lat' dir='ltr'>rege,</span> <span class='ocrx_word' id='word_1_431' title='bbox 792 2530 837 2568; x_wconf 90' lang='lat' dir='ltr'>et</span> <span class='ocrx_word' id='word_1_432' title='bbox 860 2525 1133 2568; x_wconf 85' lang='lat' dir='ltr'>sollicitabat</span> <span class='ocrx_word' id='word_1_433' title='bbox 1158 2526 1291 2569; x_wconf 87' lang='lat' dir='ltr'>corda</span> <span class='ocrx_word' id='word_1_434' title='bbox 1315 2526 1509 2569; x_wconf 81' lang='lat' dir='ltr'>virorum</span> <span class='ocrx_word' id='word_1_435' title='bbox 1534 2526 1687 2569; x_wconf 88' lang='lat' dir='ltr'>Israel.</span> 
     </span>
    </p>

    <p class='ocr_par' dir='ltr' id='par_1_7' title="bbox 124 2583 1954 3283">
     <span class='ocr_line' id='line_1_39' title="bbox 184 2583 1954 2640; baseline 0.001 -14"><span class='ocrx_word' id='word_1_436' title='bbox 184 2583 199 2609; x_wconf 83' lang='lat'>7</span> <span class='ocrx_word' id='word_1_437' title='bbox 227 2584 332 2627; x_wconf 90' lang='lat' dir='ltr'>Post</span> <span class='ocrx_word' id='word_1_438' title='bbox 365 2584 660 2640; x_wconf 88' lang='lat' dir='ltr'>quadraginta</span> <span class='ocrx_word' id='word_1_439' title='bbox 696 2589 846 2627; x_wconf 90' lang='lat' dir='ltr'>autem</span> <span class='ocrx_word' id='word_1_440' title='bbox 886 2598 1046 2639; x_wconf 89' lang='lat' dir='ltr'>annos,</span> <span class='ocrx_word' id='word_1_441' title='bbox 1081 2585 1196 2628; x_wconf 82' lang='lat' dir='ltr'>dixit</span> <span class='ocrx_word' id='word_1_442' title='bbox 1231 2585 1448 2628; x_wconf 84' lang='lat' dir='ltr'>Absalom</span> <span class='ocrx_word' id='word_1_443' title='bbox 1483 2585 1540 2627; x_wconf 88' lang='lat' dir='ltr'>ad</span> <span class='ocrx_word' id='word_1_444' title='bbox 1576 2599 1726 2640; x_wconf 89' lang='lat' dir='ltr'>regem</span> <span class='ocrx_word' id='word_1_445' title='bbox 1764 2584 1911 2627; x_wconf 88' lang='lat' dir='ltr'>David</span> <span class='ocrx_word' id='word_1_446' title='bbox 1944 2601 1954 2628; x_wconf 71' lang='grc' dir='ltr'>ε</span> 
     </span>
     <span class='ocr_line' id='line_1_40' title="bbox 126 2642 1954 2699; baseline 0 -13"><span class='ocrx_word' id='word_1_447' title='bbox 126 2642 322 2697; x_wconf 89' lang='lat' dir='ltr'>Vadam,</span> <span class='ocrx_word' id='word_1_448' title='bbox 357 2648 400 2686; x_wconf 92' lang='lat' dir='ltr'>et</span> <span class='ocrx_word' id='word_1_449' title='bbox 437 2643 623 2687; x_wconf 88' lang='lat' dir='ltr'>reddam</span> <span class='ocrx_word' id='word_1_450' title='bbox 654 2648 758 2687; x_wconf 87' lang='lat' dir='ltr'>vota</span> <span class='ocrx_word' id='word_1_451' title='bbox 794 2658 892 2687; x_wconf 88' lang='lat' dir='ltr'>mea</span> <span class='ocrx_word' id='word_1_452' title='bbox 925 2658 1024 2699; x_wconf 77' lang='lat' dir='ltr'>quae</span> <span class='ocrx_word' id='word_1_453' title='bbox 1066 2644 1166 2687; x_wconf 87' lang='lat' dir='ltr'>vovi</span> <span class='ocrx_word' id='word_1_454' title='bbox 1200 2644 1392 2687; x_wconf 90' lang='lat' dir='ltr'>Domino</span> <span class='ocrx_word' id='word_1_455' title='bbox 1423 2644 1470 2686; x_wconf 91' lang='lat' dir='ltr'>in</span> <span class='ocrx_word' id='word_1_456' title='bbox 1504 2643 1717 2698; x_wconf 89' lang='lat' dir='ltr'>Hebr0n;</span> <span class='ocrx_word' id='word_1_457' title='bbox 1749 2642 1766 2669; x_wconf 77' lang='lat'>8</span> <span class='ocrx_word' id='word_1_458' title='bbox 1787 2656 1954 2686; x_wconf 87' lang='lat' dir='ltr'>vovens</span> 
     </span>
     <span class='ocr_line' id='line_1_41' title="bbox 132 2696 1954 2757; baseline 0.003 -18"><span class='ocrx_word' id='word_1_459' title='bbox 132 2696 252 2739; x_wconf 88' lang='lat' dir='ltr'>enim</span> <span class='ocrx_word' id='word_1_460' title='bbox 287 2698 411 2740; x_wconf 82' lang='lat' dir='ltr'>vovit</span> <span class='ocrx_word' id='word_1_461' title='bbox 448 2713 600 2742; x_wconf 89' lang='lat' dir='ltr'>servus</span> <span class='ocrx_word' id='word_1_462' title='bbox 640 2704 763 2754; x_wconf 91' lang='lat' dir='ltr'>tuus,</span> <span class='ocrx_word' id='word_1_463' title='bbox 805 2716 906 2744; x_wconf 93' lang='lat' dir='ltr'>cum</span> <span class='ocrx_word' id='word_1_464' title='bbox 947 2704 1062 2744; x_wconf 86' lang='lat' dir='ltr'>esset</span> <span class='ocrx_word' id='word_1_465' title='bbox 1093 2699 1141 2742; x_wconf 90' lang='lat' dir='ltr'>in</span> <span class='ocrx_word' id='word_1_466' title='bbox 1182 2701 1348 2744; x_wconf 81' lang='lat' dir='ltr'>Gessur</span> <span class='ocrx_word' id='word_1_467' title='bbox 1386 2700 1546 2757; x_wconf 77' lang='lat' dir='ltr'>Syriae,</span> <span class='ocrx_word' id='word_1_468' title='bbox 1581 2700 1771 2744; x_wconf 88' lang='lat' dir='ltr'>dicens:</span> <span class='ocrx_word' id='word_1_469' title='bbox 1812 2701 1858 2746; x_wconf 89' lang='lat' dir='ltr'>Si</span> <span class='ocrx_word' id='word_1_470' title='bbox 1888 2716 1954 2745; x_wconf 89' lang='lat' dir='ltr'>re-</span> 
     </span>
     <span class='ocr_line' id='line_1_42' title="bbox 127 2754 1953 2816; baseline 0.003 -18"><span class='ocrx_word' id='word_1_471' title='bbox 127 2754 302 2798; x_wconf 87' lang='lat' dir='ltr'>duxerit</span> <span class='ocrx_word' id='word_1_472' title='bbox 325 2769 396 2798; x_wconf 88' lang='lat' dir='ltr'>me</span> <span class='ocrx_word' id='word_1_473' title='bbox 422 2756 637 2799; x_wconf 90' lang='lat' dir='ltr'>Dominus</span> <span class='ocrx_word' id='word_1_474' title='bbox 662 2757 709 2800; x_wconf 91' lang='lat' dir='ltr'>in</span> <span class='ocrx_word' id='word_1_475' title='bbox 735 2757 1003 2812; x_wconf 80' lang='lat' dir='ltr'>Jerusalem,</span> <span class='ocrx_word' id='word_1_476' title='bbox 1026 2758 1283 2801; x_wconf 87' lang='lat' dir='ltr'>sacrificabo</span> <span class='ocrx_word' id='word_1_477' title='bbox 1310 2758 1515 2802; x_wconf 89' lang='lat' dir='ltr'>Domino.</span> <span class='ocrx_word' id='word_1_478' title='bbox 1542 2758 1559 2785; x_wconf 85' lang='lat'>9</span> <span class='ocrx_word' id='word_1_479' title='bbox 1576 2759 1788 2816; x_wconf 82' lang='lat' dir='ltr'>Dixitque</span> <span class='ocrx_word' id='word_1_480' title='bbox 1813 2760 1852 2804; x_wconf 91' lang='lat' dir='ltr'>ei</span> <span class='ocrx_word' id='word_1_481' title='bbox 1878 2775 1953 2804; x_wconf 82' lang='lat' dir='ltr'>rex</span> 
     </span>
     <span class='ocr_line' id='line_1_43' title="bbox 126 2813 1953 2872; baseline 0.004 -17"><span class='ocrx_word' id='word_1_482' title='bbox 126 2813 273 2856; x_wconf 88' lang='lat' dir='ltr'>David</span> <span class='ocrx_word' id='word_1_483' title='bbox 301 2829 309 2857; x_wconf 96' lang='lat'><strong>:</strong></span> <span class='ocrx_word' id='word_1_484' title='bbox 337 2814 464 2858; x_wconf 86' lang='lat' dir='ltr'>Vade</span> <span class='ocrx_word' id='word_1_485' title='bbox 495 2814 542 2857; x_wconf 91' lang='lat' dir='ltr'>in</span> <span class='ocrx_word' id='word_1_486' title='bbox 574 2830 697 2872; x_wconf 87' lang='lat' dir='ltr'>pace.</span> <span class='ocrx_word' id='word_1_487' title='bbox 728 2817 786 2858; x_wconf 87' lang='lat' dir='ltr'>Et</span> <span class='ocrx_word' id='word_1_488' title='bbox 818 2816 1027 2872; x_wconf 87' lang='lat' dir='ltr'>surrexit,</span> <span class='ocrx_word' id='word_1_489' title='bbox 1062 2821 1104 2860; x_wconf 93' lang='lat' dir='ltr'>et</span> <span class='ocrx_word' id='word_1_490' title='bbox 1136 2817 1248 2860; x_wconf 90' lang='lat' dir='ltr'>abiit</span> <span class='ocrx_word' id='word_1_491' title='bbox 1279 2817 1326 2860; x_wconf 91' lang='lat' dir='ltr'>in</span> <span class='ocrx_word' id='word_1_492' title='bbox 1360 2818 1557 2862; x_wconf 88' lang='lat' dir='ltr'>Hebron.</span> <span class='ocrx_word' id='word_1_493' title='bbox 1592 2817 1628 2844; x_wconf 85' lang='lat'>¹⁰</span> <span class='ocrx_word' id='word_1_494' title='bbox 1649 2818 1772 2862; x_wconf 89' lang='lat' dir='ltr'>Misit</span> <span class='ocrx_word' id='word_1_495' title='bbox 1804 2824 1953 2862; x_wconf 88' lang='lat' dir='ltr'>autem</span> 
     </span>
     <span class='ocr_line' id='line_1_44' title="bbox 124 2872 1952 2932; baseline 0.004 -18"><span class='ocrx_word' id='word_1_496' title='bbox 124 2872 341 2915; x_wconf 88' lang='lat' dir='ltr'>Absalom</span> <span class='ocrx_word' id='word_1_497' title='bbox 374 2873 672 2930; x_wconf 87' lang='lat' dir='ltr'>exploratores</span> <span class='ocrx_word' id='word_1_498' title='bbox 704 2875 751 2917; x_wconf 91' lang='lat' dir='ltr'>in</span> <span class='ocrx_word' id='word_1_499' title='bbox 776 2875 1003 2918; x_wconf 89' lang='lat' dir='ltr'>universas</span> <span class='ocrx_word' id='word_1_500' title='bbox 1039 2875 1179 2919; x_wconf 89' lang='lat' dir='ltr'>tribus</span> <span class='ocrx_word' id='word_1_501' title='bbox 1208 2876 1370 2932; x_wconf 86' lang='lat' dir='ltr'>Israel,</span> <span class='ocrx_word' id='word_1_502' title='bbox 1397 2876 1549 2920; x_wconf 90' lang='lat' dir='ltr'>dicens</span> <span class='ocrx_word' id='word_1_503' title='bbox 1576 2894 1584 2921; x_wconf 92' lang='lat'><strong>:</strong></span> <span class='ocrx_word' id='word_1_504' title='bbox 1611 2877 1772 2921; x_wconf 86' lang='lat' dir='ltr'>Statim</span> <span class='ocrx_word' id='word_1_505' title='bbox 1804 2884 1853 2921; x_wconf 91' lang='lat' dir='ltr'>ut</span> <span class='ocrx_word' id='word_1_506' title='bbox 1877 2893 1952 2922; x_wconf 88' lang='grc'><strong>011-</strong></span> 
     </span>
     <span class='ocr_line' id='line_1_45' title="bbox 125 2930 1950 2991; baseline 0.004 -18"><span class='ocrx_word' id='word_1_507' title='bbox 125 2930 294 2974; x_wconf 89' lang='lat' dir='ltr'>dieritis</span> <span class='ocrx_word' id='word_1_508' title='bbox 340 2932 595 2988; x_wconf 89' lang='lat' dir='ltr'>clangorem</span> <span class='ocrx_word' id='word_1_509' title='bbox 634 2933 861 2989; x_wconf 83' lang='lat' dir='ltr'>buccinae,</span> <span class='ocrx_word' id='word_1_510' title='bbox 903 2933 1038 2978; x_wconf 89' lang='lat' dir='ltr'>dicite</span> <span class='ocrx_word' id='word_1_511' title='bbox 1077 2951 1086 2978; x_wconf 75' lang='grc' dir='ltr'>ε</span> <span class='ocrx_word' id='word_1_512' title='bbox 1132 2935 1354 2991; x_wconf 89' lang='lat' dir='ltr'>Regnavit</span> <span class='ocrx_word' id='word_1_513' title='bbox 1400 2935 1617 2980; x_wconf 89' lang='lat' dir='ltr'>Absalom</span> <span class='ocrx_word' id='word_1_514' title='bbox 1658 2936 1706 2979; x_wconf 91' lang='lat' dir='ltr'>in</span> <span class='ocrx_word' id='word_1_515' title='bbox 1755 2937 1950 2981; x_wconf 90' lang='lat' dir='ltr'>Hebron.</span> 
     </span>
     <span class='ocr_line' id='line_1_46' title="bbox 126 2989 1951 3051; baseline 0.004 -19"><span class='ocrx_word' id='word_1_516' title='bbox 126 2989 159 3015; x_wconf 87' lang='grc'>11</span> <span class='ocrx_word' id='word_1_517' title='bbox 187 2990 319 3033; x_wconf 89' lang='lat' dir='ltr'>Porro</span> <span class='ocrx_word' id='word_1_518' title='bbox 354 3005 454 3034; x_wconf 91' lang='lat' dir='ltr'>cum</span> <span class='ocrx_word' id='word_1_519' title='bbox 485 2992 702 3035; x_wconf 87' lang='lat' dir='ltr'>Absalom</span> <span class='ocrx_word' id='word_1_520' title='bbox 735 2992 879 3036; x_wconf 90' lang='lat' dir='ltr'>ierunt</span> <span class='ocrx_word' id='word_1_521' title='bbox 912 2993 1090 3037; x_wconf 90' lang='lat' dir='ltr'>ducenti</span> <span class='ocrx_word' id='word_1_522' title='bbox 1123 2994 1206 3037; x_wconf 87' lang='lat' dir='ltr'>viri</span> <span class='ocrx_word' id='word_1_523' title='bbox 1237 2994 1291 3038; x_wconf 91' lang='lat' dir='ltr'>de</span> <span class='ocrx_word' id='word_1_524' title='bbox 1325 2995 1574 3038; x_wconf 84' lang='lat' dir='ltr'>Jerusalem</span> <span class='ocrx_word' id='word_1_525' title='bbox 1606 2996 1775 3051; x_wconf 87' lang='lat' dir='ltr'>vocati,</span> <span class='ocrx_word' id='word_1_526' title='bbox 1799 3003 1951 3040; x_wconf 87' lang='lat' dir='ltr'>euntes</span> 
     </span>
     <span class='ocr_line' id='line_1_47' title="bbox 124 3048 1951 3111; baseline 0.004 -21"><span class='ocrx_word' id='word_1_527' title='bbox 124 3048 317 3106; x_wconf 90' lang='lat' dir='ltr'>simplici</span> <span class='ocrx_word' id='word_1_528' title='bbox 343 3050 473 3094; x_wconf 90' lang='lat' dir='ltr'>corde</span> <span class='ocrx_word' id='word_1_529' title='bbox 498 3056 541 3094; x_wconf 92' lang='lat' dir='ltr'>et</span> <span class='ocrx_word' id='word_1_530' title='bbox 567 3066 747 3095; x_wconf 90' lang='lat' dir='ltr'>causam</span> <span class='ocrx_word' id='word_1_531' title='bbox 779 3052 955 3109; x_wconf 89' lang='lat' dir='ltr'>penitus</span> <span class='ocrx_word' id='word_1_532' title='bbox 979 3052 1247 3109; x_wconf 90' lang='lat' dir='ltr'>ignorantes.</span> <span class='ocrx_word' id='word_1_533' title='bbox 1280 3053 1315 3080; x_wconf 74' lang='lat'>¹⁶2</span> <span class='ocrx_word' id='word_1_534' title='bbox 1339 3054 1589 3098; x_wconf 88' lang='lat' dir='ltr'>Accersivit</span> <span class='ocrx_word' id='word_1_535' title='bbox 1614 3069 1783 3111; x_wconf 89' lang='lat' dir='ltr'>quoque</span> <span class='ocrx_word' id='word_1_536' title='bbox 1809 3055 1951 3098; x_wconf 87' lang='lat' dir='ltr'>Absa-</span> 
     </span>
     <span class='ocr_line' id='line_1_48' title="bbox 124 3107 1948 3169; baseline 0.005 -20"><span class='ocrx_word' id='word_1_537' title='bbox 124 3107 214 3150; x_wconf 91' lang='lat' dir='ltr'>lom</span> <span class='ocrx_word' id='word_1_538' title='bbox 249 3108 519 3165; x_wconf 92' lang='lat' dir='ltr'>Achitophel</span> <span class='ocrx_word' id='word_1_539' title='bbox 565 3110 830 3166; x_wconf 84' lang='lat' dir='ltr'>Gilonitem,</span> <span class='ocrx_word' id='word_1_540' title='bbox 867 3111 1169 3155; x_wconf 87' lang='lat' dir='ltr'>consiliarium</span> <span class='ocrx_word' id='word_1_541' title='bbox 1205 3112 1373 3169; x_wconf 86' lang='lat' dir='ltr'>David,</span> <span class='ocrx_word' id='word_1_542' title='bbox 1413 3113 1466 3157; x_wconf 91' lang='lat' dir='ltr'>de</span> <span class='ocrx_word' id='word_1_543' title='bbox 1499 3113 1681 3157; x_wconf 88' lang='lat' dir='ltr'>civitate</span> <span class='ocrx_word' id='word_1_544' title='bbox 1718 3128 1796 3157; x_wconf 87' lang='lat' dir='ltr'>sua</span> <span class='ocrx_word' id='word_1_545' title='bbox 1835 3115 1948 3159; x_wconf 86' lang='lat' dir='ltr'>Gilo.</span> 
     </span>
     <span class='ocr_line' id='line_1_49' title="bbox 126 3165 1951 3230; baseline 0.004 -21"><span class='ocrx_word' id='word_1_546' title='bbox 126 3165 323 3223; x_wconf 87' lang='lat' dir='ltr'>Cumque</span> <span class='ocrx_word' id='word_1_547' title='bbox 358 3167 609 3212; x_wconf 87' lang='lat' dir='ltr'>immolaret</span> <span class='ocrx_word' id='word_1_548' title='bbox 645 3169 876 3224; x_wconf 85' lang='lat' dir='ltr'>victimas,</span> <span class='ocrx_word' id='word_1_549' title='bbox 915 3170 1039 3214; x_wconf 77' lang='lat' dir='ltr'>facta</span> <span class='ocrx_word' id='word_1_550' title='bbox 1076 3177 1142 3215; x_wconf 92' lang='lat' dir='ltr'>est</span> <span class='ocrx_word' id='word_1_551' title='bbox 1178 3171 1426 3229; x_wconf 79' lang='lat' dir='ltr'>conjuratio</span> <span class='ocrx_word' id='word_1_552' title='bbox 1462 3172 1639 3228; x_wconf 89' lang='lat' dir='ltr'>valida,</span> <span class='ocrx_word' id='word_1_553' title='bbox 1677 3173 1951 3230; x_wconf 88' lang='lat' dir='ltr'>populusque</span> 
     </span>
     <span class='ocr_line' id='line_1_50' title="bbox 125 3228 1039 3283; baseline 0.008 -16"><span class='ocrx_word' id='word_1_554' title='bbox 125 3238 388 3270; x_wconf 89' lang='lat' dir='ltr'>concurrens</span> <span class='ocrx_word' id='word_1_555' title='bbox 413 3228 661 3283; x_wconf 86' lang='lat' dir='ltr'>augebatur</span> <span class='ocrx_word' id='word_1_556' title='bbox 686 3243 787 3272; x_wconf 88' lang='lat' dir='ltr'>cum</span> <span class='ocrx_word' id='word_1_557' title='bbox 811 3229 1039 3276; x_wconf 86' lang='lat' dir='ltr'>Absalom.</span> 
     </span>
    </p>

    <p class='ocr_par' dir='ltr' id='par_1_8' title="bbox 124 3283 1949 3694">
     <span class='ocr_line' id='line_1_51' title="bbox 184 3283 1949 3345; baseline 0.004 -18"><span class='ocrx_word' id='word_1_558' title='bbox 184 3283 220 3311; x_wconf 85' lang='lat'>¹3</span> <span class='ocrx_word' id='word_1_559' title='bbox 239 3285 374 3328; x_wconf 88' lang='lat' dir='ltr'>Venit</span> <span class='ocrx_word' id='word_1_560' title='bbox 397 3286 535 3342; x_wconf 90' lang='lat' dir='ltr'>igitur</span> <span class='ocrx_word' id='word_1_561' title='bbox 558 3287 740 3331; x_wconf 90' lang='lat' dir='ltr'>nuntius</span> <span class='ocrx_word' id='word_1_562' title='bbox 764 3288 821 3331; x_wconf 88' lang='lat' dir='ltr'>ad</span> <span class='ocrx_word' id='word_1_563' title='bbox 849 3289 1017 3345; x_wconf 88' lang='lat' dir='ltr'>David,</span> <span class='ocrx_word' id='word_1_564' title='bbox 1043 3289 1194 3333; x_wconf 90' lang='lat' dir='ltr'>dicens</span> <span class='ocrx_word' id='word_1_565' title='bbox 1229 3307 1237 3334; x_wconf 90' lang='lat'>:</span> <span class='ocrx_word' id='word_1_566' title='bbox 1263 3291 1373 3334; x_wconf 88' lang='lat' dir='ltr'>Toto</span> <span class='ocrx_word' id='word_1_567' title='bbox 1400 3291 1531 3335; x_wconf 91' lang='lat' dir='ltr'>corde</span> <span class='ocrx_word' id='word_1_568' title='bbox 1554 3291 1784 3334; x_wconf 89' lang='lat' dir='ltr'>universus</span> <span class='ocrx_word' id='word_1_569' title='bbox 1811 3290 1949 3334; x_wconf 87' lang='lat' dir='ltr'>Israel</span> 
     </span>
     <span class='ocr_line' id='line_1_52' title="bbox 124 3343 1948 3405; baseline 0.004 -20"><span class='ocrx_word' id='word_1_570' title='bbox 124 3343 321 3399; x_wconf 88' lang='lat' dir='ltr'>sequitur</span> <span class='ocrx_word' id='word_1_571' title='bbox 344 3344 574 3389; x_wconf 89' lang='lat' dir='ltr'>Absalom.</span> <span class='ocrx_word' id='word_1_572' title='bbox 603 3346 638 3373; x_wconf 76' lang='grc'>’11</span> <span class='ocrx_word' id='word_1_573' title='bbox 657 3348 713 3390; x_wconf 89' lang='lat' dir='ltr'>Et</span> <span class='ocrx_word' id='word_1_574' title='bbox 737 3347 800 3389; x_wconf 90' lang='lat' dir='ltr'>ait</span> <span class='ocrx_word' id='word_1_575' title='bbox 827 3347 973 3391; x_wconf 85' lang='lat' dir='ltr'>David</span> <span class='ocrx_word' id='word_1_576' title='bbox 998 3349 1135 3393; x_wconf 81' lang='lat' dir='ltr'>servis</span> <span class='ocrx_word' id='word_1_577' title='bbox 1160 3349 1250 3393; x_wconf 90' lang='lat' dir='ltr'>suis</span> <span class='ocrx_word' id='word_1_578' title='bbox 1276 3349 1350 3405; x_wconf 88' lang='lat' dir='ltr'>qui</span> <span class='ocrx_word' id='word_1_579' title='bbox 1383 3355 1507 3394; x_wconf 87' lang='lat' dir='ltr'>erant</span> <span class='ocrx_word' id='word_1_580' title='bbox 1540 3365 1640 3393; x_wconf 89' lang='lat' dir='ltr'>cum</span> <span class='ocrx_word' id='word_1_581' title='bbox 1667 3364 1715 3393; x_wconf 90' lang='lat' dir='ltr'>eo</span> <span class='ocrx_word' id='word_1_582' title='bbox 1748 3350 1794 3392; x_wconf 91' lang='lat' dir='ltr'>in</span> <span class='ocrx_word' id='word_1_583' title='bbox 1821 3350 1948 3393; x_wconf 78' lang='lat' dir='ltr'>Jeru-</span> 
     </span>
     <span class='ocr_line' id='line_1_53' title="bbox 124 3402 1948 3464; baseline 0.004 -20"><span class='ocrx_word' id='word_1_584' title='bbox 124 3402 263 3445; x_wconf 88' lang='lat' dir='ltr'>salem</span> <span class='ocrx_word' id='word_1_585' title='bbox 302 3420 310 3447; x_wconf 93' lang='lat'>:</span> <span class='ocrx_word' id='word_1_586' title='bbox 351 3403 548 3460; x_wconf 82' lang='lat' dir='ltr'>Surgite,</span> <span class='ocrx_word' id='word_1_587' title='bbox 587 3405 845 3461; x_wconf 76' lang='lat' dir='ltr'>fugiamus;</span> <span class='ocrx_word' id='word_1_588' title='bbox 884 3421 1024 3462; x_wconf 88' lang='lat' dir='ltr'>neque</span> <span class='ocrx_word' id='word_1_589' title='bbox 1064 3408 1183 3452; x_wconf 89' lang='lat' dir='ltr'>enim</span> <span class='ocrx_word' id='word_1_590' title='bbox 1219 3408 1301 3452; x_wconf 90' lang='lat' dir='ltr'>erit</span> <span class='ocrx_word' id='word_1_591' title='bbox 1340 3409 1468 3452; x_wconf 88' lang='lat' dir='ltr'>nobis</span> <span class='ocrx_word' id='word_1_592' title='bbox 1509 3409 1727 3464; x_wconf 84' lang='lat' dir='ltr'>effugium</span> <span class='ocrx_word' id='word_1_593' title='bbox 1763 3422 1789 3450; x_wconf 89' lang='lat' dir='ltr'>a</span> <span class='ocrx_word' id='word_1_594' title='bbox 1828 3408 1948 3452; x_wconf 88' lang='grc'><strong>10010</strong></span> 
     </span>
     <span class='ocr_line' id='line_1_54' title="bbox 126 3460 1947 3524; baseline 0.004 -21"><span class='ocrx_word' id='word_1_595' title='bbox 126 3460 353 3506; x_wconf 90' lang='lat' dir='ltr'>Absalom.</span> <span class='ocrx_word' id='word_1_596' title='bbox 393 3463 620 3508; x_wconf 86' lang='lat' dir='ltr'>Festinate</span> <span class='ocrx_word' id='word_1_597' title='bbox 656 3465 826 3520; x_wconf 86' lang='lat' dir='ltr'>egredi,</span> <span class='ocrx_word' id='word_1_598' title='bbox 864 3480 919 3508; x_wconf 90' lang='lat' dir='ltr'>ne</span> <span class='ocrx_word' id='word_1_599' title='bbox 954 3467 1071 3510; x_wconf 77' lang='lat' dir='ltr'>forte</span> <span class='ocrx_word' id='word_1_600' title='bbox 1106 3467 1288 3511; x_wconf 85' lang='lat' dir='ltr'>veniens</span> <span class='ocrx_word' id='word_1_601' title='bbox 1325 3472 1509 3524; x_wconf 91' lang='lat' dir='ltr'>occupet</span> <span class='ocrx_word' id='word_1_602' title='bbox 1549 3482 1626 3510; x_wconf 87' lang='lat' dir='ltr'>nos</span> <span class='ocrx_word' id='word_1_603' title='bbox 1667 3472 1710 3510; x_wconf 92' lang='lat' dir='ltr'>et</span> <span class='ocrx_word' id='word_1_604' title='bbox 1744 3466 1947 3524; x_wconf 89' lang='lat' dir='ltr'>impellat</span> 
     </span>
     <span class='ocr_line' id='line_1_55' title="bbox 126 3522 1947 3582; baseline 0.005 -21"><span class='ocrx_word' id='word_1_605' title='bbox 126 3532 254 3574; x_wconf 89' lang='lat' dir='ltr'>super</span> <span class='ocrx_word' id='word_1_606' title='bbox 284 3536 362 3565; x_wconf 87' lang='lat' dir='ltr'>nos</span> <span class='ocrx_word' id='word_1_607' title='bbox 395 3522 588 3578; x_wconf 88' lang='lat' dir='ltr'>ruinam,</span> <span class='ocrx_word' id='word_1_608' title='bbox 624 3529 666 3566; x_wconf 89' lang='lat' dir='ltr'>et</span> <span class='ocrx_word' id='word_1_609' title='bbox 699 3524 917 3580; x_wconf 87' lang='lat' dir='ltr'>percutiat</span> <span class='ocrx_word' id='word_1_610' title='bbox 949 3525 1178 3569; x_wconf 85' lang='lat' dir='ltr'>civitatem</span> <span class='ocrx_word' id='word_1_611' title='bbox 1209 3526 1256 3568; x_wconf 90' lang='lat' dir='ltr'>in</span> <span class='ocrx_word' id='word_1_612' title='bbox 1289 3541 1360 3570; x_wconf 89' lang='lat' dir='ltr'>ore</span> <span class='ocrx_word' id='word_1_613' title='bbox 1393 3526 1545 3581; x_wconf 89' lang='lat' dir='ltr'>gladii.</span> <span class='ocrx_word' id='word_1_614' title='bbox 1580 3525 1616 3552; x_wconf 78' lang='lat'>¹5</span> <span class='ocrx_word' id='word_1_615' title='bbox 1642 3526 1947 3582; x_wconf 88' lang='lat' dir='ltr'>Dixeruntque</span> 
     </span>
     <span class='ocr_line' id='line_1_56' title="bbox 126 3578 1947 3642; baseline 0.007 -25"><span class='ocrx_word' id='word_1_616' title='bbox 126 3578 239 3641; x_wconf 80' lang='lat' dir='ltr'>servi</span> <span class='ocrx_word' id='word_1_617' title='bbox 264 3582 378 3635; x_wconf 88' lang='lat' dir='ltr'>regis</span> <span class='ocrx_word' id='word_1_618' title='bbox 403 3581 459 3623; x_wconf 85' lang='lat' dir='ltr'>ad</span> <span class='ocrx_word' id='word_1_619' title='bbox 486 3596 587 3625; x_wconf 91' lang='lat' dir='ltr'>eum</span> <span class='ocrx_word' id='word_1_620' title='bbox 620 3599 628 3626; x_wconf 74' lang='grc' dir='ltr'>ε</span> <span class='ocrx_word' id='word_1_621' title='bbox 663 3582 822 3626; x_wconf 90' lang='lat' dir='ltr'>Omnia</span> <span class='ocrx_word' id='word_1_622' title='bbox 857 3597 1145 3641; x_wconf 75' lang='lat' dir='ltr'>quaecumque</span> <span class='ocrx_word' id='word_1_623' title='bbox 1178 3585 1437 3642; x_wconf 77' lang='lat' dir='ltr'>praeceperit</span> <span class='ocrx_word' id='word_1_624' title='bbox 1470 3584 1673 3627; x_wconf 91' lang='lat' dir='ltr'>dominus</span> <span class='ocrx_word' id='word_1_625' title='bbox 1699 3589 1846 3628; x_wconf 90' lang='lat' dir='ltr'>noster</span> <span class='ocrx_word' id='word_1_626' title='bbox 1869 3599 1947 3629; x_wconf 81' lang='lat' dir='ltr'>rex</span> 
     </span>
     <span class='ocr_line' id='line_1_57' title="bbox 127 3632 845 3694; baseline 0.013 -19"><span class='ocrx_word' id='word_1_627' title='bbox 127 3632 314 3680; x_wconf 79' lang='lat' dir='ltr'>libenter</span> <span class='ocrx_word' id='word_1_628' title='bbox 337 3652 605 3694; x_wconf 86' lang='lat' dir='ltr'>exequemur</span> <span class='ocrx_word' id='word_1_629' title='bbox 628 3641 741 3684; x_wconf 82' lang='lat' dir='ltr'>servi</span> <span class='ocrx_word' id='word_1_630' title='bbox 767 3641 845 3684; x_wconf 86' lang='lat' dir='ltr'>tui.</span> 
     </span>
    </p>
   </div>
   <div class='ocr_carea' id='block_1_5' title="bbox 2017 351 2254 473">
    <p class='ocr_par' dir='ltr' id='par_1_9' title="bbox 2017 351 2254 473">
     <span class='ocr_line' id='line_1_58' title="bbox 2049 351 2224 386; baseline 0.006 -8"><span class='ocrx_word' id='word_1_631' title='bbox 2049 351 2224 386; x_wconf 78' lang='lat' dir='ltr'>Absalom,</span> 
     </span>
     <span class='ocr_line' id='line_1_59' title="bbox 2017 394 2254 423; baseline 0.008 -2"><span class='ocrx_word' id='word_1_632' title='bbox 2017 395 2121 422; x_wconf 82' lang='lat' dir='ltr'>redux</span> <span class='ocrx_word' id='word_1_633' title='bbox 2145 394 2176 423; x_wconf 91' lang='lat' dir='ltr'>in</span> <span class='ocrx_word' id='word_1_634' title='bbox 2201 396 2254 423; x_wconf 85' lang='lat' dir='ltr'>Je-</span> 
     </span>
     <span class='ocr_line' id='line_1_60' title="bbox 2057 439 2218 473; baseline 0 -7"><span class='ocrx_word' id='word_1_635' title='bbox 2057 439 2218 473; x_wconf 66' lang='lat' dir='ltr'>rusalcm,</span> 
     </span>
    </p>
   </div>
   <div class='ocr_carea' id='block_1_6' title="bbox 2044 936 2237 1097">
    <p class='ocr_par' dir='ltr' id='par_1_10' title="bbox 2044 936 2237 1008">
     <span class='ocr_line' id='line_1_61' title="bbox 2073 936 2203 969; baseline -0.008 -5"><span class='ocrx_word' id='word_1_636' title='bbox 2073 936 2203 969; x_wconf 81' lang='lat' dir='ltr'>plenam</span> 
     </span>
     <span class='ocr_line' id='line_1_62' title="bbox 2044 979 2237 1008; baseline 0.005 -1"><span class='ocrx_word' id='word_1_637' title='bbox 2044 979 2237 1008; x_wconf 81' lang='lat' dir='ltr'>reconcilia·</span> 
     </span>
    </p>

    <p class='ocr_par' dir='ltr' id='par_1_11' title="bbox 2079 1023 2204 1051">
     <span class='ocr_line' id='line_1_63' title="bbox 2079 1023 2204 1051; baseline 0 0"><span class='ocrx_word' id='word_1_638' title='bbox 2079 1023 2204 1051; x_wconf 83' lang='lat' dir='ltr'>tionem</span> 
     </span>
    </p>

    <p class='ocr_par' dir='ltr' id='par_1_12' title="bbox 2073 1067 2212 1097">
     <span class='ocr_line' id='line_1_64' title="bbox 2073 1067 2212 1097; baseline -0.007 0"><span class='ocrx_word' id='word_1_639' title='bbox 2073 1067 2212 1097; x_wconf 81' lang='lat' dir='ltr'>obtinet.</span> 
     </span>
    </p>
   </div>
   <div class='ocr_carea' id='block_1_7' title="bbox 2033 1888 2255 2050">
    <p class='ocr_par' dir='ltr' id='par_1_13' title="bbox 2033 1888 2255 2050">
     <span class='ocr_line' id='line_1_65' title="bbox 2067 1888 2224 1917; baseline 0.013 -2"><span class='ocrx_word' id='word_1_640' title='bbox 2067 1888 2224 1917; x_wconf 79' lang='lat' dir='ltr'>Absalom</span> 
     </span>
     <span class='ocr_line' id='line_1_66' title="bbox 2063 1931 2225 1960; baseline 0.006 -1"><span class='ocrx_word' id='word_1_641' title='bbox 2063 1931 2225 1960; x_wconf 80' lang='lat' dir='ltr'>sollicitat</span> 
     </span>
     <span class='ocr_line' id='line_1_67' title="bbox 2033 1977 2255 2006; baseline 0.014 -3"><span class='ocrx_word' id='word_1_642' title='bbox 2033 1977 2133 2004; x_wconf 80' lang='lat' dir='ltr'>corda</span> <span class='ocrx_word' id='word_1_643' title='bbox 2150 1978 2255 2006; x_wconf 78' lang='lat' dir='ltr'>Israe-</span> 
     </span>
     <span class='ocr_line' id='line_1_68' title="bbox 2070 2020 2218 2050; baseline 0.014 -2"><span class='ocrx_word' id='word_1_644' title='bbox 2070 2020 2218 2050; x_wconf 82' lang='lat' dir='ltr'>litatum.</span> 
     </span>
    </p>
   </div>
   <div class='ocr_carea' id='block_1_8' title="bbox 2053 2595 2225 2715">
    <p class='ocr_par' dir='ltr' id='par_1_14' title="bbox 2053 2595 2225 2715">
     <span class='ocr_line' id='line_1_69' title="bbox 2053 2595 2225 2622; baseline 0.012 -2"><span class='ocrx_word' id='word_1_645' title='bbox 2053 2595 2225 2622; x_wconf 78' lang='lat' dir='ltr'>Adversus</span> 
     </span>
     <span class='ocr_line' id='line_1_70' title="bbox 2074 2640 2202 2669; baseline 0 -4"><span class='ocrx_word' id='word_1_646' title='bbox 2074 2640 2202 2669; x_wconf 76' lang='lat' dir='ltr'>patrem</span> 
     </span>
     <span class='ocr_line' id='line_1_71' title="bbox 2058 2680 2223 2715; baseline 0.012 -7"><span class='ocrx_word' id='word_1_647' title='bbox 2058 2680 2132 2715; x_wconf 85' lang='lat' dir='ltr'>conj</span> <span class='ocrx_word' id='word_1_648' title='bbox 2138 2684 2223 2710; x_wconf 87' lang='lat' dir='ltr'>urat.</span> 
     </span>
    </p>
   </div>
   <div class='ocr_carea' id='block_1_9' title="bbox 2065 3292 2202 3370">
    <p class='ocr_par' dir='ltr' id='par_1_15' title="bbox 2065 3292 2202 3370">
     <span class='ocr_line' id='line_1_72' title="bbox 2065 3292 2202 3322; baseline 0 -1"><span class='ocrx_word' id='word_1_649' title='bbox 2065 3292 2202 3322; x_wconf 82' lang='lat' dir='ltr'>Davidis</span> 
     </span>
     <span class='ocr_line' id='line_1_73' title="bbox 2086 3337 2177 3370; baseline 0.011 -6"><span class='ocrx_word' id='word_1_650' title='bbox 2086 3337 2177 3370; x_wconf 77' lang='lat' dir='ltr'>fuga.</span> 
     </span>
    </p>
   </div>
   <div class='ocr_carea' id='block_1_10' title="bbox 2428 2937 2446 3064">
    <p class='ocr_par' dir='ltr' id='par_1_16' title="bbox 2428 2937 2446 3064">
     <span class='ocr_line' id='line_1_74' title="bbox 2428 2937 2446 3064; textangle 90"><span class='ocrx_word' id='word_1_651' title='bbox 2428 3044 2437 3064; x_wconf 50' lang='lat' dir='ltr'>-s</span> <span class='ocrx_word' id='word_1_652' title='bbox 2428 2937 2446 3036; x_wconf 45' lang='lat' dir='ltr'>m-{az</span> 
     </span>
    </p>
   </div>
   <div class='ocr_carea' id='block_1_11' title="bbox 2439 635 2456 3211">
    <p class='ocr_par' dir='ltr' id='par_1_17' title="bbox 2439 635 2456 3211">
     <span class='ocr_line' id='line_1_75' title="bbox 2439 635 2456 3211; baseline 0 0"><span class='ocrx_word' id='word_1_653' title='bbox 2439 635 2456 3211; x_wconf 95' lang='lat' dir='ltr'> </span> 
     </span>
    </p>
   </div>
  </div>
 </body>
</html>
