2353 3829
472 799 933 905 LIBER
1036 797 1684 907 GENESIS

689 1007 1060 1050 HEBRAIGE
1109 1008 1473 1051 BERESITH

919 1190 1253 1215 —b—›k—G———

834 1392 1336 1447 PROOEMIUM

779 1558 1013 1598 MUNDI
1074 1557 1390 1597 CREATIO

490 1723 518 1753 N
552 1710 770 1767 principio
804 1711 973 1754 creavit
1008 1712 1128 1754 Deus
1166 1712 1326 1754 caelum
1356 1717 1399 1755 et
1432 1717 1608 1756 terram.
1644 1712 1661 1738 2
1686 1714 1821 1757 Terra
1850 1720 2000 1758 autem

511 1775 605 1813 erat
630 1770 775 1813 inanis
798 1774 843 1812 et
862 1783 1025 1823 vacua,
1045 1775 1089 1813 et
1114 1771 1310 1813 tenebrae
1329 1776 1455 1813 erant
1477 1785 1607 1827 super
1633 1772 1800 1815 faciem
1821 1773 1997 1830 abyssi;

511 1833 556 1872 et
580 1828 766 1885 Spiritus
793 1828 877 1871 Dei
902 1829 1133 1872 ferebatur
1155 1844 1285 1886 super
1306 1845 1455 1886 aquas.

570 1887 588 1914 3
615 1887 825 1943 Dixitque
853 1889 1005 1932 Deus:
1035 1888 1137 1931 Fiat
1170 1889 1260 1932 lux.
1289 1890 1346 1932 Et
1375 1890 1501 1933 facta
1534 1897 1601 1933 est
1631 1891 1719 1934 lux.
1752 1891 1768 1918 ⁴
1796 1893 1852 1935 Et
1886 1892 1999 1936 vidit

513 1948 633 1990 Deus
667 1947 812 1990 lucem
837 1947 953 2003 quod
987 1953 1103 1991 esset
1136 1948 1265 1992 bona.
1303 1950 1360 1992 Et.
1386 1949 1539 1992 divisit
1568 1950 1712 1993 lucem
1738 1965 1764 1993 a
1790 1952 1996 1996 tenebris.

160 2005 178 2032 ⁵
203 2005 549 2062 Appellavitque
572 2006 718 2049 lucem
741 2006 891 2062 Diem,
910 2012 955 2049 et
977 2007 1185 2050 tenebras
1206 2009 1408 2051 Noctem.
1432 2009 1704 2065 Factumque
1731 2016 1798 2054 est
1816 2026 1997 2068 vespere

159 2070 204 2107 et
230 2079 381 2121 mane,
407 2065 500 2108 dies
523 2080 648 2109 unus.

218 2124 235 2150 6
255 2123 381 2167 Dixit
406 2139 576 2180 quoque
606 2127 722 2168 Deus
746 2143 755 2170 ι
783 2125 886 2168 Fiat
912 2126 1243 2170 firmamentum
1266 2127 1312 2170 in
1337 2127 1482 2171 medio
1508 2142 1743 2185 aquarum,
1764 2135 1808 2173 et
1826 2131 1997 2174 dividat

159 2198 296 2240 aquas
321 2183 377 2226 ab
403 2184 540 2239 aquis.
569 2183 584 2209 7
604 2185 662 2226 Et
687 2184 800 2227 fecit
830 2185 946 2228 Deus
964 2185 1315 2242 firmamentum,
1335 2187 1574 2243 divisitque
1597 2203 1733 2243 aquas
1756 2204 1852 2245 quae
1872 2196 1997 2234 erant

158 2243 239 2285 sub
265 2242 565 2298 firmamento,
593 2244 649 2285 ab
675 2243 743 2287 his
766 2259 864 2300 quae
891 2250 1017 2287 erant
1042 2259 1173 2301 super
1197 2245 1540 2292 firmamentum.
1563 2248 1617 2289 Et
1637 2248 1810 2291 factum
1830 2255 1895 2292 est
1918 2250 1993 2296 ita.

158 2301 175 2329 ⁸
195 2301 472 2357 Vocavitque
500 2303 619 2344 Deus
646 2302 975 2346 firmamentum
994 2304 1178 2350 Caelum.
1200 2305 1258 2348 Et
1283 2305 1457 2348 factum
1480 2312 1546 2349 est
1564 2320 1745 2363 vespere
1772 2314 1816 2350 et
1841 2323 1993 2366 mane,

159 2360 252 2403 dies
280 2361 512 2404 secundus.

217 2420 234 2446 9
253 2419 381 2462 Dixit
406 2434 509 2463 vero
536 2422 656 2463 Deus
680 2437 689 2464 :
719 2420 1054 2478 Congregentur
1079 2437 1227 2479 aquae,
1256 2439 1353 2480 quae
1379 2425 1460 2467 sub
1487 2425 1597 2469 caelo
1622 2432 1746 2483 sunt,
1775 2428 1820 2470 in
1849 2428 1995 2472 locum

157 2494 316 2535 unum,
343 2484 388 2522 et
421 2485 634 2535 appareat
664 2479 800 2524 arida.
832 2482 887 2523 Et
916 2481 1090 2524 factum
1125 2491 1191 2525 est
1216 2483 1292 2528 ita.
1323 2483 1357 2510 ¹⁰
1378 2485 1435 2527 Et
1460 2486 1640 2528 vocavit
1676 2487 1790 2529 Deus
1823 2488 1994 2530 aridam

157 2539 360 2591 Terram,
400 2538 854 2594 congregationesque
892 2554 1106 2595 aquarum
1143 2542 1402 2598 appellavit>
1428 2544 1583 2587 Maria.
1620 2545 1677 2587 Et
1722 2545 1835 2588 vidit
1874 2548 1992 2589 Deus

157 2597 272 2652 quod
296 2604 411 2641 esset
437 2597 615 2640 bonum.
643 2597 675 2623 ¹¹
698 2599 755 2640 Et
780 2598 843 2642 ait
865 2616 873 2642 :
906 2599 1137 2643 Ger-minet
1163 2606 1278 2643 terra
1300 2602 1484 2645 herbam
1509 2603 1728 2647 virentem
1754 2610 1798 2648 et
1822 2606 1992 2648 facien-

156 2661 247 2699 tem
281 2671 453 2712 semen,
486 2663 530 2700 et
563 2657 735 2713 lignum
768 2658 1036 2714 pomiferum
1071 2659 1245 2703 faciens
1278 2661 1474 2704 fructum
1507 2662 1638 2718 juxta
1671 2678 1810 2716 genus
1840 2679 1989 2721 suum,

157 2715 285 2771 eujus
314 2730 465 2759 semen
496 2716 542 2758 in
569 2716 807 2772 semetipso
832 2717 889 2760 sit
915 2732 1045 2774 super
1072 2723 1247 2763 terram.
1276 2721 1334 2762 Et
1359 2721 1531 2764 factum
1558 2728 1624 2765 est
1654 2722 1729 2768 ita.
1759 2722 1794 2749 ¹⁶2
1814 2725 1869 2766 Et
1896 2739 1989 2780 pro-

156 2775 260 2817 tulit
295 2780 413 2818 terra
448 2775 631 2819 herbam
665 2776 907 2832 virentem,
943 2782 989 2820 et
1022 2777 1266 2822 facientem
1306 2794 1457 2823 semen
1494 2781 1625 2837 juxta
1661 2797 1801 2838 genus
1837 2798 1984 2837 suum,

155 2833 415 2890 lignumque
438 2835 612 2878 faciens
631 2836 847 2890 fructum,
871 2842 915 2880 et
933 2836 1103 2880 habens
1122 2839 1464 2895 unumquodque
1484 2847 1729 2884 sementem
1748 2843 1986 2885 secundum

155 2893 350 2948 speciem
371 2908 509 2939 suam.
533 2895 590 2937 Et
612 2894 725 2937 vidit
752 2896 871 2938 Deus
898 2896 1013 2952 quod
1039 2902 1155 2940 esset
1178 2897 1356 2943 bonum.
1385 2898 1421 2925 13
1440 2900 1497 2942 Et
1522 2899 1692 2943 factum
1721 2912 1788 2945 est
1809 2917 1988 2958 vespere

156 2957 199 2994 et
222 2967 372 3008 mane,
398 2953 491 2996 dies
513 2953 681 2998 tertius.

214 3010 249 3037 ¹4
271 3011 397 3055 Dixit
418 3018 569 3056 autem
605 3014 720 3057 Deus
743 3031 751 3058 :
778 3014 911 3058 Fiant
936 3015 1174 3059 luminaria
1196 3016 1241 3060 in
1268 3017 1547 3062 firmamento
1570 3019 1691 3075 caeli,
1715 3027 1759 3064 et
1785 3021 1989 3065 dividant

153 3070 273 3113 diem
302 3085 355 3114 ac
388 3080 585 3127 noctem,
609 3079 653 3116 et
685 3073 775 3116 sint
808 3073 850 3116 in
885 3074 1035 3131 signa,
1070 3084 1114 3119 et
1145 3082 1368 3133 tempora,
1395 3084 1439 3121 et
1469 3078 1582 3135 dies,
1614 3086 1658 3122 et
1690 3095 1852 3136 annos,
1881 3081 1916 3107 ‘¹5
1942 3088 1987 3124 ut

154 3129 335 3172 luceant
370 3130 415 3172 in
452 3131 731 3176 firmamento
769 3133 888 3188 caeli,
926 3140 971 3177 et
1007 3134 1262 3178 illuminent
1298 3141 1474 3181 terram.
1512 3138 1568 3180 Et
1605 3138 1778 3182 factum
1811 3146 1876 3183 est
1909 3140 1983 3185 ita.

155 3188 191 3214 ¹⁶
220 3189 431 3245 Fecitque
469 3192 586 3234 Deus
623 3192 708 3235 duo
743 3192 979 3236 luminaria
1009 3209 1174 3250 magua
1205 3213 1214 3239 ε
1245 3196 1461 3240 luminare
1495 3198 1662 3253 majus,
1699 3206 1745 3241 ut
1776 3206 1987 3255 praeesset

155 3247 264 3304 diei,
291 3255 336 3292 et
363 3249 578 3293 luminare
609 3252 774 3307 minus,
803 3259 850 3295 ut
875 3260 1084 3310 praeesset
1110 3255 1250 3311 nocti,
1276 3261 1320 3299 et
1345 3257 1510 3301 stellas.
1538 3256 1569 3283 ¹⁷
1590 3258 1647 3300 Et
1671 3259 1817 3314 posuit
1843 3273 1915 3301 eas
1941 3258 1985 3301 in

154 3307 433 3351 firmamento
459 3310 576 3365 caeli,
607 3318 653 3353 ut
678 3311 876 3355 lucerent
901 3327 1030 3369 super
1054 3320 1239 3370 terram,
1269 3314 1302 3341 ¹⁸
1320 3321 1364 3358 et
1389 3323 1628 3372 praeessent
1653 3317 1741 3360 diei
1766 3332 1818 3360 ac
1844 3317 1983 3373 nocti,

156 3473 183 3506 1]
213 3474 266 3502 ps.
300 3474 460 3509 xxxn,
492 3479 508 3503 6
532 3479 566 3504 et
593 3477 754 3510 cxxxv,
779 3481 805 3506 5.
843 3477 945 3506 sccii.
971 3479 1100 3513 xvm,
1131 3482 1154 3507 1.
1189 3480 1262 3508 Act.
1288 3480 1379 3514 XIV,
1406 3483 1438 3508 14
1464 3483 1498 3509 et
1528 3481 1646 3515 xxm,
1674 3484 1718 3509 24.
1752 3497 1788 3502 -
1826 3483 1856 3515 3]
1883 3482 1984 3510 Hem,

155 3516 336 3552 xrs-7]
354 3520 405 3547 P«.
424 3520 586 3553 CXXXV,
606 3525 621 3550 5
638 3524 673 3549 on
690 3522 875 3555 cxwm,
893 3525 918 3550 4.
934 3523 1002 3551 aer.
1021 3523 1062 3552 x,
1077 3526 1110 3551 12
1129 3526 1162 3551 et
1182 3524 1235 3559 ιι,
1250 3527 1339 3552 15.—
1354 3525 1400 3558 10]
1419 3525 1706 3560 Job,xxxvu1,
1723 3526 1984 3560 4.Ps.XXX11,

157 3561 174 3588 'a
189 3566 222 3588 en
239 3563 520 3598 LXXXV111,12
542 3565 753 3601 etcxxxV,
770 3569 796 3594 6.
822 3581 856 3586 -
881 3567 927 3600 1·]
946 3567 999 3595 Ps.
1018 3568 1181 3603 CXXXV,
1203 3572 1228 3597 7.

1763 3630 1782 3670 1

2066 1729 2182 1760 Mundi
2199 1730 2302 1761 initia

2083 1904 2194 1934 Prima
2215 1907 2286 1935 dies

2090 1950 2280 1979 creationis.

2107 2137 2258 2166 Secunda

2143 2182 2224 2211 dies.

2075 2437 2187 2466 Tertia
2204 2438 2282 2466 dies.

2065 3033 2192 3069 Quarta
2204 3034 2285 3062 dies.
