2456 3861
185 876 392 910 Approhatio

229 921 350 949 divina.

193 1243 389 1273 Candcluivri

243 1288 330 1316 situs

201 1337 234 1360 et
255 1333 373 1360 fornia.

176 1756 389 1786 Praescri'nitu
397 1764 410 1783 1·

178 1802 267 1830 ritus
287 1808 400 1829 cousc-

206 1846 367 1874 erationis

187 1890 393 1919 Levitaruin.

204 3131 377 3161 Ordinatio

218 3176 365 3206 levitica.

224 3477 364 3505 Duratio

200 3521 380 3550 ministerii

189 3564 394 3594 Levitarum.

477 165 560 208 130
1026 164 1153 206 NUM.
1188 162 1304 216 VII,
1337 162 1392 204 86
1425 186 1484 194 -—-
1515 161 1656 215 VIII,
1690 162 1759 203 24.

475 336 597 391 genti
623 335 804 378 haberet
828 348 966 376 unum
987 331 1286 385 acetabulum,
1307 334 1350 372 et
1370 329 1654 385 septuaginta
1673 328 1804 371 siclos
1822 329 2005 372 haberet
2022 344 2110 372 una
2127 329 2304 386 1111101ος

473 395 519 437 1(1
542 400 628 449 051,
646 395 693 437 111
716 406 948 437 commune
970 403 1176 432 vasorum
1199 388 1397 432 omnium
1423 401 1478 431 ex
1502 394 1688 443 argento
1712 387 1812 430 sicli
1830 387 1916 430 duo
1938 387 2082 430 millia
2100 388 2307 444 quadrin-

479 454 619 510 genti,
645 453 836 510 pondere
869 448 1111 492 sanctuarii
1132 465 1141 503 3
1160 447 1215 489 ,86
1240 447 1496 490 mortariola
1525 461 1658 489 aurea
1688 446 1924 489 duodecim
1948 447 2080 502 plena
2104 447 2304 503 incenso,

477 513 609 556 denos
631 512 761 554 siclos
779 508 1079 566 appendentia
1095 506 1288 564 pondere
1310 506 1565 561 sanctuarii,
1583 505 1631 548 id
1649 511 1728 560 est,
1746 505 1881 548 simul
1898 505 1993 548 auri
2011 505 2110 548 sicli
2129 511 2308 549 0011111111

478 571 664 626 vigintig
699 569 734 595 ⁸7
757 570 891 612 boves
924 568 978 611 de
1011 572 1211 609 armento
1241 566 1289 608 111
1318 565 1629 608 holocaustum
1661 564 1922 619 duodecim,
1949 565 2108 607 arietes
2144 565 2306 609 duode-

474 630 583 684 cim,
613 629 719 684 agni
743 627 943 670 anniculi
974 625 1231 680 duodecim,
1254 630 1297 668 et
1329 624 1575 667 libamenta
1609 638 1790 679 eorum3
1824 624 1936 666 hirci
1971 623 2206 666 duodecim
2231 639 2309 682 pro

474 693 670 745 peccato.
704 687 740 715 88
765 688 821 730 111
853 686 1021 729 11051105
1052 685 1360 743 pacificorum,
1392 683 1526 726 boves
1558 683 1722 739 viginti
1757 688 1957 738 quatuor,
1991 682 2150 725 arietes
2183 697 2308 726 sexa—

473 748 619 803 ginta,
642 747 753 789 hirci
779 745 1033 801 sexaginta,
1053 744 1159 800 agni
1184 743 1383 786 anniculi
1409 742 1657 798 sexaginta.
1678 743 1791 785 Haec
1819 742 1969 785 oblata
1990 747 2094 784 sunt
2117 741 2166 784 in
2187 742 2310 785 dedi-

474 806 648 850 catione
673 806 848 860 altaris,
876 804 1052 861 quando
1077 809 1261 846 unctum
1288 808 1367 846 est.

531 865 568 892 ⁸9
590 866 790 921 Cumque
821 864 1127 921 ingrederetur
1158 863 1334 918 Moyses
1366 861 1708 904 tabernaculum
1740 861 1944 916 foederis,
1977 865 2025 903 ut
2062 860 2312 904 consuleret

474 925 722 979 oraculum,
756 925 968 967 audiebat
1008 937 1163 965 1000111
1196 921 1416 977 loquentis
1450 921 1507 963 ad
1544 935 1591 963 se
1629 921 1682 963 de
1719 920 2026 977 propitiatorio
2063 920 2180 976 quod
2217 926 2312 964 erat

473 999 602 1041 super
626 999 775 1027 arcam
800 982 1046 1026 testimonii
1069 982 1185 1024 inter
1208 980 1317 1023 (11105
1344 980 1594 1036 cherubim,
1622 980 1740 1023 unde
1765 984 1809 1023 et
1834 979 2097 1036 loquebatur
2122 980 2175 1023 01.

979 1105 1002 1162 ξ
1038 1105 1186 1147 11.--
1222 1103 1497 1148 Consecratio
1530 1102 1803 1146 Levitarzam.

533 1224 641 1267 CM».
661 1222 795 1265 VIII.
813 1247 874 1254 —-
898 1220 912 1246 '1
933 1221 1216 1276 Locutusque
1237 1225 1304 1263 est
1332 1219 1550 1263 Dominus
1571 1219 1628 1262 ad
1649 1220 1848 1276 Moysen,
1869 1219 2020 1262 dicens
2047 1236 2056 1263 :
2079 1217 2097 1244 ‘2
2114 1220 2314 1275 Loquere

474 1284 644 1336 Aaron,
671 1287 715 1324 et
737 1281 856 1323 dices
881 1279 938 1322 ad
964 1293 1069 1322 eum
1091 1296 1100 1323 t
1126 1280 1239 1322 Cum
1261 1279 1457 1336 posueris
1475 1284 1646 1336 septem
1672 1278 1895 1334 lucernas,
1923 1278 2312 1321 candelabrum‘in

473 1341 658 1384 australi
684 1346 808 1397 parte
841 1339 1050 1395 erigatur.
1087 1339 1186 1381 Hoc
1219 1339 1358 1394 igitur
1382 1338 1576 1395 praecipe
1602 1344 1651 1380 ut
1676 1338 1869 1381 lucernae
1901 1344 2054 1380 contra
2084 1338 2264 1381 boream
2288 1352 2313 1382 e

473 1400 653 1456 regione
676 1399 918 1455 respiciant
941 1398 999 1441 ad
1022 1412 1223 1442 mensam
1256 1412 1423 1454 panum
1449 1397 1761 1454 propositionis
1781 1415 1790 1452 3
1818 1401 1972 1440 contra
1997 1411 2096 1440 eam
2118 1403 2310 1454 partem,

476 1474 609 1515 quam
635 1458 953 1502 candelabrum
978 1458 1178 1515 respicit,
1202 1458 1349 1500 lucere
1376 1457 1614 1500 debebunt.
1641 1456 1659 1482 3
1677 1454 1890 1512 Fecitque
1919 1458 2087 1512 Aaron,
2107 1462 2150 1499 et
2172 1457 2313 1514 impo-

475 1519 564 1563 suit
592 1519 794 1562 lucernas
820 1532 950 1574 super
980 1517 1319 1571 candelabrum,
1350 1521 1399 1558 ut
1427 1521 1699 1573 praeceperat
1732 1515 1949 1559 Dominus
1974 1516 2132 1572 Moysi.
2158 1513 2179 1542 4'
2198 1516 2312 1560 Haec

475 1584 626 1622 autem
651 1583 744 1621 erat
769 1577 947 1620 factura
973 1576 1250 1631 candelabri,
1278 1590 1332 1619 ex
1357 1590 1464 1618 auro
1490 1575 1669 1630 ductili,
1688 1581 1781 1618 tam
1804 1575 1976 1618 medius
2002 1575 2159 1632 stipes,
2179 1590 2314 1631 quam

477 1643 638 1681 cuncta
663 1651 761 1693 quae
796 1651 850 1680 ex
874 1641 1060 1691 utroque
1087 1636 1360 1678 calamorum
1385 1635 1522 1678 latere
1553 1634 1875 1689 nascebantur3
1902 1635 2032 1690 juxta
2057 1635 2313 1692 exempl-um

476 1697 593 1752 quod
618 1696 811 1740 ostendit
840 1695 1056 1738 Dominus
1083 1695 1248 1751 Moysi,
1271 1695 1335 1737 ita
1362 1700 1566 1751 operatus
1590 1699 1657 1737 est
1683 1693 2015 1737 candelabrum.

534 1756 551 1783 ⁵
575 1758 632 1799 Et
656 1756 829 1798 locutus
856 1760 922 1797 est
951 1755 1167 1797 Dominus
1189 1754 1246 1797 ad
1271 1755 1476 1810 Moysen,
1502 1754 1653 1797 dicens
1680 1770 1688 1797 :
1715 1754 1732 1779 6
1754 1753 1879 1796 Tolle
1904 1753 2063 1796 levitas
2091 1754 2145 1797 de
2167 1754 2313 1797 medio

476 1816 668 1859 filiorum
690 1814 851 1870 Israel,
880 1819 922 1857 et
952 1814 1208 1870 purificabis
1238 1827 1311 1857 eos
1337 1812 1352 1839 ⁷
1378 1813 1509 1869 juxta
1541 1813 1660 1855 hunc
1689 1812 1839 1855 ritum.
1866 1814 2175 1869 Aspergantur
2197 1828 2315 1869 aqua

475 1874 771 1931 lustrationis,
808 1879 850 1916 et
883 1873 1043 1915 radant
1077 1887 1227 1916 omnes
1261 1873 1373 1930 pilos
1409 1873 1552 1915 carnis
1585 1886 1691 1916 suae.
1724 1872 1924 1927 Cumque
1956 1871 2147 1915 laverint
2179 1873 2312 1916 vesti—

477 1940 627 1978 menta
648 1949 749 1989 sua,
773 1938 817 1977 01
842 1932 1045 1975 mundati
1073 1932 1263 1988 fuerint,
1287 1932 1304 1959 8
1321 1931 1482 1975 tollent
1505 1932 1665 1975 bovem
1689 1931 1743 1974 de
1768 1931 2001 1986 armentis,
2028 1937 2071 1974 et
2095 1931 2312 1976 1110111011-

476 2000 572 2037 tum
605 1994 701 2050 ejus
727 1993 923 2035 similam
957 1992 1051 2035 oleo
1086 2006 1397 2049 conspersam3
1432 1992 1593 2034 bovem
1622 1996 1773 2034 autem
1802 1990 1993 2034 alterum
2028 1990 2082 2034 de
2114 1998 2314 2034 armento

476 2059 524 2096 10
550 2053 746 2110 accipies>
768 2067 847 2109 pro
866 2057 1048 2109 peccato
1065 2069 1073 2107 3
1103 2051 1120 2077 9
1138 2057 1181 2094 01
1197 2051 1446 2109 applicabis
1465 2051 1623 2094 levitas
1644 2064 1793 2093 coram
1810 2050 2099 2093 tabernaculo
2116 2051 2312 2109 foederis,

478 2118 721 2156 convocata
760 2112 880 2155 omni
919 2111 1208 2154 multitudine
1242 2111 1434 2153 filiorum
1469 2110 1622 2153 Israel.
1662 2109 1697 2135 ¹⁰
1722 2109 1922 2166 Cumque
1958 2110 2108 2155 levitae
2145 2111 2315 2155 fuerint

477 2187 625 2215 coram
659 2172 873 2225 Domino,
907 2176 1072 2228 ponent
1110 2170 1189 2213 filii
1225 2170 1363 2213 Israel
1401 2183 1559 2214 manus
1592 2185 1694 2214 suas
1727 2184 1858 2227 super
1887 2185 1980 2227 eos,
2019 2171 2052 2197 Μ
2080 2177 2124 2215 01
2156 2171 2315 2215 offeret

477 2234 626 2274 Aaron
648 2231 827 2286 levitas,
856 2244 1015 2273 munus
1045 2230 1091 2272 in
1119 2235 1357 2287 conspectu
1392 2230 1572 2273 Domini
1601 2245 1628 2273 a
1656 2229 1760 2273 filiis
1786 2229 1947 2286 Israel,
1971 2236 2019 2273 ut
2051 2232 2246 2274 serviant
2266 2231 2314 2274 111

477 2290 722 2334 ministerio
745 2290 855 2345 ejus.
884 2288 919 2315 '¹2
938 2289 1110 2333 Levitae
1136 2304 1308 2345 quoque
1333 2295 1497 2347 ponent
1523 2305 1680 2332 manus
1706 2304 1807 2332 suas
1829 2303 1960 2347 super
1982 2289 2130 2347 capita
2155 2291 2311 2346 boum,

477 2364 500 2392 e
525 2350 684 2405 quibus
707 2364 846 2391 unum
867 2349 1007 2392 facies
1031 2363 1107 2406 pro
1129 2355 1332 2406 peccato,
1359 2355 1402 2393 et
1424 2349 1614 2392 alterum
1639 2349 1685 2392 in
1710 2349 2019 2392 holocaustum
2043 2350 2245 2406 Domini,
2264 2356 2314 2393 01

478 2409 723 2465 depreceris
749 2423 826 2465 pro
859 2408 934 2451 015.
972 2408 1007 2434 ¹3
1030 2409 1292 2464 statuesque
1317 2409 1476 2452 levitas
1509 2409 1556 2451 in
1591 2414 1830 2466 conspectu
1864 2410 2013 2452 Aaron
2044 2415 2089 2452 et
2121 2409 2313 2453 filiorum

477 2468 594 2523 ejus,
619 2473 661 2511 et
692 2467 968 2511 consecrabis
995 2468 1166 2511 oblatos
1203 2469 1422 2523 Domino3
1462 2468 1495 2495 ¹4
1519 2483 1571 2512 ac
1600 2469 1826 2526 separabis
1856 2468 1910 2511 de
1945 2467 2092 2511 medio
2121 2469 2313 2512 filiorum

477 2527 638 2582 Israel,
665 2532 714 2569 ut
739 2527 828 2569 sint
861 2527 976 2583 mei,
1010 2527 1045 2554 '¹5
1067 2534 1109 2571 et
1142 2534 1294 2585 postea
1328 2528 1634 2584 ingredientur
1669 2527 2003 2571 tabernaculum
2029 2528 2232 2585 foederis,
2263 2534 2314 2572 ut

476 2586 672 2629 serviant
704 2587 828 2630 mihi.
865 2587 1022 2642 Sicque
1054 2588 1309 2644 purificabis
1341 2594 1385 2631 et
1417 2588 1696 2631 consecrabis
1729 2601 1802 2631 eos
1834 2586 2187 2645 111-0111011011οω
2223 2590 2311 2632 Do-

476 2645 607 2701 mini,
632 2646 842 2701 quoniam
873 2646 988 2689 dono
1019 2646 1171 2689 donati
1197 2652 1300 2689 sunt
1326 2647 1436 2690 mihi
1461 2662 1488 2690 a
1517 2647 1620 2690 filiis
1647 2647 1800 2690 Israel.
1832 2645 1868 2672 1⁶
1895 2647 1977 2689 Pro
2003 2647 2311 2703 primogenitis

477 2719 574 2760 quae
608 2705 814 2761 aperiunt
847 2720 1023 2749 omnem
1056 2706 1239 2748 vulvam
1269 2707 1318 2749 in
1350 2706 1510 2761 Israel,
1541 2707 1693 2764 accepi
1728 2720 1828 2760 eos3
1865 2705 1899 2731 ¹7
1926 2720 2024 2750 mea
2057 2712 2160 2749 sunt
2192 2707 2309 2750 enim
2339 2713 2341 2715 '

477 2764 625 2806 omnia
647 2765 944 2821 primogenita
966 2765 1158 2808 filiorum
1184 2766 1343 2821 Israel,
1367 2772 1462 2808 10111
1486 2780 1541 2809 ex
1567 2765 1821 2808 hominibus
1847 2779 1980 2820 quam
2006 2780 2059 2809 ex
2082 2766 2308 2822 jumentis.

477 2824 545 2867 Ex
579 2823 650 2866 die
683 2838 767 2879 quo
801 2825 996 2881 percussi
1030 2839 1158 2868 omne
1191 2825 1539 2881 primogenitum
1570 2825 1618 2868 in
1648 2830 1761 2868 terra
1794 2825 2007 2881 AEgypti,
2033 2825 2310 2868 sanctificavi

476 2896 548 2925 eos
577 2882 711 2937 mihi,
739 2883 772 2909 ¹8
791 2889 834 2926 et
856 2883 938 2926 tuli
961 2883 1120 2927 levitas
1143 2899 1220 2941 pro
1243 2885 1415 2928 cunctis
1439 2884 1746 2941 primogenitis
1767 2883 1959 2926 filiorum
1983 2885 2142 2941 Israel,
2170 2884 2206 2911 ¹9
2223 2890 2309 2928 tra-

477 2941 656 2996 didique
683 2956 754 2985 eos
780 2943 894 2986 dono
918 2943 1067 2986 Aaron
1094 2950 1137 2986 et
1162 2943 1265 2986 filiis
1296 2944 1392 3000 ejus
1427 2944 1481 2987 de
1514 2944 1660 2987 medio
1689 2942 1862 3001 populi,
1890 2949 1940 2986 ut
1970 2944 2168 2987 serviant
2199 2944 2308 2987 mihi

476 3014 553 3057 pro
580 3001 718 3044 Israel
743 3001 788 3043 in
808 3002 1095 3046 tabernaculo
1114 3003 1317 3057 foederis,
1337 3009 1382 3046 et
1408 3008 1532 3046 orent
1547 3017 1625 3060 pro
1643 3003 1725 3058 eis,
1745 3016 1800 3044 ne
1823 3002 1883 3044 sit
1904 3003 1951 3045 in
1973 3003 2138 3060 populo
2162 3003 2308 3061 plaga,

476 3059 511 3102 si
537 3059 634 3102 ausi
660 3060 829 3103 fuerint.
854 3061 1064 3105 accedere
1089 3062 1144 3105 ad
1171 3063 1490 3106 sanctuarium.

536 3118 573 3146 ²⁰
599 3119 904 3175 Feceruntque
931 3121 1107 3176 Moyses
1137 3127 1181 3165 et
1213 3123 1384 3176 Aaron,
1407 3128 1452 3165 et
1484 3122 1630 3165 omnis·
1657 3121 1898 3165 multitudo
1927 3121 2118 3164 filiorum
2149 3122 2307 3177 Israel,

476 3192 606 3235 super
638 3178 786 3222 levitis
818 3193 915 3234 quae
946 3187 1219 3236 praeceperat
1254 3182 1472 3224 Dominus
1504 3181 1677 3237 Moysi;
1709 3179 2077 3237 211)111·1110011(1110
2111 3186 2236 3236 sunt,
2266 3186 2309 3224 01

476 3237 683 3281 laverunt
705 3238 972 3281 vestimenta
997 3252 1076 3281 sua
1096 3257 1104 3293 ς
1130 3240 1408 3295 elevavitque
1431 3255 1503 3283 eos
1530 3243 1680 3283 Aaron
1702 3240 1747 3282 111
1775 3246 2013 3296 conspectu
2042 3239 2243 3295 Domini,
2265 3245 2308 3282 et

478 3297 619 3339 oravit
645 3311 722 3353 pro
747 3297 832 3351 eis,
862 3296 899 3323 2²
924 3303 972 3340 ut
1002 3298 1221 3354 purificati
1252 3299 1589 3355 ingrederentur
1616 3299 1673 3342 ad
1700 3299 1851 3342 officia
1874 3300 2021 3342 suain
2047 3299 2303 3341 tabernacu-

477 3356 569 3398 lum
593 3356 778 3399 foederis
801 3370 952 3399 coram
977 3359 1126 3399 Aaron
1149 3364 1192 3400 et
1216 3358 1318 3400 filiis
1344 3359 1455 3414 ejus.
1481 3359 1603 3403 Sicut
1627 3364 1898 3415 praeceperat
1925 3358 2143 3402 Dominus
2164 3357 2309 3414 Moysi

477 3415 530 3458 de
557 3415 724 3471 levitis,
747 3415 811 3459 ita
835 3416 1011 3458 factum
1036 3422 1115 3459 est.
2138 3467 2140 3469 Ι

536 3473 572 3500 ‘23
594 3475 882 3530 Locutusquev
902 3480 969 3518 est
995 3475 1212 3518 Dominus
1237 3476 1294 3519 ad
1320 3477 1523 3533 Moysen,
1552 3477 1703 3520 dicens
1728 3493 1737 3520 :
1763 3475 1799 3503 2⁴
1823 3477 1936 3521 Haec
1959 3482 2026 3520 est
2050 3476 2121 3520 lex
2152 3476 2308 3519 levita-

476 3547 586 3576 rum.
620 3536 670 3576 A.
695 3533 856 3589 viginti
891 3533 1084 3590 quinque
1116 3535 1244 3577 annis
1278 3540 1322 3578 et
1353 3550 1505 3592 supra,
1547 3535 1854 3591 ingredientur
1886 3541 1936 3579 ut
1968 3535 2221 3578 ministrent
2258 3534 2308 3578 in

480 3679 522 3708 m
544 3677 602 3704 mx.
621 3676 720 3711 XIII,
737 3680 762 3705 2.
786 3677 862 3709 Sur).
878 3677 944 3713 ΙΙΙ,
959 3680 1002 3706 13.
1024 3677 1104 3706 Luc.
1128 3678 1173 3708 11.
1190 3680 1235 3706 23.
