2391 3861
138 113 216 155 24*
769 109 835 150 IV
871 110 1010 151 ESDR.
1045 109 1162 162 XII,
1197 109 1252 151 32
1285 134 1345 141 —-—
1376 109 1519 164 XIII,
1554 109 1640 152 29:

136 292 345 329 loquentem
371 288 420 319 ad
444 286 624 326 aquilam,
647 288 685 318 et
705 288 926 324 arguentem
952 294 1031 318 eam
1056 287 1096 317 et
1124 285 1327 324 injustitias
1351 285 1482 325 ipsius,
1508 293 1573 325 per
1597 294 1725 319 omnes
1753 294 1940 319 sermones
1963 289 2041 326 ejus
2072 288 2168 323 sieut
2192 299 2256 324 an-

136 341 238 379 dis-ti,
266 332 301 357 ⁵³2
318 339 376 371 hic
396 342 453 371 est
478 343 613 370 ventus
639 345 748 377 quem
773 338 940 369 servavit
967 336 1176 369 Altissimns
1200 337 1237 368 in
1263 337 1373 369 finem
1396 338 1441 369 ad
1464 345 1542 377 eos,
1564 340 1602 370 et
1627 337 1840 378 impietates
1861 338 2049 379 ipsorum3
2066 343 2105 372 et
2121 345 2256 382 arguet

136 394 236 431 illos,
259 393 298 423 et
322 391 478 423 incutiet
502 398 627 422 coram
653 389 738 428 ipsis
763 389 1026 429 discerptiones
1049 397 1188 421 eorum.
1209 381 1245 407 33
1265 389 1411 421 Statuet
1436 389 1532 421 enim
1554 398 1615 421 eos
1643 389 1680 421 in
1703 391 1841 430 judicio
1857 392 1979 429 vivos;
2002 395 2040 423 et
2059 395 2152 432 erit,
2172 401 2256 427 cum

134 444 302 482 arguerit
323 451 400 482 eos,
427 445 518 474 tunc
543 441 717 480 corripiet
738 449 806 473 eos.
829 433 862 460 3⁴²
883 442 977 473 Nam
1003 441 1192 473 residuum
1218 442 1396 480 populum
1419 449 1540 473 meum
1560 441 1735 474 liberabit
1752 451 1834 475 cum
1855 443 2020 483 miseria,
2038 445 2102 483 qui
2120 446 2257 478 salvati

135 498 223 527 sunt
250 502 359 534 super
385 496 472 526 lines
498 502 612 533 meos,
636 496 675 525 et
698 493 917 532 jucundabit
938 502 998 525 eos
1023 493 1264 532 quoadusque
1288 492 1412 525 veniet
1437 493 1538 532 finis,
1562 493 1639 526 dies
1665 494 1810 534 judicii,
1837 496 1881 528 de
1901 503 1974 534 quo
1998 496 2143 528 locutus
2175 505 2257 530 sum

133 546 200 579 tibi
220 547 267 578 ab
294 547 409 579 initio,

186 591 223 616 35
245 599 323 630 Hoc
347 599 529 630 somnium
551 597 650 636 quod
677 597 822 637 vidisti,
847 598 886 628 et
910 596 969 628 hae
989 597 1331 636 interpretationts.
1360 588 1395 615 36
1415 597 1470 629 Tu
1499 605 1588 636 ergo
1614 598 1714 630 solus
1740 598 1873 637 dignus
1897 598 2003 631 fuisti
2029 601 2121 632 scire
2144 600 2256 633 Altis-

133 651 216 683 simi
244 656 426 683 secretum
451 650 530 683 hoc.
559 642 594 667 ’17
615 649 738 682 Scribe
762 656 849 688 ergo
873 648 995 680 omnia
1028 650 1100 681 ista
1124 650 1162 680 in
1188 649 1283 681 libro
1307 657 1392 689 quae
1413 649 1555 688 vidisti,
1580 653 1618 681 et
1643 658 1737 689 pone
1765 659 1808 682 ea
1832 649 1871 682 in
1902 652 1981 683 loeo
2014 652 2257 693 abscondiio;

134 694 170 721 38
187 706 224 735 et
245 702 388 735 docebis
413 710 455 734 ea
483 701 666 741 sapientes
693 702 736 732 de
769 701 903 740 populo
931 704 1015 739 tuo,
1044 709 1203 740 quorum
1233 702 1345 734 corda
1370 704 1439 733 s:is
1466 709 1568 740 posse
1592 709 1724 741 capere
1757 705 1794 734 et
1821 711 1974 735 servare
1998 708 2139 736 secreta
2167 705 2256 737 iiaec.

133 746 170 773 39
188 756 242 787 Tu
272 757 397 787 autem
423 753 545 786 adhuc
569 753 711 786 sustine
738 753 800 785 hic
824 752 914 784 alios
939 752 1016 784 dies
1039 756 1178 792 septem
1193 779 1201 792 ‚
1227 757 1269 786 ut
1299 753 1365 786 tibi
1398 753 1622 786 ostendatur
1645 754 1825 794 quidquid
1850 753 1970 787 visum
1999 756 2132 788 fuerit·
2147 757 2257 789 Altis-

132 806 223 839 simo
245 808 440 839 ostendere
462 806 543 838 tibi.

183 850 221 876 ⁴⁰
240 859 286 891 Et
311 860 500 898 profectus
523 860 581 890 est
606 867 627 890 a
655 867 724 890 me.
758 857 806 890 Et
838 858 980 889 factum
1009 859 1084 897 est,
1111 865 1196 889 eum
1221 857 1384 889 audisset
1408 859 1528 890 omnis
1552 859 1710 898 populus
1743 858 1919 898 quoniam
1953 861 2257 899 periransierunt

131 913 267 951 septem
292 911 385 951 dieS,
410 913 447 943 et
472 919 538 949 ego
562 918 637 942 non
663 911 816 942 fuissem
838 918 1006 941 reversus
1031 910 1069 941 in
1093 909 1306 949 civitatem,
1329 912 1367 942 et
1388 910 1630 949 congregavit
1651 918 1689 942 se
1713 911 1832 943 omnis
1859 920 1881 942 a
1901 912 2057 943 minimo
2075 920 2190 950 nsque
2209 914 2256 945 ad

132 963 354 1003 maximum;
379 966 418 996 et
443 964 548 995 venit
573 963 619 994 ad
644 970 720 1001 me,
743 965 781 994 et
813 961 992 993 dixerunt
1014 961 1125 997 mihi,
1148 961 1309 994 dicentes
1336 971 1344 994 ε
1368 953 1401 979 ‘⁴¹
1427 961 1520 1000 Quid
1555 962 1785 1001 peccavimus
1813 963 1901 1002 tibi,
1926 969 1966 996 et
2000 964 2087 1003 quid
2117 966 2257 1004 injuste

130 1015 274 1055 egimus
299 1016 336 1046 in
368 1018 424 1055 te,
449 1014 626 1054 quoniam
656 1014 918 1052 derelinquens
943 1022 1010 1045 nos
1035 1014 1164 1045 sedisti
1199 1015 1239 1045 in
1273 1014 1351 1046 Ioco
1384 1015 1481 1047 hoc?
1510 1005 1547 1032 ‘⁴²
1565 1015 1619 1047 Tu
1645 1015 1743 1047 enlin
1772 1016 1879 1047 nobis
1907 1024 2056 1061 superes
2083 1017 2181 1049 solus
2211 1025 2258 1049 ex

130 1068 298 1100 omnibus
322 1067 483 1107 populis,
505 1067 600 1099 sicut
631 1066 758 1098 botrus
783 1067 829 1098 (le
850 1067 975 1105 vinea,
997 1071 1034 1098 et
1059 1066 1155 1098 sicut
1180 1067 1334 1098 lucerna
1362 1068 1401 1098 in
1431 1068 1509 1099 loco
1534 1067 1710 1106 obscuro,
1738 1070 1777 1099 et
1809 1067 1904 1100 sicut
1928 1074 2059 1108 portus
2086 1075 2125 1101 et
2154 1069 2257 1102 navis

131 1121 276 1152 salvata
301 1129 323 1151 a
346 1121 575 1158 tempestate.
603 1110 639 1137 43
657 1121 736 1151 Aut
764 1127 838 1150 non
863 1119 1053 1150 sufficiunt
1079 1119 1185 1150 nobis
1206 1119 1308 1150 mala
1336 1127 1420 1158 quae
1446 1119 1700 1158 contingunt?
1729 1112 1764 1137 ⁴⁴¹⁴
1792 1120 1827 1151 Si
1848 1128 1935 1159 ergo
1964 1125 2007 1153 tu
2036 1129 2104 1153 nos
2127 1122 2256 1154 dereli-

130 1171 271 1211 queris,
295 1174 441 1211 quanto
465 1172 570 1203 nobis
595 1173 677 1203 erat
702 1171 835 1202 melius
863 1170 892 1202 si
921 1178 1080 1202 essemus
1106 1170 1268 1203 succensi
1296 1173 1334 1203 et
1359 1179 1423 1204 nos
1455 1180 1538 1203 cum
1564 1171 1734 1204 incendio
1759 1172 1875 1204 sion?
1901 1165 1939 1191 45
1960 1173 2037 1204 Nec
2063 1173 2160 1205 enim
2189 1181 2257 1206 nos

130 1232 257 1256 sumus
277 1224 446 1256 meliores
471 1232 599 1256 eorum
617 1223 680 1263 qui
700 1222 751 1255 ibi
776 1224 918 1255 mortui
945 1228 1046 1255 sunt.
1069 1223 1118 1254 Et
1142 1223 1387 1262 ploraverunt
1403 1232 1491 1255 voce
1517 1232 1661 1263 magna.
1683 1225 1732 1257 Et
1753 1225 1924 1264 respondi
1943 1226 1989 1256 ad
2006 1233 2085 1264 eOS,
2103 1229 2141 1258 et
2158 1225 2257 1259 nixi:

131 1267 168 1294 46
184 1276 351 1314 confide,
377 1276 513 1316 Israel,
538 1278 576 1308 et
601 1274 676 1307 noli
704 1275 849 1307 tristari
874 1278 936 1314 tu,
963 1276 1094 1307 domus
1121 1275 1251 1307 Jacob.
1279 1267 1314 1293 ⁴⁷
1336 1276 1402 1308 Est
1426 1276 1523 1308 enim
1552 1277 1729 1308 m·=moria
1753 1276 1867 1309 vestri
1896 1285 2019 1309 coram
2047 1277 2257 1319 Altis-imo,

130 1330 167 1361 et
191 1327 313 1360 Fortis
337 1336 412 1360 non
437 1330 493 1360 est
511 1329 646 1360 oblitus
671 1329 787 1360 vestri
811 1327 850 1359 in
872 1327 1088 1360 tentatione.
1116 1319 1154 1346 ⁴⁸
1173 1328 1251 1366 Ego
1275 1327 1372 1360 enim
1399 1337 1473 1360 non
1495 1328 1675 1368 dereliqui
1693 1338 1776 1368 vos,
1796 1337 1915 1367 neque
1936 1329 2076 1362 excessi
2094 1339 2115 1362 a
2133 1331 2257 1371 vobis;

130 1381 192 1413 sed
211 1381 296 1413 veni
321 1380 359 1412 in
383 1381 483 1413 hunc
508 1381 629 1413 locum
654 1382 698 1412 ut
722 1372 1028 1419 deprecarer-‘pro
1055 1380 1282 1412 desolatione
1304 1380 1407 1419 Sion,
1433 1384 1476 1413 ut
1497 1389 1705 1420 quaererem
1732 1382 2019 1414 misericordiam
2047 1390 2114 1421 pro
2137 1382 2257 1415 humi-

131 1432 236 1465 litate
255 1432 560 1465 sanctificationis
587 1435 735 1464 vestrae.
759 1423 796 1449 49
819 1432 867 1463 Et
892 1440 991 1464 nunc
1016 1432 1067 1464 ite
1091 1433 1346 1472 unusquisque
1372 1437 1541 1465 vestrum
1565 1433 1604 1465 in
1632 1434 1783 1466 domum
1804 1442 1927 1473 suam,
1952 1437 1990 1466 et
2019 1442 2086 1473 ego
2111 1435 2257 1467 veniam

127 1485 175 1517 ad
200 1494 262 1517 vos
288 1487 371 1525 post
396 1486 472 1517 dies
497 1485 597 1517 istos.
2230 1490 2233 1491 ’

182 1529 217 1556 5⁰
236 1538 284 1569 Et
308 1538 496 1577 profectus
516 1540 574 1570 est
598 1538 774 1578 populus,
796 1536 893 1569 sicut
912 1536 991 1569 dlxi
1012 1537 1066 1577 ei,
1084 1536 1122 1569 in
1140 1536 1330 1569 civitatem
1346 1546 1354 1576 3
1378 1527 1408 1554 51
1427 1545 1495 1576 ego
1512 1539 1638 1570 autem
1656 1539 1733 1570 sedi
1752 1539 1791 1571 in
1809 1546 1942 1578 campo
1958 1539 2098 1577 septem
2117 1537 2257 1580 diebus,

128 1588 221 1622 sicut
241 1590 333 1622 milii
357 1590 554 1622 mandavit
567 1599 576 1630 ς
597 1593 636 1622 et
661 1589 929 1621 manducabam
951 1589 995 1621 de
1017 1590 1169 1622 floribus
1198 1589 1432 1621 solummodo
1455 1589 1556 1629 agii,
1577 1591 1622 1622 de
1647 1590 1772 1623 herbis
1797 1592 1899 1623 facta
1918 1593 1975 1622 est
1996 1598 2077 1623 esca
2102 1591 2195 1624 mihi
2219 1590 2258 1623 in

128 1640 256 1674 diebus
279 1641 363 1675 illis.

923 1684 946 1741 ξ
982 1685 1061 1727 VI.
1088 1711 1147 1716 —
1185 1685 1306 1727 Visio
1333 1691 1464 1727 sexta.

180 1795 265 1828 CAP.
291 1795 396 1828 XIII.
420 1812 460 1818 —
482 1785 496 1812 1
516 1795 564 1826 Et
585 1794 728 1826 factum
753 1796 808 1827 est
829 1795 913 1834 post
938 1793 1012 1826 dies
1033 1795 1193 1834 septem,
1214 1795 1252 1825 et
1277 1793 1457 1825 somniavi
1482 1794 1666 1826 somnium
1693 1793 1731 1826 in
1756 1795 1876 1827 nocte.
1897 1786 1913 1812 2
1934 1795 1982 1826 Et
1999 1792 2081 1827 ecce
2099 1795 2144 1828 de
2161 1795 2257 1828 mari

131 1851 262 1880 ventus
285 1848 509 1887 exurgebat‚
534 1848 578 1879 ut
603 1846 844 1878 conturbaret
865 1854 994 1878 omnes
1015 1847 1149 1878 fluctus
1174 1846 1266 1885 ejus.
1287 1837 1304 1863 3
1324 1846 1371 1877 Et
1389 1845 1482 1883 vidi,
1504 1848 1543 1877 et
1564 1853 1645 1878 ecce
1666 1845 1944 1878 convalescebat
1961 1846 2023 1878 ilie
2045 1847 2156 1878 homo
2173 1855 2257 1879 cum

129 1899 290 1932 millibus
308 1900 409 1938 caeli;
427 1902 464 1932 et
481 1898 544 1930 ubi
561 1899 709 1930 vultum
727 1906 834 1930 suum
854 1898 1025 1930 vertebat
1043 1900 1085 1930 ut
1106 1898 1378 1936 consideraret,
1396 1897 1612 1930 tremebant
1630 1899 1752 1930 omnia
1769 1906 1852 1937 quae
1871 1899 1942 1930 sub
1959 1906 2001 1930 eo
2019 1899 2258 1932 videbantur.

129 1943 145 1969 ‘⁴
162 1952 210 1984 Et
235 1951 457 1991 ubicumque
481 1950 606 1983 exibat
622 1958 695 1981 vox
717 1950 761 1982 de
781 1958 846 1983 ore
867 1951 962 1990 ejus,
986 1950 1231 1982 ardescebant
1260 1957 1387 1982 omnes
1411 1949 1474 1989 qui
1497 1949 1701 1982 audiebant
1726 1959 1832 1983 voces
1855 1952 1956 1991 ejus,
1980 1951 2079 1983 sicut
2102 1952 2259 1991 quiescet

122 2006 249 2043 ‘teri-a,
277 2005 428 2044 quando
452 2005 608 2035 senserit
631 2003 765 2041 ignem.

181 2048 196 2074 5
215 2056 263 2088 Et
283 2055 360 2088 vidi
389 2058 472 2096 post
497 2055 596 2095 haec,
623 2057 659 2087 et
689 2062 770 2087 ecce
792 2055 1092 2094 congregabatur
1117 2054 1325 2087 multitudo
1349 2053 1563 2095 hominum,
1589 2063 1749 2095 quorum
1774 2063 1849 2087 non
1877 2057 1960 2088 erat
1987 2063 2186 2095 numerali,
2214 2056 2259 2090 de

129 2110 289 2148 quatuor
314 2108 434 2141 ventis
459 2107 558 2147 caeli,
582 2108 626 2139 ut
651 2107 882 2139 debellarent
907 2106 1095 2139 hominem
1120 2108 1184 2146 qui
1209 2106 1426 2139 ascenderat
1447 2108 1491 2140 de
1514 2107 1622 2140 mari..
1645 2099 1662 2125 6
1680 2108 1730 2140 Et
1753 2107 1849 2147 vidi,
1867 2113 1906 2140 et
1931 2115 2014 2141 ecce
2037 2107 2258 2148 sibimetipsi

128 2162 330 2201 sculpserat
353 2166 517 2192 montem
543 2167 721 2198 magnum
734 2184 742 2198 ‚
767 2165 805 2191 et
822 2159 962 2191 volavit
983 2167 1096 2199 super
1113 2166 1210 2191 eum.
1230 2150 1246 2177 7
1266 2159 1345 2198 Ego
1363 2162 1487 2191 autem
1506 2159 1664 2199 qnaesivi
1681 2160 1807 2192 videre
1827 2168 2016 2199 regionem
2037 2162 2095 2193 κει
2116 2164 2259 2201 locum,

128 2214 225 2246 unde
250 2214 420 2252 sculptus
444 2215 540 2244 esset
564 2220 688 2251 monS,
705 2216 744 2243 et
767 2219 842 2243 non
866 2211 984 2251 potui.
1011 2203 1029 2225 ⁸
1048 2212 1096 2244 Et
1120 2214 1204 2251 post
1228 2211 1307 2243 haec
1329 2211 1425 2251 vidi,
1449 2214 1488 2244 et
1509 2219 1590 2245 ecce
1611 2220 1738 2244 omnes
1762 2214 1826 2252 qui
1851 2212 2072 2252 congregati
2097 2216 2186 2246 sunt
2209 2213 2258 2246 ad

127 2273 231 2304 eum,
257 2268 301 2298 ut
322 2266 579 2305 expugnarent
605 2272 708 2304 eum,
730 2263 916 2295 timebant
939 2264 1066 2303 valde,
1094 2266 1225 2296 tamen
1251 2264 1444 2296 audebant
1466 2272 1648 2304 ptgnare.
1669 2257 1685 2283 9
1703 2265 1753 2298 Et
1775 2272 1874 2304 ecce,
1899 2269 1944 2297 ut
1960 2266 2056 2297 vidit
2073 2266 2257 2306 impetum

128 2317 384 2350 multitudinis
409 2317 613 2355 venientis,
639 2324 713 2348 non
741 2315 881 2348 levavit
906 2324 1058 2348 manum
1080 2324 1206 2356 suam,
1231 2323 1349 2355 neque
1369 2316 1553 2349 frameam
1578 2317 1752 2358 tenebat,
1777 2325 1897 2356 neque
1923 2317 2074 2357 almuod
2092 2326 2159 2350 vas
2184 2318 2257 2350 bei-

128 2370 298 2410 nemum,
324 2369 394 2402 nisi
420 2369 652 2402 solummodo
671 2370 716 2400 ut
737 2368 833 2407 vidi,
861 2358 895 2385 10
911 2369 1086 2406 quoniam
1110 2368 1233 2401 emisit
1258 2370 1302 2400 de
1326 2376 1390 2400 ore
1414 2377 1480 2401 suo
1505 2369 1600 2402 sieut
1625 2370 1756 2402 flatum
1783 2369 1898 2409 iguis,
1921 2375 1960 2402 et
1986 2371 2030 2402 de
2051 2369 2160 2402 labiis
2179 2371 2258 2409 elus

128 2423 282 2462 spiritus
306 2423 485 2462 flammae,
502 2426 541 2455 et
563 2422 606 2454 de
628 2422 755 2461 lingua
775 2422 852 2460 ejus
871 2420 1073 2453 emittebat
1091 2421 1273 2453 scintillas
1289 2422 1328 2452 et
1345 2423 1604 2460 tempestates,
1622 2425 1659 2454 et
1676 2421 1870 2454 commista
1886 2424 1975 2454 sunt
1995 2424 2121 2454 omnia
2137 2422 2258 2461 simul,

128 2474 185 2506 hic
208 2475 319 2506 flatus
338 2474 454 2514 ignis,
479 2476 517 2506 et
542 2473 696 2513 spiritus
719 2473 897 2511 flammae,
919 2476 956 2505 et
981 2474 1184 2506 multitudo
1208 2475 1469 2513 tempestatis;
1493 2465 1519 2491 11
1535 2481 1573 2506 et
1595 2474 1758 2507 concidit
1783 2482 1895 2514 super
1912 2474 2196 2507 multitudinem
2218 2474 2257 2507 in

129 2526 290 2567 impetu,
311 2535 396 2567 quae
421 2529 635 2567 praeparata
659 2527 746 2558 erat
771 2533 960 2565 pugnare,
987 2528 1024 2558 et
1048 2526 1240 2558 succendit
1263 2534 1409 2564 omnes,
1432 2529 1475 2558 ut
1496 2527 1622 2558 subito
1645 2527 1738 2558 nihil
1761 2528 1954 2559 videretur
1979 2527 2024 2560 de
2047 2526 2258 2559 innumera>-

128 2578 190 2611 bili
224 2579 488 2619 multitndine‚
514 2579 586 2610 nisi
617 2579 847 2610 solummodo
876 2579 1020 2617 pulvis4
1041 2582 1079 2611 et
1114 2579 1209 2610 fumi
1243 2579 1354 2617 odor3
1379 2582 1418 2610 et
1441 2579 1537 2619 vidi,
1561 2583 1600 2612 et
1633 2580 1802 2611 extimui.
1829 2570 1863 2598 ¹²
1889 2579 1939 2612 Et
1962 2582 2046 2620 pust
2074 2579 2155 2612 ktaee
2181 2580 2257 2612 vidi

127 2632 246 2670 ipsum
276 2631 465 2663 hominem
491 2631 776 2663 descenduntem
805 2631 850 2662 de
878 2632 1024 2671 monte,
1052 2632 1091 2663 et
1117 2633 1312 2663 vocantem
1337 2631 1384 2662 ad
1409 2638 1446 2662 se
1470 2639 1532 2663 mu
1550 2631 1753 2663 t-tudinem
1778 2630 1890 2663 aliam
1920 2631 2132 2672 pacificam3
2158 2622 2192 2650 13
2219 2634 2257 2663 et

120 2684 325 2716 accedebat
349 2684 396 2716 ad
425 2692 509 2716 eum
536 2684 666 2715 vultus
686 2683 879 2715 hominum
905 2684 1131 2723 multorum,
1157 2684 1402 2723 quorumdam
1434 2683 1702 2721 gaudentium,
1727 2684 1973 2724 quorumdam
1994 2684 2257 2724 tristantium3

127 2736 242 2774 aliqui
267 2744 355 2768 vero
371 2736 532 2776 alligati,
553 2736 668 2775 aliqui
698 2736 923 2768 adducentes
952 2743 997 2767 ex
1019 2736 1070 2768 eis
1094 2737 1159 2774 qui
1188 2735 1454 2768 offerebantur.

179 2788 228 2820 Et
256 2788 436 2827 aegrotavi
461 2797 481 2820 a
503 2787 748 2820 multitudine
768 2789 933 2828 pavoris,
958 2791 997 2820 et
1019 2789 1304 2828 expergefaetus
1332 2796 1431 2827 sum,
1456 2790 1495 2820 et
1516 2786 1621 2819 dixi:
1640 2778 1672 2805 ¹⁴
1694 2788 1750 2820 Tu
1779 2788 1826 2820 ab
1854 2788 1964 2822 initio
1988 2789 2256 2822 demonstrasti

129 2848 235 2873 servo
251 2842 318 2872 tuo
339 2840 525 2873 mirabilia
544 2840 645 2880 haec,
669 2843 707 2872 et
733 2841 886 2879 dignum
917 2848 975 2872 me
994 2840 1159 2873 habuisti
1185 2847 1227 2873 ut
1250 2840 1450 2879 susciperes
1475 2839 1771 2879 deprecationem
1794 2848 1934 2881 n¹1eam3
1959 2832 1993 2859 ¹⁵
2011 2844 2050 2873 et
2071 2849 2171 2874 nune
2197 2841 2254 2874 de·

130 2896 297 2925 monstra
322 2892 412 2924 mihi
435 2893 556 2925 adhuc
581 2893 932 2932 interpretationem
961 2892 1092 2924 somnii
1126 2893 1247 2933 hujus,
1273 2883 1307 2910 16
1333 2892 1434 2924 SIeut
1462 2893 1560 2925 enini
1587 2894 1763 2924 existimo
1786 2891 1825 2924 in
1857 2901 1966 2926 sensu
1985 2901 2089 2934 meo,
2113 2901 2170 2926 τε
2191 2893 2254 2932 quii

128 2945 299 2977 derelicti
321 2945 474 2978 fuerunt
490 2947 528 2978 in
547 2944 676 2978 diebus
703 2944 796 2984 illis3
825 2950 864 2977 et
890 2946 1018 2977 multo
1034 2946 1116 2984 plus
1140 2954 1197 2978 vae
1221 2945 1278 2976 his
1303 2944 1365 2984 qui
1392 2952 1465 2977 non
1491 2946 1580 2976 sunt
1604 2944 1782 2977 derelicti.
1799 2936 1831 2962 17
1850 2945 1919 2984 Qui
1943 2945 2041 2978 enim
2065 2953 2139 2978 non
2165 2946 2254 2977 sunt

128 2996 311 3036 derelicti,
331 2996 457 3029 tristes
478 3004 509 3029 e·
521 2999 598 3029 ant.
617 2988 650 3015 18
668 2997 845 3036 intelligo
865 3005 964 3029 nunc
980 3005 1066 3036 quae
1089 3000 1177 3029 sunt
1199 3005 1304 3037 repos
1319 2999 1360 3029 ta
1379 2996 1419 3028 iu
1442 2996 1651 3028 novissimis
1669 2996 1814 3037 diebus,
1831 3003 1864 3029 et
1884 3000 2083 3030 occurrent
2102 3000 2174 3035 eis,
2192 2997 2256 3029 sed

129 3051 166 3081 et
191 3048 247 3081 his
272 3048 334 3088 qui
360 3049 526 3081 derelicti
551 3051 650 3081 sunt.
675 3040 709 3066 ¹9
731 3049 891 3089 Propter
915 3049 984 3081 hoc
1003 3052 1190 3082 venerunt
1215 3051 1315 3082 enim
1342 3050 1381 3081 iu
1406 3049 1567 3088 pericula
1590 3057 1636 3080 ma
1654 3057 1749 3088 gna,
1773 3055 1810 3081 et
1837 3049 2074 3083 necessitates
2095 3049 2256 3090 multas,

131 3100 226 3133 sicut
243 3101 448 3133 ostendunt
464 3102 607 3134 somnia
627 3101 717 3134 haec.
733 3092 770 3119 2⁰
789 3103 969 3133 Attamen
994 3101 1139 3134 facilius
1168 3103 1224 3134 e-‘t
1247 3101 1524 3142 periclitantem
1543 3101 1668 3133 venire
1685 3101 1723 3133 in
1748 3102 1863 3142 hunc,
1876 3111 1989 3142 quam
2010 3103 2254 3142 pertransire,

130 3153 224 3185 sicut
251 3153 387 3185 nubem
412 3161 435 3185 a
454 3155 607 3192 saeculo,
629 3156 668 3186 et
687 3161 786 3186 nunc
805 3153 931 3186 videre
952 3162 1037 3192 quae
1061 3154 1288 3193 contingunt
1313 3155 1350 3185 in
1378 3153 1586 3185 novissimo.
1611 3154 1658 3185 Et
1682 3153 1873 3193 respondit
1897 3155 1947 3186 ad
1969 3161 2044 3191 me,
2064 3156 2103 3184 et
2131 3152 2254 3186 dixit:

132 3196 160 3222 ²¹
180 3205 228 3237 Et
248 3205 398 3238 visionis
416 3205 763 3245 interpretationem
783 3206 901 3238 dicam
927 3206 1017 3245 tibi;
1038 3209 1076 3238 et
1094 3207 1138 3239 de
1162 3206 1296 3246 quinus
1320 3207 1467 3238 loeutus
1494 3214 1532 3238 es
1551 3206 1764 3245 adaperiam
1782 3206 1862 3238 tibi.
1877 3197 1915 3225 22
1930 3204 2108 3244 Quoniam
2136 3205 2182 3237 de
2196 3205 2254 3237 kh

131 3257 277 3297 dixisti,
297 3258 361 3297 qui
386 3257 550 3290 derelicti
575 3260 681 3298 sunt,
702 3257 783 3290 haec
801 3260 857 3290 est
877 3258 1165 3297 interpretatio:
1185 3250 1224 3277 23
1240 3258 1307 3298 Qui
1333 3260 1458 3290 aufert
1483 3259 1689 3297 pel·l‹·ulllm
1710 3259 1776 3290 iilo
1794 3263 1976 3299 tempore,
1996 3256 2055 3288 hic
2075 3265 2112 3289 se
2133 3261 2254 3290 ensto-

133 3309 246 3349 divit;
266 3309 328 3348 qui
350 3310 389 3342 in
412 3310 577 3350 periculo
600 3310 832 3350 inciderunt,
861 3309 899 3342 hi
926 3314 1014 3342 sunt
1037 3310 1100 3350 qni
1126 3311 1264 3343 habeut
1283 3318 1397 3350 opera
1417 3314 1457 3342 et
1481 3310 1590 3342 tidem
1612 3311 1661 3342 ad
1685 3310 1956 3343 Fortissimum.
1978 3300 2015 3326 ²⁴
2041 3308 2140 3341 Scito
2163 3315 2254 3349 ergo

131 3361 304 3399 quoniam
328 3362 446 3401 magis
471 3362 675 3394 beatificati
700 3365 790 3394 sunt
814 3362 878 3401 qui
902 3362 1090 3402 derelicti,
1114 3371 1224 3402 super
1246 3371 1307 3395 eos
1330 3364 1395 3402 qui
1420 3370 1492 3394 moi
1503 3363 1560 3394 tui
1583 3365 1683 3396 sunt.

186 3405 222 3430 ²5
241 3413 308 3445 Hae
327 3414 657 3454 interpretationes
669 3413 838 3454 visionis,
862 3414 949 3454 quia
974 3415 1100 3447 vidisti
1124 3417 1248 3447 virum
1266 3415 1527 3447 ascendentem
1555 3414 1599 3446 de
1623 3415 1731 3447 corde
1754 3413 1880 3450 mariz,
1909 3402 1947 3430 ²⁶
1971 3415 2050 3453 ipse
2067 3416 2126 3447 est
2141 3421 2252 3454 quem

131 3471 327 3497 conservat
356 3466 567 3499 Aitlssimus
597 3467 727 3499 multis
758 3466 1007 3506 temporibus,
1042 3466 1105 3506 qui
1139 3475 1206 3507 per
1231 3468 1468 3507 semetipsum
1497 3466 1912 3499 liberav'rtcreaturam
1945 3473 2078 3506 suam3
2109 3467 2149 3498 et
2175 3465 2253 3505 ipse

135 3514 320 3554 disponet,
343 3518 407 3555 qui
428 3519 594 3551 derelicti
615 3522 713 3550 sunt.
740 3509 774 3536 ²⁷
794 3518 843 3550 Et
863 3519 1037 3557 quoniam
1059 3518 1185 3551 vidisti
1211 3519 1256 3551 de
1280 3527 1344 3551 ore
1367 3521 1448 3558 elus
1467 3519 1589 3554 exire.
1611 3521 1655 3550 ut
1675 3518 1867 3558 spiritum,
1888 3520 1928 3548 et
1948 3518 2068 3557 ignem
2081 3543 2091 3559 ,
2106 3523 2145 3550 et
2160 3520 2252 3550 tem-

134 3568 339 3606 pestatem3
367 3561 403 3586 ‘²⁸
420 3572 458 3601 et
481 3570 657 3609 quoniam
682 3578 756 3602 non
782 3570 934 3603 tenebat
954 3571 1154 3611 frameam,
1175 3579 1297 3609 neque
1318 3579 1384 3603 vas
1406 3570 1649 3609 bellicosum:
1671 3568 1836 3608 ewmpit
1865 3569 1962 3601 enim
1989 3572 2150 3610 impetus
2172 3570 2252 3610 erus

135 3618 432 3660 multitudinem,
458 3629 542 3660 quae
567 3625 722 3655 venerat
745 3629 962 3662 expugnare
985 3630 1092 3663 eum;
1118 3623 1201 3655 haec
1223 3626 1279 3655 est
1304 3620 1596 3662 interpretatio:
1619 3613 1657 3640 ²⁹
1675 3620 1768 3653 Ecce
1796 3621 1871 3653 dies
1900 3623 2077 3663 veniunt,
2104 3621 2252 3662 quando
