2423 3861
184 1984 355 2012 l’arabolae

202 2026 241 2053 de
266 2033 330 2054 usu

165 2069 371 2098 divitiarum.

172 2117 204 2142 1ο
223 2113 366 2143 Villicus

164 2157 255 2190 iniqu
261 2157 368 2187 itatis.

168 3281 200 3307 2⁰
227 3279 373 3308 Murmu-

187 3327 262 3350 rant
280 3324 354 3355 pha-

221 3373 318 3394 rrsael.

463 139 573 181 1174
1028 135 1138 176 Luc.
1171 133 1271 188 xv,
1308 133 1362 175 15
1395 159 1452 166 -
1483 133 1615 187 xvi,
1651 133 1719 175 17.

456 308 550 364 ipse
572 309 707 363 coepit
729 320 868 361 egere.
895 305 927 330 ¹⁷¹
946 305 1004 346 Et
1027 303 1160 358 abiit,
1184 307 1226 346 et
1250 302 1442 345 adhaesit
1463 302 1538 344 uni
1566 301 1732 345 civium
1756 302 1949 357 regionis
1969 303 2110 360 illius,
2133 312 2178 348 et
2204 306 2278 347 mi-

456 368 512 410 sit
538 367 663 408 illum
685 366 730 407 in
756 364 910 406 villam
935 376 1063 406 suani
1088 367 1136 404 ut
1161 366 1361 418 pasceret
1393 375 1560 417 porcos.
1589 360 1624 386 ¹⁶
1640 361 1696 402 Et
1730 360 1938 416 cupiebat
1968 361 2152 418 implere
2180 378 2286 408 ven-

456 431 567 468 trem
589 439 717 467 suum
743 423 797 466 de
818 421 1010 478 siliquis,
1037 435 1145 477 quas
1170 421 1290 477 porci
1317 420 1674 473 manducabant3
1692 424 1736 463 et
1761 433 1889 462 nemo
1911 419 1978 462 illi
2006 420 2154 465 dabat.
2182 422 2216 448 ¹⁷
2231 423 2286 465 In

455 498 501 527 se
527 488 673 526 autem
700 495 919 537 reversus,
947 480 1062 524 dixit
1093 496 1101 523 ε
1133 480 1295 530 Quanti
1329 479 1588 523 mercenarii
1621 479 1666 521 in
1701 478 1831 522 domo
1861 479 1998 535 patris
2032 480 2118 523 mei
2147 480 2285 523 abun-

455 543 563 585 dant
592 541 802 598 panibus,
829 554 910 596 ego
943 545 1092 583 autem
1124 539 1197 582 hic
1225 539 1349 582 fame
1378 539 1527 595 pereo!
1560 537 1595 564 ¹8
1618 538 1825 593 Surgam,
1853 543 1896 580 et
1923 538 1997 580 ibo
2030 538 2087 581 ad
2113 544 2285 594 patrem

454 615 623 656 meum,
657 605 700 644 et
733 599 880 643 dicam
909 599 949 643 ei
979 616 986 643 :
1018 600 1162 654 Pater,
1198 597 1379 655 peccavi
1412 597 1457 639 in
1488 597 1648 640 caelum
1678 602 1722 640 et
1752 611 1901 640 coram
1931 602 1997 651 te;
2027 596 2063 623 ¹⁹
2079 597 2175 653 jam
2199 612 2288 641 non

453 675 551 703 sum
584 659 744 716 diguus
778 659 924 702 vocari
954 658 1070 701 filius
1103 663 1225 713 tuus,
1254 657 1331 700 fac
1364 671 1433 700 me
1462 656 1577 699 sicut
1609 671 1745 699 unum
1783 655 1838 699 de
1871 656 2152 699 mercenariis
2186 657 2289 699 tuis.

453 718 490 745 90
508 719 567 762 Et
588 733 771 775 surgens
793 718 915 761 venit
936 718 993 761 ad
1018 722 1190 774 patrem
1207 732 1350 760 suum.
2157 757 2161 760 ,

513 778 623 823 Cum
649 784 799 821 autern
823 778 969 820 adhuc
992 777 1122 833 longe
1148 782 1283 830 esset,
1302 776 1417 819 vidit
1442 775 1567 819 illum
1594 780 1720 832 pater
1740 775 1900 832 ipsius,
1916 780 1960 819 et
1985 775 2288 819 misericordia

453 843 598 881 motus
620 843 705 894 est,
730 842 773 880 et
797 851 1030 880 accurrens
1053 835 1214 879 cecidit
1246 849 1377 892 super
1407 835 1570 878 collum
1603 834 1721 890 ejus,
1746 840 1790 878 et
1819 834 2042 878 osculatus
2076 839 2143 878 est
2171 849 2286 878 eum.

454 896 487 923 91
508 897 721 952 Dixitque
748 897 786 939 ei
808 896 924 939 filius
950 913 958 940 :
987 897 1130 950 Pater,
1150 895 1332 952 peccavi
1354 895 1400 936 in
1427 894 1587 937 caelum
1610 899 1654 937 et
1676 908 1824 937 coram
1849 899 1914 951 te,
1940 894 2036 950 jam
2069 908 2158 937 non
2190 909 2288 938 sum

454 956 615 1012 dignus
637 956 785 999 vocari
813 955 929 998 filius
951 961 1065 998 tuus.
1092 953 1129 980 99
1148 954 1275 997 Dixit
1299 959 1449 997 autem
1471 958 1596 1011 pater
1629 953 1685 996 ad
1719 967 1867 997 servos
1897 967 1998 997 suos
2025 971 2034 998 :
2066 953 2164 997 Cito
2190 968 2288 1010 pro-

452 1016 569 1059 ferte
595 1015 757 1059 stolam
775 1015 965 1072 primam
991 1020 1034 1058 et
1059 1013 1230 1057 induite
1255 1013 1404 1064 illum,
1428 1019 1472 1056 et
1495 1013 1597 1055 date
1623 1012 1838 1055 annulum
1867 1012 1915 1055 in
1948 1027 2131 1056 manum
2164 1013 2262 1069 ejus
2278 1048 2288 1068 ,

453 1082 497 1118 et
523 1074 827 1118 calceamenta
852 1074 896 1116 in
922 1074 1055 1130 pedes
1078 1073 1199 1129 ejus;
1223 1071 1260 1099 93
1281 1077 1325 1116 et
1349 1072 1559 1115 adducite
1587 1071 1780 1114 vitulum
1805 1072 2081 1128 saginatum,
2108 1077 2152 1115 et
2173 1072 2288 1116 occi·

453 1134 569 1189 dite;
595 1140 638 1177 et
664 1134 1004 1189 manducemus,
1028 1139 1071 1176 et
1097 1133 1354 1190 epulemur:
1389 1131 1425 1157 94
1447 1131 1549 1187 quia
1565 1131 1643 1174 -hic
1669 1131 1784 1174 filius
1813 1146 1934 1174 meus
1957 1137 2155 1174 mortuus
2180 1137 2288 1187 erat,

453 1201 496 1237 et
521 1194 706 1248 revixit3
734 1194 943 1250 perierat,
971 1199 1014 1236 et
1038 1193 1245 1235 inventus
1272 1196 1350 1235 est.
1379 1192 1437 1234 Et
1463 1196 1692 1247 coeperunt
1717 1191 1900 1247 epulari.

512 1252 548 1279 95
567 1253 675 1295 Erat
699 1258 848 1296 autem
871 1252 987 1295 filius
1013 1252 1109 1308 ejus
1135 1251 1280 1294 senior
1303 1251 1349 1293 in
1371 1265 1503 1306 agr03
1528 1256 1571 1294 et
1589 1265 1691 1293 cum
1708 1250 1879 1293 veniret
1900 1255 1943 1293 et
1961 1251 2287 1308 appropinqua-

452 1319 518 1356 ret
544 1312 719 1368 domui,
746 1312 919 1355 audivit
940 1311 1252 1368 symphoniam
1275 1315 1317 1354 et
1342 1311 1549 1365 chorum3
1578 1308 1614 1336 96
1636 1314 1679 1352 et
1698 1309 1876 1353 vocavit
1900 1324 2038 1352 unum
2058 1310 2111 1353 de
2133 1311 2286 1366 servis,

453 1378 496 1415 et
520 1371 811 1427 interrogavit
837 1371 941 1428 quid
964 1372 1062 1414 haec
1089 1376 1248 1414 essent.
1272 1369 1306 1396 97
1324 1371 1455 1425 Isque
1482 1369 1596 1412 dixit
1623 1368 1690 1411 illi
1724 1385 1733 1413 z
1767 1369 1923 1413 Frater
1954 1374 2056 1412 tuus
2081 1369 2226 1426 venit,
2245 1375 2288 1414 et

453 1431 614 1474 occidit
640 1436 765 1488 pater
785 1436 886 1474 tuus
911 1430 1101 1474 vitulum
1126 1430 1400 1486 saginatum,
1425 1429 1526 1485 quia
1551 1429 1726 1471 salvum
1750 1428 1878 1471 illum
1899 1428 2079 1485 recepit.
2105 1427 2142 1455 98
2160 1429 2284 1472 Indi-

453 1496 616 1547 gnatus
641 1496 708 1534 est
729 1496 899 1546 autem,
924 1495 967 1533 et
999 1490 1180 1533 nolebat
1211 1489 1406 1532 introire.
1439 1489 1572 1531 Pater
1604 1502 1708 1544 ergo
1742 1487 1862 1531 illius
1895 1502 2117 1544 egressus,
2152 1488 2288 1546 coepit

452 1565 606 1606 rogare
626 1550 769 1593 illum.
792 1549 829 1576 99
846 1551 907 1592 At
931 1550 1008 1593 ille
1032 1548 1322 1606 respondens,
1346 1547 1460 1590 dixit
1480 1547 1595 1604 patri
1621 1562 1698 1590 suo
1725 1563 1734 1591 ε
1763 1547 1880 1591 Ecce
1901 1552 1966 1590 tot
1991 1547 2119 1590 annis
2145 1547 2288 1591 servio

453 1609 554 1664 tibi,
586 1615 629 1653 et
662 1624 889 1665 nunquam
920 1609 1182 1652 mandatum
1215 1613 1339 1650 tuum
1374 1607 1618 1664 praeterivi,
1647 1611 1689 1649 et
1723 1621 1951 1662 nunquam
1982 1606 2145 1649 dedisti
2175 1606 2285 1649 mihi

452 1669 631 1712 haedum
665 1674 713 1710 ut
746 1683 847 1711 cum
878 1668 1035 1711 amieis
1073 1667 1181 1711 meis
1216 1667 1443 1724 epularer3
1481 1666 1518 1692 3⁰
1534 1666 1609 1709 sed
1643 1671 1877 1722 postquam
1907 1665 2023 1708 filius
2057 1671 2159 1708 tuus
2189 1666 2288 1721 hic,

453 1729 526 1784 qui
558 1728 787 1771 devoravit
823 1727 1120 1771 substantiam
1154 1741 1279 1770 suam
1313 1741 1412 1768 cum
1447 1725 1772 1780 meretricibus,
1808 1725 1950 1779 venit,
1983 1725 2187 1768 occidisti
2220 1725 2285 1767 illi

453 1788 643 1830 vitulum
675 1787 943 1843 saginatum.
979 1787 1012 1813 3¹
1033 1788 1095 1829 At
1123 1787 1218 1842 ipse
1251 1785 1365 1828 dixit
1401 1785 1468 1827 illi
1498 1801 1507 1829 :
1536 1784 1644 1839 Fili,
1667 1790 1715 1827 tu
1741 1799 1914 1841 semper
1940 1798 2115 1827 mecum
2141 1799 2208 1840 es,
2245 1791 2287 1828 et

452 1847 599 1889 omnia
624 1861 723 1890 mea
744 1852 820 1889 tua
845 1852 961 1889 sunt.
984 1845 1021 1873 39
1040 1845 1222 1903 Epulari
1248 1851 1397 1888 autem
1431 1850 1474 1888 et
1500 1843 1694 1900 gaudere
1726 1843 1978 1899 oportebat,
2014 1843 2116 1899 quia
2148 1843 2291 1887 frater

452 1911 550 1950 tuus
574 1907 646 1949 hic
674 1912 869 1949 mortuus
896 1911 1009 1960 erat,
1032 1911 1075 1949 et
1099 1905 1282 1959 revixit3
1311 1904 1522 1960 perierat,
1545 1909 1588 1946 et
1612 1903 1820 1946 inventus
1842 1908 1921 1946 est.

511 1966 616 2009 CAP.
640 1966 764 2009 XVI.
787 1992 847 1997 —
878 1965 891 1991 ¹
913 1965 1101 2008 Dicebat
1135 1970 1284 2007 autem
1318 1969 1361 2006 et
1393 1963 1449 2006 ad
1480 1962 1721 2019 discipulos
1754 1976 1855 2005 suos
1884 1979 1892 2006 :
1928 1963 2075 2006 Homo
2107 1962 2288 2019 quidam

451 2030 544 2069 erat
570 2025 715 2079 dives,
742 2025 815 2080 qui
841 2024 1034 2068 habebat
1060 2024 1286 2078 villicum3
1315 2028 1358 2066 et
1382 2022 1455 2065 hic
1488 2021 1750 2064 diffamatus
1776 2027 1841 2065 est
1862 2021 1980 2079 apud
2012 2021 2139 2064 illum
2163 2021 2287 2078 quasi

452 2085 708 2141 dissipasset
733 2085 849 2128 bona
873 2084 1024 2141 ipsius.
1051 2083 1068 2109 9
1087 2084 1144 2126 Et
1165 2082 1344 2126 vocavit
1365 2082 1514 2137 illum,
1542 2086 1585 2124 et
1610 2081 1673 2123 ait
1697 2081 1765 2123 illi
1792 2098 1800 2125 :
1828 2080 1939 2132 Quid
1966 2081 2048 2124 hoc
2075 2081 2206 2124 audio
2233 2081 2289 2124 de

451 2145 524 2188 te?
565 2143 715 2187 Redde
747 2143 965 2187 rationem
994 2142 1283 2186 villicationis
1316 2147 1437 2191 tuae:
1469 2141 1565 2197 jam
1595 2140 1715 2184 enim
1748 2155 1836 2184 non
1872 2140 2036 2196 poteris
2073 2140 2284 2183 villicare.

450 2203 468 2229 3
484 2203 562 2246 Ait
584 2208 734 2246 autem
756 2203 933 2246 villicus
957 2203 1074 2246 intra
1097 2217 1141 2246 se
1172 2218 1181 2245 :
1208 2201 1322 2252 Quid
1351 2201 1541 2256 faciam,
1569 2200 1671 2256 quia
1699 2199 1903 2243 dominus
1930 2214 2053 2242 meus
2086 2199 2235 2243 aufert
2259 2214 2287 2241 a

450 2278 520 2306 me
542 2263 897 2306 villicationem?
921 2262 1090 2306 Fodere
1112 2276 1199 2305 non
1226 2261 1374 2316 valeo,
1397 2261 1650 2303 mendicare
1672 2260 1894 2303 erubesco.
1922 2258 1939 2284 4
1958 2258 2057 2302 Scio
2083 2258 2186 2315 quid
2216 2258 2288 2301 fa-

450 2322 586 2379 ciam,
614 2328 682 2378 ut,
706 2337 807 2365 cum
827 2328 1002 2365 amotus
1027 2322 1155 2365 fuero
1184 2336 1210 2364 a
1235 2320 1530 2377 villicatione,
1567 2319 1786 2375 recipiant
1814 2333 1885 2361 me
1916 2317 1962 2360 in
1985 2317 2138 2361 domos
2171 2332 2283 2361 suas.

450 2382 468 2408 5
493 2382 760 2425 Convocatis
795 2382 946 2438 itaque
986 2381 1175 2437 singulis
1217 2380 1492 2422 debitoribus
1533 2378 1702 2422 domini
1741 2378 1829 2431 sui,
1872 2377 2051 2420 dicebat
2091 2377 2232 2434 primo
2275 2394 2286 2421 :

451 2442 674 2492 Quantum
697 2441 829 2485 debes
856 2441 1034 2485 domino
1061 2440 1196 2484 meo?
1223 2439 1240 2466 ⁶
1259 2440 1319 2482 At
1336 2438 1412 2482 ille
1439 2438 1554 2481 dixit
1586 2454 1599 2484 ι
1631 2439 1819 2482 Centum
1846 2437 1979 2480 cados
2009 2436 2107 2480 olei.
2137 2435 2282 2480 Dixit-

451 2515 533 2557 que
565 2501 631 2543 illi
671 2517 680 2545 :
715 2501 884 2558 Accipe
916 2501 1169 2543 cautionem
1205 2505 1349 2554 tuam,
1388 2503 1432 2541 et
1468 2498 1572 2541 sede
1609 2497 1718 2553 cito,
1760 2496 1903 2539 scribe
1947 2495 2284 2552 quinquaginta.

450 2559 466 2586 ⁷
486 2559 659 2604 Deinde
683 2560 761 2602 alii
786 2560 900 2603 dixit
932 2576 941 2604 t
963 2561 1030 2603 Tu
1052 2573 1153 2603 vero
1177 2563 1391 2615 quantum
1417 2558 1551 2601 debes
1571 2556 1592 2600 ’ἓ
1614 2556 1697 2607 Qui
1722 2556 1786 2599 ait
1813 2572 1824 2600 z
1849 2555 2039 2598 Centum
2065 2568 2187 2598 coros
2210 2554 2287 2597 tri-

450 2618 541 2663 tici.
565 2619 644 2662 Ait
666 2619 731 2662 illi
764 2637 772 2664 :
799 2619 968 2676 Accipe
994 2619 1164 2663 litteras
1187 2624 1308 2674 tuas,
1332 2623 1375 2661 et
1400 2616 1542 2660 scribe
1576 2615 1816 2671 octoginta.
1847 2614 1864 2642 ⁸
1887 2615 1945 2657 Et
1973 2613 2177 2657 laudavit
2209 2613 2286 2657 do-

450 2678 596 2722 minus
621 2679 821 2721 villicum
842 2678 1112 2735 iniquitatis,
1138 2677 1242 2734 quia
1264 2676 1502 2734 prudenter
1526 2675 1733 2730 fecisset3
1753 2674 1856 2730 quia
1875 2673 1954 2716 filii
1975 2673 2110 2729 hujus
2132 2672 2287 2716 saeculi

450 2738 755 2795 prudentiores
778 2737 880 2781 filiis
902 2738 1014 2781 lucis
1038 2738 1085 2780 in
1109 2736 1395 2793 generatione
1420 2751 1498 2779 sua
1523 2740 1639 2779 sunt.

511 2797 528 2823 9
546 2798 604 2840 Et.
629 2812 710 2854 ego
737 2797 862 2840 vobis
885 2797 982 2841 dico
1007 2813 1015 2841 :
1044 2796 1200 2840 Facite
1225 2795 1351 2838 vobis
1377 2795 1544 2838 amicos
1566 2795 1620 2838 de
1638 2807 1894 2837 mammona
1914 2791 2188 2848 iniquitatis3
2214 2796 2281 2846 ut,

451 2872 551 2900 cum
578 2857 853 2912 defeceritis,
876 2856 1093 2913 recipiant
1118 2870 1195 2899 vos
1217 2855 1263 2898 in
1287 2860 1452 2898 aeterna
1477 2853 1778 2897 tabernacula.
1815 2852 1850 2879 ¹⁰
1875 2851 1956 2903 Qui
1982 2851 2124 2895 fidelis
2151 2854 2217 2893 est
2236 2850 2283 2892 in

451 2916 657 2971 minimo,
677 2922 720 2960 et
745 2916 790 2958 in
813 2916 971 2970 majori
997 2915 1140 2959 fidelis
1166 2920 1257 2969 est,
1286 2919 1329 2958 et
1355 2914 1428 2969 qui
1453 2913 1499 2956 in
1527 2912 1701 2956 modico
1723 2912 1900 2968 iniquus
1931 2915 2016 2966 est,
2040 2916 2084 2953 et
2111 2909 2157 2952 in
2191 2923 2281 2951 ma-

450 2975 535 3031 jori
560 2975 737 3032 iniquus
767 2980 844 3018 est.
877 2975 909 3001 ¹¹
930 2975 973 3019 Si
999 2989 1102 3030 ergo
1131 2974 1177 3016 in
1205 2973 1358 3029 iniquo
1384 2987 1637 3015 mammona
1662 2971 1814 3015 fideles
1847 2984 1934 3014 non
1967 2967 2137 3024 fuistis,
2166 2967 2282 3023 quod

451 3048 601 3077 verum
630 3040 695 3078 est
720 3034 816 3090 quis
839 3034 988 3078 credet
1009 3032 1175 3078 vobis?
1207 3032 1243 3059 19
1258 3034 1316 3075 Et
1348 3033 1384 3075 si
1418 3032 1463 3074 in
1493 3032 1639 3075 alieno
1668 3030 1821 3074 fideles
1850 3044 1937 3073 non
1970 3027 2141 3079 fuistis,
2166 3027 2282 3082 quod

451 3099 645 3136 vestrum
671 3100 738 3137 est
762 3093 858 3149 quis
882 3094 1006 3136 dabit
1031 3093 1157 3137 vobis
1176 3092 1197 3135 ἶ)
1221 3092 1256 3119 ¹3
1282 3093 1424 3136 Nemo
1442 3105 1592 3134 servus
1618 3095 1763 3148 potest
1785 3089 1955 3132 duobus
1978 3086 2168 3130 dominis
2195 3100 2283 3128 ser—

453 3153 544 3196 vire
571 3158 683 3196 :aut
708 3153 824 3196 enim
859 3167 994 3195 unum
1027 3153 1166 3207 odiet,
1202 3157 1245 3195 et
1273 3151 1463 3195 alterum
1498 3150 1680 3206 diliget;
1715 3154 1792 3192 aut
1824 3147 1900 3191 uni
1937 3144 2204 3200 adhaerebit,
2238 3151 2282 3188 et

451 3212 640 3255 alterum
663 3217 929 3255 contemnet.
953 3213 1053 3255 Non
1075 3211 1259 3269 potestis
1287 3212 1379 3254 Deo
1402 3210 1565 3253 servire
1586 3214 1630 3253 et
1650 3220 1931 3251 mammonae.

511 3271 546 3297 ¹⁴
569 3271 826 3315 Audiebant
843 3277 991 3313 autem
1010 3271 1157 3313 omnia
1181 3271 1277 3312 haec
1295 3269 1522 3326 pharisaei,
1543 3268 1617 3324 qui
1640 3272 1764 3311 erant
1784 3264 1907 3308 avari
1924 3282 1932 3319 ;
1957 3269 2000 3307 et
2019 3263 2281 3307 deridebant

451 3331 590 3374 illum.
616 3330 651 3357 ¹5
670 3332 727 3374 Et
751 3331 814 3373 ait
834 3329 924 3373 illis
947 3346 955 3374 ς
975 3330 1063 3373 Vos
1082 3330 1186 3373 estis
1204 3329 1277 3385 qui
1302 3328 1559 3384 justificatis
1580 3341 1657 3370 vos
1679 3339 1827 3369 coram
1856 3323 2131 3378 hominibus,
2161 3323 2279 3365 Deus

453 3396 600 3434 autem
633 3390 757 3433 novit
790 3389 922 3432 corda
951 3394 1122 3444 vestra,
1158 3389 1260 3444 quia
1291 3388 1407 3444 quod
1438 3385 1690 3430 hominibus
1723 3384 1863 3426 altum
1897 3387 1982 3438 est,
2005 3381 2283 3425 abominatio

455 3457 517 3491 est
546 3455 649 3492 ante
680 3450 838 3492 Deum.
873 3448 909 3474 ¹⁶
928 3449 1020 3491 Lex
1050 3453 1092 3491 et
1121 3447 1348 3505 prophet-ae
1388 3460 1526 3502 usque
1561 3445 1617 3487 ad
1658 3445 1902 3495 Joannen1;
1931 3456 1986 3485 ex
2014 3456 2064 3485 eo
2092 3454 2282 3498 regnum

457 3507 535 3549 Dei
563 3508 912 3563 evangelizatur,
941 3512 984 3550 et
1006 3507 1148 3550 omnis
1169 3507 1216 3549 in
1241 3506 1353 3548 illud
1379 3505 1470 3547 vim
1493 3503 1619 3547 facit.
1648 3501 1681 3528 ¹⁷
1698 3500 1894 3544 Facilius
1927 3506 1993 3543 est
2021 3505 2172 3544 autem
2194 3513 2281 3544 cae—

458 3653 508 3684 16,
529 3653 573 3684 13]
595 3653 713 3680 Mattln.
734 3655 790 3686 Π,
807 3658 850 3681 21.
869 3667 904 3671 —
923 3653 969 3685 16]
988 3651 1111 3679 Matth.
1127 3649 1185 3682 XI,
1208 3650 1367 3682 12.—17]
1390 3648 1511 3676 Matth.
1531 3648 1628 3681 5213.
