2423 3861
742 113 814 156 Ps.
848 112 1021 166 XLIX,
1058 114 1110 157 19
1142 139 1201 144 —
1233 113 1289 167 L,
1323 112 1392 154 21.
1892 112 1977 155 583

336 283 372 309 ¹⁹
388 283 447 327 Os
472 290 596 326 tuum
618 283 863 326 abundavit
885 283 1055 326 malitia
1073 299 1082 337 3

452 348 495 385 ct
520 342 671 397 lingua
693 347 768 384 tua
794 341 1090 384 concinnabat
1115 341 1250 384 dolos.

334 398 372 426 ‘20
387 400 571 455 Sedens,
598 401 809 444 adversus
831 400 1014 443 fratrem
1042 405 1166 442 tuum
1194 400 1472 456 loquebaris,

451 465 493 502 et
517 460 726 503 adversus
752 459 892 502 filium
918 459 1071 502 matris
1097 464 1185 501 tuae
1208 460 1401 515 ponebas
1423 456 1696 503 scandalum.

334 517 366 543 ‘2¹
389 518 501 561 Haec
528 518 698 573 fecisti,
725 523 769 561 et
791 518 924 561 tacui.

453 576 728 619 Existimasti
752 576 900 632 inique
927 576 1042 632 quod
1070 591 1141 619 ero
1164 577 1227 619 tui
1254 576 1437 620 similis:

450 651 634 689 arguam
661 641 724 688 te,
747 640 790 678 et
810 640 1005 677 statuam
1028 640 1179 678 contra
1205 635 1370 677 faciem
1395 640 1531 678 tuam.

332 695 368 720 ”2'2
388 695 633 750 intelligite
658 695 773 750 haec,
797 694 869 750 qui
898 693 1211 737 obliviscimini
1237 694 1407 746 Deum3

450 753 681 809 nequando
704 752 867 809 rapiat,
896 757 940 795 et
961 766 1048 795 non
1069 752 1127 794 sit
1148 751 1221 807 qui
1245 751 1415 808 eripiat.

332 811 367 838 '²²³
383 812 657 855 Sacrificium
680 811 823 854 laudis
845 810 1153 854 honorificabit
1180 825 1248 853 me
1269 827 1277 865 3

449 876 492 914 et
515 870 608 913 illic
634 870 717 913 iter
742 883 826 926 quo
852 869 1082 912 ostendam
1107 869 1174 911 illi
1196 868 1389 912 salutare
1415 868 1511 912 Dei.

927 977 1141 1020 PsALMiJs
1175 978 1211 1019 L

231 1065 485 1108 Poenz'tentc's
509 1066 665 1108 animoe
686 1065 886 1108 contritio
911 1071 952 1108 et
961 1079 1047 1120 pro
1072 1065 1322 1108 remissione
1337 1069 1622 1120 peccatorum
1643 1063 1900 1120 deprecatio.

215 1151 225 1177 ¹
246 1152 298 1193 In
317 1152 462 1205 finem,
480 1151 682 1195 Psalmus
701 1151 860 1207 David,
880 1150 898 1177 ‘²
915 1165 1016 1194 cum
1030 1151 1152 1194 venit
1165 1151 1221 1194 ad
1237 1165 1338 1194 eum
1356 1131 1538 1193 Nathan
1558 1150 1784 1208 propheta,
1805 1150 1978 1206 quando

150 1210 335 1253 intravit
356 1210 412 1253 ad
438 1211 696 1254 Bethsabee.

347 1284 364 1310 3
381 1285 588 1328 Miserere
613 1285 721 1340 mei,
746 1286 884 1340 Deus,
911 1285 1155 1328 secundum
1181 1299 1392 1341 magnam
1414 1284 1762 1327 misericordiam
1786 1289 1908 1327 tuam
1931 1302 1940 1338 ς

447 1349 491 1387 et
523 1344 765 1388 secundum
799 1344 1132 1387 multitudinem
1165 1343 1499 1386 miserationum
1533 1348 1729 1399 tuarum,
1765 1343 1862 1386 dele
1893 1343 1976 1385 ini-

347 1401 365 1429 4
381 1403 587 1459 Amplius
608 1403 710 1445 lava
732 1417 802 1445 me
827 1403 883 1445 ab
908 1402 1143 1457 iniquitate
1166 1416 1284 1457 mea,
1554 1402 1794 1459 [quitatem
1820 1416 1975 1446 meam.

447 1466 490 1504 et
509 1476 536 1504 a
561 1466 743 1518 peccato
768 1475 865 1504 meo
887 1461 1053 1503 munda
1079 1475 1163 1503 me.

346 1521 363 1547 5
380 1520 595 1571 Quoniam
616 1519 899 1576 iniquitatem
925 1534 1070 1562 meam
1095 1533 1178 1575 ego
1201 1534 1439 1576 cognosco,

444 1583 487 1621 et
511 1583 743 1635 peccatum
769 1592 913 1621 meum
943 1584 1094 1621 contra
1120 1592 1189 1621 me
1215 1583 1281 1621 est
1305 1593 1488 1635 semper.

346 1639 364 1665 ⁶
380 1637 480 1681 Tibi
502 1637 583 1681 soli
609 1637 813 1693 peccavi,
837 1642 879 1680 et
904 1637 1071 1679 malum
1094 1651 1240 1680 coram
1262 1642 1308 1680 te
1329 1638 1420 1681 feci
1441 1655 1450 1693 3

442 1701 491 1739 ut
512 1696 765 1752 justificeris
791 1697 837 1738 in
862 1696 1136 1739 sermonibus
1158 1696 1267 1751 tuis,
1295 1701 1339 1739 et
1360 1697 1513 1739 vincas
1537 1711 1638 1740 cum
1660 1697 1886 1752 judicaris..

344 1755 359 1781 7
378 1757 494 1798 Ecce
516 1755 634 1798 enim
654 1755 701 1798 in
723 1755 1033 1811 iniquitatibus
1056 1760 1294 1811 conceptus
1316 1770 1433 1811 sum,

443 1820 487 1858 et
511 1815 556 1857 in
578 1815 771 1871 peccatis
798 1815 1000 1871 concepit
1025 1829 1095 1857 me
1122 1820 1262 1858 mater
1286 1829 1398 1858 mea.

344 1874 361 1901 3
378 1875 493 1917 Ecce
518 1874 636 1917 enim
662 1874 895 1917 veritatem
921 1874 1117 1917 dilexisti
1138 1891 1146 1929 3

442 1933 611 1976 incerta
638 1938 681 1976 et
703 1933 876 1976 occulta
901 1933 1132 1989 sapientiae
1157 1938 1246 1976 tuae
1269 1934 1570 1977 manifestasti
1597 1933 1719 1976 mihi.

345 1991 597 2049 9Asperges
623 2007 693 2035 me
714 1993 923 2048 hyssopo,
951 1997 994 2035 et
1020 1993 1295 2048 mundabor3

443 2051 614 2093 lavabis
638 2066 727 2107 me,
752 2057 794 2094 et
819 2066 948 2108 super
968 2052 1117 2094 nivem
1140 2052 1393 2096 dealbabor.

329 2111 361 2138 ¹0
378 2110 567 2154 Auditui
589 2124 686 2153 meo
712 2110 838 2153 dabis
860 2110 1072 2166 gaudium
1094 2116 1139 2154 et
1163 2111 1391 2166 laetitiam,

442 2175 486 2213 et
511 2169 776 2213 exultabunt
801 2183 899 2212 ossa
922 2169 1170 2214 humiliata.

325 2229 358 2256 *¹¹
377 2230 544 2272 Averte
566 2228 732 2271 faciem
758 2233 882 2271 tuam
903 2243 929 2270 a
954 2229 1149 2285 peccatis
1171 2230 1299 2286 meis,
1895 2274 1922 2283 ἑ

443 2293 486 2332 et
511 2301 662 2331 omnes
685 2287 944 2343 iniquitates
966 2302 1086 2330 meas
1111 2289 1221 2331 dele.

325 2347 361 2374 '¹²
378 2348 462 2392 Cor
486 2347 700 2390 mundum
727 2361 824 2390 crea
845 2346 891 2388 in
913 2361 1002 2402 me,
1028 2349 1165 2402 Deus,

441 2411 485 2449 et
509 2406 714 2462 spiritum
738 2411 910 2449 rectum
933 2405 1098 2448 innova
1123 2406 1169 2448 in
1194 2407 1435 2451 visceribus
1458 2408 1581 2452 meis.

318 2465 360 2492 ¹3
377 2467 444 2509 Ne
468 2465 678 2522 projicias
700 2479 769 2507 me
794 2479 820 2507 a
844 2464 962 2507 facie
984 2470 1080 2521 tua,

440 2530 484 2568 et
505 2524 710 2581 spiritum
731 2529 936 2566 sanctum
957 2529 1083 2567 tuum
1109 2540 1163 2569 ne
1185 2526 1363 2569 auferas
1388 2541 1414 2569 a
1437 2540 1518 2569 me.

324 2583 359 2610 ¹4
378 2583 530 2627 Redde
552 2583 659 2626 mihi
685 2583 892 2626 laetitiam
916 2583 1121 2626 salutaris
1147 2584 1232 2640 tui,

440 2648 485 2686 et
509 2643 666 2700 spiritu
689 2643 923 2699 principali
948 2644 1156 2685 confirma
1179 2658 1260 2687 me.

324 2702 359 2728 15
377 2703 561 2745 Docebo·
579 2702 754 2758 iniquos
780 2702 874 2745 vias
899 2707 1025 2756 tuas3

439 2766 482 2805 et
506 2761 631 2818 impii
654 2761 710 2804 ad
735 2767 779 2804 te
805 2766 1127 2806 convertentur.

323 2820 359 2846 16
376 2820 535 2863 Libera
561 2835 631 2864 me
653 2821 706 2864 de
731 2821 1045 2877 sanguinibus,
1074 2822 1213 2877 Deus,
1239 2824 1358 2866 Deus
1382 2823 1537 2867 salutis
1563 2837 1696 2877 meae,

438 2884 483 2922 et
507 2880 727 2923 exultabit
751 2880 904 2936 lingua
930 2895 1027 2924 mea
1051 2880 1272 2936 justitiam
1298 2887 1434 2926 tuam.

326 2937 357 2964 ¹⁷
375 2938 586 2995 Domine,
612 2939 733 2981 labia
759 2954 856 2982 mea
881 2940 1052 2996 aperies
1072 2958 1080 2995 3

439 3003 481 3041 et
503 3012 548 3041 os
575 3013 721 3041 meum
743 2998 1029 3041 annuntiabit
1048 2999 1226 3043 laudem
1252 3006 1387 3044 tuam.

321 3056 356 3083 '13
373 3057 590 3108 Quoniam
611 3057 647 3100 si
673 3057 887 3100 voluisses
914 3058 1198 3115 sacrificium,
1226 3059 1448 3103 dedissem
1473 3064 1625 3116 utique
1646 3077 1655 3115 3

436 3116 706 3159 holocaustis
731 3131 819 3160 non
846 3116 1148 3161 delectaberis.

319 3173 356 3201 1⁹
370 3175 646 3219 Sacrificium
672 3177 767 3219 Deo
789 3176 968 3232 spiritus
994 3177 1316 3221 contribulatus
1335 3195 1344 3233 3

437 3248 509 3277 cor
531 3235 770 3277 contritum
794 3241 837 3278 et
862 3235 1167 3292 humiliatum,
1196 3237 1336 3293 Deus,
1359 3252 1448 3281 non
1474 3237 1702 3294 despicies.

319 3291 356 3319 2⁰
373 3293 573 3349 Benigne
593 3294 690 3348 fac,
719 3293 929 3348 Domine,
956 3294 1002 3336 in
1024 3294 1139 3338 bona
1162 3295 1394 3339 voluntate
1415 3301 1490 3339 tua
1515 3297 1641 3352 Sion,

436 3357 484 3394 ut
511 3352 784 3396 aedificentur
809 3353 922 3395 muri
944 3353 1205 3397 Jerusalem.

320 3408 353 3437 2¹
371 3411 496 3453 Tunc
517 3412 771 3468 acceptabis
794 3412 1058 3455 sacrificium
1079 3412 1286 3469 justitiae,
1310 3413 1555 3456 oblationes
1581 3418 1624 3456 et
1650 3413 1907 3456 holocausta
1926 3429 1935 3470 3

435 3474 542 3512 tunc
563 3469 792 3527 imponent
818 3485 947 3527 super
968 3471 1107 3514 altare
1129 3477 1255 3514 tuum
1280 3472 1456 3516 vitulos.

141 3613 174 3647 2]
191 3612 225 3640 11
245 3613 324 3646 Reg.
344 3613 425 3642 ΣΠ.
443 3628 481 3633 -—-
497 3615 526 3648 6]
546 3615 641 3643 Rom.
662 3615 730 3646 III.
746 3617 773 3643 4.
797 3629 834 3634 —
857 3615 887 3647 9]
906 3614 984 3642 ch.
1003 3613 1094 3641 le.
1112 3614 1208 3641 Num.
1228 3615 1321 3643 XIX.

2092 1162 2234 1190 Titulus.

2047 1289 2072 1318 1.
2099 1288 2207 1317 Enixa
2233 1297 2285 1315 vc-

2058 1332 2121 1361 niae
2137 1333 2267 1366 petitio.

2052 1381 2083 1405 1⁰
2106 1376 2274 1405 Miserere.

2081 1526 2113 1551 20
2134 1523 2247 1551 veniae

2094 1567 2232 1595 motiva.

2061 1996 2094 2022 3ο
2117 1993 2266 2021 Iteratur

2108 2044 2216 2065 venne

2095 2081 2226 2114 pet-itio.

2042 2368 2074 2393 4ο
2088 2365 2183 2392 Mens
2196 2371 2283 2392 nova

2097 2411 2131 2435 et
2149 2415 2231 2440 pul-:i

2059 2453 2262 2485 postulatur.

2059 2718 2105 2746 ΙΙ.
2124 2715 2268 2744 Promis-

2084 2761 2236 2790 sionibus

2051 2807 2268 2835 confirmatur

2093 2850 2224 2884 petitio.

2058 2898 2090 2923 1ο
2112 2895 2257 2928 Laudes,

2100 3066 2132 3091 20
2156 3069 2212 3091 cor

2056 3106 2242 3136 contritum
2255 3126 2263 3140 ,

2046 3313 2080 3338 3⁰
2099 3308 2263 3338 sacrificia

2048 3355 2114 3382 Deo
2132 3352 2268 3386 promit-

2091 3400 2221 3426 tuntur.
2270 3420 2276 3426 .
