2456 3861
202 634 310 663 Variae

138 678 311 712 religionis
335 678 379 705 vi-

150 722 367 751 cissitudincs

185 770 334 799 tempore

172 813 191 840 .J
198 811 341 839 udicuin.

169 1747 347 1775 Decretum

136 1790 195 1818 Dei
204 1791 244 1818 de
255 1790 377 1819 ceteris

159 1835 355 1864 Chananaeis

222 1887 287 1907 non

134 1924 375 1957 exstirpandis.

180 2175 335 2207 Ipsorum

152 2218 303 2247 recensio
325 2223 359 2247 et

135 2263 316 2292 relationes
337 2265 377 2292 ad

201 2308 313 2336 Israel.

140 3310 242 3338 Israel
275 3317 347 3338 sei-x·
355 3310 377 3338 it

174 3354 317 3381 ’01166611
330 3375 336 3388 ,

178 3397 341 3426 liberatur

137 3443 179 3470 ab
215 3441 380 3471 Othoniel.

442 152 528 195 224
1061 151 1168 193 -JL'D,
1202 151 1273 204 11,
1308 150 1334 192 9
1366 176 1426 180 —
1456 150 1554 203 111,
1590 151 1658 192 10.

443 324 597 378 Josue,
632 322 748 364 filins
785 322 909 375 Nun,
950 318 1146 361 famulus
1182 317 1383 372 Domini,
1423 324 1602 360 eentum
1640 323 1684 361 et
1722 318 1876 362 decem
1909 334 2156 378 annorum;
2192 322 2209 349 9
2231 328 2275 366 61

442 382 709 438 sepelierunt
731 394 832 422 eum
853 379 899 420 in
926 377 1086 419 finibus
1112 376 1400 433 possessionis
1421 391 1511 419 suae
1536 376 1588 434 in
1605 377 1889 420 Thamnath—
1898 378 2026 434 Sare,
2051 379 2101 422 in
2124 387 2274 425 monte

444 440 677 496 Ephraim,
705 453 730 480 a
753 435 1091 494 septentrionali
1114 435 1250 492 plaga
1268 435 1436 478 montis
1463 436 1596 479 Gaas.
1624 435 1660 462 ¹⁰
1679 436 1921 503 Omnisque
1945 414 2026 480 illa7
2046 440 2276 494 generatio

444 502 715 554 congregata
733 501 800 539 est
820 496 877 538 ad
894 501 1042 552 patres
1063 509 1178 550 suos,
1198 499 1243 538 et
1263 499 1547 537 surrexerunt
1567 495 1748 550 6111,(1111
1770 509 1859 538 non
1885 502 2103 539 noverant
2125 498 2276 540 Domi-

444 572 568 607 num,
592 563 635 599 et
657 571 788 612 opera
814 569 912 611 quae
937 555 1110 598 fecerat
1132 568 1233 597 curn
1260 554 1413 597 Israel.

504 616 534 641 ¹¹
557 617 864 670 feceruntque
898 614 978 656 filii
1002 613 1144 657 Israel
1176 613 1344 656 malum
1376 613 1422 656 16
1455 618 1695 670 conspectu
1718 613 1920 667 Domini,
1948 619 1994 656 et
2030 614 2278 658 servierunt

445 675 631 717 Baalim.
665 673 698 699 ¹2
719 676 787 716 Ac
805 673 1069 716 dimiserunt
1099 672 1342 716 Dominum
1372 674 1516 716 Deum
1545 677 1722 729 patrum
1747 687 1945 728 suorum,
1969 672 2043 728 qui
2064 673 2279 717 eduxerat

443 748 515 776 eos
538 734 591 776 de
617 739 732 776 terra
756 732 976 789 AEgypti3
1005 738 1050 776 et
1066 732 1208 775 secuti
1231 737 1335 775 sunt
1360 732 1464 775 deos
1489 732 1678 787 alienos,
1707 731 1898 787 deosque
1924 731 2186 788 populorum
2204 733 2279 789 qui

442 793 709 835 habitabant
734 792 779 835 in
798 792 985 835 circuitu
1002 806 1166 847 eorum,
1183 797 1226 835 et
1243 792 1540 835 adoraverunt
1563 806 1659 845 eos3
1686 797 1729 835 et
1750 791 1807 834 ad
1833 790 2111 834 iracundiam
2133 792 2280 835 eonci-

441 857 649 895 taverunt
676 852 938 907 Dominum,
969 851 1005 878 13
1030 851 1307 894 dimittentes
1342 865 1461 906 eum,
1488 856 1533 894 et
1558 851 1800 894 servientes
1835 850 1945 894 Baal
1978 855 2024 893 et
2049 851 2275 895 Astaroth.

444 911 477 937 ¹4
498 912 731 967 Iratusque
756 911 971 954 Dominus
1001 916 1153 953 contra
1181 910 1339 966 Israel,
1370 910 1556 953 tradidit
1581 925 1654 954 eos
1682 911 1729 953 in
1763 924 1920 953 manus
1950 909 2274 968 diripientium,

440 971 513 1026 qui
541 976 753 1027 ceperunt
774 985 867 1026 eos,
889 975 933 1014 et
958 969 1255 1014 vendiderunt
1273 968 1494 1024 hostibus,
1515 969 1589 1025 qui
1607 969 1874 1012 habitabant
1891 984 1969 1025 per
1987 984 2170 1026 gyrum;
2195 984 2277 1014 nec

439 1034 678 1087 potuerunt
698 1030 901 1073 resistere
927 1029 1192 1072 adversariis
1210 1029 1307 1072 vsuis
1327 1046 1335 1082 3
1368 1028 1400 1054 ¹⁵
1419 1029 1494 1071 sed
1514 1042 1790 1084 quocumque
1815 1043 1998 1085 pergere
2017 1029 2277 1085 voluissent,

439 1104 597 1132 manus
627 1089 810 1133 Domini
835 1104 966 1146 super
991 1103 1063 1131 eos
1089 1094 1203 1143 erat,
1225 1088 1341 1130 sicut
1370 1088 1541 1130 locutus
1572 1092 1658 1143 est,
1684 1094 1728 1130 et
1759 1088 1930 1143 juravit
1952 1087 2043 1143 616;
2074 1094 2119 1131 61
2145 1089 2281 1132 vehe-

438 1154 610 1192 menter
632 1148 782 1192 afflicti
805 1156 920 1193 sunt.
954 1148 988 1174 16
1009 1147 1338 1202 Suscitavitque
1366 1147 1583 1190 Dominus
1611 1147 1806 1203 judices,
1834 1147 1908 1202 qui
1937 1147 2179 1190 liberarent
2204 1162 2277 1191 eos

439 1208 492 1251 de
510 1208 786 1251 vastantium
808 1208 1039 1262 manibus,
1067 1207 1145 1249 sed
1170 1221 1251 1249 nec
1273 1220 1347 1249 eos
1368 1206 1521 1249 audire
1547 1206 1802 1262 voluerunt,
1828 1206 1861 1232 1⁷
1881 1206 2158 1250 fornicantes
2177 1221 2276 1250 cum

439 1267 522 1310 diis
547 1267 726 1323 alienis,
753 1272 798 1310 et
827 1267 1062 1310 adorantes
1088 1280 1173 1310 606.
1206 1265 1304 1309 Cito
1330 1266 1617 1308 deseruerunt
1645 1265 1785 1321 viam,
1813 1280 1889 1322 per
1921 1280 2053 1321 quam
2087 1265 2274 1322 ingressi

438 1327 618 1369 fuerant
643 1332 789 1383 patres
815 1340 993 1380 eorum,
1022 1331 1066 1369 et
1091 1326 1324 1369 audientes
1351 1325 1566 1368 mandata
1597 1325 1799 1381 Domini,
1827 1325 1977 1368 omnia
2000 1325 2149 1368 fecere
2175 1339 2281 1368 con·

438 1387 587 1430 traria.
615 1385 650 1412 ‘¹⁸
669 1387 866 1442 Cumque
889 1385 1106 1429 Dominus
1132 1385 1305 1441 judices
1327 1384 1583 1440 suscitaret,
1602 1384 1649 1427 in
1668 1384 1825 1427 diebus
1843 1399 1994 1427 eorum
2015 1383 2283 1428 flectebatur

440 1445 762 1501 misericordia,
790 1450 834 1488 et
858 1445 1069 1488 audiebat
1093 1444 1359 1487 afflictorum
1391 1444 1605 1500 gemitus,
1637 1448 1681 1487 et
1718 1443 1938 1487 liberabat
1971 1457 2044 1486 eos
2073 1443 2127 1487 de
2147 1444 2283 1488 -caede

440 1505 742 1560 vastantium,
775 1504 811 1531 19
835 1509 1071 1561 postquam
1096 1509 1247 1547 autem
1280 1509 1478 1547 mortuus
1511 1509 1625 1547 esset
1657 1504 1817 1560 judeX,
1847 1503 2197 1559 revertebantur,
2222 1509 2277 1547 ·et

441 1564 580 1608 multo
616 1564 850 1608 faciebant
888 1564 1042 1620 pejora
1079 1579 1213 1619 quam
1249 1563 1454 1606 fecerant
1500 1568 1648 1619 patres
1688 1577 1860 1618 eorum,
1902 1567 2136 1618 sequentes
2169 1563 2284 1607 deos-

440 1623 629 1679 alienos,
659 1624 901 1667 servientes
931 1624 1014 1679 eis,
1040 1628 1086 1667 et
1110 1623 1345 1667 adorantes
1378 1622 1491 1666 illos.
1519 1623 1620 1665 Non
1650 1622 1913 1665 dimiserunt
1937 1621 2282 1665 adinventiones

441 1697 562 1739 61166,
579 1690 633 1726 61
657 1683 779 1726 viam
806 1682 1108 1739 durissimam,
1137 1697 1215 1739 per
1236 1697 1368 1749 quam
1391 1682 1620 1725 ambulare
1649 1686 1985 1725 consueverunt.

500 1742 537 1769 '2⁰
560 1743 792 1798 Iratusque
816 1748 882 1785 est
903 1742 1030 1785 furoi
1049 1742 1229 1786 Domini
1255 1742 1300 1784 in
1327 1742 1487 1791 Isr,ael
1509 1747 1553 1784 et
1577 1741 1672 1784 ait:
1701 1742 1812 1792 Quia
1835 1741 2010 1784 irritum
2031 1741 2145 1784 fecit
2166 1756 2284 1798 gens-

440 1802 527 1845 ista
541 1808 728 1859 pactum
754 1816 899 1845 meum
913 1802 1056 1886 ,quod
1074 1802 1332 1859 pepigeram
1351 1815 1452 1843 cum
1478 1800 1678 1860 patribus
1696 1815 1868 1855 eorum,
1888 1806 1931 1843 et
1952 1815 2109 1844 vocem
2131 1815 2278 1844 meam

441 1862 592 1905 audire
619 1861 907 1917 contempsi-t,
964 1860 1047 1904 161
1073 1875 1154 1917 ego
1187 1875 1275 1903 non
1313 1860 1470 1903 delebo
1507 1865 1661 1915 gentes
1694 1874 1802 1916 quas
1835 1860 2005 1903 dimisit
2041 1861 2198 1916 Josue,
2232 1866 2276 1903 et

441 1926 638 1964 mortuus
663 1926 750 1976 est,
770 1920 807 1946 ’Β
824 1926 872 1963 61
898 1920 943 1962 111
966 1920 1073 1987 ipsis
1099 1920 1300 1976 experiar
1319 1919 1480 1974 Israel,
1499 1925 1646 1961 utrum
1666 1919 1919 1962 custodiant
1941 1919 2060 1962 viam
2081 1919 2275 1975 Domini,

441 1986 484 2023 et
508 1980 742 2024 ambulent
773 1980 821 2023 in
850 1995 920 2036 ea,
951 1979 1066 2022 sieut
1092 1979 1395 2023 custodierunt
1428 1984 1577 2035 patres
1612 1992 1782 2033 eorum,
1808 1993 1866 2021 an
1900 1992 2001 2022 11011.
2036 1978 2073 2006 ’23
2095 1978 2277 2022 Dim-isit

441 2054 545 2096 ergo
567 2040 784 2083 Dominus
810 2053 963 2083 omnes
984 2039 1188 2082 nationes
1206 2040 1305 2095 has,
1330 2043 1374 2082 et
1396 2039 1483 2081 cito
1513 2038 1767 2081 subvertere
1794 2037 1958 2093 noluit,
1986 2052 2067 2081 nee
2091 2037 2280 2081 tradidit

439 2099 486 2142 in
512 2114 669 2142 manus
694 2101 844 2143 Josue.

500 2160 606 2203 CAP.
635 2160 725 2203 ΠΙ.
747 2159 837 2192 -1
866 2161 953 2203 Hae
977 2163 1082 2202 sunt
1103 2162 1262 2214 gentes
1287 2172 1396 2213 quas
1423 2156 1920 2213 Dominusdereliquit,
1948 2162 1997 2200 ut
2017 2156 2210 2200 erudiret
2225 2156 2277 2200 in

441 2219 504 2261 eis
520 2219 757 2274 lsraelem,
783 2224 829 2262 et
846 2233 999 2262 omnes
1020 2218 1095 2273 qui
1115 2231 1204 2260 non
1225 2222 1442 2260 noverant
1470 2216 1589 2260 bella
1612 2217 1988 2273 Chananaeorum,
2016 2215 2033 2241 ²
2053 2222 2103 2258 ut
2123 2220 2279 2272 postea

442 2278 663 2321 discerent
684 2278 765 2321 filii
790 2293 941 2322 eorum
967 2282 1135 2320 certare
1159 2291 1260 2320 cum
1282 2276 1503 2331 hostibus,
1523 2281 1568 2319 et
1592 2275 2144 2320 habere-consuetudinem
2160 2289 2278 2332 -prae-

440 2336 580 2380 liandi
611 2354 619 2381 :
649 2337 668 2364 3
692 2338 885 2393 quinque
914 2342 1115 2393 satrapas
1150 2335 1538 2391 Philisthinorum,
1576 2349 1840 2391 omnemque
1874 2335 2201 2390 Chananaeum,
2232 2340 2276 2379 et

442 2396 692 2452 Sidonium,
726 2402 858 2452 atque
894 2398 1138 2451 Hevaeum,
1172 2396 1246 2451 (161
1277 2395 1518 2438 habitabat
1551 2395 1596 2437 in
1629 2400 1779 2438 monte
1813 2394 2006 2450 Libano,
2028 2394 2092 2437 de
2126 2401 2277 2437 monte

442 2456 580 2499 Baal—
593 2457 793 2499 Hermon
819 2470 954 2512 usque
988 2455 1043 2498 ad
1073 2430 1306 2498 iniroitum
1340 2455 1518 2498 Emath.
1553 2454 1570 2480 1
1593 2453 1861 2510 Dimisitque
1894 2467 1987 2509 eos,
2022 2458 2071 2496 ut
2095 2452 2141 2495 in
2169 2452 2283 2509 ipsis?

440 2515 713 2572 experiretur
748 2516 985 2570 Israelem,
1020 2519 1168 2558 6116111
1203 2513 1378 2557 audiret
1405 2513 1624 2556 mandata
1657 2512 1839 2557 Domini
1872 2527 1970 2568 quae
2005 2519 2277 2568 praeceperat

440 2575 639 2642 patribus
665 2589 815 2618 eorum
840 2589 918 2631 per
935 2551 1125 2617 niarium
1150 2574 1258 2630 Moy
1261 2573 1317 2629 si,
1341 2588 1399 2616 an
1420 2587 1523 2617 non
1554 2573 1571 2599 5
1598 2574 1754 2628 Itaque
1775 2572 1856 2616 filii
1882 2572 2023 2615 Israel
2045 2571 2276 2615 habitave-

439 2641 541 2677 runt
562 2634 612 2676 in
637 2634 801 2678 medio
810 2634 1076 2688 Chananaei,
1103 2638 1148 2677 et
1171 2633 1375 2689 Hethaei,
1399 2638 1444 2676 et
1470 2631 1740 2688 Avmonhaei,
1757 2637 1812 2675 et
1839 2630 2088 2686 Pherezaei,
2104 2636 2160 2674 61
2185 2631 2276 2674 Η6-

439 2693 546 2749 vaei,
580 2699 625 2737 et
657 2694 885 2749 Jebusaei3
916 2694 934 2720 6
958 2698 1003 2736 61
1035 2693 1259 2736 duxerunt
1290 2706 1449 2736 uxores
1483 2692 1597 2735 filias
1618 2667 1799 2747 wemu'm,
1830 2689 2002 2747 ipsique
2035 2690 2150 2733 filias
2167 2703 2276 2733 suas

439 2751 542 2795 filiis
567 2767 718 2796 eorum
740 2729 1039 2808 tradiderunt,
1058 2757 1112 2795 et
1137 2752 1395 2795 servierunt
1410 2751 1494 2794 diis
1517 2765 1681 2794 6016111.

1027 2914 1425 2971 SECUNDA
1473 2913 1689 2968 PAR-S

582 3045 900 3085 NARRATUR
938 3046 1216 3085 -nis'ronm
1257 3045 1643 3085 HEBRAEORUM
1687 3043 1795 3083 sun
1834 3044 2134 3084 JUDICJBUS

823 3173 986 3215 SECTIO
1023 3174 1056 3216 I.
1083 3200 1141 3204 -
1174 3173 1440 3227 ΟΤΙ-1011166,
1476 3173 1580 3215 Aon
1614 3183 1670 3213 ET
1705 3171 1893 3214 SAMGAR

507 3292 520 3317 ¹⁶
539 3289 843 3344 Feceruntque
864 3288 1032 3330 malum
1063 3288 1107 3330 in
1131 3292 1370 3343 conspectu
1398 3287 1600 3341 Domini,
1623 3291 1667 3329 et
1689 3285 1815 3329 obliti
1839 3292 1940 3329 sunt
1967 3285 2050 3329 Dei
2075 3286 2162 3342 sui,
2189 3300 2274 3329 ser·

446 3349 616 3392 vien-*tes
643 3347 817 3390 Baalim
844 3351 888 3390 et
908 3347 1135 3390 Astaroth.
1165 3348 1182 3373 ⁸
1209 3348 1441 3402 Iratusque
1471 3351 1627 3389 contra
1653 3345 1794 3388 1161661
1827 3345 2067 3400 Dominus,
2086 3344 2275 3387 >tradidit

445 3421 519 3450 eos
542 3406 589 3450 in
609 3420 772 3449 manus
792 3406 975 3451 chusan
1010 3405 1292 3460 Rasathaim,
1320 3405 1444 3461 >regis
1477 3403 1833 3461 Mesopotamiae,
1867 3404 2201 3459 servieruntque
2237 3402 2275 3446 ei

447 3472 544 3508 octo
566 3467 709 3509 annis.
731 3467 750 3493 ⁰
768 3464 1155 3509 Etelamaverunt
1176 3464 1232 3507 ad
1261 3464 1523 3519 Dominum,
1548 3463 1622 3519 qui
1647 3463 1882 3506 suscitavit
1907 3463 1969 3506 eis
1994 3461 2274 3517 salvatorem,

446 3530 490 3568 et
522 3524 730 3567 liberavit
758 3539 853 3580 eos,
876 3523 1092 3568 1(3111011161
1126 3523 1356 3578 videlicet,
1384 3522 1523 3565 filium
1550 3522 1722 3575 CeneZ,
1747 3522 1935 3566 fratrem
1969 3521 2106 3565 Caleb
2130 3521 2276 3564 mine-

446 3598 550 3626 rem.
581 3583 614 3610 ¹⁰
632 3584 821 3639 Fuitque
843 3583 890 3626 in
912 3597 962 3626 eo
983 3583 1162 3639 spiritus
1186 3582 1379 3637 Domini,
1399 3586 1442 3625 et
1463 3580 1684 3637 judicavit
1710 3581 1873 3635 Israe13
1901 3594 2187 3636 egressusque
2210 3584 2276 3623 est

447 3642 502 3684 ad
528 3657 744 3699 pugnam,
764 3648 808 3685 et
833 3641 1017 3685 tradidit
1044 3641 1259 3684 Dominus
1278 3641 1323 3684 in
1342 3655 1498 3683 manus
1517 3639 1614 3696 ejus
1633 3639 1810 3685 Chusan
1834 3639 2106 3695 Rasathaim,
2124 3652 2277 3694 regem
