2456 3861
211 1496 307 1531 Saul,

155 1540 361 1569 Ammonitis

174 1583 322 1613 devictis
335 1604 343 1619 ,

155 3034 196 3063 ab
213 3033 370 3062 omuibus

169 3085 229 3106 rex
249 3085 349 3111 agno-

204 3126 322 3150 scitur.

450 186 534 229 262
1032 184 1054 225 1
1087 185 1200 226 nm.
1235 185 1297 229 Χ
1335 185 1387 227 19
1420 211 1479 216 -
1510 184 1600 237 Χῑ,
1635 184 1702 228 15.

449 356 522 412 qui
551 355 809 410 affligebant
837 368 928 396 vos:
960 352 995 378 19
1017 353 1107 395 Vos
1140 358 1290 396 autem
1327 352 1459 396 hodie
1493 352 1747 409 projecistis
1782 354 1926 396 Deum
1955 359 2172 409 vestrum,
2207 354 2280 410 qui

448 415 564 457 solus
586 412 778 455 salvavit
794 427 874 455 vos
896 412 950 455 de
974 411 1192 455 universis
1215 411 1344 454 malis
1367 417 1410 455 et
1431 411 1795 455 tribulationibus
1814 412 1972 455 vestris
1990 429 1999 467 ;
2022 418 2065 455 et
2085 413 2282 458 dixistis:

448 474 763 528 Nequaquam;
789 471 864 515 sed
891 486 1041 527 regem
1071 471 1291 514 constitue
1320 485 1449 527 super
1474 486 1565 514 nos.
1594 472 1723 514 Nunc
1753 485 1856 528 ergo
1884 476 1999 514 state
2021 485 2169 514 coram
2194 474 2282 516 Do·

446 532 566 574 mino
595 545 672 587 per
703 531 843 573 tribus
872 537 1062 585 vestras,
1094 536 1137 574 et
1166 545 1242 586 per
1271 530 1485 573 familias.
1515 530 1553 557 '20
1575 532 1632 573 Et
1665 530 1884 587 applicuit
1918 531 2096 575 Samuel
2130 545 2283 575 01111108

446 591 586 633 tribus
609 590 767 645 Israel,
792 596 835 633 et
861 590 1024 633 cecidit
1048 605 1140 633 sors
1162 590 1302 633 tribus
1326 590 1575 645 Benjamin.
1605 589 1638 616 '2¹
1657 590 1714 632 Et
1736 590 1956 646 applicuit
1977 590 2144 633 tribum
2168 592 2282 634 Ben-

444 649 588 705 jamin
615 655 658 693 et
687 649 974 705 cognationes
1000 649 1121 705 ejus,
1153 655 1197 693 et
1227 649 1390 692 cecidit
1423 649 1631 705 cognatio
1661 649 1814 705 Meni,
1845 655 1889 693 et
1918 649 2122 706 pervenit
2146 664 2283 706 usque

445 708 501 751 ad
527 709 650 764 Saul,
678 709 820 751 filium
842 709 930 752 Cis.
951 709 1228 760 Quaesierunt
1255 723 1358 765 ergo
1382 723 1503 765 011111,
1531 714 1574 752 01
1596 723 1683 752 non
1711 714 1775 752 est
1799 709 2023 752 inventus.
2047 707 2084 735 ᾗ
2102 710 2160 752 Et
2183 723 2284 752 con·

445 767 676 811 suluerunt
696 774 796 824 post
825 768 922 811 haec
953 768 1194 811 Dominum
1224 773 1479 811 utrumnam
1500 773 1713 812 venturus
1736 774 1850 812 esset
1872 768 1993 811 111110.
2018 768 2284 824 Respondit-

445 841 529 883 que
551 827 769 871 Dominus
791 845 799 872 :
823 829 939 871 Ecce
965 828 1253 871 absconditus
1276 833 1343 871 est
1372 827 1507 872 domi.
1535 827 1572 854 ²3
1591 828 1887 872 Cucurrerunt
1908 828 2078 884 itaque,
2106 832 2150 871 et
2173 828 2284 872 tule-

445 892 547 930 runt
573 902 674 931 eum
697 886 831 942 1ἃᾶος
859 887 1070 943 stetitque
1097 887 1143 929 in
1170 887 1317 930 medio
1343 887 1514 944 populi,
1543 893 1586 930 et
1614 887 1746 931 altior
1774 887 1864 930 fuit
1890 887 2097 930 universo
2122 887 2286 943 populo

445 946 501 989 ab
527 947 710 990 humero
737 952 780 989 et
801 961 986 990 sursum.
1009 946 1046 973 ”²4
1065 947 1122 989 Et
1143 947 1208 989 ait
1235 947 1412 991 Samuel
1434 947 1490 990 ad
1518 961 1693 990 omnem
1716 946 1930 1003 populum
1949 964 1957 991 :
1977 946 2106 990 Certe
2123 946 2285 990 videtis

446 1020 576 1062 quem
610 1006 747 1062 elegit
780 1006 1017 1061 Dominus,
1046 1006 1255 1062 quoniam
1285 1020 1373 1048 non
1405 1006 1463 1048 sit
1495 1006 1656 1048 similis
1687 1006 1755 1048 illi
1784 1006 1831 1048 in
1862 1006 1982 1049 omni
2013 1005 2190 1062 populo.
2228 1007 2285 1050 Et

446 1065 660 1108 clamavit
686 1065 829 1108 omnis
854 1066 1062 1122 populus7
1090 1071 1134 1108 et
1155 1065 1218 1107 ait
1241 1082 1248 1108 :
1275 1065 1413 1108 Vivat
1433 1065 1538 1108 rex!
1566 1064 1602 1092 ‘25
1622 1066 1816 1108 Locutus
1839 1072 1905 1109 est
1929 1070 2079 1108 autem
2108 1065 2285 1109 Samuel

445 1125 502 1168 ad
524 1125 736 1182 populum
762 1124 909 1180 legem
930 1125 1075 1181 regni,
1100 1130 1143 1167 et
1168 1124 1346 1181 scripsit
1367 1124 1412 1166 in
1437 1124 1570 1180 libro,
1595 1129 1638 1168 et
1663 1125 1859 1181 reposuit
1885 1139 2032 1167 coram
2060 1125 2253 1168 Domino
2273 1143 2283 1180 ;

445 1189 489 1227 et
520 1184 690 1227 dimisit
714 1184 890 1228 Samuel
917 1198 1093 1227 omnem
1123 1184 1357 1240 populum,
1389 1183 1588 1239 singulos
1616 1184 1663 1226 in
1690 1184 1872 1226 domum
1898 1199 2037 1227 suam.
2066 1183 2102 1210 2ss
2125 1184 2208 1228 Sed
2240 1190 2284 1228 et

446 1243 549 1287 Saul
572 1244 685 1286 abiit
709 1243 753 1285 in
777 1243 960 1286 domum
981 1258 1108 1286 suam
1130 1243 1176 1285 in
1199 1243 1381 1298 Gabaa3
1404 1248 1447 1286 et
1467 1243 1580 1286 abiit
1603 1258 1704 1286 011111
1726 1257 1777 1286 00
1798 1258 1899 1300 pars
1923 1243 2164 1299 exercitus,
2185 1258 2286 1299 quo-

444 1317 541 1345 rum
566 1303 777 1358 tetigerat
799 1304 919 1346 Deus
945 1303 1090 1346 corda.
1118 1301 1152 1329 2⁷
1174 1302 1277 1346 Filii
1301 1317 1404 1346 vero
1429 1302 1572 1346 Belial
1598 1302 1807 1346 dixerunt
1829 1320 1837 1347 :
1866 1304 1984 1345 Num
2007 1303 2181 1346 salvare
2207 1317 2285 1346 nos

444 1362 605 1418 poterit
630 1361 745 1405 iste?
770 1363 827 1404 Et
857 1362 1154 1419 despexerunt
1175 1377 1296 1418 eum,
1325 1367 1369 1405 et
1398 1376 1486 1405 non
1512 1362 1758 1406 attulerunt
1784 1362 1823 1405 01
1853 1376 2051 1406 munera.
2075 1361 2160 1405 Ille
2181 1376 2293 1406 vero

445 1421 757 1465 dissimulabat
782 1436 828 1465 se
851 1422 1016 1465 audire.
1881 1470 1885 1474 ,

503 1481 611 1524 CAP.
642 1482 724 1525 XI.
756 1506 812 1514 -—
842 1481 855 1508 ¹
877 1482 936 1524 Et
962 1482 1139 1524 factum
1164 1487 1231 1525 est
1260 1481 1386 1537 quasi
1417 1487 1517 1538 post
1542 1495 1767 1536 mensem,
1795 1481 1997 1525 ascendit
2031 1481 2151 1524 Naas
2178 1483 2284 1524 Am-

445 1540 654 1594 monites,
686 1545 729 1584 et
753 1555 952 1597 pugnare
979 1541 1114 1598 coepit
1138 1541 1376 1584 adversum
1403 1542 1429 1583 J
1435 1541 1541 1584 abes
1568 1541 1741 1584 Galaad
1763 1557 1771 1594 3
1807 1540 2101 1597 dixeruntque
2134 1555 2286 1584 omnes

443 1599 527 1642 viri
558 1600 696 1643 Jabes
722 1600 778 1643 ad
805 1601 926 1643 Naas
953 1617 961 1644 :
989 1601 1168 1644 Habeto
1198 1614 1277 1643 nos
1303 1600 1568 1655 foederatos,
1603 1606 1647 1643 et
1681 1600 1924 1643 serviemus
1958 1600 2054 1644 tibi.
2083 1598 2101 1626 2
2127 1601 2185 1643 Et
2219 1615 2286 1643 re-

444 1659 625 1715 spondit
642 1659 698 1702 ad
717 1673 790 1702 eos
812 1660 933 1702 Naas
953 1660 1234 1703 Ammonites
1254 1677 1262 1704 :
1283 1660 1335 1702 In
1355 1660 1439 1702 hoc
1457 1659 1619 1702 feriam
1635 1659 1867 1702 vobiscum
1885 1659 2049 1715 foedus,
2069 1664 2117 1702 ut
2134 1674 2286 1702 eruam

445 1717 642 1761 omnium
678 1724 877 1761 vestrum
920 1719 1070 1762 oculos
1117 1719 1314 1775 dextros,
1361 1733 1611 1775 ponamque
1653 1732 1730 1761 vos
1765 1718 2050 1775 opprobrium
2099 1719 2142 1761 in
2190 1719 2285 1762 uni-

444 1791 570 1821 verso
589 1778 742 1821 Israel.
770 1778 787 1805 3
810 1779 868 1820 Et
901 1777 1108 1822 dixerunt
1132 1779 1188 1821 ad
1208 1793 1309 1821 eum
1334 1778 1529 1821 seniores
1547 1778 1685 1821 ι101108
1709 1794 1717 1821 :
1746 1778 1950 1821 Concede
1969 1777 2097 1820 nobis
2115 1784 2285 1835 septem

445 1837 559 1893 dies,
590 1842 639 1880 ut
664 1837 895 1880 mittamus
919 1837 1098 1880 nuntios
1123 1837 1181 1880 ad
1207 1837 1435 1880 universos
1460 1837 1674 1880 terminos
1702 1837 1841 1880 lsrael
1865 1855 1873 1892 3
1902 1841 1946 1880 et
1971 1837 2008 1879 si
2034 1851 2121 1880 non
2148 1838 2285 1881 fuerit

444 1896 519 1952 qui
545 1896 764 1939 defendat
802 1911 891 1952 nos,
932 1897 1211 1952 egrediemur
1244 1896 1301 1939 ad
1335 1902 1392 1939 te.
1420 1895 1437 1922 4
1465 1897 1695 1939 Venerunt
1728 1910 1832 1952 ergo
1869 1896 2014 1939 nuntii
2048 1896 2095 1939 in
2130 1897 2285 1941 Gabaa

445 1955 608 2011 Saulis,
640 1960 684 1998 et
708 1955 844 1999 locuti
870 1962 974 1998 sunt
1006 1956 1142 1998 verba
1176 1956 1292 2010 haec,
1320 1955 1530 1998 audiente
1556 1955 1718 2012 populo
1739 1973 1747 2010 ς
1777 1959 1821 1998 01
1846 1955 2015 1998 levavit
2041 1955 2184 1999 01111118
2210 1971 2285 2012 po-

444 2015 572 2072 pulus
590 2028 746 2057 vocem
776 2029 925 2070 suam,
957 2020 1002 2058 et
1034 2015 1173 2058 flevit.
1201 2016 1218 2041 5
1245 2016 1301 2058 Et
1331 2029 1434 2058 ecce
1462 2015 1565 2059 Saul
1592 2014 1824 2070 veniebat,
1857 2029 2044 2070 sequens
2071 2014 2206 2058 boves
2233 2015 2297 2062 de-

443 2089 571 2130 agro⁷
599 2079 643 2117 et
668 2074 733 2117 ait
759 2091 766 2118 :
798 2074 912 2124 Quid
938 2075 1074 2117 habet
1104 2074 1292 2132 populus
1321 2074 1437 2130 quod
1464 2074 1645 2131 plorat?
1673 2075 1732 2116 Et
1759 2078 2051 2117 narraverunt
2076 2073 2116 2117 ei
2149 2075 2285 2118 verba

443 2133 638 2176 virorum
665 2134 693 2176 J
697 2133 816 2177 abes,
844 2134 862 2160 6
888 2135 946 2176 Et
970 2133 1161 2177 insilivit
1187 2134 1367 2190 spiritus
1393 2134 1576 2177 Domini
1602 2134 1649 2176 in
1668 2133 1791 2189 Saul⁷
1817 2148 1917 2176 cum
1935 2133 2133 2176 audisset
2150 2134 2286 2177 verba

443 2192 560 2247 haec,
590 2198 634 2236 et
655 2193 792 2235 iratus
818 2197 886 2236 est
909 2193 1035 2236 furor
1057 2193 1153 2249 ejus
1176 2193 1322 2236 nimis.
1338 2193 1353 2219 7
1378 2195 1436 2236 Et
1457 2208 1687 2236 assumens
1719 2198 1954 2248 utrumque
1977 2192 2159 2248 bovem,
2185 2207 2285 2236 con·

445 2252 553 2295 cidit
574 2252 620 2295 in
638 2252 806 2307 frusta,
831 2252 1037 2308 misitque
1063 2252 1110 2295 in
1133 2267 1285 2296 omnes
1308 2252 1520 2296 terminos
1548 2252 1686 2295 Israel
1705 2267 1782 2309 per
1807 2267 1989 2295 manum
2015 2251 2285 2309 nuntiorum,

445 2311 596 2354 dicens
631 2328 639 2355 :
663 2311 937 2367 Quicumque
963 2325 1051 2354 non
1078 2312 1255 2368 exierit,
1279 2317 1325 2355 et
1346 2317 1522 2354 secutus
1544 2312 1682 2355 fuerit
1709 2311 1813 2356 Saul
1835 2317 1880 2355 et
1897 2311 2097 2367 Samuel,
2124 2311 2188 2354 810
2210 2312 2286 2355 fiet

444 2370 584 2413 bobus
609 2370 719 2426 ejus.
758 2371 932 2413 Invasit
964 2385 1068 2426 ergo
1100 2371 1234 2414 timor
1269 2371 1449 2414 Domini
1476 2371 1713 2428 populum,
1749 2376 1793 2414 et
1823 2371 1988 2427 egressi
2025 2376 2128 2413 sunt
2160 2372 2284 2427 quasi

443 2430 512 2472 vir
536 2444 661 2473 unus.
692 2430 709 2456 8
742 2431 798 2472 Ε1
830 2430 1053 2474 recensuit
1085 2445 1160 2473 008
1192 2431 1238 2473 111
1276 2431 1473 2485 Bezech3
1507 2431 1777 2486 fueruntque
1811 2430 2002 2473 filiorum
2036 2430 2174 2473 Israel
2200 2435 2285 2474 tre-

445 2495 574 2532 centa
596 2489 767 2544 millia3
792 2489 986 2531 virorum
1011 2495 1162 2533 autem
1188 2491 1308 2533 Juda
1341 2489 1528 2546 triginta
1562 2490 1716 2534 millia.
1748 2489 1765 2515 9
1791 2490 1849 2532 Et
1881 2489 2088 2532 dixerunt
2118 2489 2286 2534 nuntiis

445 2549 517 2604 qui
541 2554 757 2591 venerant
789 2566 797 2592 :
822 2548 892 2593 Sic
915 2548 1072 2592 dicetis
1098 2549 1205 2592 viris
1228 2550 1302 2605 qui
1329 2554 1432 2592 sunt
1456 2549 1502 2591 in
1523 2551 1553 2592 J
1557 2549 1664 2593 abes
1687 2549 1859 2594 Galaad
1890 2566 1898 2592 :
1922 2548 2028 2592 Cras
2051 2548 2134 2591 erit
2158 2549 2286 2592 vobis

444 2608 582 2663 salus,
608 2621 708 2650 cum
731 2607 966 2651 incaluerit
995 2609 1074 2652 sol.
1100 2609 1330 2652 Venerunt
1359 2622 1464 2664 ergo
1497 2609 1663 2664 nuntii,
1691 2614 1735 2652 et
1766 2608 2149 2651 annuntiaverunt
2178 2608 2286 2652 viris

445 2668 474 2710 J
477 2667 603 2721 abes,
631 2667 706 2723 qui
724 2667 866 2710 laetati
886 2673 1002 2711 sunt.
1028 2668 1064 2694 ¹⁰
1087 2669 1145 2711 Et
1167 2668 1377 2711 dixerunt
1406 2685 1414 2711 :
1439 2669 1572 2711 Mane
1594 2668 1815 2711 exibimus
1835 2667 1892 2710 ad
1912 2681 2011 2722 vos,
2035 2671 2080 2709 et
2105 2667 2285 2711 facietis

446 2726 571 2769 nobis
605 2741 734 2770 omne
768 2726 885 2782 quod
914 2727 1132 2782 placuerit
1164 2727 1305 2773 vobis.
1342 2727 1374 2754 ¹¹
1404 2729 1462 2770 Et
1491 2727 1665 2770 factum
1699 2732 1785 2783 est,
1813 2740 1912 2769 cum
1949 2726 2043 2769 dies
2066 2726 2284 2770 crastinus

446 2786 662 2841 venisset,
691 2785 923 2829 constituit
951 2787 1057 2829 Saul
1087 2787 1300 2843 populum
1322 2787 1367 2829 in
1394 2790 1482 2830 tres
1511 2792 1679 2843 partes,
1711 2792 1755 2830 et
1782 2786 2008 2842 ingressus
2042 2790 2108 2828 est
2138 2786 2286 2829 media

446 2850 591 2887 castra
615 2845 660 2886 in
683 2845 839 2900 ingilia
862 2846 1104 2902 matutina,
1139 2852 1184 2889 et
1215 2845 1433 2902 percussit
1462 2847 1657 2889 Ammon
1686 2859 1822 2901 usque
1859 2845 1966 2887 dum
1995 2844 2285 2889 incalesceret

446 2903 567 2955 dies;
594 2903 753 2960 reliqui
781 2910 930 2948 autem
956 2905 1141 2962 dispersi
1174 2911 1302 2962 sunt,
1336 2905 1400 2948 ita
1438 2911 1486 2948 ut
1518 2919 1605 2948 non
1637 2904 1990 2960 relinquerentur
2022 2903 2069 2946 in
2102 2903 2164 2947 eis
2198 2904 2284 2948 duo

444 2962 621 3019 pariter.

506 3021 541 3048 1'2
564 3023 621 3064 Et
646 3022 710 3064 ait
730 3023 919 3079 populus
940 3024 996 3068 ad
1019 3024 1271 3069 Samuelem
1302 3041 1310 3068 :
1334 3024 1438 3075 Quis
1472 3030 1539 3068 est
1558 3025 1642 3068 iste
1668 3023 1741 3079 qui
1769 3023 1884 3065 dixit
1914 3040 1922 3066 ς
1947 3023 2054 3067 Saul
2082 3038 2190 3067 num
2220 3037 2285 3066 re·

446 3081 605 3137 gnabit
626 3082 893 3137 supernos?
922 3084 1037 3127 Date
1058 3084 1196 3139 viros,
1225 3088 1268 3126 et
1289 3083 1606 3127 interficiemus
1639 3096 1725 3126 eos.
1753 3081 1789 3108 ¹3
1820 3083 1876 3125 Et
1909 3083 1974 3125 ait
2007 3082 2111 3127 Saul
2141 3099 2150 3127 ε
2185 3083 2285 3125 Non

447 3139 672 3183 ‘occidetur
693 3140 925 3196 quisquam
946 3142 992 3184 in
1015 3143 1086 3186 die
1107 3143 1211 3198 hac,
1235 3143 1338 3198 quia
1368 3143 1499 3186 hodie
1532 3143 1645 3186 fecit
1675 3142 1891 3184 Dominus
1921 3141 2111 3185 salutem
2136 3142 2186 3185 in
2219 3142 2284 3184 Ι8-

446 3199 552 3243 rael.
576 3198 611 3226 1‘*
635 3199 762 3242 Dixit
782 3206 932 3243 autem
960 3202 1135 3246 Samuel
1161 3202 1217 3244 ad
1243 3202 1458 3258 populum
1489 3219 1497 3246 :
1526 3202 1706 3256 Venite,
1733 3206 1778 3244 et
1813 3215 1964 3244 eamus
1994 3200 2039 3243 in
2070 3200 2282 3257 Galgala,

448 3264 492 3302 et
511 3259 774 3302 innovemus
807 3259 869 3301 ibi
903 3274 1103 3316 regnum.
1144 3261 1179 3288 '¹5
1210 3262 1268 3304 Et
1297 3261 1492 3318 perrexit
1525 3261 1667 3303 omnis
1703 3260 1892 3316 populus
1923 3261 1970 3302 in
1997 3259 2213 3316 Galgala‚
2241 3265 2286 3302 et

449 3317 652 3361 fecerunt
672 3318 735 3361 ibi
761 3332 912 3374 regem
933 3319 1037 3361 Saul
1062 3334 1208 3362 coram
1242 3321 1432 3364 Domino
1462 3321 1506 3363 111
1538 3319 1749 3375 Galgala‚
1783 3324 1825 3362 et
1855 3319 2201 3363 immolaverunt
2219 3317 2283 3361 ibi
2346 3373 2351 3377 .

448 3377 655 3420 victimas
679 3376 888 3434 pacificas
915 3391 1061 3420 coram
1089 3379 1293 3423 Domino.
1326 3381 1383 3422 Et
1406 3379 1584 3422 laetatus
1605 3384 1671 3421 est
1704 3378 1766 3420 ibi
1794 3378 1922 3434 Saul,
1953 3383 1998 3421 et
2027 3377 2175 3421 cuncti
2202 3375 2283 3420 viri
2325 3373 2330 3381 ’

449 3436 586 3478 Israel
609 3436 754 3479 nimis.

451 3598 497 3632 19]
517 3598 593 3631 Sup.
613 3599 710 3634 VIII,
730 3603 772 3628 19.
791 3615 826 3619 -
849 3601 895 3634 12]
915 3600 992 3632 Sup.
1012 3600 1051 3634 X,
1069 3603 1111 3628 27.
