2423 3861
848 132 918 173 Ex.
954 132 996 179 Ι,
1032 132 1085 172 *20
1118 157 1175 162 —
1209 131 1302 183 ΙΙΙ,
1337 131 1375 173 7.
1942 131 2029 174 925

196 306 329 347 simul
359 313 403 347 et
434 312 557 345 rotae.
584 302 621 328 ²⁰
639 305 923 357 Quocumque
958 301 1050 344 ibat
1079 301 1277 357 spiritus,
1318 301 1423 343 illuc
1463 309 1594 344 eunte
1629 300 1808 357 spiritu,
1847 310 1889 343 et
1919 308 2026 344 rota:

195 363 361 420 pariter
397 362 691 405 elevabantur
728 369 958 417 sequentes
1000 374 1134 403 eum:
1167 359 1347 415 spiritus
1384 360 1502 402 enim
1543 359 1647 402 vitae
1687 366 1779 402 erat
1821 359 1866 401 in
1906 361 2028 404 rotis.

194 422 230 448 ²¹
256 422 369 465 Cum
402 421 608 464 euntibus
646 420 793 474 ibant,
832 426 875 464 et
912 433 1013 462 cum
1053 419 1274 462 stantibus
1310 419 1512 473 stabant,
1557 425 1599 462 et
1640 433 1740 462 cum
1781 418 1966 462 elevatis
2001 434 2028 462 a

195 488 329 537 terra,
354 481 518 538 pariter
539 479 831 523 elevabantur
852 484 896 522 et
921 484 1029 521 rotae
1055 482 1287 534 sequentes
1314 492 1385 533 ea,
1411 478 1513 533 quia
1536 477 1715 534 spiritus
1738 477 1843 520 vitae
1865 484 1957 524 erat
1982 478 2028 520 in

192 542 311 584 rotis.

250 601 288 627 '2²
315 602 373 644 Et
406 600 656 644 similitudo
686 614 816 655 super
852 599 1000 656 capita
1035 598 1299 641 animalium
1338 598 1625 652 firmamenti,
1660 598 1782 653 quasi
1821 601 2027 653 aspectus

192 660 390 715 crystalli
423 660 667 714 horribilis,
695 665 738 702 et
760 658 930 701 extenti
961 671 1090 713 super
1119 658 1267 713 capita
1293 671 1443 700 eorum
1470 658 1668 713 desuper.
1697 658 1734 684 ²³
1759 657 1846 701 Sub
1880 656 2026 698 firma-

193 726 341 763 mento
377 725 527 763 autem
566 733 723 775 pennae
758 731 909 760 eorum
946 724 1077 759 rectae
1115 716 1296 759 alterius
1333 716 1389 758 ad
1426 716 1644 770 alterum3
1684 715 2026 772 unumquodque

191 778 362 821 duabus
395 778 478 821 alis
516 779 692 821 velabat
722 790 881 833 corpus
909 789 1058 829 suurn,
1094 781 1137 818 et
1169 775 1359 818 alterum
1389 774 1593 818 similiter
1628 775 1871 818 velabatur.
1906 773 1942 800 2⁴¹⁴
1968 775 2025 817 Et

190 837 429 881 audiebam
455 851 613 880 sonum
636 837 830 891 alarum,
854 835 980 892 quasi
1006 849 1163 877 sonum
1189 849 1403 890 aquarum
1429 834 1667 876 multarum
1685 869 1695 886 ,
1722 835 1845 889 quasi
1868 848 2026 877 sonum

190 896 392 939 sublimis
421 896 502 939 Dei
533 913 542 940 ε
577 910 677 938 cum
703 894 1006 949 ambularent,
1033 893 1157 949 quasi
1187 907 1319 935 sonus
1353 899 1446 936 erat
1481 893 1780 935 multitudinis
1817 899 1861 936 ut
1893 907 2026 936 sonus

190 961 466 1010 castrorum3
503 969 691 1010 cumque
724 958 914 1008 starent,
946 952 1297 996 demittebantur
1329 966 1487 1008 pennae
1518 966 1681 995 eorum.
1716 951 1752 977 '2³‘
1779 953 1894 994 Nam
1924 966 2025 994 cum

188 1015 310 1057 tieret
331 1028 417 1056 vox
444 1028 575 1071 super
603 1015 935 1056 firmamentum
964 1011 1080 1068 quod
1111 1016 1204 1054 erat
1228 1025 1360 1068 super
1388 1015 1522 1068 caput
1543 1025 1713 1065 eorum,
1747 1011 1948 1065 stabant,
1982 1018 2025 1054 et

186 1073 512 1116 submittebant
545 1073 640 1116 alas
673 1086 788 1115 suas,
815 1070 853 1099 2⁶
876 1073 934 1115 Et
961 1085 1092 1127 super
1125 1070 1474 1125 firmamentum,
1509 1069 1625 1125 quod
1657 1076 1751 1113 erat
1787 1070 2025 1113 imminens

187 1132 323 1188 capiti
350 1146 520 1188 eorum,
546 1132 671 1188 quasi
697 1136 904 1188 aspectus
933 1130 1098 1187 lapidis
1122 1129 1318 1186 sapphiri
1345 1129 1593 1172 similitudo
1621 1129 1794 1183 th1·0ui;
1820 1134 1864 1172 et
1896 1143 2025 1185 super

185 1190 527 1234 similitudinem
552 1191 697 1234 throni
723 1190 971 1233 similitudo
988 1189 1113 1245 quasi
1139 1194 1345 1244 aspectus
1368 1188 1560 1231 hominis
1582 1188 1780 1244 desuper.
1800 1186 1835 1214 ‘27
1852 1188 1910 1231 Et
1932 1188 2023 1230 vidi

185 1249 310 1305 quasi
342 1250 536 1306 speciem
565 1250 739 1304 electri,
763 1249 885 1293 velut
910 1254 1141 1305 aspectum
1173 1248 1313 1303 ignis,
1342 1247 1608 1290 intrinsecus
1639 1247 1735 1303 ejus
1761 1261 1839 1304 per
1868 1247 2024 1290 circui-

185 1317 303 1362 tum3
330 1323 357 1351 a
387 1309 550 1352 lumbis
581 1310 677 1365 ejus
708 1313 752 1352 et
786 1309 992 1365 desuper,
1027 1313 1071 1350 et
1103 1322 1129 1350 a
1166 1307 1330 1350 lumbis
1368 1307 1464 1362 ejus
1498 1320 1635 1362 usque
1668 1306 1897 1361 deorsum,
1932 1306 2031 1350 vidi,

184 1368 308 1422 quasi
332 1369 525 1424 speciem
552 1368 670 1424 ignis
696 1367 973 1424 splendentis
998 1367 1044 1409 in
1072 1366 1281 1421 circuitu,
1307 1365 1344 1392 ‘28
1369 1366 1488 1409 velut
1513 1371 1745 1422 aspectum
1768 1380 1897 1409 arcus
1923 1380 2025 1408 cum

183 1427 319 1469 fuerit
344 1426 391 1469 in
417 1427 534 1469 nube
559 1426 606 1468 in
633 1426 704 1469 die
729 1426 909 1482 pluviae.
936 1426 1024 1468 Hic
1051 1432 1144 1468 erat
1165 1431 1369 1481 aspectus
1391 1424 1636 1481 splendoris
1660 1439 1735 1481 per
1760 1439 1933 1480 gyrum.

401 1549 425 1605 ξ
461 1549 521 1590 Ιῖ.
556 1575 613 1579 ——
646 1549 853 1591 Ezechiel
883 1564 912 1590 α
946 1550 1041 1591 Deo
1069 1555 1252 1590 vocatur
1279 1548 1340 1590 acl
1368 1548 1554 1602 officium
1573 1547 1809 1602 prophelae.

241 1665 346 1708 CAP.
376 1664 441 1706 H.
463 1691 523 1695 -—
548 1663 560 1689 ¹
581 1664 693 1706 Haec
715 1663 827 1706 visio
853 1663 1160 1706 similitudinis
1184 1663 1337 1718 gloriae
1369 1661 1564 1704 Domini.
1593 1662 1647 1703 Et
1675 1661 1788 1716 vidi,
1813 1666 1857 1704 et
1882 1661 2022 1705 cecidi

179 1723 225 1765 in
248 1723 416 1765 faciem
435 1737 594 1777 meam,
617 1731 660 1765 et
680 1722 836 1765 audivi
859 1736 1015 1765 vocem
1038 1722 1273 1778 loquentis,
1299 1727 1342 1764 et
1365 1721 1480 1763 dixit
1500 1720 1556 1763 ad
1581 1733 1677 1763 me:
1703 1720 1791 1762 Fili
1816 1720 2022 1776 hominis,

179 1787 248 1824 sta
272 1796 405 1838 super
428 1782 562 1838 pedes
589 1786 710 1837 tuos,
740 1786 785 1825 et
818 1782 973 1838 loquar
994 1788 1156 1825 tecum.
1184 1780 1202 1806 2
1220 1781 1278 1823 Et
1304 1780 1528 1836 ingressus
1555 1786 1622 1822 est
1644 1779 1691 1821 in
1722 1793 1792 1822 me
1820 1779 2022 1836 spiritus,

179 1846 414 1897 postquam
447 1841 621 1884 locutus
652 1846 718 1884 est
747 1841 880 1897 mihi,
915 1846 959 1884 et
986 1841 1144 1883 statuit
1175 1854 1246 1884 me
1273 1854 1406 1896 supra
1440 1839 1573 1895 pedes
1608 1852 1757 1894 meos3
1794 1843 1837 1881 et
1869 1839 2021 1882 audivi

180 1900 435 1956 loquentem
465 1901 523 1943 ad
555 1915 646 1957 me,
682 1900 700 1927 3
721 1905 765 1944 et
797 1900 1022 1944 dicentem
1048 1917 1056 1944 :
1091 1900 1179 1943 Fili
1209 1899 1424 1954 hominis,
1460 1899 1591 1941 mitto
1627 1911 1708 1954 ego
1742 1902 1786 1941 te
1818 1898 1876 1941 ad
1908 1898 2022 1942 filios

180 1959 339 2015 Israel,
373 1959 430 2002 ad
464 1966 618 2015 gentes
657 1960 969 2016 apostatrices,
1010 1974 1107 2016 quae
1146 1964 1419 2002 recesserunt
1459 1972 1484 2000 a
1526 1958 1629 2012 'me3
1671 1957 1758 2013 ipsi
1792 1961 1836 2000 et
1875 1963 2022 2014 patres

180 2032 330 2061 eornm
352 2019 631 2075 praevaricati
655 2024 760 2061 sunt
782 2025 963 2076 pactum
984 2034 1147 2073 meum,
1168 2033 1304 2074 usque
1326 2018 1384 2061 ad
1407 2017 1525 2060 diem
1547 2017 1675 2059 hanc.
1695 2015 1715 2042 4
1729 2017 1787 2060 Et
1809 2016 1890 2060 fflii
1913 2017 2022 2060 dura

179 2077 297 2120 facie
330 2084 373 2120 et
404 2077 668 2120 indomabili
706 2079 836 2121 corde
868 2084 992 2132 sunt,
1019 2079 1077 2121 ad
1108 2092 1214 2134 quos
1242 2091 1324 2133 ego
1352 2077 1483 2119 mitto
1516 2081 1580 2130 te,
1609 2080 1652 2118 et
1684 2075 1803 2119 dices
1828 2076 1887 2119 ad
1913 2090 1986 2120 eos
2012 2095 2020 2120 :

181 2136 294 2178 Haec
321 2136 431 2179 dicit
455 2137 671 2180 Dominus
692 2138 812 2180 Deus
829 2155 839 2193 ;
859 2138 876 2164 ⁵
890 2138 929 2181 si
945 2138 1062 2180 forte
1082 2138 1150 2180 vel
1177 2136 1264 2193 ipsi
1284 2136 1482 2191 audiant,
1504 2141 1547 2178 et
1564 2135 1600 2178 si
1623 2135 1741 2178 forte
1764 2135 2018 2191 quiescant,

179 2196 388 2251 quoniam
414 2195 570 2238 domus
596 2197 865 2252 exasperans
891 2202 981 2252 est;
1014 2202 1057 2239 et
1083 2197 1226 2239 scient
1253 2196 1356 2251 quia
1382 2195 1596 2251 propheta
1621 2194 1760 2236 fuerit
1794 2194 1841 2236 in
1876 2195 2021 2238 medio

179 2268 342 2297 eorum.
376 2255 394 2281 6
415 2255 482 2297 Tu
516 2269 642 2311 ergo,
675 2255 738 2298 fili
773 2256 987 2311 hominis,
1022 2270 1077 2299 ne
1111 2255 1271 2299 timeas
1305 2268 1398 2308 eos,
1437 2267 1578 2309 neque
1612 2267 1836 2296 sermones
1870 2267 2021 2296 eorum

179 2319 372 2368 metuas,
406 2314 615 2369 quoniam
648 2314 870 2357 increduli
906 2320 949 2357 et
978 2315 1257 2358 subversores
1290 2320 1394 2356 sunt
1427 2318 1596 2368 tecum,
1624 2317 1667 2354 et
1697 2326 1797 2354 cum
1827 2313 2020 2369 scorpio-

178 2372 308 2415 nibus
329 2373 519 2416 habitas.
539 2374 689 2416 Verba
712 2387 862 2416 eorum
888 2389 942 2417 ne
969 2374 1142 2428 timeas,
1170 2378 1214 2416 et
1242 2373 1388 2415 vultus
1411 2386 1561 2415 eorum
1587 2385 1641 2414 ne
1662 2371 1893 2428 formides,
1917 2372 2021 2428 quia

178 2431 335 2475 domus
360 2446 625 2489 exasperans
653 2437 731 2476 est.
758 2432 774 2458 7
794 2433 1005 2489 Loqueris
1033 2447 1136 2488 ergo
1161 2432 1296 2475 verba
1323 2445 1420 2474 mea
1441 2431 1499 2474 ad
1522 2445 1608 2486 eos,
1628 2430 1665 2472 si
1683 2429 1801 2473 forte
1818 2431 2017 2488 audiant,

178 2496 222 2533 et
246 2491 500 2548 quieseant3
529 2492 739 2547 quoniam
763 2492 1003 2535 irritatores
1026 2497 1141 2535 sunt.

236 2549 254 2577 8
279 2550 346 2593 Tu
371 2556 542 2603 autem,
577 2551 639 2593 fili
670 2551 882 2607 hominis,
913 2552 1018 2594 audi
1045 2565 1337 2607 quaecumque
1370 2551 1522 2607 loquor
1546 2550 1604 2593 ad
1631 2555 1694 2605 te,
1722 2554 1766 2592 et
1799 2549 1891 2592 noli
1925 2564 2019 2593 esse

176 2624 457 2666 exaspera-ns,
481 2610 596 2653 sicut
622 2610 778 2653 domus
805 2611 1109 2668 exasperatrix
1134 2616 1224 2666 est;
1252 2611 1374 2667 aperi
1397 2625 1442 2652 os
1461 2615 1600 2665 tuum,
1621 2614 1664 2652 et
1690 2608 1873 2652 comede
1899 2622 2017 2665 quae-

177 2683 366 2724 cumque
391 2683 473 2725 ego
500 2669 556 2712 do
582 2669 678 2712 tibi.
706 2669 724 2695 ⁰
743 2671 799 2712 Et
827 2670 918 2712 vidi
941 2687 949 2714 :
980 2675 1023 2713 et
1048 2684 1150 2713 ecce
1179 2684 1336 2712 manus
1367 2669 1503 2712 missa
1526 2669 1583 2711 ad
1611 2683 1701 2722 me,
1733 2667 1780 2709 in
1810 2682 1895 2723 qua
1924 2674 2017 2711 erat

175 2728 402 2771 involutus
432 2728 566 2783 liber;
597 2735 640 2772 et
669 2729 886 2786 expandit
914 2729 1043 2771 illum
1071 2743 1218 2772 coram
1245 2744 1335 2785 me,
1363 2729 1437 2784 qui
1468 2733 1562 2771 erat
1595 2727 1784 2783 scriptus
1817 2726 1939 2769 intus
1973 2732 2016 2770 et

176 2787 307 2843 foris,
334 2792 379 2830 et
400 2788 579 2845 scriptae
606 2794 731 2831 erant
756 2788 803 2830 in
825 2802 875 2831 eo
902 2787 1264 2844 lamentationes,
1289 2795 1332 2831 et
1355 2802 1531 2830 carmen
1559 2793 1602 2830 et
1624 2801 1706 2829 vae.

237 2847 349 2890 CAR*
375 2847 466 2890 ΙΙΙ.
488 2874 549 2880 -
572 2847 582 2873 ¹
607 2847 665 2890 Et
695 2847 809 2890 dixit
838 2847 895 2890 ad
924 2861 996 2890 me
1021 2864 1030 2890 :
1061 2847 1150 2890 Fili
1182 2847 1398 2903 hominis,
1432 2846 1740 2902 quodcumque
1771 2846 2014 2901 inveneris,

178 2907 386 2961 comede3
422 2907 604 2951 comede
634 2907 843 2950 volumen
875 2907 1015 2962 istud,
1047 2911 1090 2949 et
1123 2907 1290 2949 vadens
1319 2906 1495 2963 loquere
1520 2905 1577 2948 ad
1603 2905 1716 2948 filios
1742 2905 1896 2949 Israel.
1920 2890 2016 2948 42Ἐκ

177 2966 328 3022 aperui
367 2980 413 3009 os
446 2981 614 3022 meum,
646 2971 690 3010 et
727 2966 895 3009 cibavit
928 2980 998 3009 me
1034 2965 1262 3009 volumine
1297 2965 1404 3020 i1103
1432 2964 1450 2991 3
1474 2970 1518 3007 et
1551 2964 1667 3008 dixit
1698 2964 1756 3007 ad
1789 2978 1896 3009 me:
1927 2964 2015 3007 Fili

178 3024 389 3081 hominis,
413 3031 568 3069 venter
590 3031 692 3069 tuus
715 3025 939 3080 comedet,
963 3030 1008 3068 et
1030 3024 1199 3068 viscera
1224 3029 1302 3068 tua
1324 3023 1665 3081 complebuntur
1682 3023 1909 3067 volumine
1929 3023 2016 3066 isto

176 3084 292 3140 quod
318 3099 400 3140 ego
426 3084 483 3128 do
516 3085 612 3128 tibi.
647 3086 704 3127 Et
729 3084 903 3128 comedi
928 3083 1062 3139 illud,
1089 3089 1134 3127 et
1165 3084 1340 3127 factum
1373 3089 1440 3126 est
1468 3083 1514 3134 in
1545 3097 1617 3126 ore
1647 3097 1745 3125 meo
1778 3083 1895 3126 sicut
1927 3082 2015 3126 mel

176 3143 319 3188 dulce.

233 3203 251 3231 4
276 3205 334 3247 Et
364 3205 480 3250 dixit
511 3206 568 3249 ad
601 3221 700 3250 me:
736 3205 823 3248 Fili
854 3204 1067 3261 hominis,
1102 3204 1216 3248 vade
1247 3203 1304 3247 ad
1336 3203 1518 3246 domum
1547 3202 1710 3259 Israel,
1746 3207 1790 3245 et
1823 3201 2011 3257 loqueris

174 3264 310 3307 verba
336 3279 434 3308 mea
459 3265 516 3308 ad
543 3279 629 3309 eos.
653 3266 670 3291 5
696 3265 797 3307 Non
823 3264 942 3307 enim
965 3264 1023 3306 ad
1053 3263 1264 3321 populum
1286 3262 1497 3320 profundi
1527 3261 1741 3305 sermonis
1772 3267 1816 3303 et
1845 3260 2011 3316 ignotae

175 3322 343 3379 linguae
375 3329 424 3367 tu
453 3325 664 3381 mitteris,
690 3325 747 3368 ad
781 3322 1162 3378 domum'Israeh
1189 3323 1207 3349 ‘³
1231 3336 1373 3378 neque
1405 3322 1461 3365 ad
1498 3320 1684 3378 populos
1721 3320 1884 3363 multos
1913 3334 2010 3377 pro-

174 3381 306 3426 fundi
331 3384 568 3440 sermonis,
595 3390 640 3428 et
669 3384 837 3440 ignotae
863 3383 1051 3439 linguae,
1079 3396 1263 3439 quorum
1291 3395 1378 3424 non
1404 3380 1545 3438 possis
1569 3379 1722 3422 audire
1756 3392 2008 3434 sermones,

175 3445 220 3483 et
239 3441 276 3484 si
305 3441 362 3485 ad
386 3442 487 3486 illos
516 3444 776 3499 mittereris,
807 3442 889 3500 ipsi
923 3442 1128 3486 audirent
1160 3447 1231 3494 te;
1262 3441 1277 3467 7
1301 3441 1456 3484 domus
1497 3443 1646 3482 autem
1679 3437 1820 3481 Israel
1853 3438 2011 3481 nolunt

174 3499 328 3544 audire
361 3507 422 3558 te,
458 3503 562 3558 quia
595 3503 754 3546 nolunt
790 3501 943 3544 audire
981 3514 1077 3554 me3
1117 3501 1258 3543 omnis
1297 3500 1458 3556 quippe
1495 3498 1650 3541 domus
1688 3496 1828 3540 Israel
1856 3497 2010 3542 attrita

175 3647 206 3682 9]
223 3646 326 3680 Apoc.
343 3646 383 3682 V,
399 3649 426 3676 1.
442 3662 480 3667 —-
495 3648 524 3681 3]
540 3648 641 3681 Apoc.
662 3649 704 3682 X,
720 3650 795 3676 9-10.

2110 606 2271 635 Dominus
2289 607 2320 636 in

2094 650 2216 678 throno
2233 658 2327 684 supe

2141 701 2285 724 currum.

2104 1681 2192 1708 Deus
2209 1681 2319 1709 mittit

2108 1724 2314 1753 Ezechielem

2088 1770 2127 1796 ut
2162 1767 2329 1801 intremus

2088 1816 2208 1847 arguat
2241 1812 2330 1841 filios

2152 1857 2266 1885 Israel.

2159 2559 2254 2588 Vatis

2099 2603 2309 2632 consecrati«)

2127 2647 2280 2681 mystica.
2295 2676 2298 2679 ,

2096 3221 2146 3251 Ob
2167 3223 2304 3251 Israelis

2110 3263 2294 3294 induratio-

2112 3315 2188 3338 nem
2205 3311 2285 3338 Eze-

2088 3352 2187 3382 chieli
2206 3353 2306 3383 datur

2104 3405 2200 3427 mens
2217 3400 2291 3427 ada-

2119 3441 2280 3472 mantina.
