2456 3861
118 1642 184 1669 Noe
198 1646 356 1674 egressus

117 1687 155 1714 (16
168 1692 244 1714 arca
256 1684 357 1713 offert

138 1731 335 1758 knssocausta

162 1773 312 1805 Domine.

138 2531 194 2559 Dei
209 2529 342 2561 benedi-

117 2575 183 2603 ctio
193 2580 225 2603 61
236 2575 350 2605 foedus

154 2625 227 2647 eum
247 2617 327 2649 Noe.

430 150 455 192 8
1011 151 1127 194 GEN.
1163 150 1304 201 VIII,
1338 152 1366 192 4
1390 178 1450 182 —
1483 152 1570 199 IX,
1609 153 1673 195 10.

428 334 552 376 aquae
577 320 630 363 de
651 328 768 363 terra
790 325 944 363 euntes
969 325 1013 362 et
1034 320 1295 374 redeuntes3
1319 324 1364 362 et
1389 326 1617 375 coeperunt
1642 320 1782 362 minui
1804 325 1903 376 post
1929 327 2108 366 centum
2134 323 2260 379 quin-

428 378 642 435 quaginta
667 379 773 422 dies.
800 379 816 405 1
837 379 1155 434 Requievitque
1181 392 1284 420 arca
1307 392 1457 421 mense
1487 379 1697 434 septimo,
1724 379 1942 434 vigesimo
1967 382 2156 437 septimo
2188 383 2260 426 die

427 438 611 493 mensis,
646 453 775 495 super
808 444 980 481 montes
1014 437 1252 480 Armeniae.
1288 437 1304 463 5
1328 439 1390 479 At
1419 451 1523 480 vero
1552 452 1678 493 aquae
1709 437 1836 480 ibant
1868 444 1913 482 et
1944 439 2260 484 decrescebant

427 512 561 553 usque
584 498 640 541 ad
660 498 881 541 decimum
903 511 1125 551 mensem3
1147 496 1319 539 decimo
1343 496 1461 539 enim
1484 510 1658 553 mense,
1677 497 1820 553 prima
1838 497 1910 541 die
1928 499 2104 556 mensis,
2124 515 2260 556 appa-

425 562 607 600 ruerunt
632 557 864 600 cacumina
889 555 1120 599 montium.
1144 555 1162 581 6
1180 556 1377 611 Cumque
1403 555 1667 599 transissent
1692 557 1989 613 quadraginta
2012 558 2126 614 dies,
2157 574 2261 615 ape-

424 616 540 659 riens
566 617 660 658 Noe
691 616 934 658 fenestram
958 628 1095 670 616116,
1119 629 1251 670 (1116111
1277 615 1468 671 fecerat,
1495 615 1666 658 dimisit
1695 630 1900 671 corvum3
1929 616 1944 642 ⁷
1964 616 2038 672 qui
2063 618 2261 673 egredie-

425 675 565 729 batur,
594 680 635 718 et
654 689 740 717 non
766 674 1083 730 revertebatur,
1108 673 1249 717 donec
1272 674 1545 717 siccarentur
1565 689 1692 731 aquae
1715 690 1845 732 super
1866 680 2043 719 terram.
2064 676 2080 702 8
2100 676 2262 720 Emisit

425 748 594 789 quoque
630 733 881 776 columbam
915 739 1014 790 post
1050 748 1170 789 eum,
1206 738 1255 776 ut
1287 733 1460 777 videret
1493 733 1530 776 si
1562 733 1658 790 jam
1691 740 1938 778 cessassent
1971 749 2099 791 aquae
2133 750 2263 792 super

424 793 589 835 faciem
612 798 752 837 terrae.
774 792 791 818 9
808 792 915 843 Quae
939 807 1039 835 cum
1058 807 1145 836 non
1168 792 1413 836 invenisset
1435 793 1510 836 ubi
1531 793 1827 849 requiesceret
1852 809 1928 851 pes
1952 794 2063 850 ejus,
2086 809 2263 838 reversa

424 858 491 894 est
514 851 571 894 ad
598 866 698 895 eum
723 851 768 894 in
799 866 975 907 arcam;
998 866 1124 908 aquae
1152 852 1270 895 enim
1302 859 1428 896 erant
1457 867 1587 909 super
1610 853 1862 896 universam
1889 859 2049 896 terram
2072 871 2080 909 ;
2108 859 2262 897 exten-

425 911 575 967 ditque
609 925 816 966 manum,
852 916 897 954 et
931 912 1256 968 apprehensam
1290 911 1443 955 intulit
1476 912 1521 954 in
1555 927 1720 956 arcam.
1754 912 1788 939 ¹⁰
1814 913 2077 970 Expectatis
2111 919 2262 957 autem

424 970 539 1013 ultra
572 975 742 1027 septem
777 971 931 1013 diebus
973 970 1094 1026 aliis,
1124 986 1298 1013 rursum
1328 970 1498 1014 dimisit
1532 971 1784 1015 columbam
1815 987 1869 1016 ex
1899 986 2015 1017 arca.
2044 972 2076 999 ¹¹
2098 974 2160 1016 At
2185 973 2263 1016 illa

423 1030 545 1073 venit
567 1029 624 1072 ad
647 1044 748 1072 eum
773 1029 830 1072 ad
852 1044 1104 1086 vesperam,
1131 1035 1314 1086 portans
1338 1045 1512 1074 ramum
1535 1030 1665 1074 olivae
1687 1031 1933 1075 virentibus
1956 1032 2079 1075 foliis
2113 1032 2158 1074 111
2189 1046 2261 1075 ore

423 1103 513 1133 suo.
542 1089 774 1132 Intellexit
799 1103 902 1145 ergo
929 1089 1025 1132 Noe
1047 1089 1163 1144 quod
1195 1094 1441 1132 cessassent
1469 1104 1596 1146 aquae
1628 1105 1757 1146 super
1781 1096 1958 1134 terram.
1985 1090 2020 1117 ¹⁹²
2039 1092 2261 1148 Expecta—

422 1148 573 1204 vitque
596 1148 883 1191 nihilominus
913 1152 1083 1204 septem
1114 1148 1224 1192 alios
1251 1148 1370 1204 dies;
1397 1154 1442 1192 et
1463 1149 1611 1192 emisit
1638 1149 1912 1205 columbam,
1941 1164 2038 1206 quae
2073 1165 2162 1194 non
2194 1155 2262 1194 est

421 1221 596 1251 reversa
626 1207 742 1250 ultra
771 1207 827 1250 ad
858 1222 971 1250 eum.
1002 1207 1035 1233 ¹3
1054 1207 1198 1263 Igitur
1228 1208 1551 1252 sexcentesimo
1577 1208 1719 1265 primo
1744 1223 1886 1264 anno,
1912 1209 2054 1266 primo
2083 1224 2258 1265 mense,

422 1266 564 1323 prima
594 1266 664 1309 die
694 1267 878 1322 mensis,
912 1266 1161 1309 imminutae
1193 1272 1296 1310 sunt
1322 1282 1448 1323 aquae
1481 1282 1611 1324 super
1637 1272 1831 1323 terram;
1858 1274 1903 1311 et
1931 1268 2135 1326 aperiens
2166 1270 2261 1312 Noe

421 1331 589 1369 tectum
626 1340 761 1380 arcae,
798 1325 993 1382 aspexit,
1020 1325 1221 1382 viditque
1258 1327 1374 1382 quod
1412 1327 1638 1370 exsiccata
1675 1332 1791 1371 esset
1827 1328 2083 1384 superficies
2116 1333 2261 1372 terrae.

425 1384 456 1411 11
476 1386 627 1428 Mense
650 1385 865 1440 secundo,
892 1385 1080 1440 septimo
1106 1390 1150 1428 et
1175 1385 1391 1442 vigesimo
1419 1386 1490 1430 die
1512 1386 1698 1443 mensis,
1723 1387 1925 1429 arefacta
1947 1392 2014 1431 est
2040 1391 2170 1431 terra.

750 1514 773 1571 ξ
809 1514 897 1558 ΙΙΙ.
923 1539 982 1547 --
1018 1513 1122 1566 Quae
1162 1515 1384 1557 diluvium
1409 1517 1610 1570 proxime
1641 1521 1789 1559 secuta
1820 1522 1931 1559 sunt.

485 1631 516 1657 ¹5
536 1631 728 1673 Locutus
751 1635 818 1673 est
843 1636 993 1673 autem
1016 1632 1134 1673 Deus
1156 1630 1214 1673 ad
1238 1631 1353 1686 Noe,
1387 1630 1537 1673 dicens
1561 1647 1569 1674 ε
1600 1630 1632 1657 16
1652 1631 1874 1686 Egredere
1899 1631 1952 1675 de
1979 1645 2102 1687 arca,
2138 1637 2186 1675 tu
2218 1637 2263 1676 et

421 1705 531 1733 uxor
556 1695 653 1745 tua,
680 1688 760 1731 filii
786 1689 851 1732 tui
877 1695 921 1732 et
947 1704 1103 1732 uxores
1134 1689 1325 1732 filiorum
1355 1694 1530 1733 tuorum
1561 1696 1722 1734 tecum.
1752 1689 1784 1716 ¹⁷
1809 1691 1980 1734 Cuncta
2013 1690 2264 1736 animantia

421 1764 519 1806 quae
546 1755 648 1792 sunt
677 1749 795 1805 apud
822 1754 886 1804 te,
915 1763 969 1792 ex
992 1749 1111 1792 omni
1139 1763 1292 1805 carne,
1320 1754 1412 1791 tam
1439 1749 1484 1791 in
1507 1749 1765 1792 volatilibus
1788 1764 1921 1805 quam
1952 1749 1997 1792 in
2032 1749 2186 1794 bestiis
2219 1756 2262 1795 et

421 1808 638 1852 universis
671 1807 904 1864 reptilibus
934 1823 1033 1864 quae
1066 1813 1246 1865 reptant
1278 1823 1409 1865 super
1434 1814 1619 1864 terram,
1647 1809 1758 1852 educ
1788 1814 1958 1864 tecum,
1992 1814 2037 1852 et
2070 1809 2263 1866 ingredi-

422 1868 533 1911 mini
556 1882 686 1924 super
711 1873 874 1911 terram
897 1885 905 1912 :
933 1867 1119 1911 crescite
1141 1873 1186 1911 et
1206 1867 1570 1924 multiplicamini
1594 1883 1724 1925 super
1745 1883 1858 1912 eam.
1887 1867 1921 1894 18
1949 1869 2164 1924 Egressus
2198 1874 2264 1913 est

422 1942 526 1985 ergo
554 1928 670 1983 Noe,
698 1932 742 1970 et
766 1926 846 1970 filii
877 1927 995 1984 ejus,
1020 1942 1129 1970 uxor
1159 1927 1298 1984 illius,
1327 1932 1372 1970 et
1397 1942 1554 1971 uxores
1580 1928 1772 1971 filiorum
1795 1928 1891 1984 ejus
1918 1942 2019 1971 cum
2041 1942 2106 1974 60.
2128 1928 2164 1955 19
2179 1929 2264 1973 Sed

423 1992 466 2031 et
488 1987 637 2031 01111116
658 1986 919 2044 animantia,
942 1987 1159 2043 jumenta,
1179 1992 1224 2030 et
1244 1986 1423 2044 reptilia
1441 2001 1539 2043 quae
1561 1992 1741 2044 reptant
1762 2001 1893 2044 super
1911 1991 2088 2042 terram,
2108 2002 2262 2031 secun-

422 2047 527 2091 dum
554 2061 692 2103 genus
722 2061 870 2102 suum,
898 2061 1075 2103 egressa
1106 2052 1208 2090 sunt
1238 2047 1292 2090 de
1321 2061 1437 2090 arca.
1467 2046 1504 2072 '²⁰
1521 2046 1784 2089 AEdificavit
1815 2051 1966 2089 autem
1993 2047 2088 2090 Noe
2122 2047 2262 2091 altare

423 2106 645 2163 Domino,
675 2111 720 2150 et
749 2106 909 2149 tollens
940 2106 994 2150 de
1026 2106 1197 2150 cunctis
1229 2106 1461 2163 pecoribus
1495 2111 1540 2149 et
1576 2105 1830 2150 volucribus
1863 2106 2065 2162 mundis,
2101 2107 2264 2150 obtulit

422 2166 681 2210 holocausta
714 2181 844 2223 super
875 2166 1029 2210 altare.
1056 2165 1089 2192 ‘²¹
1111 2166 1417 2221 Odoratusque
1451 2170 1517 2208 est
1552 2165 1768 2209 Dominus
1800 2165 1978 2209 odorem
2004 2165 2259 2222 suavitatis,

423 2231 468 2270 et
491 2226 554 2268 ait
577 2242 585 2269 :
612 2226 905 2282 Nequaquam
930 2226 1046 2269 ultra
1072 2225 1338 2269 maledicam
1363 2230 1491 2268 terrae
1518 2229 1697 2282 propter
1718 2224 1947 2279 homines,
1972 2239 2125 2268 sensus
2144 2224 2263 2268 enim

423 2290 468 2328 et
486 2285 699 2342 cogitatio
718 2285 901 2328 humani
924 2285 1066 2328 cordis
1089 2284 1135 2328 in
1158 2285 1326 2327 malum
1347 2299 1487 2340 prona
1513 2290 1616 2327 sunt
1640 2284 1696 2327 ab
1720 2283 2023 2327 adolescentia
2045 2298 2151 2339 sua,
2175 2299 2262 2328 non

423 2344 558 2401 igitur
588 2345 704 2388 ultra
733 2345 979 2401 percutiam
1013 2359 1189 2388 omnem
1219 2344 1416 2387 animam
1446 2343 1699 2399 viventem,
1733 2343 1847 2386 sicut
1881 2343 1984 2387 feci.
2017 2341 2054 2368 2⁸²
2080 2343 2262 2387 Cunctis

425 2404 579 2447 diebus
601 2409 749 2461 terrae,
776 2404 987 2448 sementis
1010 2409 1054 2448 et
1075 2403 1250 2461 messis,
1274 2403 1418 2460 frigus
1442 2408 1487 2446 et
1509 2408 1662 2459 aestus,
1689 2408 1819 2446 aestas
1845 2407 1889 2445 et
1915 2401 2077 2456 hiems,
2103 2417 2192 2445 nox
2217 2408 2262 2446 et

425 2463 539 2520 dies,
567 2478 654 2507 11011
676 2464 964 2520 requiescent.

484 2523 591 2567 CAP.
620 2524 699 2569 IX.
727 2550 786 2556 —
821 2522 1178 2579 ¹Benedixitque
1213 2524 1332 2566 Deus
1363 2524 1458 2566 Noe
1492 2529 1536 2567 et
1568 2522 1670 2566 filiis
1693 2522 1804 2578 ejus.
1829 2522 1886 2564 Et
1922 2521 2034 2564 dixit
2068 2520 2124 2563 ad
2151 2535 2258 2565 eos:

426 2583 640 2639 Crescite,
668 2588 713 2627 et
744 2582 1128 2640 multiplicamini,
1155 2588 1200 2626 et
1227 2582 1394 2639 replete
1429 2588 1605 2627 terram.
1637 2581 1654 2608 2
1673 2583 1731 2624 Et
1756 2587 1894 2624 terror
1919 2586 2066 2624 vester
2094 2594 2147 2622 ac
2176 2585 2262 2624 tre·

425 2657 520 2686 mor
544 2642 602 2686 sit
624 2657 754 2699 super
775 2648 937 2686 cuncta
959 2642 1172 2685 animalia
1198 2646 1347 2698 terrae,
1385 2647 1430 2685 et
1456 2656 1586 2698 super
1617 2655 1767 2684 omnes
1793 2640 1994 2683 volucres
2017 2639 2137 2695 caeli,
2162 2654 2262 2683 cum

426 2702 643 2746 universis
669 2716 766 2758 quae
787 2707 1022 2745 moventur
1052 2716 1182 2758 super
1207 2707 1370 2744 terram
1390 2718 1399 2756 3
1423 2715 1575 2744 omnes
1601 2701 1744 2758 pisces
1770 2699 1903 2742 maris
1927 2699 2079 2742 manui
2101 2703 2261 2742 vestrae

425 2761 577 2805 traditi
604 2767 719 2805 sunt.
747 2761 764 2787 3
783 2762 840 2803 Et
863 2775 991 2804 omne
1021 2761 1137 2817 quod
1162 2766 1364 2804 movetur
1390 2766 1435 2803 et
1456 2759 1589 2816 vivit,
1613 2760 1696 2804 erit
1722 2759 1846 2802 vobis
1869 2758 1914 2801 in
1941 2758 2112 2813 cibum,
2136 2757 2261 2814 quasi

425 2821 543 2864 01616
565 2820 757 2864 virentia
780 2820 942 2863 tradidi
965 2820 1091 2863 vobis
1118 2820 1291 2873 omnia3
1318 2819 1334 2845 4
1349 2825 1549 2876 excepto,
1571 2819 1686 2875 quod
1713 2833 1891 2862 carnem
1915 2832 2016 2861 cum
2042 2817 2260 2873 sanguine

423 2895 511 2924 non
531 2880 785 2924 comedetis.
809 2880 826 2906 5
841 2879 1113 2936 Sanguinem
1136 2878 1254 2922 enim
1276 2878 1525 2921 animarum
1548 2884 1795 2922 vestrarum
1814 2877 2033 2933 requiram
2054 2877 2107 2920 de
2126 2890 2260 2919 manu

424 2945 682 2984 cunctarum
707 2939 949 2983 bestiarum
969 2957 978 2994 3
1007 2944 1051 2982 et
1076 2938 1129 2982 de
1152 2953 1287 2981 manu
1310 2937 1522 2993 hominis,
1547 2938 1601 2981 de
1627 2952 1762 2980 manu
1786 2937 1869 2979 viri
1897 2942 1941 2980 et
1967 2936 2120 2979 fratris
2140 2935 2256 2991 ejus,

422 3000 643 3056 requiram
665 2999 861 3042 animam
886 2998 1092 3042 hominis.
1116 2998 1133 3024 6
1151 2997 1423 3053 Quicumque
1454 2997 1664 3040 effuderit
1696 2998 1940 3040 humanum
1973 2995 2257 3052 sanguinem,

423 3059 636 3102 fundetur
661 3058 842 3115 sanguis
864 3058 983 3101 illius
1004 3075 1012 3112 3
1035 3058 1092 3101 ad
1118 3057 1361 3114 imaginem
1383 3056 1545 3113 quippe
1573 3057 1655 3100 Dei
1681 3056 1830 3099 factus
1861 3061 1925 3099 est
1958 3055 2103 3098 1101110.
2135 3053 2150 3080 ⁷
2170 3054 2259 3097 Vos

424 3123 573 3161 autem
599 3118 782 3162 crescite
808 3123 852 3162 et
877 3116 1261 3174 multiplicamini,
1282 3121 1326 3160 et
1351 3115 1638 3172 ingredimini
1657 3130 1788 3172 super
1805 3121 1990 3163 terram,
2011 3120 2054 3158 et
2077 3112 2258 3170 implete

425 3191 535 3223 eam.

483 3237 500 3265 8
520 3239 632 3281 Haec
658 3253 828 3295 quoque
855 3238 968 3282 dixit
991 3238 1110 3281 Deus
1132 3237 1188 3281 ad
1213 3238 1328 3293 Noe,
1353 3241 1398 3280 et
1421 3236 1478 3279 ad
1501 3236 1612 3280 filios
1635 3235 1733 3293 ejus
1760 3250 1860 3279 611111
1883 3249 1935 3279 60
1958 3251 1966 3279 :
1996 3233 2013 3261 9
2034 3234 2149 3276 Ε666
2176 3245 2257 3288 ego

425 3303 618 3340 statuam
650 3304 830 3354 pactum
862 3312 1007 3342 meum
1035 3296 1286 3354 vobiscum,
1310 3301 1355 3340 et
1387 3310 1485 3339 cum
1520 3296 1688 3340 semine
1718 3300 1865 3338 vestro
1900 3299 2000 3351 post
2033 3306 2133 3347 vos,
2162 3290 2199 3317 ¹⁰
2215 3296 2259 3334 et

425 3357 481 3399 ad
507 3371 682 3400 omnem
704 3357 902 3400 animam
923 3356 1171 3412 viventem,
1190 3370 1288 3412 quae
1314 3361 1381 3399 est
1403 3355 1654 3411 vobiscum,
1677 3360 1770 3398 tam
1789 3354 1833 3397 in
1853 3352 2106 3397 volucribus
2125 3364 2257 3406 (1116111

426 3415 471 3457 111
495 3415 730 3472 jumentiS,
757 3421 802 3460 et
834 3415 1077 3473 pecudibus
1111 3420 1239 3458 terrae
1275 3415 1467 3470 cunctis,
1491 3429 1588 3471 quae
1626 3428 1802 3471 egressa
1836 3417 1937 3457 sunt
1974 3412 2028 3455 de
2063 3424 2187 3465 arca,
2212 3413 2257 3452 et

429 3579 475 3612 17]
494 3579 570 3611 sup.
594 3581 627 3615 1,
648 3583 701 3616 22,
725 3584 769 3609 26.
794 3582 856 3608 Ins.
880 3582 945 3616 IX,
965 3585 997 3616 1,
1024 3585 1046 3609 .·.
1069 3596 1104 3601 —
1122 3582 1169 3615 21]
1193 3582 1269 3613 sup.
1295 3582 1340 3608 v1
1355 3603 1361 3615 ‚
1379 3585 1403 3609 5.
1427 3581 1546 3609 Matth.
1567 3581 1637 3614 xv,
1657 3582 1699 3608 19.
1718 3594 1750 3599 —
1781 3581 1808 3613 1]
1827 3579 1905 3610 sup.
1926 3579 1950 3611 Ι.
1973 3579 2018 3607 2⁶2·
2045 3580 2077 3605 2²3
2100 3579 2133 3604 et
2154 3574 2251 3606 v111.

429 3624 471 3651 17.
500 3638 536 3642 —
555 3624 585 3657 3]
604 3625 680 3657 SUD.
700 3626 725 3660 1,
742 3628 783 3653 29.
809 3640 844 3644 —
869 3626 898 3658 4]
918 3626 995 3653 Lev.
1014 3625 1113 3652 XVII
1131 3627 1194 3660 714.
1221 3639 1256 3644 —
1285 3626 1314 3659 6]
1337 3626 1458 3654 Matth.
1478 3626 1609 3659 XXVI,
1629 3626 1674 3653 52.
1697 3624 1798 3655 Alme.
1820 3623 1926 3656 XIII,
1954 3624 1994 3649 10·
2014 3635 2047 3640 “·
2078 3620 2105 3653 7]
2125 3620 2202 3652 SUP-
2222 3619 2246 3655 Ῑι

427 3671 462 3697 28
484 3674 517 3697 et
539 3669 709 3703 V111,17.
