2456 3861
649 102 737 144 Jos
770 100 926 153 XXX,
961 100 1018 142 28
1050 125 1108 133 —-
1140 95 1317 152 XXXI,
1352 97 1422 139 24.
1865 91 1953 135 533

135 196 1778 220 '—·-'—-.————-———ss———————-—-———-—*‘—·—*———-—·
1787 198 1838 201 --.,.
1917 197 1939 201 ἢ

421 276 732 332 praevenerunt
756 285 826 314 me
853 270 945 312 dies
970 268 1234 311 afflictionis.

305 334 340 361 ‘2⁸
359 335 549 377 Moerens
570 330 853 384 incedebam,
876 329 971 371 sine
996 328 1166 382 furore,

424 404 711 446 consurgens,
734 389 780 431 in
805 388 935 430 turba
960 386 1224 430 clamabam.

306 451 341 477 '2¹'
362 452 515 495 Frater
536 449 604 492 fui
627 448 889 498 draconum,

424 515 466 553 et
487 508 629 552 socius
651 506 962 550 struthionum.

305 571 341 595 ³³⁰
358 569 484 614 Cutis
506 582 604 610 mea
629 566 860 621 denigrata
886 570 951 608 est
975 578 1106 621 super
1131 578 1220 619 me,

422 636 466 671 et
491 641 588 670 ossa
614 639 712 668 mea
736 629 946 667 aruerunt
970 638 1062 680 prae
1085 627 1301 665 caumate.

305 688 336 713 ³¹¹
361 689 497 731 Versa
520 692 584 729 est
609 684 655 728 in
677 684 846 727 luctum
873 683 1044 726 'cithara
1070 696 1188 736 mea,

422 751 466 789 et
492 758 706 800 organum
727 757 876 786 meum
897 742 943 785 in
969 755 1123 785 vocem
1149 740 1365 784 flentium.
1980 776 1981 779 ,

185 807 293 850 ΟΑΡ.
321 805 491 849 XXXI.
516 830 576 835 —-
602 802 791 859 ¹Pepigi
817 801 965 845 foedus
991 815 1092 843 cum
1118 800 1257 843 oculis
1280 798 1410 853 meis,
2044 807 2192 854 xsirtutes
2212 808 2243 853 et

276 882 279 886 ·
424 870 472 907 nt
494 877 549 906 ne
571 862 814 918 cogitarem
840 860 1021 917 quidem
1046 860 1100 903 de
1121 858 1308 914 virgine.
2049 855 2252 878 ¹¹¹¹‘¹‘'‘·'‘³¹¹¹¹³·

324 924 340 950 '²
357 925 498 975 Quam
521 922 588 966 eni
597 937 641 964 m
665 920 1044 978 partemhaberet
1064 919 1110 961 in
1136 932 1206 961 me
1233 918 1351 960 Deus
1375 915 1573 972 desuper,

423 989 467 1026 et
490 981 785 1025 hereditatem
808 979 1098 1036 Omnipotens
1126 977 1180 1020 de
1203 974 1422 1020 excelsis?

325 1044 341 1067 ³
360 1040 587 1097 Numquid
612 1054 699 1083 non
725 1039 914 1097 perditio
940 1043 1007 1081 est
1030 1037 1204 1093 iniquo,

425 1107 467 1143 et
491 1099 704 1143 alienatio
730 1098 1014 1156 operantibus
1039 1096 1309 1152 injustitiam
1324 1093 1345 1136 ⁸?

325 1160 340 1186 “¹
361 1161 517 1202 Nonne
542 1159 637 1216 ipse
664 1157 915 1201 considerat
939 1157 1035 1199 vias
1058 1170 1200 1211 meas,

424 1224 466 1262 et
489 1224 670 1261 cunctos
693 1231 868 1273 gressus
894 1230 1014 1259 meos
1038 1212 1322 1258 dinumerat?

325 1278 402 1321 S’Si
428 1277 656 1320 ambulavi
683 1276 727 1318 in
754 1276 974 1331 vanitate,

425 1342 468 1379 et
489 1336 726 1379 festinavit
750 1335 795 1377 in
820 1335 920 1378 dolo
946 1348 1022 1391 pes
1048 1347 1191 1389 meUS,

324 1396 341 1422 ‘³
357 1395 584 1452 appendat
610 1409 679 1437 me
700 1395 748 1436 in
774 1399 939 1454 statera
963 1393 1105 1449 justa,

425 1458 469 1496 et
493 1453 605 1496 sciat
622 1454 748 1495 *Deus
775 1452 1112 1509 simplicitatem
1140 1465 1300 1494 meam.

325 1513 339 1538 ⁷
362 1512 404 1556 Si
433 1512 678 1555 declinavit
703 1525 876 1567 gressus
904 1525 1026 1553 meus
1049 1510 1103 1552 de
1128 1510 1223 1564 via,

423 1576 468 1614 et
492 1571 528 1614 si
551 1575 753 1613 secutum
779 1576 844 1614 est
871 1570 1020 1613 oculos
1043 1583 1164 1612 meos
1187 1583 1260 1612 cor
1285 1581 1455 1622 meum,

425 1635 468 1673 et
492 1630 528 1673 si
552 1629 760 1672 manibus
787 1629 896 1672 meis
922 1628 1113 1671 adhaesit
1135 1627 1331 1681 macula,

325 1690 341 1716 8
359 1704 524 1745 seram,
548 1695 591 1732 et
619 1689 734 1731 alius
762 1688 987 1743 comedat,

424 1753 469 1792 et
493 1748 726 1805 progenies
753 1763 851 1791 mea
873 1747 1134 1791 eradicetur.

327 1808 343 1836 9
361 1808 405 1853 Si
429 1808 665 1864 deceptum
690 1812 758 1851 est
783 1821 857 1851 cor
881 1822 1029 1850 meum
1056 1821 1188 1863 super
1212 1805 1418 1859 muliere,

426 1873 470 1910 et
491 1867 526 1910 si
548 1867 604 1909 ad
627 1866 791 1910 ostium
816 1866 949 1909 amici
976 1866 1064 1909 mei
1089 1865 1326 1908 insidiatus
1350 1877 1448 1906 sum
1456 1897 1470 1919 2

311 1926 344 1953 ¹⁰
361 1932 557 1969 scortum
577 1925 759 1969 alterius
785 1926 843 1969 sit
867 1940 978 1969 uxor
1002 1939 1123 1980 mea,

427 1991 470 2028 et
490 2000 621 2042 super
644 1985 771 2028 illam
793 1985 1082 2028 incurventur
1105 1984 1197 2027 alii.

312 2046 340 2072 ¹¹
363 2047 462 2088 Hoc
489 2045 609 2088 enim
630 2045 760 2088 nefas
786 2050 871 2100 est,

427 2109 471 2147 et
494 2104 707 2159 iniquitas
733 2104 943 2147 maxima.

315 2164 347 2190 ¹2
366 2164 489 2219 Ignis
514 2169 579 2206 est
604 2178 742 2218 usque
763 2164 819 2206 ad
845 2163 1141 2220 perditionem
1168 2161 1404 2216 devorans,

427 2228 470 2266 et
497 2223 645 2265 omnia
671 2222 901 2265 eradicans
923 2222 1165 2277 genimina.

312 2283 346 2310 ¹3
365 2283 408 2326 Si
428 2282 673 2338 contempsi
696 2282 843 2324 subire
861 2281 1080 2336 judicium
1103 2295 1205 2323 cum
1227 2295 1351 2324 servo
1371 2294 1473 2323 meo
1487 2283 1530 2322 et
1546 2276 1712 2320 ancilla
1730 2291 1848 2332 mea,

429 2356 531 2383 cum
553 2341 853 2398 disceptarent
878 2340 1114 2383 adversum
1137 2354 1233 2383 me:

316 2402 347 2428 ¹4
365 2401 469 2458 quid
493 2401 611 2444 enim
633 2401 801 2443 faciam
826 2414 927 2442 cum
953 2398 1190 2441 surrexerit
1215 2399 1272 2441 ad
1297 2397 1591 2454 judicandum
1615 2394 1763 2438 Deus?

430 2466 474 2503 et
496 2475 597 2503 cum
624 2459 869 2515 quaesierit,
893 2458 997 2514 quid
1023 2457 1297 2514 respondebo
1318 2457 1420 2500 illi?

316 2520 347 2547 ¹5
367 2520 595 2575 Numquid
618 2533 705 2562 non
726 2519 773 2561 in
795 2524 919 2560 utero
944 2517 1056 2560 fecit
1078 2531 1170 2571 me,
1193 2516 1267 2571 qui
1290 2521 1334 2559 et
1353 2516 1483 2558 illum
1510 2517 1712 2570 operatus
1735 2512 1851 2567 θεῖ-3.),

431 2585 474 2623 et
498 2578 714 2622 formavit
735 2592 806 2620 me
829 2577 876 2619 in
900 2576 1034 2619 vulva
1054 2575 1201 2618 unus?

318 2640 350 2666 16
367 2639 411 2684 Si
437 2638 596 2694 negavi
623 2637 739 2693 quod
765 2636 976 2679 volebant
1001 2634 1288 2692 pauperibus,

433 2703 477 2741 et
499 2698 647 2740 oculos
670 2697 820 2740 viduae
842 2700 1077 2751 expectare
1102 2693 1218 2748 feci,

319 2757 349 2783 ¹7
368 2757 404 2800 si
432 2757 603 2800 comedi
626 2755 876 2799 buccellam
902 2768 1048 2796 meam
1069 2753 1211 2804 solus,

434 2822 478 2860 et
502 2830 590 2859 non
617 2815 811 2858 comedit
836 2813 1032 2872 pupillus
1057 2826 1112 2855 ex
1133 2826 1202 2866 ea,

320 2876 352 2901 ¹⁸
369 2875 472 2931 quia
497 2875 554 2918 ab
575 2874 774 2919 infantia
800 2887 898 2916 mea
919 2871 1059 2915 crevit
1081 2885 1257 2914 mecum
1282 2868 1528 2924 miseratio,

434 2940 480 2978 et
500 2935 555 2978 de
580 2940 702 2977 utero
730 2933 883 2976 matris
906 2945 1017 2974 meae
1041 2944 1216 2986 egressa
1239 2934 1305 2972 est
1330 2941 1530 2979 mecum;

318 2994 353 3020 19
369 2994 406 3036 si
433 2993 614 3051 despexi
636 2997 914 3050 pereuntem,
938 3004 988 3033 eo
1011 2989 1126 3046 quod
1151 3003 1239 3033 non
1261 2987 1466 3030 habuerit
1490 2985 1822 3040 indumentum,

253 3108 255 3111 Α
435 3058 478 3097 et
502 3053 671 3108 absque
691 3052 964 3109 operimento
987 3063 1251 3106 pauperem3

319 3112 355 3140 2⁰
371 3113 407 3156 si
430 3126 519 3155 non
540 3111 864 3155 benedixerunt
884 3109 993 3152 mihi
1019 3108 1159 3152 latera
1183 3107 1302 3164 ejuS,

437 3177 481 3215 et
503 3172 555 3215 de
576 3170 817 3214 velleribus
842 3168 993 3213 ovium
1015 3181 1214 3210 mearum
1239 3165 1487 3209 calefactus
1510 3169 1601 3219 est,

321 3230 353 3259 ⁹¹
373 3231 410 3274 si
433 3231 579 3274 levavi
605 3244 735 3287 super
759 3228 979 3287 pupillum
1001 3241 1183 3269 manum
1204 3239 1372 3275 meam,

437 3290 574 3333 etiam
600 3304 701 3332 cum
726 3289 923 3331 viderem
945 3301 1014 3328 me
1035 3285 1081 3328 in
1106 3291 1231 3342 porta
1253 3284 1540 3340 superiorem,

322 3348 357 3375 ΞΕ
374 3350 582 3392 humerus
605 3362 728 3392 meus
749 3363 776 3390 a
797 3348 1006 3403 junctura
1026 3358 1107 3386 sua
1128 3345 1279 3399 cadat,

439 3413 482 3451 et
506 3408 740 3450 brachium
767 3420 914 3449 meum
936 3418 1037 3447 cum
1062 3403 1152 3446 suis
1178 3403 1349 3446 ossibus
1378 3402 1701 3458 confringatur.

324 3468 360 3495 23
377 3469 557 3524 Semper
582 3467 702 3510 enim
723 3465 847 3522 quasi
873 3468 1093 3506 tumentes
1117 3476 1248 3519 super
1268 3476 1340 3504 me
1363 3461 1524 3504 fluctus
1549 3459 1678 3502 timui
1705 3459 1870 3514 Deum,

442 3539 484 3569 et,
509 3525 682 3582 pondus
707 3525 803 3581 ejus
828 3524 946 3566 ferre
967 3535 1055 3565 non
1075 3521 1213 3578 potui.

325 3583 361 3611 2¹
379 3585 421 3629 Si
444 3585 596 3642 putavi
623 3598 779 3627 aurum
801 3582 932 3626 robur
954 3595 1116 3634 meum,
