<?xml version="1.0" encoding="UTF-8"?>
<!DOCTYPE html PUBLIC "-//W3C//DTD XHTML 1.0 Transitional//EN"
    "http://www.w3.org/TR/xhtml1/DTD/xhtml1-transitional.dtd">
<html xmlns="http://www.w3.org/1999/xhtml" xml:lang="en" lang="en">
 <head>
  <title>
</title>
<meta http-equiv="Content-Type" content="text/html;charset=utf-8" />
  <meta name='ocr-system' content='tesseract 3.04.00' />
  <meta name='ocr-capabilities' content='ocr_page ocr_carea ocr_par ocr_line ocrx_word'/>
</head>
<body>
  <div class='ocr_page' id='page_1' title='image "./bibliasacrajuxta00fill_0137.png"; bbox 0 0 2456 3861; ppageno 0'>
   <div class='ocr_carea' id='block_1_1' title="bbox 876 149 1983 204">
    <p class='ocr_par' dir='ltr' id='par_1_1' title="bbox 876 149 1983 204">
     <span class='ocr_line' id='line_1_1' title="bbox 876 149 1983 204; baseline 0.001 -12"><span class='ocrx_word' id='word_1_1' title='bbox 876 149 1001 193; x_wconf 67' lang='lat' dir='ltr'>Num.</span> <span class='ocrx_word' id='word_1_2' title='bbox 1037 150 1078 204; x_wconf 85' lang='grc' dir='ltr'>Ι,</span> <span class='ocrx_word' id='word_1_3' title='bbox 1112 151 1275 193; x_wconf 73' lang='lat'>23-52.</span> <span class='ocrx_word' id='word_1_4' title='bbox 1908 152 1983 193; x_wconf 80' lang='lat'>121</span> 
     </span>
    </p>
   </div>
   <div class='ocr_carea' id='block_1_2' title="bbox 140 318 1991 3680">
    <p class='ocr_par' dir='ltr' id='par_1_2' title="bbox 157 318 1988 492">
     <span class='ocr_line' id='line_1_2' title="bbox 157 318 1987 377; baseline 0.001 -15"><span class='ocrx_word' id='word_1_5' title='bbox 157 331 343 363; x_wconf 55' lang='lat' dir='ltr'>‘suarum</span> <span class='ocrx_word' id='word_1_6' title='bbox 364 318 569 362; x_wconf 86' lang='lat' dir='ltr'>recensiti</span> <span class='ocrx_word' id='word_1_7' title='bbox 595 325 697 362; x_wconf 87' lang='lat' dir='ltr'>sunt</span> <span class='ocrx_word' id='word_1_8' title='bbox 721 335 796 376; x_wconf 81' lang='lat' dir='ltr'>per</span> <span class='ocrx_word' id='word_1_9' title='bbox 820 320 999 362; x_wconf 87' lang='lat' dir='ltr'>nomina</span> <span class='ocrx_word' id='word_1_10' title='bbox 1025 326 1068 363; x_wconf 88' lang='lat' dir='ltr'>et</span> <span class='ocrx_word' id='word_1_11' title='bbox 1094 321 1241 377; x_wconf 82' lang='lat' dir='ltr'>capita</span> <span class='ocrx_word' id='word_1_12' title='bbox 1262 320 1556 376; x_wconf 87' lang='lat' dir='ltr'>singulorum,</span> <span class='ocrx_word' id='word_1_13' title='bbox 1577 332 1705 364; x_wconf 89' lang='lat' dir='ltr'>omne</span> <span class='ocrx_word' id='word_1_14' title='bbox 1727 322 1841 377; x_wconf 89' lang='lat' dir='ltr'>quod</span> <span class='ocrx_word' id='word_1_15' title='bbox 1859 335 1987 365; x_wconf 86' lang='lat' dir='ltr'>sexus</span> 
     </span>
     <span class='ocr_line' id='line_1_3' title="bbox 164 377 1988 436; baseline 0.001 -15"><span class='ocrx_word' id='word_1_16' title='bbox 164 384 231 421; x_wconf 90' lang='lat' dir='ltr'>est</span> <span class='ocrx_word' id='word_1_17' title='bbox 252 377 485 421; x_wconf 81' lang='lat' dir='ltr'>masculini</span> <span class='ocrx_word' id='word_1_18' title='bbox 508 392 534 420; x_wconf 80' lang='lat' dir='ltr'>a</span> <span class='ocrx_word' id='word_1_19' title='bbox 556 378 770 433; x_wconf 81' lang='lat' dir='ltr'>vigesimo</span> <span class='ocrx_word' id='word_1_20' title='bbox 796 391 912 421; x_wconf 88' lang='lat' dir='ltr'>anno</span> <span class='ocrx_word' id='word_1_21' title='bbox 934 385 977 422; x_wconf 89' lang='lat' dir='ltr'>et</span> <span class='ocrx_word' id='word_1_22' title='bbox 998 392 1149 435; x_wconf 85' lang='lat' dir='ltr'>supra,</span> <span class='ocrx_word' id='word_1_23' title='bbox 1168 379 1501 436; x_wconf 79' lang='lat' dir='ltr'>procedentium</span> <span class='ocrx_word' id='word_1_24' title='bbox 1522 379 1579 422; x_wconf 85' lang='lat' dir='ltr'>ad</span> <span class='ocrx_word' id='word_1_25' title='bbox 1605 379 1785 435; x_wconf 90' lang='lat' dir='ltr'>bellum,</span> <span class='ocrx_word' id='word_1_26' title='bbox 1808 379 1844 407; x_wconf 64' lang='lat'>9³</span> <span class='ocrx_word' id='word_1_27' title='bbox 1864 380 1988 436; x_wconf 88' lang='lat' dir='ltr'>quin-</span> 
     </span>
     <span class='ocr_line' id='line_1_4' title="bbox 164 436 956 492; baseline 0 -13"><span class='ocrx_word' id='word_1_28' title='bbox 164 436 379 492; x_wconf 83' lang='lat' dir='ltr'>quaginta</span> <span class='ocrx_word' id='word_1_29' title='bbox 406 450 564 480; x_wconf 88' lang='lat' dir='ltr'>novem</span> <span class='ocrx_word' id='word_1_30' title='bbox 592 437 732 479; x_wconf 86' lang='lat' dir='ltr'>millia</span> <span class='ocrx_word' id='word_1_31' title='bbox 758 438 956 481; x_wconf 80' lang='lat' dir='ltr'>trecenti.</span> 
     </span>
    </p>

    <p class='ocr_par' dir='ltr' id='par_1_3' title="bbox 149 495 1988 728">
     <span class='ocr_line' id='line_1_5' title="bbox 222 495 1988 554; baseline 0.001 -15"><span class='ocrx_word' id='word_1_32' title='bbox 222 495 257 522; x_wconf 72' lang='lat'>‘²⁴</span> <span class='ocrx_word' id='word_1_33' title='bbox 292 497 358 539; x_wconf 92' lang='lat' dir='ltr'>De</span> <span class='ocrx_word' id='word_1_34' title='bbox 392 496 493 539; x_wconf 84' lang='lat' dir='ltr'>filiis</span> <span class='ocrx_word' id='word_1_35' title='bbox 528 496 624 540; x_wconf 87' lang='lat' dir='ltr'>Gad</span> <span class='ocrx_word' id='word_1_36' title='bbox 658 511 733 552; x_wconf 82' lang='lat' dir='ltr'>per</span> <span class='ocrx_word' id='word_1_37' title='bbox 765 496 1070 552; x_wconf 79' lang='lat' dir='ltr'>generationes</span> <span class='ocrx_word' id='word_1_38' title='bbox 1105 503 1147 540; x_wconf 90' lang='lat' dir='ltr'>et</span> <span class='ocrx_word' id='word_1_39' title='bbox 1175 497 1374 540; x_wconf 81' lang='lat' dir='ltr'>familias</span> <span class='ocrx_word' id='word_1_40' title='bbox 1406 511 1458 541; x_wconf 85' lang='lat' dir='ltr'>ac</span> <span class='ocrx_word' id='word_1_41' title='bbox 1487 498 1640 542; x_wconf 86' lang='lat' dir='ltr'>domos</span> <span class='ocrx_word' id='word_1_42' title='bbox 1675 498 1988 554; x_wconf 81' lang='lat' dir='ltr'>cognationum</span> 
     </span>
     <span class='ocr_line' id='line_1_6' title="bbox 149 553 1988 614; baseline 0.002 -17"><span class='ocrx_word' id='word_1_43' title='bbox 149 568 341 597; x_wconf 73' lang='lat' dir='ltr'>suarum</span> <span class='ocrx_word' id='word_1_44' title='bbox 367 553 568 598; x_wconf 82' lang='lat' dir='ltr'>recensiti</span> <span class='ocrx_word' id='word_1_45' title='bbox 593 561 695 597; x_wconf 83' lang='lat' dir='ltr'>sunt</span> <span class='ocrx_word' id='word_1_46' title='bbox 727 568 804 611; x_wconf 87' lang='lat' dir='ltr'>per</span> <span class='ocrx_word' id='word_1_47' title='bbox 836 555 1014 597; x_wconf 86' lang='lat' dir='ltr'>nomina</span> <span class='ocrx_word' id='word_1_48' title='bbox 1047 556 1320 611; x_wconf 84' lang='lat' dir='ltr'>singulorum</span> <span class='ocrx_word' id='word_1_49' title='bbox 1354 570 1380 598; x_wconf 81' lang='lat' dir='ltr'>a</span> <span class='ocrx_word' id='word_1_50' title='bbox 1413 557 1573 612; x_wconf 89' lang='lat' dir='ltr'>viginti</span> <span class='ocrx_word' id='word_1_51' title='bbox 1606 557 1734 600; x_wconf 85' lang='lat' dir='ltr'>annis</span> <span class='ocrx_word' id='word_1_52' title='bbox 1768 563 1812 600; x_wconf 91' lang='lat' dir='ltr'>et</span> <span class='ocrx_word' id='word_1_53' title='bbox 1836 571 1988 614; x_wconf 88' lang='lat' dir='ltr'>supra,</span> 
     </span>
     <span class='ocr_line' id='line_1_7' title="bbox 161 613 1988 671; baseline 0.002 -16"><span class='ocrx_word' id='word_1_54' title='bbox 161 627 313 657; x_wconf 88' lang='lat' dir='ltr'>omues</span> <span class='ocrx_word' id='word_1_55' title='bbox 347 613 420 669; x_wconf 90' lang='lat' dir='ltr'>qui</span> <span class='ocrx_word' id='word_1_56' title='bbox 452 613 508 656; x_wconf 87' lang='lat' dir='ltr'>ad</span> <span class='ocrx_word' id='word_1_57' title='bbox 542 613 659 656; x_wconf 89' lang='lat' dir='ltr'>bella</span> <span class='ocrx_word' id='word_1_58' title='bbox 693 613 998 669; x_wconf 85' lang='lat' dir='ltr'>procederent,</span> <span class='ocrx_word' id='word_1_59' title='bbox 1027 613 1064 639; x_wconf 65' lang='lat'>‘²⁴⁴‘</span> <span class='ocrx_word' id='word_1_60' title='bbox 1089 613 1383 669; x_wconf 83' lang='lat' dir='ltr'>quadraginta</span> <span class='ocrx_word' id='word_1_61' title='bbox 1409 616 1600 671; x_wconf 90' lang='lat' dir='ltr'>quinque</span> <span class='ocrx_word' id='word_1_62' title='bbox 1620 616 1763 658; x_wconf 89' lang='lat' dir='ltr'>millia</span> <span class='ocrx_word' id='word_1_63' title='bbox 1791 616 1988 660; x_wconf 79' lang='lat' dir='ltr'>sexcenti</span> 
     </span>
     <span class='ocr_line' id='line_1_8' title="bbox 161 671 497 728; baseline 0.003 -15"><span class='ocrx_word' id='word_1_64' title='bbox 161 671 497 728; x_wconf 83' lang='lat' dir='ltr'>quinquaginta.</span> 
     </span>
    </p>

    <p class='ocr_par' dir='ltr' id='par_1_4' title="bbox 159 729 1989 962">
     <span class='ocr_line' id='line_1_9' title="bbox 219 729 1989 789; baseline 0.002 -16"><span class='ocrx_word' id='word_1_65' title='bbox 219 729 257 757; x_wconf 71' lang='lat'>⁹⁶</span> <span class='ocrx_word' id='word_1_66' title='bbox 287 731 354 774; x_wconf 90' lang='lat' dir='ltr'>De</span> <span class='ocrx_word' id='word_1_67' title='bbox 387 730 488 773; x_wconf 85' lang='lat' dir='ltr'>filiis</span> <span class='ocrx_word' id='word_1_68' title='bbox 519 731 638 773; x_wconf 81' lang='lat' dir='ltr'>Juda</span> <span class='ocrx_word' id='word_1_69' title='bbox 673 744 750 786; x_wconf 89' lang='lat' dir='ltr'>per</span> <span class='ocrx_word' id='word_1_70' title='bbox 779 730 1086 785; x_wconf 80' lang='lat' dir='ltr'>generationes</span> <span class='ocrx_word' id='word_1_71' title='bbox 1116 736 1159 773; x_wconf 90' lang='lat' dir='ltr'>et</span> <span class='ocrx_word' id='word_1_72' title='bbox 1183 731 1381 774; x_wconf 76' lang='lat' dir='ltr'>familias</span> <span class='ocrx_word' id='word_1_73' title='bbox 1414 747 1465 775; x_wconf 89' lang='lat' dir='ltr'>ac</span> <span class='ocrx_word' id='word_1_74' title='bbox 1497 733 1648 777; x_wconf 82' lang='lat' dir='ltr'>domos</span> <span class='ocrx_word' id='word_1_75' title='bbox 1675 732 1989 789; x_wconf 80' lang='lat' dir='ltr'>cognationum</span> 
     </span>
     <span class='ocr_line' id='line_1_10' title="bbox 160 787 1988 848; baseline 0.002 -16"><span class='ocrx_word' id='word_1_76' title='bbox 160 802 359 842; x_wconf 87' lang='lat' dir='ltr'>suarum,</span> <span class='ocrx_word' id='word_1_77' title='bbox 394 802 470 846; x_wconf 91' lang='lat' dir='ltr'>per</span> <span class='ocrx_word' id='word_1_78' title='bbox 498 789 677 831; x_wconf 88' lang='lat' dir='ltr'>nomina</span> <span class='ocrx_word' id='word_1_79' title='bbox 707 788 982 844; x_wconf 88' lang='lat' dir='ltr'>singulorum</span> <span class='ocrx_word' id='word_1_80' title='bbox 1014 803 1040 831; x_wconf 89' lang='lat' dir='ltr'>a</span> <span class='ocrx_word' id='word_1_81' title='bbox 1073 787 1289 844; x_wconf 89' lang='lat' dir='ltr'>vigesimo</span> <span class='ocrx_word' id='word_1_82' title='bbox 1316 803 1432 832; x_wconf 86' lang='lat' dir='ltr'>anno</span> <span class='ocrx_word' id='word_1_83' title='bbox 1466 796 1509 834; x_wconf 91' lang='lat' dir='ltr'>et</span> <span class='ocrx_word' id='word_1_84' title='bbox 1541 804 1692 848; x_wconf 84' lang='lat' dir='ltr'>supra,</span> <span class='ocrx_word' id='word_1_85' title='bbox 1731 804 1882 836; x_wconf 88' lang='lat' dir='ltr'>omnes</span> <span class='ocrx_word' id='word_1_86' title='bbox 1917 793 1988 848; x_wconf 88' lang='lat' dir='ltr'>qui</span> 
     </span>
     <span class='ocr_line' id='line_1_11' title="bbox 161 846 1989 905; baseline 0.002 -14"><span class='ocrx_word' id='word_1_87' title='bbox 161 854 363 904; x_wconf 85' lang='lat' dir='ltr'>poterant</span> <span class='ocrx_word' id='word_1_88' title='bbox 384 847 441 890; x_wconf 89' lang='lat' dir='ltr'>ad</span> <span class='ocrx_word' id='word_1_89' title='bbox 468 846 584 890; x_wconf 84' lang='lat' dir='ltr'>bella</span> <span class='ocrx_word' id='word_1_90' title='bbox 610 847 865 904; x_wconf 83' lang='lat' dir='ltr'>procedere,</span> <span class='ocrx_word' id='word_1_91' title='bbox 893 846 928 872; x_wconf 70' lang='lat'>⁹⁷</span> <span class='ocrx_word' id='word_1_92' title='bbox 954 847 1157 890; x_wconf 84' lang='lat' dir='ltr'>recensiti</span> <span class='ocrx_word' id='word_1_93' title='bbox 1190 854 1293 891; x_wconf 87' lang='lat' dir='ltr'>sunt</span> <span class='ocrx_word' id='word_1_94' title='bbox 1317 849 1600 905; x_wconf 82' lang='lat' dir='ltr'>septuaginta</span> <span class='ocrx_word' id='word_1_95' title='bbox 1631 856 1816 905; x_wconf 87' lang='lat' dir='ltr'>quatuor</span> <span class='ocrx_word' id='word_1_96' title='bbox 1849 851 1989 894; x_wconf 86' lang='lat' dir='ltr'>millia</span> 
     </span>
     <span class='ocr_line' id='line_1_12' title="bbox 159 906 1159 962; baseline 0.001 -14"><span class='ocrx_word' id='word_1_97' title='bbox 159 906 370 950; x_wconf 79' lang='lat' dir='ltr'>sexcenti.</span> <span class='ocrx_word' id='word_1_98' title='bbox 1154 954 1159 962; x_wconf 55' lang='lat'>.</span> 
     </span>
    </p>

    <p class='ocr_par' dir='ltr' id='par_1_5' title="bbox 147 964 1990 1197">
     <span class='ocr_line' id='line_1_13' title="bbox 218 964 1988 1023; baseline 0.002 -15"><span class='ocrx_word' id='word_1_99' title='bbox 218 964 255 991; x_wconf 74' lang='lat'>2⁸</span> <span class='ocrx_word' id='word_1_100' title='bbox 278 965 344 1008; x_wconf 92' lang='lat' dir='ltr'>De</span> <span class='ocrx_word' id='word_1_101' title='bbox 363 965 464 1009; x_wconf 85' lang='lat' dir='ltr'>filiis</span> <span class='ocrx_word' id='word_1_102' title='bbox 483 966 708 1021; x_wconf 87' lang='lat' dir='ltr'>Issachar,</span> <span class='ocrx_word' id='word_1_103' title='bbox 728 978 804 1022; x_wconf 90' lang='lat' dir='ltr'>per</span> <span class='ocrx_word' id='word_1_104' title='bbox 820 966 1126 1021; x_wconf 77' lang='lat' dir='ltr'>generationes</span> <span class='ocrx_word' id='word_1_105' title='bbox 1145 971 1188 1010; x_wconf 90' lang='lat' dir='ltr'>et</span> <span class='ocrx_word' id='word_1_106' title='bbox 1209 967 1408 1010; x_wconf 79' lang='lat' dir='ltr'>familias</span> <span class='ocrx_word' id='word_1_107' title='bbox 1430 981 1482 1010; x_wconf 85' lang='lat' dir='ltr'>ac</span> <span class='ocrx_word' id='word_1_108' title='bbox 1501 967 1654 1010; x_wconf 90' lang='lat' dir='ltr'>domos</span> <span class='ocrx_word' id='word_1_109' title='bbox 1677 969 1988 1023; x_wconf 84' lang='lat' dir='ltr'>cognationum</span> 
     </span>
     <span class='ocr_line' id='line_1_14' title="bbox 159 1023 1987 1082; baseline 0.001 -15"><span class='ocrx_word' id='word_1_110' title='bbox 159 1037 358 1078; x_wconf 86' lang='lat' dir='ltr'>suarum,</span> <span class='ocrx_word' id='word_1_111' title='bbox 392 1038 469 1082; x_wconf 90' lang='lat' dir='ltr'>per</span> <span class='ocrx_word' id='word_1_112' title='bbox 501 1024 680 1068; x_wconf 89' lang='lat' dir='ltr'>nomina</span> <span class='ocrx_word' id='word_1_113' title='bbox 710 1023 986 1080; x_wconf 83' lang='lat' dir='ltr'>singulorum</span> <span class='ocrx_word' id='word_1_114' title='bbox 1018 1040 1044 1068; x_wconf 90' lang='lat' dir='ltr'>a</span> <span class='ocrx_word' id='word_1_115' title='bbox 1077 1024 1292 1081; x_wconf 83' lang='lat' dir='ltr'>vigesimo</span> <span class='ocrx_word' id='word_1_116' title='bbox 1321 1039 1438 1069; x_wconf 89' lang='lat' dir='ltr'>anno</span> <span class='ocrx_word' id='word_1_117' title='bbox 1471 1031 1515 1069; x_wconf 87' lang='lat' dir='ltr'>et</span> <span class='ocrx_word' id='word_1_118' title='bbox 1546 1039 1698 1082; x_wconf 86' lang='lat' dir='ltr'>supra,</span> <span class='ocrx_word' id='word_1_119' title='bbox 1732 1037 1884 1070; x_wconf 87' lang='lat' dir='ltr'>omnes</span> <span class='ocrx_word' id='word_1_120' title='bbox 1917 1028 1987 1082; x_wconf 91' lang='lat' dir='ltr'>qui</span> 
     </span>
     <span class='ocr_line' id='line_1_15' title="bbox 147 1081 1990 1141; baseline 0.002 -16"><span class='ocrx_word' id='word_1_121' title='bbox 147 1083 214 1125; x_wconf 79' lang='lat' dir='ltr'>ad</span> <span class='ocrx_word' id='word_1_122' title='bbox 240 1082 358 1126; x_wconf 85' lang='lat' dir='ltr'>bella</span> <span class='ocrx_word' id='word_1_123' title='bbox 380 1083 687 1140; x_wconf 80' lang='lat' dir='ltr'>procederent,</span> <span class='ocrx_word' id='word_1_124' title='bbox 721 1081 759 1109; x_wconf 67' lang='lat'>²9</span> <span class='ocrx_word' id='word_1_125' title='bbox 784 1084 987 1127; x_wconf 87' lang='lat' dir='ltr'>recensiti</span> <span class='ocrx_word' id='word_1_126' title='bbox 1013 1090 1116 1127; x_wconf 89' lang='lat' dir='ltr'>sunt</span> <span class='ocrx_word' id='word_1_127' title='bbox 1148 1084 1469 1141; x_wconf 87' lang='lat' dir='ltr'>quinquaginta</span> <span class='ocrx_word' id='word_1_128' title='bbox 1503 1090 1689 1140; x_wconf 87' lang='lat' dir='ltr'>quatuor</span> <span class='ocrx_word' id='word_1_129' title='bbox 1723 1085 1864 1128; x_wconf 87' lang='lat' dir='ltr'>millia</span> <span class='ocrx_word' id='word_1_130' title='bbox 1887 1098 1990 1141; x_wconf 79' lang='lat' dir='ltr'>qua-</span> 
     </span>
     <span class='ocr_line' id='line_1_16' title="bbox 158 1141 396 1197; baseline 0.004 -13"><span class='ocrx_word' id='word_1_131' title='bbox 158 1141 396 1197; x_wconf 84' lang='lat' dir='ltr'>dringenti.</span> 
     </span>
    </p>

    <p class='ocr_par' dir='ltr' id='par_1_6' title="bbox 146 1200 1991 1434">
     <span class='ocr_line' id='line_1_17' title="bbox 216 1200 1990 1260; baseline 0.002 -16"><span class='ocrx_word' id='word_1_132' title='bbox 216 1200 253 1227; x_wconf 78' lang='grc'>30</span> <span class='ocrx_word' id='word_1_133' title='bbox 282 1202 347 1244; x_wconf 89' lang='lat' dir='ltr'>De</span> <span class='ocrx_word' id='word_1_134' title='bbox 379 1201 482 1245; x_wconf 88' lang='lat' dir='ltr'>filiis</span> <span class='ocrx_word' id='word_1_135' title='bbox 517 1201 714 1245; x_wconf 85' lang='lat' dir='ltr'>Zabulon</span> <span class='ocrx_word' id='word_1_136' title='bbox 747 1216 824 1259; x_wconf 90' lang='lat' dir='ltr'>per</span> <span class='ocrx_word' id='word_1_137' title='bbox 852 1203 1158 1258; x_wconf 84' lang='lat' dir='ltr'>generationes</span> <span class='ocrx_word' id='word_1_138' title='bbox 1192 1208 1235 1247; x_wconf 90' lang='lat' dir='ltr'>et</span> <span class='ocrx_word' id='word_1_139' title='bbox 1266 1203 1466 1246; x_wconf 80' lang='lat' dir='ltr'>familias</span> <span class='ocrx_word' id='word_1_140' title='bbox 1496 1216 1548 1247; x_wconf 86' lang='lat' dir='ltr'>ac</span> <span class='ocrx_word' id='word_1_141' title='bbox 1579 1204 1732 1248; x_wconf 88' lang='lat' dir='ltr'>domos</span> <span class='ocrx_word' id='word_1_142' title='bbox 1766 1204 1990 1260; x_wconf 87' lang='lat' dir='ltr'>cognatio—</span> 
     </span>
     <span class='ocr_line' id='line_1_18' title="bbox 160 1261 1991 1319; baseline 0.002 -17"><span class='ocrx_word' id='word_1_143' title='bbox 160 1275 264 1303; x_wconf 86' lang='lat' dir='ltr'>num</span> <span class='ocrx_word' id='word_1_144' title='bbox 289 1275 489 1316; x_wconf 86' lang='lat' dir='ltr'>suarum,</span> <span class='ocrx_word' id='word_1_145' title='bbox 525 1261 729 1304; x_wconf 87' lang='lat' dir='ltr'>recensiti</span> <span class='ocrx_word' id='word_1_146' title='bbox 755 1267 857 1304; x_wconf 90' lang='lat' dir='ltr'>sunt</span> <span class='ocrx_word' id='word_1_147' title='bbox 883 1275 958 1318; x_wconf 91' lang='lat' dir='ltr'>per</span> <span class='ocrx_word' id='word_1_148' title='bbox 983 1262 1162 1305; x_wconf 89' lang='lat' dir='ltr'>nomina</span> <span class='ocrx_word' id='word_1_149' title='bbox 1192 1262 1468 1318; x_wconf 87' lang='lat' dir='ltr'>singulorum</span> <span class='ocrx_word' id='word_1_150' title='bbox 1500 1277 1526 1305; x_wconf 88' lang='lat' dir='ltr'>a</span> <span class='ocrx_word' id='word_1_151' title='bbox 1558 1263 1775 1319; x_wconf 87' lang='lat' dir='ltr'>vigesimo</span> <span class='ocrx_word' id='word_1_152' title='bbox 1802 1276 1918 1306; x_wconf 88' lang='lat' dir='ltr'>anno</span> <span class='ocrx_word' id='word_1_153' title='bbox 1949 1269 1991 1306; x_wconf 87' lang='lat' dir='ltr'>et</span> 
     </span>
     <span class='ocr_line' id='line_1_19' title="bbox 146 1319 1990 1379; baseline 0.002 -18"><span class='ocrx_word' id='word_1_154' title='bbox 146 1333 309 1376; x_wconf 77' lang='lat' dir='ltr'>supra,</span> <span class='ocrx_word' id='word_1_155' title='bbox 348 1333 500 1363; x_wconf 89' lang='lat' dir='ltr'>omnes</span> <span class='ocrx_word' id='word_1_156' title='bbox 539 1320 612 1376; x_wconf 89' lang='lat' dir='ltr'>qui</span> <span class='ocrx_word' id='word_1_157' title='bbox 649 1324 853 1376; x_wconf 88' lang='lat' dir='ltr'>poterant</span> <span class='ocrx_word' id='word_1_158' title='bbox 886 1320 943 1362; x_wconf 87' lang='lat' dir='ltr'>ad</span> <span class='ocrx_word' id='word_1_159' title='bbox 980 1319 1097 1364; x_wconf 87' lang='lat' dir='ltr'>bella</span> <span class='ocrx_word' id='word_1_160' title='bbox 1134 1322 1390 1378; x_wconf 88' lang='lat' dir='ltr'>procedere,</span> <span class='ocrx_word' id='word_1_161' title='bbox 1414 1320 1447 1348; x_wconf 80' lang='lat'>3¹</span> <span class='ocrx_word' id='word_1_162' title='bbox 1473 1321 1795 1378; x_wconf 87' lang='lat' dir='ltr'>quinquaginta</span> <span class='ocrx_word' id='word_1_163' title='bbox 1820 1327 1990 1379; x_wconf 85' lang='lat' dir='ltr'>septem</span> 
     </span>
     <span class='ocr_line' id='line_1_20' title="bbox 158 1377 652 1434; baseline 0.002 -14"><span class='ocrx_word' id='word_1_164' title='bbox 158 1377 300 1420; x_wconf 89' lang='lat' dir='ltr'>millia</span> <span class='ocrx_word' id='word_1_165' title='bbox 326 1378 652 1434; x_wconf 86' lang='lat' dir='ltr'>quadringenti.</span> 
     </span>
    </p>

    <p class='ocr_par' dir='ltr' id='par_1_7' title="bbox 157 1435 1989 1670">
     <span class='ocr_line' id='line_1_21' title="bbox 217 1435 1989 1496; baseline 0.002 -16"><span class='ocrx_word' id='word_1_166' title='bbox 217 1435 254 1463; x_wconf 75' lang='lat'>3²</span> <span class='ocrx_word' id='word_1_167' title='bbox 288 1437 354 1481; x_wconf 93' lang='lat' dir='ltr'>De</span> <span class='ocrx_word' id='word_1_168' title='bbox 387 1438 489 1480; x_wconf 88' lang='lat' dir='ltr'>filiis</span> <span class='ocrx_word' id='word_1_169' title='bbox 526 1437 715 1494; x_wconf 81' lang='lat' dir='ltr'>Joseph,</span> <span class='ocrx_word' id='word_1_170' title='bbox 748 1437 939 1481; x_wconf 89' lang='lat' dir='ltr'>filiorum</span> <span class='ocrx_word' id='word_1_171' title='bbox 966 1437 1179 1495; x_wconf 82' lang='lat' dir='ltr'>Ephraim</span> <span class='ocrx_word' id='word_1_172' title='bbox 1204 1453 1280 1496; x_wconf 88' lang='lat' dir='ltr'>per</span> <span class='ocrx_word' id='word_1_173' title='bbox 1305 1440 1612 1496; x_wconf 86' lang='lat' dir='ltr'>generationes</span> <span class='ocrx_word' id='word_1_174' title='bbox 1639 1446 1682 1484; x_wconf 90' lang='lat' dir='ltr'>et</span> <span class='ocrx_word' id='word_1_175' title='bbox 1706 1441 1905 1484; x_wconf 87' lang='lat' dir='ltr'>familias</span> <span class='ocrx_word' id='word_1_176' title='bbox 1937 1455 1989 1485; x_wconf 89' lang='lat' dir='ltr'>ac</span> 
     </span>
     <span class='ocr_line' id='line_1_22' title="bbox 158 1496 1989 1555; baseline 0.002 -16"><span class='ocrx_word' id='word_1_177' title='bbox 158 1496 310 1540; x_wconf 87' lang='lat' dir='ltr'>domos</span> <span class='ocrx_word' id='word_1_178' title='bbox 337 1496 653 1552; x_wconf 86' lang='lat' dir='ltr'>cognationum</span> <span class='ocrx_word' id='word_1_179' title='bbox 677 1510 877 1551; x_wconf 90' lang='lat' dir='ltr'>suarum,</span> <span class='ocrx_word' id='word_1_180' title='bbox 904 1497 1110 1540; x_wconf 90' lang='lat' dir='ltr'>recensiti</span> <span class='ocrx_word' id='word_1_181' title='bbox 1142 1504 1245 1540; x_wconf 89' lang='lat' dir='ltr'>sunt</span> <span class='ocrx_word' id='word_1_182' title='bbox 1274 1512 1350 1555; x_wconf 91' lang='lat' dir='ltr'>per</span> <span class='ocrx_word' id='word_1_183' title='bbox 1374 1498 1554 1542; x_wconf 87' lang='lat' dir='ltr'>nomina</span> <span class='ocrx_word' id='word_1_184' title='bbox 1580 1499 1856 1555; x_wconf 84' lang='lat' dir='ltr'>singulorum</span> <span class='ocrx_word' id='word_1_185' title='bbox 1874 1515 1899 1542; x_wconf 86' lang='lat' dir='ltr'>a</span> <span class='ocrx_word' id='word_1_186' title='bbox 1926 1499 1989 1542; x_wconf 84' lang='lat' dir='ltr'>vi-</span> 
     </span>
     <span class='ocr_line' id='line_1_23' title="bbox 157 1554 1989 1614; baseline 0.002 -17"><span class='ocrx_word' id='word_1_187' title='bbox 157 1554 324 1611; x_wconf 89' lang='lat' dir='ltr'>gesimo</span> <span class='ocrx_word' id='word_1_188' title='bbox 350 1569 466 1598; x_wconf 89' lang='lat' dir='ltr'>anno</span> <span class='ocrx_word' id='word_1_189' title='bbox 494 1560 537 1598; x_wconf 92' lang='lat' dir='ltr'>et</span> <span class='ocrx_word' id='word_1_190' title='bbox 561 1568 712 1611; x_wconf 85' lang='lat' dir='ltr'>supra,</span> <span class='ocrx_word' id='word_1_191' title='bbox 741 1568 892 1598; x_wconf 88' lang='lat' dir='ltr'>omnes</span> <span class='ocrx_word' id='word_1_192' title='bbox 915 1555 988 1611; x_wconf 91' lang='lat' dir='ltr'>qui</span> <span class='ocrx_word' id='word_1_193' title='bbox 1013 1561 1218 1611; x_wconf 85' lang='lat' dir='ltr'>poterant</span> <span class='ocrx_word' id='word_1_194' title='bbox 1243 1557 1299 1600; x_wconf 88' lang='lat' dir='ltr'>ad</span> <span class='ocrx_word' id='word_1_195' title='bbox 1326 1556 1443 1600; x_wconf 89' lang='lat' dir='ltr'>bella</span> <span class='ocrx_word' id='word_1_196' title='bbox 1466 1558 1721 1613; x_wconf 87' lang='lat' dir='ltr'>procedere,</span> <span class='ocrx_word' id='word_1_197' title='bbox 1745 1558 1781 1584; x_wconf 77' lang='lat'>33</span> <span class='ocrx_word' id='word_1_198' title='bbox 1803 1559 1989 1614; x_wconf 88' lang='lat' dir='ltr'>quadra-</span> 
     </span>
     <span class='ocr_line' id='line_1_24' title="bbox 157 1613 721 1670; baseline 0 -14"><span class='ocrx_word' id='word_1_199' title='bbox 157 1613 282 1669; x_wconf 86' lang='lat' dir='ltr'>ginta</span> <span class='ocrx_word' id='word_1_200' title='bbox 308 1613 450 1656; x_wconf 88' lang='lat' dir='ltr'>millia</span> <span class='ocrx_word' id='word_1_201' title='bbox 477 1613 721 1670; x_wconf 87' lang='lat' dir='ltr'>quingenti.</span> 
     </span>
    </p>

    <p class='ocr_par' dir='ltr' id='par_1_8' title="bbox 144 1671 1990 1893">
     <span class='ocr_line' id='line_1_25' title="bbox 215 1671 1989 1733; baseline 0.003 -18"><span class='ocrx_word' id='word_1_202' title='bbox 215 1671 251 1698; x_wconf 54' lang='lat'>‘&#39;³&#39;‘</span> <span class='ocrx_word' id='word_1_203' title='bbox 271 1673 403 1715; x_wconf 86' lang='lat' dir='ltr'>Porro</span> <span class='ocrx_word' id='word_1_204' title='bbox 424 1672 615 1716; x_wconf 85' lang='lat' dir='ltr'>filiorum</span> <span class='ocrx_word' id='word_1_205' title='bbox 636 1673 842 1717; x_wconf 87' lang='lat' dir='ltr'>Manasse</span> <span class='ocrx_word' id='word_1_206' title='bbox 867 1688 944 1731; x_wconf 88' lang='lat' dir='ltr'>per</span> <span class='ocrx_word' id='word_1_207' title='bbox 964 1675 1270 1730; x_wconf 84' lang='lat' dir='ltr'>generationes</span> <span class='ocrx_word' id='word_1_208' title='bbox 1293 1681 1336 1719; x_wconf 90' lang='lat' dir='ltr'>et</span> <span class='ocrx_word' id='word_1_209' title='bbox 1356 1675 1556 1719; x_wconf 79' lang='lat' dir='ltr'>familias</span> <span class='ocrx_word' id='word_1_210' title='bbox 1577 1691 1629 1719; x_wconf 86' lang='lat' dir='ltr'>ac</span> <span class='ocrx_word' id='word_1_211' title='bbox 1653 1676 1806 1720; x_wconf 90' lang='lat' dir='ltr'>domos</span> <span class='ocrx_word' id='word_1_212' title='bbox 1829 1691 1989 1733; x_wconf 90' lang='lat' dir='ltr'>cogna-</span> 
     </span>
     <span class='ocr_line' id='line_1_26' title="bbox 154 1731 1990 1790; baseline 0.003 -16"><span class='ocrx_word' id='word_1_213' title='bbox 154 1731 327 1775; x_wconf 86' lang='lat' dir='ltr'>tionum</span> <span class='ocrx_word' id='word_1_214' title='bbox 352 1746 552 1787; x_wconf 87' lang='lat' dir='ltr'>suarum,</span> <span class='ocrx_word' id='word_1_215' title='bbox 576 1732 781 1775; x_wconf 88' lang='lat' dir='ltr'>recensiti</span> <span class='ocrx_word' id='word_1_216' title='bbox 807 1739 911 1776; x_wconf 88' lang='lat' dir='ltr'>sunt</span> <span class='ocrx_word' id='word_1_217' title='bbox 935 1747 1012 1790; x_wconf 92' lang='lat' dir='ltr'>per</span> <span class='ocrx_word' id='word_1_218' title='bbox 1035 1734 1216 1777; x_wconf 88' lang='lat' dir='ltr'>nomina</span> <span class='ocrx_word' id='word_1_219' title='bbox 1249 1734 1524 1790; x_wconf 88' lang='lat' dir='ltr'>singulorum</span> <span class='ocrx_word' id='word_1_220' title='bbox 1556 1749 1583 1778; x_wconf 90' lang='lat' dir='ltr'>a</span> <span class='ocrx_word' id='word_1_221' title='bbox 1607 1735 1768 1790; x_wconf 87' lang='lat' dir='ltr'>viginti</span> <span class='ocrx_word' id='word_1_222' title='bbox 1794 1736 1922 1779; x_wconf 88' lang='lat' dir='ltr'>annis</span> <span class='ocrx_word' id='word_1_223' title='bbox 1948 1742 1990 1780; x_wconf 89' lang='lat' dir='ltr'>et</span> 
     </span>
     <span class='ocr_line' id='line_1_27' title="bbox 154 1791 1990 1850; baseline 0.002 -17"><span class='ocrx_word' id='word_1_224' title='bbox 154 1803 316 1847; x_wconf 85' lang='lat' dir='ltr'>supra,</span> <span class='ocrx_word' id='word_1_225' title='bbox 356 1804 507 1834; x_wconf 88' lang='lat' dir='ltr'>omnes</span> <span class='ocrx_word' id='word_1_226' title='bbox 545 1791 619 1847; x_wconf 90' lang='lat' dir='ltr'>qui</span> <span class='ocrx_word' id='word_1_227' title='bbox 654 1797 858 1848; x_wconf 81' lang='lat' dir='ltr'>poterant</span> <span class='ocrx_word' id='word_1_228' title='bbox 893 1793 950 1835; x_wconf 91' lang='lat' dir='ltr'>ab</span> <span class='ocrx_word' id='word_1_229' title='bbox 987 1792 1104 1836; x_wconf 84' lang='lat' dir='ltr'>bella</span> <span class='ocrx_word' id='word_1_230' title='bbox 1141 1791 1405 1850; x_wconf 87' lang='lat' dir='ltr'>procedere,</span> <span class='ocrx_word' id='word_1_231' title='bbox 1439 1793 1476 1820; x_wconf 79' lang='lat'>³5</span> <span class='ocrx_word' id='word_1_232' title='bbox 1508 1793 1692 1850; x_wconf 84' lang='lat' dir='ltr'>triginta</span> <span class='ocrx_word' id='word_1_233' title='bbox 1729 1793 1815 1838; x_wconf 87' lang='lat' dir='ltr'>duo</span> <span class='ocrx_word' id='word_1_234' title='bbox 1849 1793 1990 1837; x_wconf 86' lang='lat' dir='ltr'>millia</span> 
     </span>
     <span class='ocr_line' id='line_1_28' title="bbox 144 1849 349 1893; baseline 0 -1"><span class='ocrx_word' id='word_1_235' title='bbox 144 1849 349 1893; x_wconf 84' lang='lat' dir='ltr'>ducenti.</span> 
     </span>
    </p>

    <p class='ocr_par' dir='ltr' id='par_1_9' title="bbox 152 1908 1991 2142">
     <span class='ocr_line' id='line_1_29' title="bbox 213 1908 1988 1969; baseline 0.002 -17"><span class='ocrx_word' id='word_1_236' title='bbox 213 1908 250 1935; x_wconf 73' lang='lat'>3⁶</span> <span class='ocrx_word' id='word_1_237' title='bbox 276 1910 343 1952; x_wconf 92' lang='lat' dir='ltr'>De</span> <span class='ocrx_word' id='word_1_238' title='bbox 368 1909 470 1952; x_wconf 90' lang='lat' dir='ltr'>filiis</span> <span class='ocrx_word' id='word_1_239' title='bbox 498 1909 736 1966; x_wconf 80' lang='lat' dir='ltr'>Benjamin</span> <span class='ocrx_word' id='word_1_240' title='bbox 758 1924 835 1967; x_wconf 90' lang='lat' dir='ltr'>per</span> <span class='ocrx_word' id='word_1_241' title='bbox 859 1911 1166 1967; x_wconf 87' lang='lat' dir='ltr'>generationes</span> <span class='ocrx_word' id='word_1_242' title='bbox 1193 1916 1236 1954; x_wconf 90' lang='lat' dir='ltr'>et</span> <span class='ocrx_word' id='word_1_243' title='bbox 1268 1910 1468 1956; x_wconf 86' lang='lat' dir='ltr'>familias</span> <span class='ocrx_word' id='word_1_244' title='bbox 1494 1927 1546 1956; x_wconf 86' lang='lat' dir='ltr'>ac</span> <span class='ocrx_word' id='word_1_245' title='bbox 1580 1912 1733 1956; x_wconf 86' lang='lat' dir='ltr'>domos</span> <span class='ocrx_word' id='word_1_246' title='bbox 1763 1914 1988 1969; x_wconf 89' lang='lat' dir='ltr'>cognatio-</span> 
     </span>
     <span class='ocr_line' id='line_1_30' title="bbox 154 1969 1991 2027; baseline 0.003 -17"><span class='ocrx_word' id='word_1_247' title='bbox 154 1982 262 2011; x_wconf 86' lang='lat' dir='ltr'>num</span> <span class='ocrx_word' id='word_1_248' title='bbox 294 1981 493 2024; x_wconf 89' lang='lat' dir='ltr'>suarum,</span> <span class='ocrx_word' id='word_1_249' title='bbox 520 1969 726 2012; x_wconf 85' lang='lat' dir='ltr'>recensiti</span> <span class='ocrx_word' id='word_1_250' title='bbox 759 1975 863 2013; x_wconf 89' lang='lat' dir='ltr'>sunt</span> <span class='ocrx_word' id='word_1_251' title='bbox 895 1970 1148 2013; x_wconf 89' lang='lat' dir='ltr'>nominibus</span> <span class='ocrx_word' id='word_1_252' title='bbox 1181 1971 1458 2027; x_wconf 88' lang='lat' dir='ltr'>singulorum</span> <span class='ocrx_word' id='word_1_253' title='bbox 1490 1986 1515 2014; x_wconf 86' lang='lat' dir='ltr'>a</span> <span class='ocrx_word' id='word_1_254' title='bbox 1549 1971 1768 2027; x_wconf 82' lang='lat' dir='ltr'>vigesimo·</span> <span class='ocrx_word' id='word_1_255' title='bbox 1797 1985 1913 2015; x_wconf 84' lang='lat' dir='ltr'>anno</span> <span class='ocrx_word' id='word_1_256' title='bbox 1947 1977 1991 2016; x_wconf 91' lang='lat' dir='ltr'>et</span> 
     </span>
     <span class='ocr_line' id='line_1_31' title="bbox 154 2027 1990 2087; baseline 0.003 -18"><span class='ocrx_word' id='word_1_257' title='bbox 154 2041 306 2083; x_wconf 85' lang='lat' dir='ltr'>supra,</span> <span class='ocrx_word' id='word_1_258' title='bbox 333 2042 484 2071; x_wconf 90' lang='lat' dir='ltr'>omnes</span> <span class='ocrx_word' id='word_1_259' title='bbox 510 2027 584 2084; x_wconf 89' lang='lat' dir='ltr'>qui</span> <span class='ocrx_word' id='word_1_260' title='bbox 610 2033 813 2085; x_wconf 86' lang='lat' dir='ltr'>poterant</span> <span class='ocrx_word' id='word_1_261' title='bbox 837 2029 894 2072; x_wconf 90' lang='lat' dir='ltr'>ad</span> <span class='ocrx_word' id='word_1_262' title='bbox 923 2029 1042 2072; x_wconf 89' lang='lat' dir='ltr'>bella</span> <span class='ocrx_word' id='word_1_263' title='bbox 1074 2029 1328 2086; x_wconf 88' lang='lat' dir='ltr'>procedere,</span> <span class='ocrx_word' id='word_1_264' title='bbox 1363 2029 1398 2058; x_wconf 81' lang='lat'>3⁷</span> <span class='ocrx_word' id='word_1_265' title='bbox 1424 2031 1609 2087; x_wconf 83' lang='lat' dir='ltr'>triginta</span> <span class='ocrx_word' id='word_1_266' title='bbox 1635 2030 1827 2086; x_wconf 83' lang='lat' dir='ltr'>quinque</span> <span class='ocrx_word' id='word_1_267' title='bbox 1849 2031 1990 2074; x_wconf 86' lang='lat' dir='ltr'>millia</span> 
     </span>
     <span class='ocr_line' id='line_1_32' title="bbox 152 2086 482 2142; baseline 0.006 -14"><span class='ocrx_word' id='word_1_268' title='bbox 152 2086 482 2142; x_wconf 86' lang='lat' dir='ltr'>quadringenti.</span> 
     </span>
    </p>

    <p class='ocr_par' dir='ltr' id='par_1_10' title="bbox 213 2144 1989 2206">
     <span class='ocr_line' id='line_1_33' title="bbox 213 2144 1989 2206; baseline 0.002 -18"><span class='ocrx_word' id='word_1_269' title='bbox 213 2144 249 2172; x_wconf 78' lang='lat'>38</span> <span class='ocrx_word' id='word_1_270' title='bbox 283 2145 350 2189; x_wconf 90' lang='lat' dir='ltr'>De</span> <span class='ocrx_word' id='word_1_271' title='bbox 382 2146 485 2189; x_wconf 92' lang='lat' dir='ltr'>filiis</span> <span class='ocrx_word' id='word_1_272' title='bbox 516 2147 616 2189; x_wconf 89' lang='lat' dir='ltr'>Dan</span> <span class='ocrx_word' id='word_1_273' title='bbox 653 2161 730 2203; x_wconf 88' lang='lat' dir='ltr'>per</span> <span class='ocrx_word' id='word_1_274' title='bbox 761 2147 1069 2203; x_wconf 87' lang='lat' dir='ltr'>generationes</span> <span class='ocrx_word' id='word_1_275' title='bbox 1099 2153 1142 2192; x_wconf 91' lang='lat' dir='ltr'>et</span> <span class='ocrx_word' id='word_1_276' title='bbox 1173 2148 1373 2192; x_wconf 88' lang='lat' dir='ltr'>familias</span> <span class='ocrx_word' id='word_1_277' title='bbox 1403 2163 1455 2192; x_wconf 88' lang='lat' dir='ltr'>ac</span> <span class='ocrx_word' id='word_1_278' title='bbox 1486 2149 1639 2193; x_wconf 91' lang='lat' dir='ltr'>domos</span> <span class='ocrx_word' id='word_1_279' title='bbox 1673 2149 1989 2206; x_wconf 87' lang='lat' dir='ltr'>cognationum</span> 
     </span>
    </p>

    <p class='ocr_par' dir='ltr' id='par_1_11' title="bbox 140 2205 1988 2615">
     <span class='ocr_line' id='line_1_34' title="bbox 148 2205 1986 2265; baseline 0.002 -18"><span class='ocrx_word' id='word_1_280' title='bbox 148 2217 354 2263; x_wconf 50' lang='lat' dir='ltr'>suarum„</span> <span class='ocrx_word' id='word_1_281' title='bbox 381 2205 586 2249; x_wconf 89' lang='lat' dir='ltr'>recensiti</span> <span class='ocrx_word' id='word_1_282' title='bbox 620 2210 724 2248; x_wconf 90' lang='lat' dir='ltr'>sunt</span> <span class='ocrx_word' id='word_1_283' title='bbox 747 2206 1002 2250; x_wconf 88' lang='lat' dir='ltr'>nominibus</span> <span class='ocrx_word' id='word_1_284' title='bbox 1025 2206 1303 2263; x_wconf 85' lang='lat' dir='ltr'>singulorum</span> <span class='ocrx_word' id='word_1_285' title='bbox 1328 2223 1353 2251; x_wconf 86' lang='lat' dir='ltr'>a</span> <span class='ocrx_word' id='word_1_286' title='bbox 1379 2208 1596 2264; x_wconf 83' lang='lat' dir='ltr'>viges-imo</span> <span class='ocrx_word' id='word_1_287' title='bbox 1626 2223 1742 2252; x_wconf 83' lang='lat' dir='ltr'>anno</span> <span class='ocrx_word' id='word_1_288' title='bbox 1768 2214 1811 2251; x_wconf 92' lang='lat' dir='ltr'>et</span> <span class='ocrx_word' id='word_1_289' title='bbox 1835 2219 1986 2265; x_wconf 80' lang='lat' dir='ltr'>supra,</span> 
     </span>
     <span class='ocr_line' id='line_1_35' title="bbox 154 2264 1988 2324; baseline 0.002 -18"><span class='ocrx_word' id='word_1_290' title='bbox 154 2277 306 2307; x_wconf 89' lang='lat' dir='ltr'>omnes</span> <span class='ocrx_word' id='word_1_291' title='bbox 335 2264 409 2320; x_wconf 91' lang='lat' dir='ltr'>qui</span> <span class='ocrx_word' id='word_1_292' title='bbox 441 2270 645 2321; x_wconf 89' lang='lat' dir='ltr'>poterant</span> <span class='ocrx_word' id='word_1_293' title='bbox 673 2264 730 2307; x_wconf 85' lang='lat' dir='ltr'>ad</span> <span class='ocrx_word' id='word_1_294' title='bbox 763 2265 881 2308; x_wconf 88' lang='lat' dir='ltr'>bella</span> <span class='ocrx_word' id='word_1_295' title='bbox 910 2266 1168 2322; x_wconf 86' lang='lat' dir='ltr'>procedere,</span> <span class='ocrx_word' id='word_1_296' title='bbox 1201 2266 1239 2293; x_wconf 77' lang='lat'>39</span> <span class='ocrx_word' id='word_1_297' title='bbox 1269 2268 1503 2323; x_wconf 81' lang='lat' dir='ltr'>sexaginta</span> <span class='ocrx_word' id='word_1_298' title='bbox 1533 2267 1620 2310; x_wconf 90' lang='lat' dir='ltr'>duo</span> <span class='ocrx_word' id='word_1_299' title='bbox 1650 2267 1792 2310; x_wconf 90' lang='lat' dir='ltr'>millia</span> <span class='ocrx_word' id='word_1_300' title='bbox 1824 2267 1988 2324; x_wconf 87' lang='lat' dir='ltr'>septin-</span> 
     </span>
     <span class='ocr_line' id='line_1_36' title="bbox 156 2322 1757 2366; baseline 0.002 -1"><span class='ocrx_word' id='word_1_301' title='bbox 156 2322 291 2366; x_wconf 58' lang='lat' dir='ltr'>eventi.</span> <span class='ocrx_word' id='word_1_302' title='bbox 1754 2336 1757 2339; x_wconf 85' lang='grc'><strong>’</strong></span> 
     </span>
     <span class='ocr_line' id='line_1_37' title="bbox 154 2356 1988 2441; baseline 0.002 -17"><span class='ocrx_word' id='word_1_303' title='bbox 154 2356 180 2378; x_wconf 54' lang='lat'>0</span> <span class='ocrx_word' id='word_1_304' title='bbox 212 2381 249 2408; x_wconf 78' lang='lat'>4⁰</span> <span class='ocrx_word' id='word_1_305' title='bbox 275 2383 341 2425; x_wconf 91' lang='lat' dir='ltr'>De</span> <span class='ocrx_word' id='word_1_306' title='bbox 365 2382 469 2426; x_wconf 91' lang='lat' dir='ltr'>filiis</span> <span class='ocrx_word' id='word_1_307' title='bbox 502 2383 614 2427; x_wconf 87' lang='lat' dir='ltr'>Aser</span> <span class='ocrx_word' id='word_1_308' title='bbox 641 2398 722 2440; x_wconf 90' lang='lat' dir='ltr'>-per</span> <span class='ocrx_word' id='word_1_309' title='bbox 754 2385 1060 2439; x_wconf 86' lang='lat' dir='ltr'>generationes</span> <span class='ocrx_word' id='word_1_310' title='bbox 1091 2391 1135 2429; x_wconf 89' lang='lat' dir='ltr'>et</span> <span class='ocrx_word' id='word_1_311' title='bbox 1166 2386 1367 2429; x_wconf 85' lang='lat' dir='ltr'>familias</span> <span class='ocrx_word' id='word_1_312' title='bbox 1399 2400 1451 2429; x_wconf 90' lang='lat' dir='ltr'>ac</span> <span class='ocrx_word' id='word_1_313' title='bbox 1486 2386 1638 2430; x_wconf 90' lang='lat' dir='ltr'>domos</span> <span class='ocrx_word' id='word_1_314' title='bbox 1673 2386 1988 2441; x_wconf 85' lang='lat' dir='ltr'>cognationum</span> 
     </span>
     <span class='ocr_line' id='line_1_38' title="bbox 146 2442 1985 2501; baseline 0.002 -18"><span class='ocrx_word' id='word_1_315' title='bbox 146 2454 353 2497; x_wconf 87' lang='lat' dir='ltr'>suarum,</span> <span class='ocrx_word' id='word_1_316' title='bbox 378 2442 585 2485; x_wconf 88' lang='lat' dir='ltr'>recensiti</span> <span class='ocrx_word' id='word_1_317' title='bbox 607 2448 710 2485; x_wconf 87' lang='lat' dir='ltr'>sunt</span> <span class='ocrx_word' id='word_1_318' title='bbox 735 2457 811 2499; x_wconf 85' lang='lat' dir='ltr'>per</span> <span class='ocrx_word' id='word_1_319' title='bbox 835 2444 1015 2486; x_wconf 88' lang='lat' dir='ltr'>nomina</span> <span class='ocrx_word' id='word_1_320' title='bbox 1040 2444 1317 2500; x_wconf 87' lang='lat' dir='ltr'>singulorum</span> <span class='ocrx_word' id='word_1_321' title='bbox 1342 2460 1368 2488; x_wconf 87' lang='lat' dir='ltr'>a</span> <span class='ocrx_word' id='word_1_322' title='bbox 1389 2445 1607 2501; x_wconf 84' lang='lat' dir='ltr'>vigesimo</span> <span class='ocrx_word' id='word_1_323' title='bbox 1627 2459 1743 2488; x_wconf 88' lang='lat' dir='ltr'>anno</span> <span class='ocrx_word' id='word_1_324' title='bbox 1770 2449 1814 2488; x_wconf 88' lang='lat' dir='ltr'>et</span> <span class='ocrx_word' id='word_1_325' title='bbox 1835 2458 1985 2501; x_wconf 85' lang='lat' dir='ltr'>supra,</span> 
     </span>
     <span class='ocr_line' id='line_1_39' title="bbox 153 2500 1987 2560; baseline 0.001 -17"><span class='ocrx_word' id='word_1_326' title='bbox 153 2514 304 2543; x_wconf 89' lang='lat' dir='ltr'>omnes</span> <span class='ocrx_word' id='word_1_327' title='bbox 338 2500 411 2557; x_wconf 85' lang='lat' dir='ltr'>qui</span> <span class='ocrx_word' id='word_1_328' title='bbox 444 2506 649 2558; x_wconf 86' lang='lat' dir='ltr'>poterant</span> <span class='ocrx_word' id='word_1_329' title='bbox 680 2502 737 2544; x_wconf 88' lang='lat' dir='ltr'>ad</span> <span class='ocrx_word' id='word_1_330' title='bbox 771 2501 889 2544; x_wconf 86' lang='lat' dir='ltr'>bella</span> <span class='ocrx_word' id='word_1_331' title='bbox 919 2502 1175 2559; x_wconf 83' lang='lat' dir='ltr'>procedere,</span> <span class='ocrx_word' id='word_1_332' title='bbox 1210 2504 1243 2530; x_wconf 74' lang='lat'>4¹</span> <span class='ocrx_word' id='word_1_333' title='bbox 1279 2504 1574 2560; x_wconf 84' lang='lat' dir='ltr'>quadraginta</span> <span class='ocrx_word' id='word_1_334' title='bbox 1611 2503 1752 2546; x_wconf 88' lang='lat' dir='ltr'>millia</span> <span class='ocrx_word' id='word_1_335' title='bbox 1790 2509 1832 2546; x_wconf 86' lang='lat' dir='ltr'>et</span> <span class='ocrx_word' id='word_1_336' title='bbox 1865 2503 1987 2546; x_wconf 91' lang='lat' dir='ltr'>mille</span> 
     </span>
     <span class='ocr_line' id='line_1_40' title="bbox 140 2559 397 2615; baseline 0.008 -14"><span class='ocrx_word' id='word_1_337' title='bbox 140 2559 397 2615; x_wconf 51' lang='lat' dir='ltr'>«quingenti.</span> 
     </span>
    </p>

    <p class='ocr_par' dir='ltr' id='par_1_12' title="bbox 149 2617 1988 2851">
     <span class='ocr_line' id='line_1_41' title="bbox 211 2617 1986 2678; baseline 0.003 -17"><span class='ocrx_word' id='word_1_338' title='bbox 211 2617 247 2645; x_wconf 76' lang='lat'>4&#39;2</span> <span class='ocrx_word' id='word_1_339' title='bbox 274 2620 340 2661; x_wconf 94' lang='lat' dir='ltr'>De</span> <span class='ocrx_word' id='word_1_340' title='bbox 365 2618 468 2662; x_wconf 90' lang='lat' dir='ltr'>filiis</span> <span class='ocrx_word' id='word_1_341' title='bbox 494 2620 535 2662; x_wconf 92' lang='lat' dir='ltr'>N</span> <span class='ocrx_word' id='word_1_342' title='bbox 539 2620 738 2676; x_wconf 87' lang='lat' dir='ltr'>ephthali</span> <span class='ocrx_word' id='word_1_343' title='bbox 765 2635 841 2678; x_wconf 89' lang='lat' dir='ltr'>per</span> <span class='ocrx_word' id='word_1_344' title='bbox 866 2621 1173 2676; x_wconf 88' lang='lat' dir='ltr'>generationes</span> <span class='ocrx_word' id='word_1_345' title='bbox 1197 2627 1240 2665; x_wconf 91' lang='lat' dir='ltr'>et</span> <span class='ocrx_word' id='word_1_346' title='bbox 1269 2622 1468 2665; x_wconf 87' lang='lat' dir='ltr'>familias</span> <span class='ocrx_word' id='word_1_347' title='bbox 1490 2637 1543 2665; x_wconf 90' lang='lat' dir='ltr'>ac</span> <span class='ocrx_word' id='word_1_348' title='bbox 1577 2621 1730 2666; x_wconf 87' lang='lat' dir='ltr'>domos</span> <span class='ocrx_word' id='word_1_349' title='bbox 1762 2622 1986 2678; x_wconf 85' lang='lat' dir='ltr'>cognatio-</span> 
     </span>
     <span class='ocr_line' id='line_1_42' title="bbox 149 2679 1988 2737; baseline 0.003 -18"><span class='ocrx_word' id='word_1_350' title='bbox 149 2691 259 2720; x_wconf 87' lang='lat' dir='ltr'>num</span> <span class='ocrx_word' id='word_1_351' title='bbox 290 2691 492 2733; x_wconf 86' lang='lat' dir='ltr'>suarum,</span> <span class='ocrx_word' id='word_1_352' title='bbox 518 2679 725 2722; x_wconf 85' lang='lat' dir='ltr'>recensiti</span> <span class='ocrx_word' id='word_1_353' title='bbox 757 2685 861 2722; x_wconf 89' lang='lat' dir='ltr'>sunt</span> <span class='ocrx_word' id='word_1_354' title='bbox 893 2680 1147 2724; x_wconf 89' lang='lat' dir='ltr'>nominibus</span> <span class='ocrx_word' id='word_1_355' title='bbox 1181 2681 1458 2737; x_wconf 84' lang='lat' dir='ltr'>singulorum</span> <span class='ocrx_word' id='word_1_356' title='bbox 1490 2695 1517 2724; x_wconf 89' lang='lat' dir='ltr'>a</span> <span class='ocrx_word' id='word_1_357' title='bbox 1544 2681 1761 2737; x_wconf 83' lang='lat' dir='ltr'>vigesimo</span> <span class='ocrx_word' id='word_1_358' title='bbox 1794 2695 1911 2724; x_wconf 78' lang='lat' dir='ltr'>armo</span> <span class='ocrx_word' id='word_1_359' title='bbox 1945 2687 1988 2724; x_wconf 88' lang='lat' dir='ltr'>et</span> 
     </span>
     <span class='ocr_line' id='line_1_43' title="bbox 150 2737 1986 2796; baseline 0.002 -17"><span class='ocrx_word' id='word_1_360' title='bbox 150 2750 302 2793; x_wconf 85' lang='lat' dir='ltr'>supra,</span> <span class='ocrx_word' id='word_1_361' title='bbox 331 2751 482 2780; x_wconf 88' lang='lat' dir='ltr'>omnes</span> <span class='ocrx_word' id='word_1_362' title='bbox 508 2737 581 2793; x_wconf 87' lang='lat' dir='ltr'>qui</span> <span class='ocrx_word' id='word_1_363' title='bbox 606 2744 811 2795; x_wconf 84' lang='lat' dir='ltr'>poterant</span> <span class='ocrx_word' id='word_1_364' title='bbox 832 2738 888 2781; x_wconf 85' lang='lat' dir='ltr'>ad</span> <span class='ocrx_word' id='word_1_365' title='bbox 911 2739 1028 2781; x_wconf 90' lang='lat' dir='ltr'>bella</span> <span class='ocrx_word' id='word_1_366' title='bbox 1050 2739 1305 2796; x_wconf 85' lang='lat' dir='ltr'>procedere,</span> <span class='ocrx_word' id='word_1_367' title='bbox 1333 2739 1371 2766; x_wconf 75' lang='lat'>43</span> <span class='ocrx_word' id='word_1_368' title='bbox 1389 2740 1712 2796; x_wconf 86' lang='lat' dir='ltr'>quinquaginta</span> <span class='ocrx_word' id='word_1_369' title='bbox 1737 2740 1822 2782; x_wconf 86' lang='lat' dir='ltr'>tria</span> <span class='ocrx_word' id='word_1_370' title='bbox 1845 2740 1986 2783; x_wconf 87' lang='lat' dir='ltr'>millia</span> 
     </span>
     <span class='ocr_line' id='line_1_44' title="bbox 151 2795 479 2851; baseline 0.003 -13"><span class='ocrx_word' id='word_1_371' title='bbox 151 2795 479 2851; x_wconf 83' lang='lat' dir='ltr'>quadringenti.</span> 
     </span>
    </p>

    <p class='ocr_par' dir='ltr' id='par_1_13' title="bbox 148 2853 1985 3196">
     <span class='ocr_line' id='line_1_45' title="bbox 209 2853 1985 2916; baseline 0.003 -19"><span class='ocrx_word' id='word_1_372' title='bbox 209 2854 246 2881; x_wconf 65' lang='lat'>4⁶⁴</span> <span class='ocrx_word' id='word_1_373' title='bbox 273 2853 334 2897; x_wconf 91' lang='lat' dir='ltr'>Hi</span> <span class='ocrx_word' id='word_1_374' title='bbox 357 2860 479 2912; x_wconf 88' lang='lat' dir='ltr'>sunt,</span> <span class='ocrx_word' id='word_1_375' title='bbox 515 2870 621 2912; x_wconf 83' lang='lat' dir='ltr'>quos</span> <span class='ocrx_word' id='word_1_376' title='bbox 655 2861 1000 2900; x_wconf 86' lang='lat' dir='ltr'>numeraverunt</span> <span class='ocrx_word' id='word_1_377' title='bbox 1033 2857 1208 2914; x_wconf 89' lang='lat' dir='ltr'>Moyses</span> <span class='ocrx_word' id='word_1_378' title='bbox 1242 2863 1286 2902; x_wconf 90' lang='lat' dir='ltr'>et</span> <span class='ocrx_word' id='word_1_379' title='bbox 1318 2859 1490 2915; x_wconf 88' lang='lat' dir='ltr'>Aaron,</span> <span class='ocrx_word' id='word_1_380' title='bbox 1525 2863 1568 2902; x_wconf 88' lang='lat' dir='ltr'>et</span> <span class='ocrx_word' id='word_1_381' title='bbox 1603 2858 1839 2902; x_wconf 83' lang='lat' dir='ltr'>duodecim</span> <span class='ocrx_word' id='word_1_382' title='bbox 1868 2859 1985 2916; x_wconf 87' lang='lat' dir='ltr'>prin-</span> 
     </span>
     <span class='ocr_line' id='line_1_46' title="bbox 149 2914 1985 2974; baseline 0.002 -17"><span class='ocrx_word' id='word_1_383' title='bbox 149 2914 269 2971; x_wconf 86' lang='lat' dir='ltr'>cipes</span> <span class='ocrx_word' id='word_1_384' title='bbox 307 2914 467 2970; x_wconf 86' lang='lat' dir='ltr'>Israel‚</span> <span class='ocrx_word' id='word_1_385' title='bbox 502 2915 700 2971; x_wconf 90' lang='lat' dir='ltr'>singulos</span> <span class='ocrx_word' id='word_1_386' title='bbox 736 2930 813 2973; x_wconf 89' lang='lat' dir='ltr'>per</span> <span class='ocrx_word' id='word_1_387' title='bbox 853 2916 1006 2959; x_wconf 89' lang='lat' dir='ltr'>domos</span> <span class='ocrx_word' id='word_1_388' title='bbox 1044 2917 1360 2973; x_wconf 88' lang='lat' dir='ltr'>cognationum</span> <span class='ocrx_word' id='word_1_389' title='bbox 1396 2931 1588 2961; x_wconf 87' lang='lat' dir='ltr'>suarum.</span> <span class='ocrx_word' id='word_1_390' title='bbox 1628 2917 1664 2944; x_wconf 79' lang='lat'>⁴⁵</span> <span class='ocrx_word' id='word_1_391' title='bbox 1702 2917 1985 2974; x_wconf 86' lang='lat' dir='ltr'>Fueruntque</span> 
     </span>
     <span class='ocr_line' id='line_1_47' title="bbox 150 2973 1983 3032; baseline 0.003 -17"><span class='ocrx_word' id='word_1_392' title='bbox 150 2973 293 3016; x_wconf 89' lang='lat' dir='ltr'>omnis</span> <span class='ocrx_word' id='word_1_393' title='bbox 326 2987 535 3017; x_wconf 86' lang='lat' dir='ltr'>numerus</span> <span class='ocrx_word' id='word_1_394' title='bbox 567 2974 759 3018; x_wconf 89' lang='lat' dir='ltr'>filiorum</span> <span class='ocrx_word' id='word_1_395' title='bbox 793 2975 931 3018; x_wconf 86' lang='lat' dir='ltr'>Israel</span> <span class='ocrx_word' id='word_1_396' title='bbox 964 2990 1040 3032; x_wconf 85' lang='lat' dir='ltr'>per</span> <span class='ocrx_word' id='word_1_397' title='bbox 1073 2974 1225 3020; x_wconf 90' lang='lat' dir='ltr'>domos</span> <span class='ocrx_word' id='word_1_398' title='bbox 1259 2982 1302 3020; x_wconf 89' lang='lat' dir='ltr'>et</span> <span class='ocrx_word' id='word_1_399' title='bbox 1335 2976 1535 3019; x_wconf 86' lang='lat' dir='ltr'>familias</span> <span class='ocrx_word' id='word_1_400' title='bbox 1569 2989 1669 3020; x_wconf 89' lang='lat' dir='ltr'>suas</span> <span class='ocrx_word' id='word_1_401' title='bbox 1706 2991 1732 3018; x_wconf 89' lang='lat' dir='ltr'>a</span> <span class='ocrx_word' id='word_1_402' title='bbox 1767 2976 1983 3032; x_wconf 83' lang='lat' dir='ltr'>vigesimo</span> 
     </span>
     <span class='ocr_line' id='line_1_48' title="bbox 149 3033 1983 3092; baseline 0.002 -18"><span class='ocrx_word' id='word_1_403' title='bbox 149 3046 265 3075; x_wconf 89' lang='lat' dir='ltr'>anno</span> <span class='ocrx_word' id='word_1_404' title='bbox 286 3038 336 3076; x_wconf 82' lang='lat' dir='ltr'>et</span> <span class='ocrx_word' id='word_1_405' title='bbox 371 3045 524 3090; x_wconf 86' lang='lat' dir='ltr'>supra,</span> <span class='ocrx_word' id='word_1_406' title='bbox 559 3033 634 3089; x_wconf 92' lang='lat' dir='ltr'>qui</span> <span class='ocrx_word' id='word_1_407' title='bbox 666 3039 870 3090; x_wconf 89' lang='lat' dir='ltr'>poterant</span> <span class='ocrx_word' id='word_1_408' title='bbox 901 3035 958 3078; x_wconf 88' lang='lat' dir='ltr'>ad</span> <span class='ocrx_word' id='word_1_409' title='bbox 988 3034 1106 3078; x_wconf 86' lang='lat' dir='ltr'>bella</span> <span class='ocrx_word' id='word_1_410' title='bbox 1138 3035 1394 3092; x_wconf 87' lang='lat' dir='ltr'>procedere,</span> <span class='ocrx_word' id='word_1_411' title='bbox 1430 3035 1466 3062; x_wconf 67' lang='lat'>4‘2&#39;</span> <span class='ocrx_word' id='word_1_412' title='bbox 1502 3041 1711 3079; x_wconf 83' lang='lat' dir='ltr'>sexcenta</span> <span class='ocrx_word' id='word_1_413' title='bbox 1736 3035 1821 3078; x_wconf 88' lang='lat' dir='ltr'>tria</span> <span class='ocrx_word' id='word_1_414' title='bbox 1844 3034 1983 3078; x_wconf 87' lang='lat' dir='ltr'>millia</span> 
     </span>
     <span class='ocr_line' id='line_1_49' title="bbox 150 3090 1983 3149; baseline 0.002 -16"><span class='ocrx_word' id='word_1_415' title='bbox 150 3090 345 3134; x_wconf 88' lang='lat' dir='ltr'>virorum</span> <span class='ocrx_word' id='word_1_416' title='bbox 363 3092 594 3148; x_wconf 85' lang='lat' dir='ltr'>quingenti</span> <span class='ocrx_word' id='word_1_417' title='bbox 613 3093 948 3149; x_wconf 88' lang='lat' dir='ltr'>quinquaginta.</span> <span class='ocrx_word' id='word_1_418' title='bbox 972 3093 1007 3120; x_wconf 78' lang='lat'>⁴⁷</span> <span class='ocrx_word' id='word_1_419' title='bbox 1027 3094 1198 3137; x_wconf 89' lang='lat' dir='ltr'>Levitae</span> <span class='ocrx_word' id='word_1_420' title='bbox 1219 3100 1369 3138; x_wconf 87' lang='lat' dir='ltr'>autem</span> <span class='ocrx_word' id='word_1_421' title='bbox 1391 3095 1437 3137; x_wconf 83' lang='lat' dir='ltr'>in</span> <span class='ocrx_word' id='word_1_422' title='bbox 1455 3094 1572 3137; x_wconf 86' lang='lat' dir='ltr'>tribu</span> <span class='ocrx_word' id='word_1_423' title='bbox 1591 3094 1868 3137; x_wconf 82' lang='lat' dir='ltr'>familiarum</span> <span class='ocrx_word' id='word_1_424' title='bbox 1885 3108 1983 3137; x_wconf 85' lang='lat' dir='ltr'>sua-</span> 
     </span>
     <span class='ocr_line' id='line_1_50' title="bbox 148 3151 956 3196; baseline 0.005 -5"><span class='ocrx_word' id='word_1_425' title='bbox 148 3162 246 3192; x_wconf 88' lang='lat' dir='ltr'>rum</span> <span class='ocrx_word' id='word_1_426' title='bbox 272 3163 360 3193; x_wconf 89' lang='lat' dir='ltr'>non</span> <span class='ocrx_word' id='word_1_427' title='bbox 386 3156 489 3194; x_wconf 83' lang='lat' dir='ltr'>sunt</span> <span class='ocrx_word' id='word_1_428' title='bbox 510 3152 730 3195; x_wconf 87' lang='lat' dir='ltr'>numerati</span> <span class='ocrx_word' id='word_1_429' title='bbox 754 3165 855 3195; x_wconf 87' lang='lat' dir='ltr'>cum</span> <span class='ocrx_word' id='word_1_430' title='bbox 881 3151 956 3196; x_wconf 91' lang='lat' dir='ltr'>eis.</span> 
     </span>
    </p>

    <p class='ocr_par' dir='ltr' id='par_1_14' title="bbox 140 3207 1983 3680">
     <span class='ocr_line' id='line_1_51' title="bbox 208 3207 1445 3269; baseline 0.004 -18"><span class='ocrx_word' id='word_1_431' title='bbox 208 3207 244 3234; x_wconf 71' lang='lat'>48</span> <span class='ocrx_word' id='word_1_432' title='bbox 272 3210 554 3266; x_wconf 90' lang='lat' dir='ltr'>Locutusque</span> <span class='ocrx_word' id='word_1_433' title='bbox 576 3216 642 3254; x_wconf 88' lang='lat' dir='ltr'>est</span> <span class='ocrx_word' id='word_1_434' title='bbox 672 3211 889 3254; x_wconf 90' lang='lat' dir='ltr'>Dominus</span> <span class='ocrx_word' id='word_1_435' title='bbox 921 3211 978 3254; x_wconf 91' lang='lat' dir='ltr'>ad</span> <span class='ocrx_word' id='word_1_436' title='bbox 1011 3212 1216 3269; x_wconf 81' lang='lat' dir='ltr'>Moysen,</span> <span class='ocrx_word' id='word_1_437' title='bbox 1252 3213 1403 3256; x_wconf 89' lang='lat' dir='ltr'>dicens</span> <span class='ocrx_word' id='word_1_438' title='bbox 1437 3230 1445 3257; x_wconf 76' lang='grc' dir='ltr'>ε</span> 
     </span>
     <span class='ocr_line' id='line_1_52' title="bbox 149 3270 1983 3327; baseline 0.001 -18"><span class='ocrx_word' id='word_1_439' title='bbox 149 3281 400 3324; x_wconf 86' lang='lat' dir='ltr'>numerare,</span> <span class='ocrx_word' id='word_1_440' title='bbox 416 3282 566 3325; x_wconf 83' lang='lat' dir='ltr'>neque</span> <span class='ocrx_word' id='word_1_441' title='bbox 587 3283 722 3326; x_wconf 89' lang='lat' dir='ltr'>pones</span> <span class='ocrx_word' id='word_1_442' title='bbox 748 3283 970 3313; x_wconf 88' lang='lat' dir='ltr'>summam</span> <span class='ocrx_word' id='word_1_443' title='bbox 991 3285 1142 3314; x_wconf 90' lang='lat' dir='ltr'>eorum</span> <span class='ocrx_word' id='word_1_444' title='bbox 1164 3286 1266 3314; x_wconf 91' lang='lat' dir='ltr'>cum</span> <span class='ocrx_word' id='word_1_445' title='bbox 1286 3271 1388 3315; x_wconf 89' lang='lat' dir='ltr'>filiis</span> <span class='ocrx_word' id='word_1_446' title='bbox 1412 3271 1575 3327; x_wconf 81' lang='lat' dir='ltr'>Israel-3</span> <span class='ocrx_word' id='word_1_447' title='bbox 1604 3270 1641 3298; x_wconf 80' lang='lat'>⁵⁰</span> <span class='ocrx_word' id='word_1_448' title='bbox 1665 3271 1741 3314; x_wconf 90' lang='lat' dir='ltr'>sed</span> <span class='ocrx_word' id='word_1_449' title='bbox 1764 3270 1983 3314; x_wconf 85' lang='lat' dir='ltr'>constitue</span> 
     </span>
     <span class='ocr_line' id='line_1_53' title="bbox 148 3327 1982 3387; baseline 0.001 -19"><span class='ocrx_word' id='word_1_450' title='bbox 148 3339 222 3368; x_wconf 90' lang='lat' dir='ltr'>eos</span> <span class='ocrx_word' id='word_1_451' title='bbox 249 3340 379 3383; x_wconf 90' lang='lat' dir='ltr'>super</span> <span class='ocrx_word' id='word_1_452' title='bbox 407 3327 747 3372; x_wconf 85' lang='lat' dir='ltr'>tabernaculum</span> <span class='ocrx_word' id='word_1_453' title='bbox 776 3329 1041 3385; x_wconf 86' lang='lat' dir='ltr'>testimonii,</span> <span class='ocrx_word' id='word_1_454' title='bbox 1077 3336 1119 3373; x_wconf 91' lang='lat' dir='ltr'>et</span> <span class='ocrx_word' id='word_1_455' title='bbox 1152 3336 1313 3374; x_wconf 89' lang='lat' dir='ltr'>cuncta</span> <span class='ocrx_word' id='word_1_456' title='bbox 1339 3343 1445 3373; x_wconf 84' lang='lat' dir='ltr'>vasa</span> <span class='ocrx_word' id='word_1_457' title='bbox 1475 3331 1591 3387; x_wconf 84' lang='lat' dir='ltr'>ejus,</span> <span class='ocrx_word' id='word_1_458' title='bbox 1619 3336 1662 3373; x_wconf 91' lang='lat' dir='ltr'>et</span> <span class='ocrx_word' id='word_1_459' title='bbox 1687 3328 1899 3385; x_wconf 88' lang='lat' dir='ltr'>quidquid</span> <span class='ocrx_word' id='word_1_460' title='bbox 1924 3328 1982 3371; x_wconf 90' lang='lat' dir='ltr'>ad</span> 
     </span>
     <span class='ocr_line' id='line_1_54' title="bbox 141 3386 1982 3445; baseline 0.002 -19"><span class='ocrx_word' id='word_1_461' title='bbox 141 3386 422 3429; x_wconf 79' lang='lat' dir='ltr'>ceremonias</span> <span class='ocrx_word' id='word_1_462' title='bbox 467 3387 671 3443; x_wconf 86' lang='lat' dir='ltr'>pertinet.</span> <span class='ocrx_word' id='word_1_463' title='bbox 710 3387 803 3444; x_wconf 89' lang='lat' dir='ltr'>Ipsi</span> <span class='ocrx_word' id='word_1_464' title='bbox 840 3389 1081 3445; x_wconf 86' lang='lat' dir='ltr'>portabunt</span> <span class='ocrx_word' id='word_1_465' title='bbox 1116 3389 1453 3433; x_wconf 89' lang='lat' dir='ltr'>tabernaculum</span> <span class='ocrx_word' id='word_1_466' title='bbox 1499 3395 1544 3432; x_wconf 88' lang='lat' dir='ltr'>et</span> <span class='ocrx_word' id='word_1_467' title='bbox 1587 3388 1734 3432; x_wconf 87' lang='lat' dir='ltr'>omnia</span> <span class='ocrx_word' id='word_1_468' title='bbox 1774 3386 1982 3430; x_wconf 88' lang='lat' dir='ltr'>utensilia</span> 
     </span>
     <span class='ocr_line' id='line_1_55' title="bbox 140 3442 1981 3504; baseline 0.002 -19"><span class='ocrx_word' id='word_1_469' title='bbox 140 3442 273 3499; x_wconf 62' lang='lat' dir='ltr'>›ejus3</span> <span class='ocrx_word' id='word_1_470' title='bbox 297 3449 341 3487; x_wconf 89' lang='lat' dir='ltr'>et</span> <span class='ocrx_word' id='word_1_471' title='bbox 361 3451 490 3488; x_wconf 87' lang='lat' dir='ltr'>erunt</span> <span class='ocrx_word' id='word_1_472' title='bbox 509 3446 554 3489; x_wconf 93' lang='lat' dir='ltr'>in</span> <span class='ocrx_word' id='word_1_473' title='bbox 577 3447 834 3503; x_wconf 85' lang='lat' dir='ltr'>ministerio,</span> <span class='ocrx_word' id='word_1_474' title='bbox 856 3461 909 3491; x_wconf 87' lang='lat' dir='ltr'>ac</span> <span class='ocrx_word' id='word_1_475' title='bbox 930 3461 1007 3504; x_wconf 89' lang='lat' dir='ltr'>per</span> <span class='ocrx_word' id='word_1_476' title='bbox 1027 3460 1186 3504; x_wconf 83' lang='lat' dir='ltr'>gyrum</span> <span class='ocrx_word' id='word_1_477' title='bbox 1207 3448 1482 3492; x_wconf 90' lang='lat' dir='ltr'>tabernaculi</span> <span class='ocrx_word' id='word_1_478' title='bbox 1506 3448 1801 3490; x_wconf 84' lang='lat' dir='ltr'>metabuntur.</span> <span class='ocrx_word' id='word_1_479' title='bbox 1822 3444 1855 3472; x_wconf 68' lang='lat'>5¹</span> <span class='ocrx_word' id='word_1_480' title='bbox 1869 3445 1981 3488; x_wconf 86' lang='lat' dir='ltr'>Cum</span> 
     </span>
     <span class='ocr_line' id='line_1_56' title="bbox 151 3502 1981 3563; baseline 0.002 -20"><span class='ocrx_word' id='word_1_481' title='bbox 151 3502 520 3556; x_wconf 83' lang='lat' dir='ltr'>proficiscendum</span> <span class='ocrx_word' id='word_1_482' title='bbox 545 3505 703 3561; x_wconf 88' lang='lat' dir='ltr'>fuerit,</span> <span class='ocrx_word' id='word_1_483' title='bbox 731 3505 954 3563; x_wconf 87' lang='lat' dir='ltr'>deponent</span> <span class='ocrx_word' id='word_1_484' title='bbox 978 3506 1128 3549; x_wconf 84' lang='lat' dir='ltr'>levitae</span> <span class='ocrx_word' id='word_1_485' title='bbox 1149 3506 1512 3561; x_wconf 85' lang='lat' dir='ltr'>tabernaculum3</span> <span class='ocrx_word' id='word_1_486' title='bbox 1542 3518 1642 3549; x_wconf 88' lang='lat' dir='ltr'>cum</span> <span class='ocrx_word' id='word_1_487' title='bbox 1665 3510 1981 3548; x_wconf 87' lang='lat' dir='ltr'>castrametan-</span> 
     </span>
     <span class='ocr_line' id='line_1_57' title="bbox 151 3558 1982 3620; baseline 0.003 -19"><span class='ocrx_word' id='word_1_488' title='bbox 151 3558 279 3615; x_wconf 87' lang='lat' dir='ltr'>dum,</span> <span class='ocrx_word' id='word_1_489' title='bbox 312 3562 495 3618; x_wconf 87' lang='lat' dir='ltr'>erigent.</span> <span class='ocrx_word' id='word_1_490' title='bbox 526 3564 730 3620; x_wconf 88' lang='lat' dir='ltr'>Quisquis</span> <span class='ocrx_word' id='word_1_491' title='bbox 766 3570 1046 3608; x_wconf 67' lang='lat' dir='ltr'>externorum</span> <span class='ocrx_word' id='word_1_492' title='bbox 1078 3566 1333 3620; x_wconf 87' lang='lat' dir='ltr'>accesserit,</span> <span class='ocrx_word' id='word_1_493' title='bbox 1361 3565 1599 3609; x_wconf 84' lang='lat' dir='ltr'>occidetur.</span> <span class='ocrx_word' id='word_1_494' title='bbox 1627 3563 1663 3591; x_wconf 72' lang='lat'>52</span> <span class='ocrx_word' id='word_1_495' title='bbox 1695 3562 1982 3607; x_wconf 87' lang='lat' dir='ltr'>Metabuntur</span> 
     </span>
     <span class='ocr_line' id='line_1_58' title="bbox 150 3621 1979 3680; baseline 0.003 -22"><span class='ocrx_word' id='word_1_496' title='bbox 150 3623 301 3660; x_wconf 86' lang='lat' dir='ltr'>autem</span> <span class='ocrx_word' id='word_1_497' title='bbox 328 3627 472 3663; x_wconf 86' lang='lat' dir='ltr'>castra</span> <span class='ocrx_word' id='word_1_498' title='bbox 498 3621 576 3664; x_wconf 90' lang='lat' dir='ltr'>filii</span> <span class='ocrx_word' id='word_1_499' title='bbox 604 3623 742 3666; x_wconf 88' lang='lat' dir='ltr'>Israel</span> <span class='ocrx_word' id='word_1_500' title='bbox 769 3623 1066 3679; x_wconf 86' lang='lat' dir='ltr'>unusquisque</span> <span class='ocrx_word' id='word_1_501' title='bbox 1093 3638 1168 3680; x_wconf 89' lang='lat' dir='ltr'>per</span> <span class='ocrx_word' id='word_1_502' title='bbox 1194 3630 1381 3679; x_wconf 88' lang='lat' dir='ltr'>turmas,</span> <span class='ocrx_word' id='word_1_503' title='bbox 1406 3629 1449 3666; x_wconf 88' lang='lat' dir='ltr'>et</span> <span class='ocrx_word' id='word_1_504' title='bbox 1474 3636 1634 3666; x_wconf 90' lang='lat' dir='ltr'>cuneos</span> <span class='ocrx_word' id='word_1_505' title='bbox 1659 3628 1791 3678; x_wconf 84' lang='lat' dir='ltr'>atque</span> <span class='ocrx_word' id='word_1_506' title='bbox 1817 3621 1979 3665; x_wconf 88' lang='lat' dir='ltr'>exerci-</span> 
     </span>
    </p>
   </div>
   <div class='ocr_carea' id='block_1_3' title="bbox 1472 3211 1982 3256">
    <p class='ocr_par' dir='ltr' id='par_1_15' title="bbox 1472 3211 1982 3256">
     <span class='ocr_line' id='line_1_59' title="bbox 1472 3211 1982 3256; baseline -0.006 0"><span class='ocrx_word' id='word_1_507' title='bbox 1472 3212 1508 3239; x_wconf 68' lang='lat'>49</span> <span class='ocrx_word' id='word_1_508' title='bbox 1539 3213 1724 3256; x_wconf 84' lang='lat' dir='ltr'>Tribum</span> <span class='ocrx_word' id='word_1_509' title='bbox 1754 3211 1862 3255; x_wconf 80' lang='lat' dir='ltr'>Levi</span> <span class='ocrx_word' id='word_1_510' title='bbox 1894 3211 1982 3253; x_wconf 92' lang='lat' dir='ltr'>noli</span> 
     </span>
    </p>
   </div>
   <div class='ocr_carea' id='block_1_4' title="bbox 2109 506 2245 535">
    <p class='ocr_par' dir='ltr' id='par_1_16' title="bbox 2109 506 2245 535">
     <span class='ocr_line' id='line_1_60' title="bbox 2109 506 2245 535; baseline 0.015 -2"><span class='ocrx_word' id='word_1_511' title='bbox 2109 506 2152 533; x_wconf 87' lang='lat' dir='ltr'>Dc</span> <span class='ocrx_word' id='word_1_512' title='bbox 2170 506 2245 535; x_wconf 83' lang='lat' dir='ltr'>Gad.</span> 
     </span>
    </p>
   </div>
   <div class='ocr_carea' id='block_1_5' title="bbox 2096 744 2256 773">
    <p class='ocr_par' dir='ltr' id='par_1_17' title="bbox 2096 744 2256 773">
     <span class='ocr_line' id='line_1_61' title="bbox 2096 744 2256 773; baseline 0.006 -2"><span class='ocrx_word' id='word_1_513' title='bbox 2096 746 2138 771; x_wconf 80' lang='lat' dir='ltr'>nc</span> <span class='ocrx_word' id='word_1_514' title='bbox 2159 745 2178 771; x_wconf 78' lang='grc' dir='ltr'>,Ι</span> <span class='ocrx_word' id='word_1_515' title='bbox 2184 744 2256 773; x_wconf 80' lang='lat' dir='ltr'>uda.</span> 
     </span>
    </p>
   </div>
   <div class='ocr_carea' id='block_1_6' title="bbox 2064 985 2288 1013">
    <p class='ocr_par' dir='ltr' id='par_1_18' title="bbox 2064 985 2288 1013">
     <span class='ocr_line' id='line_1_62' title="bbox 2064 985 2288 1013; baseline -0.004 0"><span class='ocrx_word' id='word_1_516' title='bbox 2064 986 2110 1013; x_wconf 90' lang='lat' dir='ltr'>Dc</span> <span class='ocrx_word' id='word_1_517' title='bbox 2127 985 2288 1012; x_wconf 81' lang='lat' dir='ltr'>Issacliar.</span> 
     </span>
    </p>
   </div>
   <div class='ocr_carea' id='block_1_7' title="bbox 2068 1213 2288 1241">
    <p class='ocr_par' dir='ltr' id='par_1_19' title="bbox 2068 1213 2288 1241">
     <span class='ocr_line' id='line_1_63' title="bbox 2068 1213 2288 1241; baseline 0.009 -2"><span class='ocrx_word' id='word_1_518' title='bbox 2068 1213 2110 1239; x_wconf 82' lang='lat' dir='ltr'>De</span> <span class='ocrx_word' id='word_1_519' title='bbox 2132 1213 2288 1241; x_wconf 78' lang='lat' dir='ltr'>Zabulon.</span> 
     </span>
    </p>
   </div>
   <div class='ocr_carea' id='block_1_8' title="bbox 2063 1445 2292 1479">
    <p class='ocr_par' dir='ltr' id='par_1_20' title="bbox 2063 1445 2292 1479">
     <span class='ocr_line' id='line_1_64' title="bbox 2063 1445 2292 1479; baseline 0.004 -5"><span class='ocrx_word' id='word_1_520' title='bbox 2063 1447 2110 1474; x_wconf 83' lang='lat' dir='ltr'>De</span> <span class='ocrx_word' id='word_1_521' title='bbox 2123 1445 2292 1479; x_wconf 76' lang='lat' dir='ltr'>Ephraim.</span> 
     </span>
    </p>
   </div>
   <div class='ocr_carea' id='block_1_9' title="bbox 2057 1679 2292 1707">
    <p class='ocr_par' dir='ltr' id='par_1_21' title="bbox 2057 1679 2292 1707">
     <span class='ocr_line' id='line_1_65' title="bbox 2057 1679 2292 1707; baseline 0.009 -2"><span class='ocrx_word' id='word_1_522' title='bbox 2057 1679 2101 1706; x_wconf 89' lang='lat' dir='ltr'>De</span> <span class='ocrx_word' id='word_1_523' title='bbox 2131 1679 2292 1707; x_wconf 71' lang='lat' dir='ltr'>Manasse-</span> 
     </span>
    </p>
   </div>
   <div class='ocr_carea' id='block_1_10' title="bbox 2083 1914 2266 1991">
    <p class='ocr_par' dir='ltr' id='par_1_22' title="bbox 2083 1914 2266 1991">
     <span class='ocr_line' id='line_1_66' title="bbox 2156 1914 2202 1941; baseline 0 0"><span class='ocrx_word' id='word_1_524' title='bbox 2156 1914 2202 1941; x_wconf 88' lang='lat' dir='ltr'>De</span> 
     </span>
     <span class='ocr_line' id='line_1_67' title="bbox 2083 1956 2266 1991; baseline 0.005 -6"><span class='ocrx_word' id='word_1_525' title='bbox 2083 1956 2266 1991; x_wconf 71' lang='lat' dir='ltr'>Beniamin.</span> 
     </span>
    </p>
   </div>
   <div class='ocr_carea' id='block_1_11' title="bbox 2104 2156 2247 2184">
    <p class='ocr_par' dir='ltr' id='par_1_23' title="bbox 2104 2156 2247 2184">
     <span class='ocr_line' id='line_1_68' title="bbox 2104 2156 2247 2184; baseline 0.007 -1"><span class='ocrx_word' id='word_1_526' title='bbox 2104 2156 2149 2183; x_wconf 89' lang='lat' dir='ltr'>De</span> <span class='ocrx_word' id='word_1_527' title='bbox 2169 2157 2247 2184; x_wconf 86' lang='lat' dir='ltr'>Dan.</span> 
     </span>
    </p>
   </div>
   <div class='ocr_carea' id='block_1_12' title="bbox 2091 2391 2253 2419">
    <p class='ocr_par' dir='ltr' id='par_1_24' title="bbox 2091 2391 2253 2419">
     <span class='ocr_line' id='line_1_69' title="bbox 2091 2391 2253 2419; baseline 0.012 -2"><span class='ocrx_word' id='word_1_528' title='bbox 2091 2391 2136 2418; x_wconf 76' lang='lat' dir='ltr'>De</span> <span class='ocrx_word' id='word_1_529' title='bbox 2156 2392 2253 2419; x_wconf 75' lang='lat' dir='ltr'>Aser.</span> 
     </span>
    </p>
   </div>
   <div class='ocr_carea' id='block_1_13' title="bbox 2101 2628 2241 2703">
    <p class='ocr_par' dir='ltr' id='par_1_25' title="bbox 2101 2628 2241 2703">
     <span class='ocr_line' id='line_1_70' title="bbox 2110 2628 2237 2655; baseline 0 0"><span class='ocrx_word' id='word_1_530' title='bbox 2110 2628 2156 2655; x_wconf 88' lang='lat' dir='ltr'>De</span> <span class='ocrx_word' id='word_1_531' title='bbox 2177 2628 2237 2655; x_wconf 81' lang='lat' dir='ltr'>Ne-</span> 
     </span>
     <span class='ocr_line' id='line_1_71' title="bbox 2101 2670 2241 2703; baseline 0.014 -6"><span class='ocrx_word' id='word_1_532' title='bbox 2101 2670 2241 2703; x_wconf 78' lang='lat' dir='ltr'>phthali.</span> 
     </span>
    </p>
   </div>
   <div class='ocr_carea' id='block_1_14' title="bbox 2082 2858 2258 2930">
    <p class='ocr_par' dir='ltr' id='par_1_26' title="bbox 2082 2858 2258 2930">
     <span class='ocr_line' id='line_1_72' title="bbox 2082 2858 2258 2891; baseline -0.011 -4"><span class='ocrx_word' id='word_1_533' title='bbox 2082 2858 2258 2891; x_wconf 69' lang='lat' dir='ltr'>Ite-capitu-</span> 
     </span>
     <span class='ocr_line' id='line_1_73' title="bbox 2125 2902 2215 2930; baseline 0 0"><span class='ocrx_word' id='word_1_534' title='bbox 2125 2902 2215 2930; x_wconf 78' lang='lat' dir='ltr'>latio.</span> 
     </span>
    </p>
   </div>
   <div class='ocr_carea' id='block_1_15' title="bbox 2067 3203 2270 3320">
    <p class='ocr_par' dir='ltr' id='par_1_27' title="bbox 2067 3203 2270 3320">
     <span class='ocr_line' id='line_1_74' title="bbox 2092 3203 2241 3232; baseline -0.007 0"><span class='ocrx_word' id='word_1_535' title='bbox 2092 3203 2241 3232; x_wconf 81' lang='lat' dir='ltr'>Officium</span> 
     </span>
     <span class='ocr_line' id='line_1_75' title="bbox 2085 3247 2250 3280; baseline -0.006 -4"><span class='ocrx_word' id='word_1_536' title='bbox 2085 3247 2250 3280; x_wconf 78' lang='lat' dir='ltr'>peculiare</span> 
     </span>
     <span class='ocr_line' id='line_1_76' title="bbox 2067 3291 2270 3320; baseline 0 -1"><span class='ocrx_word' id='word_1_537' title='bbox 2067 3291 2270 3320; x_wconf 83' lang='lat' dir='ltr'>Levitarum.</span> 
     </span>
    </p>
   </div>
  </div>
 </body>
</html>
