2456 3861
215 1709 316 1737 Dolor

163 1755 382 1782 Hebraeorum

177 1800 217 1827 de
235 1797 368 1826 excidio

182 1844 250 1872 Ben
253 1841 369 1876 jamin.

177 2711 374 2746 superstiti-

169 2758 233 2785 bus
250 2763 374 2784 uxores

212 2801 337 2828 dantur

180 2852 222 2873 ex
240 2843 362 2877 puellis

220 2889 240 2917 J
245 2889 324 2916 abes

207 3361 244 3387 et.
260 3357 338 3387 Silo.

458 170 542 213 246
1022 168 1131 211 JUD,
1166 167 1273 220 XX,
1307 167 1365 209 40
1396 192 1454 198 --
1485 166 1620 220 XXI,
1656 166 1724 208 17.

459 345 501 382 et
526 338 763 381 instantius
788 335 1177 392 persequebantur,
1201 334 1328 377 caesis
1351 334 1404 377 de
1427 333 1623 376 exercitu
1646 347 1796 376 eorum
1818 333 2006 388 triginta
2023 334 2167 392 viris),
2191 332 2228 363 ⁴⁰
2245 337 2294 379 et

459 398 660 440 viderent
685 395 808 451 quasi
843 394 1095 436 columnam
1129 393 1244 435 fumi
1275 393 1330 436 de
1356 392 1539 435 civitate
1569 392 1884 448 conscendere,
1920 392 2160 447 Benjamin
2185 408 2290 450 quo-

459 471 562 511 que,
601 454 818 511 aspiciens
858 459 994 508 retro,
1038 466 1139 494 cum
1177 457 1355 508 captam
1397 456 1595 494 cerneret
1628 451 1882 507 civitatem,
1923 456 1966 494 et
2005 451 2208 495 flammas
2242 451 2291 495 in

458 514 646 557 sublime
686 512 818 566 ferri,
862 512 895 538 44
929 511 1001 567 qui
1040 511 1159 567 prius
1200 511 1520 553 simulaverant
1556 510 1740 565 fugam,
1779 524 1906 552 versa
1946 509 2091 566 facie,
2129 510 2294 554 fortius

457 572 740 615 resistebant.
776 571 899 622 Quod
934 585 1034 613 cum
1071 570 1289 612 vidissent
1324 569 1403 611 filii
1440 569 1704 624 Benjamin,
1743 568 1790 610 in
1824 569 1982 625 fugam
2016 569 2129 612 versi
2163 574 2291 625 sunt,

457 631 494 657 4'2
516 637 559 674 et
590 631 646 674 ad
676 630 798 672 viam
824 629 984 673 deserti
1017 629 1081 672 ire
1114 633 1365 685 coeperunt,
1400 628 1505 671 illuc
1543 642 1713 683 quoque
1747 642 1819 671 eos
1853 627 2118 670 adversariis
2146 642 2293 684 perse-

457 690 719 746 quentibus3
743 689 818 732 sed
841 694 886 732 et
909 688 954 731 hi
977 688 1051 744 qui
1077 688 1231 731 urbem
1258 687 1580 731 succenderant
1602 692 1884 729 occurrerunt
1909 686 1991 742 eis,
2017 686 2055 713 43
2071 691 2204 743 atque
2228 686 2294 730 ita

456 750 631 791 factum
664 754 749 803 est,
784 754 833 791 ut
866 762 921 791 ex
953 753 1138 803 utraque
1170 752 1295 803 parte
1329 746 1385 788 ab
1418 746 1619 789 hostibus
1653 745 1941 801 caederentur,
1972 760 2054 789 nec
2083 750 2178 789 erat
2201 746 2293 789 ulla

456 807 627 864 requies
653 807 951 850 morientium.
979 806 1263 862 Ceciderunt,
1291 810 1422 861 atque
1447 805 1654 861 prostrati
1685 810 1788 848 sunt
1817 805 1873 848 ad
1904 804 2164 848 orientalem
2196 804 2292 861 pla-

457 882 561 923 gam
594 866 714 909 urbis
741 866 910 910 Gabaa.
937 865 974 892 44
997 866 1195 908 Fuerunt
1224 870 1373 907 autem
1407 865 1480 920 qui
1513 864 1559 907 in
1591 864 1744 907 eodem
1778 863 1875 907 1000
1903 863 2132 908 interfecti
2165 869 2294 918 sunt,

457 926 613 969 decem
645 931 690 968 et
724 931 822 968 octo
855 925 998 967 millia
1027 925 1242 979 virorum,
1279 938 1430 966 omnes
1464 923 1758 966 robustissimi
1796 929 2079 980 pugnatores.
2110 922 2147 949 45
2169 923 2292 973 Quod

457 999 558 1027 cum
583 984 801 1027 vidissent
826 984 898 1040 qui
921 988 1226 1027 remanserant
1251 983 1305 1026 de
1331 982 1592 1038 Benjamin,
1616 983 1831 1038 fugerunt
1851 982 1897 1024 in
1923 982 2230 1037 solitudinem,
2250 987 2294 1025 et

456 1044 703 1101 pergebant
724 1043 780 1085 ad
806 1049 977 1099 petram
1004 1042 1131 1098 cujus
1153 1041 1421 1084 vocabulum
1447 1047 1513 1084 est
1537 1042 1767 1085 Remmon,
1792 1041 1846 1083 In
1874 1041 1953 1084 illa
1984 1055 2156 1097 quoque
2181 1041 2293 1096 fuga

456 1103 679 1159 palantes,
708 1107 751 1144 et
778 1102 824 1144 in
857 1101 1032 1144 diversa
1057 1100 1309 1156 tendentes,
1339 1101 1595 1144 occiderunt
1621 1099 1814 1155 quinque
1836 1100 1979 1142 millia
2003 1100 2211 1144 virorum.
2235 1101 2294 1143 Et

457 1176 557 1204 cum
579 1161 695 1204 ultra
716 1161 969 1217 tenderent,
992 1159 1210 1216 persecuti
1238 1164 1341 1202 sunt
1370 1174 1463 1215 eos,
1495 1164 1539 1202 et
1566 1158 1889 1202 interfecerunt
1919 1159 2056 1202 etiam
2084 1159 2174 1201 alia
2207 1158 2295 1202 duo

457 1220 613 1264 millia.

515 1279 552 1306 4⁶
572 1280 629 1321 Et
654 1279 716 1322 sic
738 1280 913 1321 factum
939 1282 1023 1333 est,
1051 1283 1100 1321 ut
1121 1292 1272 1321 omnes
1294 1277 1367 1333 qui
1395 1277 1648 1320 ceciderant
1678 1277 1731 1320 de
1763 1277 2003 1333 Benjamin
2031 1277 2078 1319 in
2108 1277 2295 1321 diversis

457 1338 584 1393 locis,
620 1343 767 1381 essent
798 1336 961 1393 viginti
997 1337 1190 1393 quinque
1220 1337 1382 1393 millia,
1420 1341 1690 1393 pugnatores
1719 1336 1776 1379 ad
1805 1336 1924 1379 bella
1956 1336 2293 1393 promptissimi.

456 1397 491 1423 4⁷
513 1399 836 1441 Remanserunt
857 1396 1006 1452 itaque
1029 1396 1082 1439 de
1108 1396 1228 1439 omni
1251 1410 1434 1439 numero
1458 1395 1720 1452 Benjamin,
1743 1396 1817 1451 qui
1845 1395 2032 1438 evadere
2063 1401 2107 1439 et
2135 1396 2295 1452 fugere

456 1457 502 1499 in
535 1456 821 1500 solitudinem
850 1461 1107 1512 potuerunt,
1138 1455 1336 1498 sexcenti
1369 1455 1481 1509 viri;
1513 1454 1808 1510 sederuntque
1840 1455 1886 1497 in
1918 1460 2044 1511 petra
2076 1456 2293 1499 Remmon

458 1515 684 1559 mensibus
709 1520 908 1571 quatuor.
932 1514 968 1541 48
988 1515 1190 1570 Regressi
1213 1520 1363 1557 autem
1385 1514 1465 1556 filii
1489 1514 1648 1569 Israel,
1673 1528 1825 1557 omnes
1849 1513 2060 1569 reliquias
2082 1514 2292 1571 civitatis,

457 1590 484 1617 a
505 1575 612 1618 viris
634 1589 769 1630 usque
790 1574 847 1617 ad
868 1574 1085 1630 jumenta,
1105 1573 1256 1630 gladio
1277 1578 1601 1630 percusserunt,
1625 1578 1896 1629 cunctasque
1915 1572 2044 1616 urbes
2063 1579 2108 1617 et
2124 1573 2296 1617 viculos

460 1634 700 1690 Benjamin
722 1648 859 1676 vorax
881 1632 1062 1675 flamma
1084 1633 1370 1689 consumpsit.

518 1694 626 1737 CAP.
653 1693 780 1736 XXI.
803 1718 861 1725 —
886 1692 898 1718 ¹
919 1693 947 1736 J
952 1697 1191 1735 uraverunt
1215 1706 1388 1748 quoque
1414 1691 1493 1734 filii
1522 1692 1660 1736 Israel
1686 1693 1730 1735 111
1758 1692 1965 1750 Maspha,
1990 1697 2034 1735 et
2059 1692 2294 1737 dixerunt:

459 1752 618 1796 Nullus
651 1757 850 1795 nostrum
882 1751 1008 1795 dabit
1039 1751 1142 1794 filiis
1178 1751 1417 1807 Benjamin
1451 1751 1505 1794 de
1538 1752 1714 1794 filiabus
1751 1751 1840 1794 suis
1873 1765 2070 1794 uxorem.
2105 1750 2123 1776 2
2148 1752 2294 1794 Vene-

456 1817 646 1868 runtque
678 1826 830 1855 omnes
862 1811 919 1853 ad
952 1810 1133 1853 domum
1167 1811 1273 1865 Dei,
1309 1810 1356 1853 in
1391 1810 1501 1865 Silo,
1536 1816 1579 1854 et
1610 1811 1657 1853 in
1691 1816 1930 1867 conspectu
1963 1810 2061 1866 ejus
2089 1810 2295 1854 sedentes

458 1885 594 1927 usque
618 1870 675 1914 ad
696 1885 948 1927 vesperam,
972 1869 1235 1913 levaverunt
1259 1884 1436 1923 vocem,
1461 1874 1504 1912 et
1528 1884 1692 1926 magno
1718 1869 1891 1912 ululatu
1914 1874 2142 1926 coeperunt
2167 1869 2294 1926 flere,

458 1930 656 1973 dicentes
678 1947 686 1974 :
709 1929 727 1956 3
745 1929 906 1985 Quare,
932 1929 1121 1972 Domine
1145 1930 1265 1971 Deus
1291 1928 1452 1984 Israel,
1476 1929 1651 1971 factum
1674 1934 1740 1972 est
1761 1929 1844 1971 hoc
1870 1928 2039 1971 malum
2058 1928 2105 1971 in
2131 1929 2294 1985 populo

457 1994 553 2045 tuo,
577 1994 625 2032 ut
650 1989 781 2032 hodie
806 2003 894 2031 una
914 1988 1055 2031 tribus
1080 1988 1331 2031 auferretur
1356 2002 1412 2031 ex
1433 1987 1591 2032 nobis?
1617 1987 1804 2031 “Altera
1826 1992 1978 2030 autem
2000 1987 2071 2030 die
2097 1987 2293 2032 diluculo

457 2053 792 2104 consurgentes,
820 2052 1131 2090 exstruxerunt
1158 2047 1323 2102 altare3
1356 2046 1697 2103 obtuleruntque
1725 2046 1789 2089 ibi
1816 2046 2075 2090 holocausta
2101 2052 2146 2090 et
2173 2047 2294 2103 paci-

456 2107 562 2150 ficas
589 2106 811 2162 victimas,
825 2111 869 2149 et
903 2106 1146 2150 dixerunt:
1176 2107 1193 2133 5
1218 2106 1323 2157 Quis
1352 2121 1440 2149 non
1477 2106 1679 2149 ascendit
1711 2106 1758 2148 in
1791 2105 1990 2149 exercitu
2024 2106 2206 2148 Domini
2239 2106 2296 2150 de

455 2166 672 2209 universis
694 2165 897 2208 tribubus
920 2165 1088 2209 Israel?
1113 2165 1283 2209 Grandi
1309 2165 1425 2208 enim
1453 2165 1706 2221 juramento
1729 2179 1774 2208 se
1797 2164 2167 2221 constrinxerant,
2192 2179 2293 2209 cun]

456 2230 603 2269 essent
629 2225 676 2268 in
706 2224 915 2282 Maspha,
940 2225 1131 2268 interfici
1155 2239 1226 2268 eos
1251 2224 1325 2281 qui
1349 2224 1611 2269 defuissent.
1638 2225 1656 2251 6
1677 2224 1898 2280 Ductique
1922 2224 2189 2281 poenitentia
2213 2224 2293 2267 filii

456 2284 595 2327 Israel
617 2299 746 2341 super
766 2285 906 2327 fratre
929 2298 1007 2327 suo
1031 2284 1292 2341 Benjamin,
1316 2288 1544 2340 coeperunt
1566 2284 1711 2327 dicere
1734 2301 1742 2328 :
1766 2283 1934 2327 Ablata
1956 2288 2023 2327 est
2044 2283 2186 2326 tribus
2206 2298 2295 2326 una

456 2343 510 2386 de
539 2343 692 2387 Israel.
720 2343 734 2369 ⁷
756 2343 886 2387 Unde
913 2358 1070 2387 uxores
1094 2343 1350 2400 accipient?
1374 2358 1526 2386 omnes
1552 2343 1671 2387 enim
1699 2343 1746 2385 111
1775 2357 2009 2386 commune
2043 2342 2296 2398 juravimus

455 2417 543 2446 non
572 2403 751 2446 daturos
785 2417 863 2445 nos
896 2403 965 2445 his
994 2402 1108 2445 filias
1138 2408 1324 2446 nostras.
1357 2402 1374 2428 ⁸
1396 2402 1571 2445 Idcirco
1605 2402 1846 2447 dixerunt:
1877 2401 1983 2452 Quis
2017 2406 2083 2445 est
2115 2401 2168 2445 de
2198 2401 2295 2444 uni-

455 2462 592 2505 versis
629 2461 832 2505 tribubus
866 2462 1005 2505 Israel
1044 2462 1118 2518 qui
1156 2476 1244 2505 non
1281 2462 1484 2505 ascendit
1519 2462 1576 2505 ad
1614 2461 1857 2505 Dominum
1891 2461 1939 2503 in
1976 2460 2201 2517 Maspha?
2236 2462 2295 2504 Et

457 2536 558 2564 ecce
585 2521 758 2564 inventi
789 2526 892 2564 sunt
921 2521 1194 2565 habitatores
1224 2520 1575 2565 Jabes-Galaad
1608 2521 1655 2564 in
1683 2520 1760 2563 illo
1791 2520 1987 2564 exercitu
2015 2534 2103 2562 non
2136 2520 2293 2563 fuisse.

456 2580 473 2606 ⁹
498 2581 593 2636 (Eo
629 2595 800 2637 quoque
838 2586 1036 2637 tempore
1074 2595 1175 2624 cum
1213 2585 1358 2624 essent
1392 2581 1439 2623 in
1479 2580 1592 2636 Silo,
1630 2580 1777 2623 nullus
1814 2593 1869 2622 ex
1902 2578 1964 2622 eis
1999 2578 2063 2621 ibi
2095 2584 2296 2635 repertus

458 2641 568 2697 est.)

517 2699 552 2725 ¹⁰
578 2699 796 2743 Miserunt
826 2699 978 2756 itaque
1012 2699 1165 2743 decem
1203 2699 1346 2742 millia
1377 2699 1494 2743 viros
1527 2698 1880 2752 robustissimos,
1912 2702 1955 2741 et
1987 2702 2295 2754 praeceperunt

458 2758 519 2801 eis
541 2775 549 2802 :
576 2759 666 2815 Ite,
694 2764 738 2802 et
761 2759 980 2816 percutite
1001 2759 1275 2803 habitatores
1297 2757 1648 2802 Jabes-Galaad
1673 2757 1720 2801 in
1742 2772 1813 2800 ore
1835 2756 1996 2813 gladii,
2020 2762 2115 2799 tam
2137 2770 2295 2800 uxores

457 2831 590 2873 quam
623 2818 829 2875 parvulos
867 2832 1030 2862 eorum.
1062 2818 1094 2844 ¹¹
1120 2819 1178 2861 Et
1210 2818 1294 2862 hoc
1328 2818 1412 2862 erit
1443 2817 1559 2874 quod
1594 2816 1827 2860 observare
1861 2815 2082 2859 debebitis
2109 2833 2118 2860 ε
2153 2816 2296 2860 Omne

457 2877 631 2932 generis
652 2877 887 2920 masculini
918 2883 961 2921 et
991 2877 1196 2921 mulieres
1219 2892 1318 2934 quae
1344 2881 1648 2933 cognoverunt
1669 2875 1785 2919 viros
1813 2875 2071 2932 interficite,
2098 2875 2296 2931 virgines

457 2940 607 2978 autem
629 2941 862 2982 reservate.
892 2936 927 2962 ¹²
945 2937 1238 2993 Inventaeque
1259 2941 1362 2979 sunt
1388 2936 1441 2979 de
1464 2937 1492 2979 J
1496 2934 1817 2979 abes-Galaad
1843 2934 2184 2990 quadringentae
2206 2934 2295 2976 vir-

458 2994 605 3050 gines,
629 3008 726 3050 quae
748 2995 1000 3039 nescierunt
1025 2996 1107 3038 viri
1134 2996 1340 3051 thorum3
1369 3001 1413 3038 et
1434 2995 1717 3038 adduxerunt
1743 3007 1816 3037 eas
1844 2994 1901 3036 ad
1932 2998 2077 3036 castra
2105 2993 2152 3036 in
2183 2993 2293 3043 Silo,

458 3054 504 3096 in
533 3060 696 3096 terram
724 3053 950 3098 Chanaan.
977 3054 1013 3081 ¹3
1032 3055 1335 3111 Miseruntque
1364 3054 1543 3097 nuntios
1572 3053 1628 3096 ad
1654 3053 1767 3095 filios
1799 3052 2040 3108 Benjamin
2068 3052 2143 3109 qui
2169 3057 2296 3096 erant

457 3112 504 3155 in
536 3118 663 3169 petra
695 3113 931 3169 Remmon,
960 3119 1002 3156 et
1030 3119 1337 3170 praeceperunt
1363 3114 1425 3157 eis
1450 3118 1498 3156 ut
1528 3126 1600 3156 eos
1630 3112 1903 3168 susciperent
1930 3112 1977 3154 in
2002 3125 2126 3168 pace.
2154 3110 2190 3138 44
2209 3111 2295 3154 Ve-

458 3176 704 3227 nerunt-que
729 3171 809 3214 filii
834 3172 1074 3228 Benjamin
1099 3173 1146 3215 in
1167 3173 1245 3215 illo
1266 3178 1485 3230 tempore,
1510 3176 1554 3215 et
1578 3171 1696 3214 datae
1719 3176 1821 3213 sunt
1844 3171 1905 3214 eis
1928 3184 2086 3214 uxores
2108 3170 2162 3213 de
2183 3170 2295 3213 filia-

459 3230 540 3274 bus
577 3230 955 3286 Jabes-Galaad;
991 3231 1102 3274 alias
1139 3237 1289 3274 autem
1321 3246 1409 3275 non
1441 3234 1697 3287 repererunt
1726 3244 1833 3285 quas
1871 3229 2007 3272 simili
2045 3228 2177 3272 modo
2206 3234 2295 3271 tra-

462 3289 629 3333 derent.

519 3348 555 3375 ¹⁵
575 3349 904 3405 Universusque
934 3348 1073 3392 Israel
1100 3349 1230 3392 valde
1264 3349 1425 3405 doluit,
1457 3355 1501 3393 et
1534 3349 1625 3405 egit
1655 3348 1968 3405 poenitentiam
1997 3361 2128 3404 super
2158 3346 2295 3389 inter-

459 3408 656 3452 fectione
681 3409 809 3451 unius
830 3408 971 3451 tribus
993 3422 1048 3451 ex
1070 3408 1224 3451 Israel.
1252 3407 1287 3434 ¹⁶
1308 3408 1612 3464 Dixeruntque
1637 3407 1829 3463 majores
1858 3412 1962 3450 natu
1984 3424 1993 3451 :
2019 3405 2133 3457 Quid
2155 3404 2296 3448 facie-

461 3481 557 3510 mus
592 3467 772 3524 reliquis
809 3467 882 3523 qui
916 3481 1004 3510 non
1040 3472 1306 3523 acceperunt
1339 3467 1529 3511 uxores?
1552 3467 1715 3510 Omnes
1748 3466 1792 3508 in
1830 3465 2071 3522 Benjamin
2103 3463 2290 3508 feminae

461 3525 772 3581 conciderunt3
798 3526 891 3569 ¹7et
914 3539 1077 3582 magna
1098 3525 1225 3568 nobis
1255 3540 1378 3581 cura,
1401 3525 1661 3582 ingentique
1690 3524 1836 3567 studio
1859 3522 2184 3582 providendum
2206 3526 2291 3579 est,

462 3671 509 3703 11]
523 3670 619 3698 Num.
635 3671 751 3698 XXXI
763 3690 770 3704 ,
793 3671 825 3698 17
836 3671 895 3699 ds.
