2456 3861
85 1224 297 1259 protrahitur

120 1268 152 1297 in
175 1269 259 1297 alios

71 1317 200 1347 septem
222 1313 293 1341 dics
304 1333 311 1347 ,

140 1874 253 1902 fauste

84 1919 202 1948 conclu
209 1917 310 1945 ditur.

94 2413 301 2443 ordinantur

129 2457 219 2485 vices
237 2461 267 2483 ci

93 2502 203 2530 reditu
211 2510 224 2527 ,τι
246 2501 305 2528 ini-

106 2546 301 2575 11151110111111Ἰ

371 147 459 189 436
848 142 897 184 II
932 143 1044 186 PAR.
1080 142 1233 196 XXX,
1269 143 1322 186 17
1355 164 1414 174 —
1445 142 1624 198 XXXI,
1662 143 1728 185 10.

373 315 478 368 Dei;
514 312 764 356 sacerdotes
798 326 899 355 vero
932 311 1236 369 suscipiebant
1268 311 1590 355 effundendum
1622 311 1886 367 sanguinem
1921 311 1978 354 de
2001 312 2214 356 manibus»

372 370 672 427 levitarum,1⁷
692 385 740 414 eo
764 370 881 427 quod
906 370 1048 414 multa
1073 370 1202 412 turba
1224 369 1502 414 sanctificata
1523 385 1611 414 non
1634 375 1772 425 esset;
1797 375 1841 413 et
1861 370 2027 414 idcirco
2050 371 2224 416 immo--

371 433 513 474 larent
538 429 688 474 levitae
711 430 855 473 Phase
879 429 947 472 his
967 429 1039 485 qui
1059 444 1146 472 non
1168 434 1450 472 occurrerant
1469 429 1737 473 sanctificari
1756 429 1961 472 Domino.
1989 428 2024 456 18
2041 430 2225 485 Magna„

372 491 506 534 etiam
539 504 640 547 pars
677 488 829 546 populi
867 488 920 532 de
958 489 1192 545 Ephraim,
1231 494 1274 532 et
1309 489 1534 545 Manasse,
1573 494 1616 532 et
1655 488 1882 544 issachar,
1916 493 1961 531 et
1987 489 2223 545 Zabulon„

373 565 470 606 quae
503 548 781 592 sanctificata
814 562 901 591 non
930 548 1100 603 fuerat,
1134 547 1327 591 comedit
1362 548 1526 604 Phase,
1560 563 1648 591 non
1680 548 1810 604 juxta
1843 547 1958 603 q‘uod
1996 547 2223 605 scriptum

373 614 463 663 est;
499 614 543 651 et
572 607 715 651 oravit
748 622 824 664 pro
859 607 920 650 eis
954 607 1190 662 Ezechias,
1225 607 1377 650 dicens
1409 624 1418 651 ε
1453 607 1670 650 Dominus
1702 607 1864 662 bonus,
1898 606 2222 664 propitiabitur·

374 668 409 695 ¹9
435 667 606 712 cunctis
633 667 706 723 qui
727 667 774 710 in
798 671 891 710 toto
918 666 1048 710 corde
1080 666 1308 722 requirunt
1337 667 1598 722 Dominum,
1634 667 1779 710 Deum
1800 671 1980 723 patrum⁴
2005 680 2207 721 suorum,

373 734 416 772 et
441 742 529 771 non
553 726 795 784 imputabit
816 726 877 770 eis
901 726 1016 782 quod
1038 725 1185 768 minus
1210 725 1474 769 sanctificati
1496 731 1612 769 sunt.
1639 724 1676 751 2⁰
1700 726 1839 776 Quem
1868 725 2099 768 exaudivit
2123 726 2214 769 Do-

373 786 542 843 minus,
568 791 612 830 et
635 786 838 843 placatus
864 790 931 829 est
951 785 1128 844 populo.
1151 783 1184 810 ²¹
1209 784 1515 841 Feceruntque
1536 784 1615 828 filii
1645 784 1785 828 Israel
1819 784 1893 840 qui
1912 783 2085 828 inventi
2109 789 2229 827 sunt„

372 847 419 891 in
441 845 713 901 Jerusalem,
740 844 1068 889 solemnitatem
1093 858 1351 901 azymorum
1379 850 1549 900 septem
1582 843 1737 887 diebus
1765 844 1812 887 in
1845 843 2002 887 laetitia
2027 857 2192 899 magna
2201 878 2225 899 ,.

373 906 608 950 laudantes
630 905 873 949 Dominum
897 919 974 961 per
999 903 1196 959 singulos
1222 901 1338 957 dies;
1374 903 1523 946 levitae
1557 918 1729 959 quoque
1762 908 1805 946 et
1833 902 2104 959 sacerdoteS,
2138 916 2229 959 per·

375 980 541 1022 organa
567 979 665 1022 quae
699 979 776 1008 suo
806 964 955 1008 officio
989 961 1307 1018 congruebant.
1338 961 1375 988 22
1404 962 1462 1004 Et
1495 962 1670 1005 locutus
1706 968 1772 1006 est
1806 962 2021 1006 Ezechias
2049 961 2107 1004 ad
2141 975 2229 1004 cor·

374 1025 573 1069 omnium
599 1023 835 1067 levitarum
857 1023 930 1080 qui
956 1022 1181 1065 habebant
1201 1020 1546 1076 intelligentiam
1575 1022 1739 1064 bonam
1771 1036 1901 1077 super
1927 1020 2144 1076 Domin03
2172 1023 2227 1063 et.

376 1083 663 1128 comederunt
684 1088 853 1140 septem
876 1081 1030 1125 diebus
1052 1080 1366 1136 solemnitatis,
1385 1080 1668 1123 immolantes
1690 1080 1897 1123 victimas
1914 1080 2223 1137 pacificorum,

376 1149 419 1187 et
441 1143 674 1186 laudantes
698 1142 959 1197 Dominum,
988 1142 1133 1184 Deum
1157 1144 1334 1197 patrum
1359 1154 1552 1195 suorum.

436 1202 473 1229 ‘²3
502 1202 765 1257 Placuitque
794 1200 1012 1244 universae
1046 1199 1324 1242 multitudini
1350 1205 1399 1241 ut
1429 1198 1704 1242 celebrarent
1731 1198 1867 1241 etiam
1885 1197 1998 1242 alios
2033 1198 2126 1242 dies
2150 1211 2225 1241 se*-

376 1267 521 1319 ptem3
550 1260 666 1317 quod
692 1266 736 1303 et
759 1261 964 1304 fecerunt
990 1274 1088 1302 cum
1112 1258 1283 1314 ingenti
1306 1258 1483 1314 gaudio.
1511 1256 1547 1283 ‘²4
1573 1257 1788 1300 Ezechias
1814 1257 1953 1314 enim,
1976 1272 2054 1301 rex
2075 1258 2104 1300 J
2108 1257 2222 1313 uda,

377 1320 628 1378 praebuerat
658 1319 934 1362 multitudini
969 1318 1092 1361 mille
1125 1322 1297 1373 tauros,
1332 1323 1375 1361 et
1403 1322 1573 1374 septem
1610 1316 1752 1359 millia
1786 1317 1960 1372 ovium3
1996 1317 2222 1374 principes

376 1394 479 1424 vero
506 1379 719 1423 dederant
740 1378 902 1435 populo
928 1383 1076 1421 tauros
1099 1377 1241 1433 mille,
1269 1382 1312 1420 et
1337 1391 1439 1420 oves
1473 1376 1626 1420 decem
1652 1375 1817 1431 millia3
1854 1375 2132 1420 sanctificata
2154 1379 2229 1418 est

378 1454 480 1495 ergo
507 1438 787 1482 sacerdotum
808 1437 999 1494 plurima
1023 1437 1277 1480 multitudo.
1301 1435 1337 1463 25
1359 1437 1418 1479 Et
1446 1435 1671 1478 hilaritate
1699 1435 1882 1492 pers-usa
1914 1435 2057 1479 omnis
2089 1435 2229 1478 turba.

379 1500 405 1542 J
411 1499 519 1554 uda,
545 1503 635 1540 tam
661 1497 942 1540 sacerdotum
968 1503 1011 1540 et
1033 1497 1290 1551 levitarum,
1318 1510 1450 1552 quam
1482 1495 1701 1538 universae
1730 1495 1997 1551 frequentiae
2024 1509 2123 1551 quae
2146 1508 2219 1538 ve-

378 1563 503 1602 nerat
528 1572 582 1603 ex
603 1558 763 1612 Israel,
798 1556 1120 1614 proselytorum
1150 1570 1322 1611 quoque
1355 1555 1409 1598 de
1438 1560 1554 1598 terra
1587 1554 1746 1610 Israel,
1778 1560 1821 1597 et
1853 1554 2154 1597 habitantium
2174 1553 2221 1596 in

380 1617 514 1661 Juda.
544 1616 581 1643 '2ss
603 1617 830 1672 Factaque
863 1620 929 1658 est
957 1615 1138 1671 grandis
1173 1614 1405 1658 celebritas
1442 1613 1487 1656 in
1520 1613 1791 1669 Jerusalem,
1827 1614 1970 1670 qualis
2001 1628 2028 1656 a
2065 1613 2222 1656 diebus

379 1675 649 1731 Salomonis,
676 1676 755 1718 filii
781 1674 948 1730 David,
976 1674 1091 1730 regis
1110 1674 1269 1729 Israel,
1291 1674 1338 1716 in
1364 1687 1415 1717 ea
1436 1673 1544 1715 urbe
1569 1687 1656 1715 non
1678 1673 1840 1716 fuerat.
1868 1672 1902 1698 ‘2⁷
1930 1674 2222 1716 Surrexerunt

380 1742 530 1779 autem
556 1734 806 1778 sacerdotes
831 1739 964 1790 atque
989 1733 1138 1777 levitae
1163 1733 1477 1776 benedicentes
1509 1731 1700 1788 populo,
1723 1737 1766 1774 et
1800 1732 2011 1775 exaudita
2044 1736 2111 1775 est
2135 1745 2225 1774 vox

382 1810 544 1851 eorum,
565 1794 851 1851 pervenitque
877 1793 1014 1836 oratio
1039 1793 1085 1835 in
1112 1792 1417 1835 habitaculum
1436 1797 1642 1834 sanctum
1664 1791 1775 1834 caeli.

443 1856 548 1899 CAP.
577 1854 747 1896 XXXI.
773 1879 832 1886 —
856 1852 866 1878 1
891 1852 1090 1908 Cumque
1111 1852 1207 1894 haec
1229 1851 1422 1894 fuissent
1446 1851 1529 1893 rite
1551 1850 1793 1906 celebrata,
1817 1864 2018 1906 egressus
2039 1855 2107 1894 est
2132 1865 2223 1894 om—

382 1915 450 1957 nis
476 1913 615 1957 Israel
638 1913 710 1968 qui
742 1913 951 1955 inventus
977 1912 1126 1954 fuerat
1157 1911 1204 1952 in
1236 1910 1419 1952 urbibus
1453 1910 1481 1952 J
1486 1909 1594 1965 uda,
1621 1915 1664 1951 et
1696 1909 1928 1965 fregerunt
1964 1909 2222 1966 simulacra,

383 1973 754 2027 succideruntque
776 1971 918 2026 lucos,
948 1969 1146 2013 demoliti
1173 1975 1275 2012 sunt
1301 1969 1496 2025 excelsa,
1524 1973 1568 2011 et
1593 1968 1754 2011 altaria
1780 1968 2112 2024 destruxerunt,
2136 1982 2224 2011 non

383 2032 524 2075 solum
553 2032 606 2074 de
632 2031 835 2074 universo
863 2031 890 2073 J
896 2030 984 2073 uda
1010 2035 1053 2073 et
1081 2029 1339 2085 Benjamin,
1368 2028 1443 2071 sed
1471 2033 1515 2071 et
1540 2027 1594 2070 de
1620 2027 1835 2084 Ephraim
1865 2043 2036 2084 quoque
2062 2032 2105 2070 et
2130 2028 2224 2070 Ma-

383 2106 530 2147 nasse,
556 2091 694 2134 donec
721 2090 896 2147 penitus
919 2094 1189 2143 everterent3
1215 2088 1464 2144 reversique
1489 2091 1593 2130 sunt
1615 2101 1766 2130 omnes
1792 2087 1871 2129 filii
1894 2087 2034 2130 Israel
2055 2088 2101 2129 in
2127 2100 2238 2143 pesa

382 2151 598 2194 sessiones
634 2156 677 2193 et
702 2149 905 2192 civitates
931 2163 1045 2191 suas.

761 2275 783 2327 §
804 2272 893 2315 ΠΙ.
920 2297 975 2303 --
1004 2271 1160 2314 Pietas·
1184 2271 1299 2326 reglis
1320 2271 1441 2313 circa
1462 2270 1629 2312 cultum
1657 2283 1849 2312 sacrum.

445 2388 462 2414 ”2
488 2388 702 2432 Ezechias
725 2393 874 2431 autem
900 2386 1130 2431 constituit
1163 2390 1330 2428 turmas
1364 2383 1660 2428 sacerdotales
1693 2387 1737 2427 et
1772 2383 1975 2426 leviticas
2004 2398 2080 2440 per
2113 2384 2237 2426 divi·

386 2448 530 2492 siones
553 2462 674 2503 suas,
706 2460 1064 2502 unumquemque
1095 2445 1141 2488 in
1171 2445 1321 2488 officio
1355 2444 1549 2501 proprio,
1584 2448 1676 2486 tam
1706 2442 1985 2486 sacerdotum
2019 2442 2227 2486 videlicet

388 2523 522 2565 quam
547 2507 802 2562 levitarum,
827 2506 882 2549 ad
913 2506 1171 2549 holocausta
1197 2510 1239 2548 et
1264 2504 1472 2562 pacifica,
1495 2508 1543 2545 ut
1573 2502 1875 2545 ministrarent
1900 2506 1943 2544 et
1969 2502 2228 2545 confiteren-

386 2572 479 2623 tur,
503 2572 798 2622 canerentque
822 2566 867 2608 in
894 2565 1030 2622 portis
1057 2570 1300 2608 castrorum
1326 2563 1521 2607 Domini.

448 2626 466 2654 3
486 2627 594 2669 Pars
616 2631 765 2669 autem
794 2625 909 2680 regis
941 2629 1035 2668 erat
1056 2629 1106 2667 ut
1134 2624 1187 2667 de
1216 2623 1391 2680 propria
1424 2623 1520 2678 ejus
1557 2621 1806 2665 substantia
1838 2621 2070 2665 offerretur
2106 2621 2229 2665 holo-

390 2691 594 2730 caustum
620 2700 750 2728 mane
771 2698 943 2741 semper
965 2690 1008 2727 et
1033 2697 1233 2741 vespere,
1258 2682 1456 2725 sabbatis
1479 2695 1650 2739 quoque
1675 2686 1720 2724 et
1752 2680 1970 2736 calendis,
2002 2686 2044 2723 et
2069 2680 2229 2724 solemh

389 2745 604 2788 nitatibus
627 2745 803 2800 ceteris,
830 2744 945 2787 sicut
971 2743 1183 2800 scriptum
1213 2748 1279 2786 est
1303 2742 1350 2784 in
1379 2742 1477 2797 lege
1502 2740 1659 2797 Moysi.
1694 2739 1711 2766 4
1735 2740 1956 2796 Praecepit
1985 2739 2120 2783 etiam
2153 2753 2228 2796 po·-

391 2804 493 2862 pulo
518 2804 819 2847 habitantium
852 2803 1102 2846 Jerusalem
1139 2808 1186 2845 ut
1217 2802 1373 2845 darent
1394 2806 1541 2858 partes
1573 2799 1876 2843 sacerdotibus
1909 2804 1952 2842 et
1985 2798 2154 2854 levitis,
2180 2803 2229 2841 ut

390 2869 569 2921 possent
594 2878 753 2907 vacare
775 2863 862 2919 legi
887 2862 1080 2905 Domini.
1115 2862 1132 2888 5
1157 2861 1281 2912 Quod
1317 2876 1418 2904 cum
1443 2858 1763 2917 percrebuisset
1786 2858 1832 2900 in
1865 2858 2045 2901 auribus
2078 2857 2230 2900 multi*-

391 2923 580 2978 tudinis,
615 2923 828 2979 plurimas
862 2922 1060 2965 obtulere
1090 2921 1308 2978 primitias
1337 2920 1416 2962 filii
1449 2918 1589 2962 Israel
1623 2917 1857 2972 frumenti,
1897 2917 2010 2973 vini,
2044 2921 2088 2960 et
2121 2916 2227 2972 olei,

392 2982 536 3025 mellis
559 2996 750 3037 quoque,
781 2986 825 3025 et
854 2981 1051 3025 omnium
1082 2995 1179 3036 quae
1211 2980 1356 3035 gignit
1384 2980 1545 3022 humus
1579 2977 1772 3021 decimas
1806 2977 2073 3020 obtulerunt.
2101 2975 2119 3002 ⁶
2145 2975 2229 3020 Sed

392 3046 436 3085 et
457 3041 535 3084 filii
571 3041 711 3083 Israel
732 3047 776 3084 et
801 3041 828 3083 J
834 3041 940 3096 uda,
973 3040 1046 3096 qui
1076 3040 1340 3082 habitabant
1372 3039 1418 3081 in
1451 3037 1632 3081 urbibus
1665 3036 1805 3091 Juda,
1833 3036 2090 3079 obtulerunt
2112 3035 2230 3078 deci-

392 3115 488 3144 mas
513 3100 646 3143 boum
670 3105 713 3143 et
738 3100 907 3154 ovium,
932 3099 1214 3155 decimasque
1243 3104 1497 3142 sanctorum
1531 3110 1630 3152 quae
1663 3101 1876 3138 voverant
1913 3095 2104 3138 Domino
2135 3095 2230 3138 Deo

393 3174 496 3215 suo3
523 3165 656 3215 atque
681 3159 888 3202 universa
908 3163 1153 3215 portantes,
1176 3159 1381 3201 fecerunt
1413 3170 1592 3200 acervos
1625 3154 1849 3211 plurimos.
1877 3154 1891 3180 7
1919 3156 2071 3198 Mense
2100 3153 2229 3197 tertio

395 3223 625 3275 coeperunt
646 3232 903 3261 acervorum
929 3217 1074 3272 jacere
1104 3217 1420 3272 fundamenta,
1448 3221 1491 3260 et
1516 3227 1666 3258 mense
1686 3214 1873 3270 septimo
1896 3213 2230 3271 compleverunt

395 3293 482 3323 eos.

455 3338 472 3365 8
498 3337 697 3394 Cumque
721 3336 907 3392 ingressi
940 3336 1132 3379 fuissent
1165 3336 1379 3379 Ezechias
1408 3340 1451 3378 et
1479 3334 1698 3392 principes
1732 3333 1848 3389 ejus,
1883 3333 2091 3376 viderunt
2111 3345 2231 3375 acer-

396 3412 496 3453 vos,
523 3405 566 3440 et
586 3395 910 3440 benedixerunt
935 3395 1126 3438 Domino
1152 3410 1203 3438 ac
1226 3394 1386 3452 populo
1405 3386 1557 3437 Israel.
1576 3392 1593 3419 ⁰
1615 3392 1999 3448 Interrogavitque
2016 3390 2230 3434 Ezechias

397 3456 647 3500 sacerdotes
673 3461 716 3499 et
740 3454 899 3498 levitas
922 3469 998 3497 cur
1017 3454 1080 3496 ita
1105 3454 1305 3509 jacerent
1329 3453 1488 3497 acervi.
1513 3451 1548 3478 ¹⁰
1574 3451 1818 3507 Respondit
1842 3451 1908 3493 illi
1934 3450 2139 3505 Azarias,
2162 3463 2229 3492 sa,-

400 3515 551 3573 cerdos
577 3515 764 3572 primus,
792 3514 846 3558 de
871 3513 1006 3570 stirpe
1034 3513 1194 3568 Sadoc,
1223 3513 1374 3556 dicens
1396 3529 1405 3556 :
1432 3512 1501 3555 Ex
1527 3525 1610 3567 quo
1637 3515 1865 3567 coeperunt
1898 3509 2046 3553 offerri
2079 3507 2230 3566 primir-

399 3574 474 3616 tiae
511 3574 556 3616 in
595 3574 723 3618 domo
766 3573 966 3629 Domini,
1013 3572 1305 3627 comedimus,
1344 3578 1387 3615 et
1423 3569 1607 3615 saturati
1640 3584 1815 3623 sumus;
1852 3574 1895 3613 et
1926 3571 2230 3612 remanserunt

399 3632 610 3690 plurima,
641 3647 690 3676 eo
724 3632 840 3689 quod
872 3631 1149 3675 benedixerit
1180 3631 1396 3675 Dominus
1428 3629 1590 3687 populo
1623 3642 1725 3683 suo3
1761 3627 2046 3684 reliquiarum
2081 3630 2238 3669 autem*
