2456 3861
155 732 295 759 Festum
313 727 346 756 in

155 774 354 804 Jerusalem.

146 1138 267 1168 Ultimi
285 1139 363 1167 anni

182 1189 216 1213 et
232 1191 323 1212 mors

188 1229 318 1259 suaith.

449 80 535 123 492
1088 79 1268 121 ι1111111111
1301 78 1435 134 XVI,
1474 77 1633 123 19-31.

743 255 899 306 pen-ze,
923 249 1038 292 sicut
1060 264 1171 302 cera,
1192 249 1438 304 liquescent
1456 255 1559 292 ante
1581 249 1747 291 faciem
1769 254 1907 291 1113111.

626 308 660 334 ¹9
682 308 763 359 Qui
789 314 939 351 autem
964 308 1123 351 timent
1148 314 1211 362 te,

743 367 895 422 magni
922 372 1049 410 erunt
1069 368 1186 424 apud
1212 373 1255 411 te
1277 382 1353 425 per
1378 369 1539 412 omnia.

625 425 662 452 2⁰
683 427 765 468 Vae
788 426 910 482 genti
935 426 1183 482 insurgenti
1206 441 1335 484 super
1355 442 1494 483 genus
1517 427 1688 470 meum!

684 486 900 528 Dominus
926 486 1044 529 enim
1067 486 1344 543 omnipotens
1365 486 1614 530 vindicabit
1638 485 1683 527 in
1709 485 1795 542 eis,

741 545 787 586 in
814 545 885 587 die
909 545 1069 600 judicii
1096 546 1298 589 visitabit
1321 545 1440 590 illos.

624 604 658 630 ‘2¹
683 604 821 647 Dabit
839 604 957 647 enim
974 604 1128 661 ignem
1145 610 1188 648 et
1213 620 1383 649 vermes
1408 605 1455 647 in
1481 619 1634 648 carnes
1657 619 1827 661 eorum,

741 669 789 706 ut
810 668 993 706 urantur
1017 670 1060 708 et
1081 663 1276 708 sentiant
1301 679 1436 720 usqne
1461 665 1506 706 in
1531 664 1863 720 sempiternum.

505 723 541 750 22
560 725 617 766 Et
641 724 816 767 factum
840 729 905 767 est
925 729 1025 780 post
1046 725 1163 780 haec⁷
1188 724 1330 767 omnis
1356 724 1541 781 populus
1568 729 1668 780 post
1689 723 1922 765 victoriam
1942 723 2064 767 venit
2083 723 2130 767 in
2153 725 2182 768 J
2185 739 2281 768 eru-

446 783 584 826 salem
617 783 800 826 adorare
835 783 1105 839 Dominumg
1139 790 1181 827 et
1214 798 1318 826 mox
1347 789 1395 826 ut
1427 783 1648 839 purificati
1682 788 1805 838 sunt,
1842 782 2096 826 obtulerunt
2129 798 2280 828 omnes

446 843 723 897 holocausta,
747 847 790 885 et
816 848 938 898 vota,
964 848 1006 886 et
1027 843 1387 899 repromissiones
1410 857 1524 885 suas,
1552 841 1588 868 2³
1608 843 1740 885 Porro
1763 841 1925 884 Judith
1946 842 2153 885 universa
2174 858 2281 886 vasa

446 902 608 945 bellica
628 901 910 958 Holofernis,
935 917 1032 958 quae
1055 902 1177 945 dedit
1202 902 1268 944 1111
1295 902 1502 958 populus,
1527 908 1570 945 et
1593 915 1858 958 conopeum,
1878 901 1994 957 quod
2015 901 2113 958 ipsa
2135 907 2280 945 sustu-

446 961 557 1004 lerat
576 961 629 1004 de
648 961 784 1004 cubili
802 961 953 1018 ipsius,
975 962 1135 1004 obtulit
1152 962 1198 1004 in
1216 961 1455 1003 anatliema
1475 961 1725 1003 oblivionis.
1746 959 1781 986 ⁶24
1801 962 1908 1003 Erat
1925 966 2073 1004 autern
2094 961 2282 1018 populus

446 1021 668 1077 jucundus
695 1021 939 1064 secundum
961 1021 1127 1064 faciem
1149 1026 1426 1074 sanctorum3
1449 1024 1492 1062 et
1513 1034 1589 1076 per
1610 1025 1697 1062 tres
1721 1034 1892 1062 menses
1915 1019 2131 1076 gaudium
2148 1020 2281 1077 hujus

446 1080 645 1123 victoriae
673 1081 943 1123 celebratum
971 1085 1035 1123 est
1061 1094 1161 1122 cum
1185 1080 1210 1122 J
1217 1079 1358 1122 udith.

506 1139 542 1165 25
565 1141 670 1183 Post
696 1139 788 1182 dies
810 1145 958 1182 autem
981 1139 1100 1195 illos,
1124 1139 1424 1194 unusquisque
1445 1139 1577 1182 rediit
1598 1139 1644 1181 in
1668 1138 1850 1182 domum
1871 1153 2023 1194 suam3
2052 1144 2094 1182 et
2121 1140 2283 1183 Judith

447 1214 610 1254 magna
643 1200 766 1242 facta
797 1204 862 1242 est
893 1199 939 1241 in
972 1199 1201 1254 Bethulia,
1236 1204 1279 1242 et
1311 1198 1564 1255 praeclarior
1598 1202 1691 1241 erat
1721 1198 1939 1241 universae
1969 1205 2096 1241 terrae
2128 1199 2281 1242 Israel.

446 1257 482 1285 9⁶
509 1259 617 1301 Erat
654 1258 789 1301 etiam
826 1258 980 1300 virtuti
1019 1258 1200 1301 castitas
1237 1258 1477 1314 adjuncta,
1511 1257 1575 1300 ita
1610 1263 1658 1300 ut
1694 1271 1781 1300 non
1821 1263 2106 1313 cognosceret
2138 1258 2284 1301 virum

446 1318 651 1361 omnibus
692 1318 846 1361 diebus
883 1318 990 1361 vitae
1031 1333 1143 1374 suae,
1183 1332 1236 1362 ex
1274 1332 1357 1373 quo
1398 1317 1638 1360 defunctus
1676 1322 1742 1360 est
1784 1318 2033 1370 Manasses‘,
2068 1317 2136 1359 vir
2172 1317 2282 1374 ejus,

446 1377 480 1403 “27
504 1378 613 1420 Erat
649 1383 819 1434 autem,
860 1378 1016 1421 diebus
1052 1377 1204 1432 festis,
1242 1377 1483 1435 procedens
1523 1392 1623 1419 cum
1658 1391 1823 1432 magna
1861 1376 2016 1432 gloria.
2051 1375 2088 1403 28
2117 1377 2285 1420 Mansit

445 1443 595 1480 autem
624 1437 670 1480 in
701 1438 830 1481 domo
860 1437 943 1480 viri
973 1438 1039 1480 sui
1070 1452 1208 1480 annos
1239 1442 1419 1480 0011111111
1452 1436 1665 1492 quinque,
1694 1441 1737 1479 et
1766 1435 1937 1478 dimisit
1968 1436 2124 1478 abram
2156 1450 2284 1479 suani

446 1496 652 1553 liberam,
678 1502 721 1540 et
743 1497 956 1540 defuncta
979 1502 1044 1540 est
1065 1511 1117 1539 30
1142 1497 1316 1554 sepulta
1339 1510 1440 1538 cum
1463 1496 1557 1538 viro
1582 1509 1660 1538 suo
1688 1495 1734 1537 in
1758 1495 1981 1538 Bethnlia.
2006 1494 2042 1521 ‘29
2061 1495 2284 1551 Luxitque

444 1556 568 1598 1113111
593 1557 734 1599 omnis
757 1557 943 1613 populus
967 1557 1121 1600 diebus
1147 1562 1329 1613 septem.

504 1615 541 1642 3⁰
558 1617 613 1658 In
631 1616 751 1659 omni
770 1621 920 1659 autem
938 1616 1082 1673 spatio
1101 1616 1206 1658 vitae
1226 1608 1322 1671 effus
1345 1630 1433 1658 non
1451 1615 1542 1657 fuit
1560 1615 1633 1670 qui
1653 1615 1930 1671 perturbaret
1952 1615 2104 1669 Israel,
2125 1620 2168 1657 et
2187 1619 2284 1671 post

446 1681 633 1719 mortem
666 1676 761 1732 ejus
794 1675 923 1718 annis
957 1675 1122 1719 multis.
1153 1675 1186 1701 3¹
1216 1675 1321 1718 Dies
1350 1680 1501 1718 autem
1535 1674 1734 1716 victoriae
1764 1674 1897 1730 hujus
1927 1673 2191 1717 festivitatis
2226 1673 2282 1715 ab

447 1735 652 1778 Hebraeis
681 1735 727 1777 in
757 1750 939 1778 numero
965 1740 1216 1778 sanctorum
1251 1734 1422 1777 dierum
1454 1733 1691 1790 accipitur,
1720 1738 1761 1775 et
1788 1733 1948 1775 00111111·
1972 1747 1997 1775 3
2024 1732 2197 1776 Judaeis
2228 1746 2282 1775 ex

445 1793 521 1837 illo
544 1799 740 1851 tempore
762 1809 899 1851 usque
919 1794 965 1837 in
988 1800 1252 1852 praesentem
1276 1793 1406 1836 diem.
