2423 3861
751 144 854 187 JER.
889 144 1021 198 xrx,
1056 145 1082 188 5
1114 169 1172 177 -
1205 145 1310 199 xx,
1348 146 1412 187 11.
1910 131 2007 191 867ι

166 319 272 358 runt
316 314 461 357 locum
503 315 641 357 istum
684 314 900 369 sanguine
940 313 1255 367 1110000010(ος
1303 314 1320 341 ⁵
1353 320 1396 357 et
1441 314 1773 358 aedificaverunt
1821 316 1995 358 excelsa

171 373 366 429 Baalim,
393 373 448 416 ad
474 371 793 416 comburendos
827 372 939 414 filios
971 386 1073 415 suos
1104 373 1198 427 igni
1232 373 1277 414 in
1313 373 1618 416 holocaustum
1647 374 1820 416 Baalim
1853 391 1860 418 :
1895 389 1994 429 quae

162 446 255 474 non
281 432 486 488 praecepi,
512 446 591 475 nec
618 431 788 475 locutus
809 445 919 486 sum,
947 444 1027 473 nec
1053 432 1345 475 ascenderunt
1371 432 1417 474 in
1440 447 1513 475 001·
1538 447 1698 476 meum.
1722 434 1739 458 ὓ
1758 433 1994 489 Propterea

161 504 269 533 ecce
303 491 395 534 dies
425 491 628 545 veniunt,
664 489 771 532 dicit
805 489 1042 544 Dominus,
1076 496 1119 533 et
1153 505 1238 532 non
1272 491 1503 533 vocabitur
1532 492 1723 547 amplius
1757 491 1878 534 locus
1911 491 1996 535 iste

164 549 390 606 Topheth‚
420 555 463 593 et
491 549 622 592 vallis
647 548 726 591 filii
751 549 944 603 Ennorn,
968 548 1043 590 sed
1070 549 1199 591 vallis
1223 550 1466 592 occisionis.
1492 550 1506 576 ⁷
1527 551 1583 592 Et
1606 551 1830 607 dissipabo
1853 550 1994 594 consi-

168 608 276 650 lium
295 609 322 651 J
329 608 414 651 uda
437 615 479 652 et
502 608 752 651 Jerusalem
774 607 820 649 in
839 607 934 650 loco
955 607 1063 661 ist03
1089 614 1132 650 ct
1154 608 1409 650 subvertam
1432 623 1505 651 eos
1523 609 1672 664 gladio
1691 610 1737 652 in
1757 615 1995 666 conspectu

166 667 448 711 inimicorum
483 681 679 722 suorum,
719 671 762 709 et
796 666 842 708 in
879 680 1013 708 mann
1047 667 1339 721 quaerentium
1376 667 1548 709 animas
1581 682 1760 723 eorum;
1799 674 1842 712 et
1879 669 1994 712 dabo

166 726 384 769 cadavera
408 740 558 770 eorum
581 739 728 770 escam
753 724 1009 768 volatilibus
1040 725 1138 768 00011
1163 730 1206 768 et
1235 725 1388 768 bestiis
1412 731 1552 770 terrae.
1579 728 1596 752 ὅ
1616 728 1671 769 Et
1698 742 1858 783 ponam
1887 728 1995 771 civi-

151 789 305 830 tatem
334 786 447 828 hanc
477 785 523 828 in
556 791 800 841 stuporem,
835 789 878 827 et
910 784 958 838 in
985 783 1193 836 sibilum;
1223 785 1366 827 omnis
1400 785 1472 839 qui
1499 786 1761 840 praeterierit
1791 801 1868 843 per
1896 801 1995 830 eam

167 844 459 900 obstupescet,
485 850 528 887 et
553 843 753 887 sibilabit
774 857 904 900 super
929 843 1135 886 universa
1160 842 1294 899 plaga
1320 843 1428 899 ejus.
1453 843 1470 868 ⁰
1489 845 1545 886 Et
1571 844 1728 887 cibabo
1755 860 1826 887 eos
1853 845 1994 888 carni-

163 902 246 945 bus
269 903 458 945 filiorum
482 917 660 946 suorum
685 907 728 946 et
751 902 955 945 carnibus
982 902 1172 944 filiarum
1193 916 1372 944 suarum
1392 919 1400 953 ;
1427 907 1470 945 et
1492 903 1790 958 unusquisque
1817 918 1994 947 carnem

163 961 297 1004 amici
327 962 394 1004 sui
429 962 631 1005 comedet
662 962 710 1004 in
743 961 991 1016 obsidione,
1026 966 1069 1004 et
1101 961 1146 1003 in
1183 963 1392 1017 angustia
1425 961 1470 1003 in
1504 976 1589 1017 qua
1623 962 1895 1011 concludent,
1923 977 1994 1005 eos

162 1020 335 1063 inimici
362 1035 532 1076 eorum,
561 1027 604 1064 et
626 1021 699 1077 qui
723 1025 926 1076 quaerunt
950 1020 1122 1062 animas
1149 1034 1313 1064 eorum.

224 1078 259 1105 ¹⁰
286 1079 343 1122 Et
378 1085 575 1124 conteres
610 1079 897 1136 lagunculam
932 1079 979 1121 in
1013 1079 1150 1122 oculis
1185 1079 1377 1122 virorum
1415 1080 1489 1135 qui
1522 1080 1649 1124 ibunt
1686 1085 1855 1136 tecum,
1893 1079 1926 1106 1¹
1951 1086 1994 1124 et

163 1136 282 1181 dices
312 1139 369 1181 ad
402 1153 473 1182 eos
503 1155 510 1182 :
545 1140 656 1182 Haec
691 1139 799 1182 dicit
835 1138 1050 1181 Dominus
1084 1138 1359 1181 exercituum
1387 1154 1394 1181 :
1424 1139 1493 1183 Sic
1525 1145 1749 1182 conteram
1780 1139 1994 1195 populum

163 1196 317 1253 istum,
354 1203 396 1240 et
429 1199 659 1242 civitatem
691 1198 844 1253 istam,
876 1197 991 1240 sicut
1025 1197 1266 1241 conteritur
1296 1212 1372 1240 vas
1404 1197 1549 1254 figuli,
1588 1198 1703 1254 quod
1736 1213 1823 1241 non
1849 1203 1994 1254 potest

164 1256 279 1298 ultra
307 1257 573 1311 instaurari3
611 1264 652 1300 et
682 1258 727 1300 in
762 1257 965 1313 Topheth
991 1256 1272 1312 sepelientur,
1301 1271 1349 1300 00
1377 1257 1491 1312 quod
1523 1272 1609 1300 non
1642 1257 1699 1299 sit
1731 1257 1844 1299 alius
1871 1258 1992 1301 locus

163 1315 220 1357 ad
253 1316 572 1372 sepeliendum.
609 1316 644 1342 Γ)
663 1317 732 1361 Sic
766 1316 934 1359 faciam
969 1315 1069 1358 1000
1098 1315 1214 1369 huic,
1237 1316 1301 1358 ait
1327 1316 1563 1372 Dominus,
1595 1322 1637 1360 et
1666 1315 1992 1359 habitatoribus

162 1375 281 1430 ejus,
313 1381 356 1418 et
389 1389 551 1432 ponam
587 1376 815 1418 civitatem
848 1374 981 1416 istam
1007 1374 1122 1416 sicut
1151 1374 1368 1431 Topheth,
1402 1375 1437 1401 ¹3
1456 1377 1512 1418 Et
1534 1380 1660 1418 erunt
1686 1375 1841 1418 domus
1865 1377 1992 1419 Jeru-

162 1434 321 1490 salem,
356 1440 400 1477 et
425 1434 580 1477 domus
613 1448 768 1489 regum
802 1433 942 1488 ι10110,
977 1433 1092 1475 sieut
1125 1433 1247 1475 locus
1282 1434 1506 1490 Topheth,
1537 1433 1808 1488 immundae,
1842 1448 1991 1478 omnes

162 1492 318 1535 domus
344 1493 390 1534 in
420 1507 605 1548 quarum
632 1493 885 1535 domatibus
916 1491 1279 1534 sacrificaverunt
1306 1494 1424 1535 omni
1456 1493 1628 1536 militiae
1655 1492 1775 1548 caeli,
1811 1499 1855 1536 et
1881 1493 1992 1536 liba-

161 1556 319 1594 verunt
339 1551 554 1594 libamina
582 1551 666 1594 diis
687 1551 858 1595 alienis.

221 1609 256 1636 ¹4
274 1610 411 1653 Venit
442 1615 594 1653 autem
626 1610 654 1653 J
660 1610 844 1653 eremias
879 1610 932 1653 de
965 1610 1190 1666 Topheth,
1222 1624 1306 1665 quo
1340 1611 1520 1653 miserat
1550 1625 1650 1653 eum
1685 1611 1902 1654 Dominus
1936 1612 1992 1655 ad

158 1669 526 1726 prophetandum,
554 1675 597 1713 et
623 1669 745 1712 stetit
768 1669 815 1711 in
841 1668 952 1712 atrio
977 1669 1131 1711 domus
1159 1669 1354 1724 Domini,
1378 1674 1421 1712 et
1443 1669 1557 1712 dixit
1578 1670 1635 1712 ad
1659 1683 1834 1713 omnem
1856 1685 1992 1727 popu-

160 1729 252 1771 lum
275 1744 284 1772 z
313 1727 348 1754 ¹5
368 1729 479 1771 Haec
502 1729 613 1783 dicit
636 1728 852 1771 Dominus
876 1728 1163 1783 exercituum,
1190 1728 1308 1771 Deus
1333 1729 1472 1771 Israel
1501 1741 1510 1768 :
1537 1730 1652 1771 Ecce
1678 1743 1760 1784 ego
1781 1729 1993 1772 inducam

158 1802 290 1844 super
322 1788 552 1831 civitatem
584 1789 718 1843 hanc,
756 1792 798 1830 et
835 1801 965 1844 super
998 1801 1149 1829 omnes
1183 1787 1312 1830 urbes
1346 1787 1464 1843 ejus,
1498 1790 1704 1831 universa
1742 1789 1861 1831 mala
1894 1803 1992 1844 quae

157 1846 332 1889 locutus
356 1861 456 1890 sum
476 1847 713 1890 adversum
737 1861 848 1902 eam,
873 1847 1083 1902 quoniam
1105 1846 1425 1889 induraverunt
1447 1847 1665 1890 cervicem
1687 1861 1814 1890 suam
1835 1852 1884 1890 ut
1905 1862 1993 1891 non

157 1905 365 1950 audirent
389 1921 613 1949 sermones
640 1920 773 1950 meos.

223 1966 329 2010 CAP.
357 1966 457 2009 XX.
479 1991 538 1998 —-
563 1966 576 1991 ‘¹
598 1967 655 2008 Et-
680 1965 854 2009 audivit
881 1967 1085 2022 Phassur,
1111 1966 1228 2009 filius
1256 1967 1450 2024 Emmer,
1480 1967 1704 2024 sacerdos,
1731 1967 1806 2024 qni
1832 1967 1993 2011 consti-

158 2029 281 2068 tutus
304 2030 397 2068 erat
422 2025 628 2081 princeps
659 2025 706 2067 in
738 2025 867 2068 domo
896 2025 1100 2080 Domini,
1128 2025 1373 2083 Jeremiam
1402 2027 1741 2083 prophetantem
1772 2040 1993 2069 sermones

155 2084 278 2127 istos.
319 2082 337 2109 ²
366 2085 423 2127 Et
466 2084 682 2141 percussit
723 2085 916 2127 Phassur
957 2085 1199 2128 Jeremiam
1241 2086 1522 2142 prophetam,
1566 2091 1609 2128 et
1649 2085 1771 2138 misit
1807 2099 1908 2128 eum
1946 2085 1993 2128 in

157 2157 343 2186 nervum
372 2144 489 2199 quod
512 2150 605 2187 erat
626 2143 673 2185 in
693 2149 821 2199 porta
845 2143 1087 2200 Benjamin
1112 2144 1346 2200 superiori,
1367 2144 1413 2186 in
1441 2145 1569 2187 domo
1602 2145 1798 2188 Domini.
1826 2144 1845 2170 3
1862 2144 1991 2187 Cum-

158 2216 242 2258 que
262 2202 484 2245 illuxisset
509 2203 556 2245 in
579 2203 842 2258 crastinum,
867 2202 1020 2245 eduxit
1053 2204 1246 2245 Phassur
1276 2203 1519 2246 Jeremiam
1548 2203 1602 2246 de
1627 2218 1782 2259 nervo,
1810 2207 1854 2246 et
1880 2203 1993 2246 dixit

156 2261 215 2304 ad
249 2275 350 2304 eum
383 2262 601 2305 Jeremias
640 2277 649 2306 :
688 2263 788 2304 Non
826 2263 1018 2304 Phassur
1060 2262 1238 2305 vocavit
1281 2262 1496 2305 Dominus
1534 2276 1694 2305 nomen
1730 2268 1878 2318 tuum,
1915 2262 1991 2306 sed

157 2334 367 2376 pavorem
392 2320 600 2376 undique.
626 2319 645 2347 4
662 2321 774 2370 Quia
795 2321 891 2363 haec
917 2321 1027 2363 dicit
1055 2321 1273 2363 Dominus
1301 2337 1310 2364 z
1339 2322 1455 2364 Ecce
1477 2335 1558 2376 ego
1584 2321 1698 2365 dabo
1723 2327 1766 2364 te
1789 2321 1836 2363 in
1857 2335 1991 2378 pavo-

156 2394 262 2433 rem,
294 2386 338 2423 te
363 2385 406 2423 et
428 2394 578 2423 omnes
605 2379 771 2422 amicos
797 2385 894 2422 tuos
916 2398 924 2434 3
953 2385 997 2423 et
1022 2385 1226 2423 corruent
1251 2379 1401 2435 gladio
1425 2380 1708 2423 inimicorum
1730 2395 1920 2436 suorum,
1948 2386 1991 2423 et

158 2438 273 2481 oculi
298 2439 362 2481 tui
394 2439 636 2493 videbunt3
671 2444 713 2482 et
740 2453 915 2482 omnem
951 2439 1117 2482 Judam
1151 2439 1264 2482 dabo
1295 2439 1343 2481 111
1373 2454 1556 2482 manum
1587 2440 1704 2495 regis
1732 2439 1988 2496 Babylonis,

156 2504 200 2541 et
221 2498 424 2542 traducet
447 2513 520 2542 cos
545 2498 591 2541 in
619 2499 916 2555 Babylonem,
946 2504 989 2542 et
1014 2499 1232 2554 percutiet
1260 2513 1332 2541 eos
1358 2499 1521 2554 gladio.
1553 2499 1570 2525 5
1589 2500 1646 2541 Et
1676 2499 1790 2542 dabo
1816 2499 1990 2542 univer—

155 2572 250 2600 sam
275 2557 575 2601 substantiam
603 2558 798 2600 civitatis
828 2557 981 2614 hujus,
1009 2564 1052 2601 et
1081 2571 1257 2601 omnem
1288 2558 1486 2601 laborem
1508 2558 1625 2614 ejus,
1653 2572 1870 2614 omneque
1894 2572 1990 2614 pre-

154 2616 289 2672 tium,
331 2622 376 2661 et
415 2623 597 2660 cunctos
635 2618 863 2660 thesauros
909 2632 1066 2673 regum
1109 2618 1135 2660 J
1142 2617 1228 2660 uda
1269 2617 1384 2660 dabo
1431 2617 1478 2659 in
1527 2632 1660 2660 manu
1707 2617 1990 2660 inimicorum

153 2690 335 2732 eorum,
358 2681 401 2720 et
427 2677 637 2734 diripient
663 2691 755 2731 000,
781 2681 823 2719 et
845 2676 1022 2733 tollent,
1051 2682 1095 2719 et
1117 2676 1279 2719 ducent
1299 2676 1347 2718 in
1375 2676 1664 2732 Babylonem.
1691 2677 1708 2704 ⁶
1726 2677 1793 2720 Tu
1817 2681 1987 2733 autem,

155 2735 360 2791 Phassur,
391 2742 436 2780 et
469 2750 619 2779 omnes
650 2736 920 2780 habitatores
959 2736 1114 2779 domus
1142 2741 1252 2791 tuae,
1283 2735 1405 2778 ibitis
1436 2735 1483 2778 in
1508 2736 1846 2792 captivitatem3
1875 2740 1919 2779 et
1942 2736 1989 2778 in

154 2795 433 2852 Babylonem
462 2795 632 2851 venies,
660 2803 703 2838 et
728 2795 790 2838 ibi
819 2795 1037 2851 morieris,
1073 2794 1223 2850 ibique
1252 2795 1477 2851 sepelieris
1502 2800 1570 2850 tu,
1606 2800 1649 2838 et
1675 2810 1826 2839 omnes
1855 2795 1988 2837 amici
2028 2852 2031 2855 .

152 2854 239 2910 tui,
268 2855 427 2910 quibus
450 2854 723 2912 prophetasti
752 2855 1047 2898 mendacium.

213 2913 228 2939 ⁷
249 2914 472 2958 Seduxisti
499 2929 589 2969 me,
624 2914 834 2970 Domine,
865 2920 909 2957 et
942 2915 1150 2959 seductus
1177 2931 1275 2959 sum
1297 2934 1305 2972 ;
1332 2916 1490 2959 fortior
1515 2931 1584 2960 me
1613 2915 1763 2972 fuisti,
1791 2920 1834 2959 et
1861 2915 1988 2960 inva-

149 2972 303 3027 luisti3
338 2974 489 3016 factus
523 2989 619 3016 sum
652 2974 698 3016 in
734 2974 926 3016 derisum
959 2979 1052 3017 tota
1088 2975 1179 3031 die,
1215 2989 1366 3018 omnes
1402 2976 1679 3018 subsannant
1715 2989 1798 3018 me.
1834 2975 1851 3002 3
1875 2975 1987 3026 Quia

147 3031 246 3088 jam
271 3033 379 3076 olim
399 3033 566 3089 loquor,
592 3033 842 3076 vociferans
866 3033 1161 3090 iniquitatem,
1188 3041 1232 3078 et
1256 3035 1513 3078 vastitatem
1540 3035 1748 3088 clamito3
1773 3040 1817 3078 et
1837 3036 1986 3078 factus

152 3096 218 3134 est
240 3092 348 3134 mihi
379 3106 520 3136 sermo
552 3092 731 3135 Domini
754 3093 800 3135 in
825 3093 1128 3149 opprobrium,
1152 3099 1195 3137 et
1219 3094 1265 3136 in
1288 3094 1482 3137 derisum
1503 3100 1596 3138 tota
1625 3094 1707 3137 die.
1735 3093 1752 3120 9
1771 3095 1827 3136 Et
1850 3095 1944 3137 dixi
1977 3111 1985 3139 :

152 3151 253 3193 Non
280 3151 543 3195 recordabor
575 3152 692 3208 ejus,
725 3166 865 3208 neque
895 3152 1049 3208 loquar
1077 3153 1194 3196 ultra
1217 3153 1263 3196 in
1289 3153 1467 3197 nomine
1495 3153 1645 3209 illius3
1674 3160 1717 3197 et
1745 3153 1894 3197 factus
1920 3160 1985 3197 est

150 3209 198 3252 in
239 3211 368 3254 corde
407 3225 505 3254 meo
545 3212 670 3268 quasi
711 3212 828 3268 ignis
871 3217 1140 3269 exaestuans,
1185 3212 1445 3269 claususque
1482 3213 1528 3256 in
1566 3213 1736 3256 ossibus
1774 3213 1904 3268 meis,
1942 3218 1984 3256 et

150 3268 321 3327 defeci,
349 3271 467 3314 ferre
508 3286 595 3315 non
632 3272 868 3315 sustinens.
906 3270 938 3297 ¹⁰
964 3271 1129 3314 Audivi
1159 3272 1278 3315 enim
1315 3273 1606 3316 contumelias
1648 3273 1907 3325 multorum,
1941 3278 1984 3315 et

151 3333 360 3373 terrorem
392 3330 437 3373 in
472 3333 660 3375 circuitu
692 3348 701 3376 :
737 3331 1080 3387 Persequimini,
1112 3337 1156 3374 et
1183 3346 1497 3388 persequamur
1529 3347 1658 3386 eum3
1690 3332 1747 3374 ab
1780 3331 1984 3374 omnibus

151 3387 256 3431 viris
289 3390 364 3445 qui
397 3396 523 3433 erant
556 3391 729 3448 pacifici
761 3391 868 3443 mei,
907 3395 950 3433 et
975 3390 1272 3434 custodientes
1305 3392 1420 3435 latus
1446 3406 1594 3434 meum
1624 3408 1632 3434 :
1660 3391 1703 3435 Si
1738 3404 1821 3446 quo
1854 3391 1982 3435 modo

152 3445 408 3505 decipiatur,
444 3455 487 3493 et
518 3451 841 3507 praevaleamus
874 3450 1084 3492 adversus
1111 3465 1231 3506 eum,
1263 3456 1306 3494 et
1331 3465 1650 3507 consequamur
1683 3450 1898 3493 ultionem
1927 3465 1989 3503 ex·

149 3518 215 3548 00.
243 3506 276 3532 ¹²
299 3508 516 3552 Dominus
543 3515 694 3552 autem
725 3524 899 3552 mecum
924 3514 1010 3565 est,
1041 3509 1165 3565 quasi
1198 3510 1387 3553 bellator
1412 3510 1569 3566 fortis3
1597 3509 1762 3553 idcirco
1789 3509 1862 3566 qui
1887 3523 1983 3568 per-

156 3653 201 3686 19,
217 3650 247 3684 8]
266 3650 343 3683 sup.
361 3651 494 3688 xvm,
512 3656 555 3682 16.
579 3654 644 3683 inf.
662 3655 784 3689 xmx,
803 3657 836 3682 13
854 3656 887 3681 et
906 3653 943 3688 L,
961 3656 1004 3682 13.
1017 3667 1051 3673 —·
1068 3656 1114 3690 20,
1134 3655 1180 3688 11]
1201 3654 1266 3682 inf.
1284 3655 1419 3690 xxm,
1439 3656 1483 3683 40.

2098 1628 2118 1655 J
2122 1629 2263 1656 eremias

2077 1674 2111 1699 ct
2132 1671 2281 1700 Phassur

2099 1715 2262 1746 sacerdos,

2054 2931 2184 2960 Acerba
2206 2933 2296 2962 vatis

2089 2976 2131 3003 ad
2152 2977 2258 3004 Deum

2105 3019 2250 3052 querela.
