2423 3861
660 146 763 186 «11111.
797 143 982 198 XXIII,
1016 143 1071 185 22
1104 168 1162 173 —
1194 142 1361 196 XXIV,
1397 143 1436 184 7.
1877 144 1957 186 871

142 325 186 362 et
209 318 290 374 ipsi
318 315 576 368 currebant;
603 328 689 357 non
722 314 931 370 loquebar
954 312 1009 356 ad
1033 326 1125 368 eos,
1153 316 1197 355 et
1220 311 1305 368 ipsi
1331 312 1668 369 prophetabant.
1693 311 1729 338 '2'2
1748 313 1789 356 Si
1816 314 1961 356 stetis-

140 382 238 421 sent
262 377 308 418 in
331 374 514 419 consilio
539 387 656 428 meo,
677 378 721 416 et
745 378 850 415 nota
870 372 1083 416 fecissent
1104 370 1238 413 verba
1262 384 1359 413 mea
1381 372 1541 427 populo
1569 385 1679 426 mec,
1702 371 1961 415 avertissem

142 436 291 490 utique
317 449 388 478 eos
413 448 440 476 a
464 433 539 474 via
559 446 637 473 sua
665 432 782 474 mala
806 437 850 475 ct
871 446 897 473 a
919 429 1264 487 cogitationibus
1290 430 1379 472 suis
1406 431 1619 486 pessimis.

198 494 235 520 ‘²3
262 495 454 536 Putasne
493 493 612 534 Deus
642 505 664 533 e
696 491 840 533 vicino
874 503 955 546 ego
990 503 1108 544 sum,
1144 487 1253 531 dicit
1287 489 1522 545 Dominus,
1557 494 1600 533 et
1633 505 1720 535 non
1756 493 1875 535 Deus
1910 491 1962 534 dc

142 553 302 609 longe?
325 552 361 578 ‘²⁴
380 551 423 595 Si
451 549 745 593 occultabitur
764 550 830 591 vir
855 549 898 591 in
921 547 1212 602 absconditis,
1237 552 1280 590 et
1301 562 1383 603 ego
1407 562 1491 590 non
1516 549 1674 593 videbo
1700 550 1834 593 eum?
1853 550 1963 594 dicit

142 612 371 655 Dominus.
407 609 632 664 Numquid
668 623 753 651 non
788 608 946 651 ‹fwlum
977 611 1021 650 et
1050 611 1210 650 terram
1243 621 1323 661 ego
1356 607 1556 663 impleo?
1587 609 1696 651 dicit
1731 610 1960 652 Dominus.

141 670 176 698 '²⁵
196 670 360 714 Audivi
390 683 485 725 quae
517 668 723 710 dixerunt.
755 667 982 724 propheta>
1017 665 1329 722 prophetantes
1364 666 1407 708 in
1442 667 1619 710 nomine
1652 683 1749 712 meo
1783 669 1962 712 menda-

140 731 276 785 cium,
303 735 434 784 atque
457 727 654 770 dicentes
677 744 684 770 :
712 725 957 781 somniavi,
981 724 1212 767 somniavi.
1232 723 1270 750 2⁶
1286 725 1520 780 Usquequo
1541 726 1659 769 istud
1686 732 1751 770 est
1769 728 1813 770 in
1834 729 1962 771 corde

139 790 450 846 prophetarum
487 786 829 829 vaticinantium
867 784 1173 839 mendacium,
1208 788 1252 827 et
1287 785 1648 840 prophetantium
1685 787 1963 830 seductiones

140 849 281 891 cordis
315 847 404 899 sni3
441 845 475 871 ”2⁷
500 846 570 901 qui
605 845 760 887 volunt
792 845 941 887 facere
974 848 1022 885 ut
1063 842 1351 885 obliviscatur
1383 843 1571 899 populus
1611 859 1734 888 meus
1772 846 1963 888 nominis

139 907 245 958 mei,
270 911 447 962 propter
468 904 639 947 somnia
665 918 813 947 eorum
839 917 938 958 quae
965 906 1113 944 narrat
1135 901 1432 957 unusquisque
1456 903 1512 945 ad
1538 904 1789 958 proximum
1815 919 1961 955 snum,

138 967 252 1008 sicut
278 965 404 1008 obliti
432 970 533 1007 sunt
556 970 700 1020 patres
723 977 872 1006 eorum
898 961 1088 1003 nominis
1110 960 1196 1003 mei
1224 965 1399 1017 propter
1423 961 1562 1005 Baal?
1590 961 1625 987 93
1646 963 1865 1019 Propheta
1892 964 1961 1018 qui

138 1025 273 1067 habet
295 1024 530 1077 somnium,
550 1028 696 1065 narret
719 1021 938 1065 somnium
956 1038 964 1075 3
989 1025 1034 1063 et
1056 1020 1129 1075 qui
1151 1019 1288 1062 habet
1309 1033 1555 1062 sermonem
1578 1035 1738 1077 meum,
1763 1022 1966 1077 loquatur

138 1097 384 1127 sermonem
410 1097 557 1125 meum
588 1095 701 1124 vere.
729 1080 842 1130 Quid
872 1080 1009 1137 paleis
1039 1079 1096 1122 ad
1123 1078 1352 1122 triticum?
1379 1078 1488 1121 dicit
1516 1080 1744 1123 Dominus.
1776 1080 1963 1124 29Ν11111-

138 1143 242 1199 quid
274 1157 360 1185 non
387 1142 522 1185 verba
552 1144 650 1183 ine'a
678 1145 779 1182 sunt
813 1139 937 1195 quasi
970 1138 1109 1194 ignis,
1134 1137 1242 1181 dicit
1277 1137 1512 1194 Dominus,
1548 1143 1591 1182 et
1624 1139 1749 1195 quasi
1780 1140 1965 1183 malleus

138 1207 368 1245 conterens
393 1201 597 1258 petram?

197 1260 233 1288 3⁰
253 1262 490 1317 Propterea
508 1275 621 1303 ecce
655 1275 735 1316 ego
764 1260 819 1302 ad
854 1259 1111 1316 prophetas,
1138 1258 1202 1301 ait
1232 1258 1469 1313 Dominus,
1500 1258 1572 1314 qui
1599 1258 1807 1302 furantur
1832 1259 1966 1302 verba

138 1335 236 1364 mea
261 1319 560 1376 unusquisque
584 1334 610 1361 a
631 1319 832 1376 proximo
854 1332 945 1361 suo.
971 1317 1005 1344 3¹
1026 1318 1143 1361 Ecce
1166 1332 1246 1373 ego
1270 1317 1326 1360 ad
1349 1318 1609 1374 prophetas,
1636 1317 1701 1360 ait
1728 1318 1964 1373 Dominus,

137 1380 211 1435 qui
237 1383 468 1422 assumunt
490 1378 667 1434 linguas
693 1392 813 1431 suas,
838 1382 881 1420 et
902 1377 1027 1419 aiunt
1049 1393 1057 1420 :
1083 1376 1206 1419 Dicit
1229 1376 1459 1420 Dominus.
1484 1375 1520 1402 32
1542 1376 1658 1420 Ecce
1680 1391 1762 1433 ego
1783 1377 1839 1420 ad
1865 1380 1964 1434 pro-

138 1440 294 1496 phetas
335 1438 607 1480 somniantes
649 1436 951 1491 mendacium,
990 1435 1054 1477 ait
1096 1435 1334 1489 Dominus;
1376 1435 1449 1490 qui
1489 1441 1778 1478 narraverunt
1815 1451 1884 1491 ea,
1924 1441 1968 1479 et

138 1498 409 1541 seduxerunt
439 1496 651 1552 popul-um
686 1509 832 1537 meum
865 1494 912 1536 in
946 1494 1178 1537 mendacio
1212 1508 1289 1536 suo
1323 1499 1367 1537 et
1398 1494 1445 1535 in
1476 1494 1701 1537 miraculis
1727 1495 1836 1550 suis,
1868 1509 1967 1537 cum

138 1571 219 1612 ego
245 1570 330 1598 non
358 1555 577 1597 misissem
603 1568 697 1608 eOS,
728 1567 809 1596 nec
842 1552 1125 1595 mandassem
1155 1552 1237 1607 eis,
1271 1553 1344 1608 qui
1374 1553 1485 1594 nihil
1516 1554 1777 1608 profuerunt
1805 1553 1968 1610 populo

140 1615 261 1669 huic,
287 1614 396 1657 dicit
418 1614 647 1657 Dominus.
1335 1632 1337 1634 ·
1599 1664 1601 1666 q

197 1674 234 1701 33
252 1674 295 1718 Si
317 1673 454 1729 igitur
482 1672 822 1728 interrogaverit
848 1676 893 1715 te
920 1672 1123 1729 populns
1141 1672 1245 1728 iste,
1273 1672 1343 1715 vel
1373 1673 1609 1729 propheta,
1636 1678 1713 1715 aut
1742 1673 1966 1729 sacerdos,

138 1733 288 1776 dicens
312 1750 319 1776 :
346 1732 470 1783 Quod
496 1737 563 1775 cst
591 1746 700 1775 onus
727 1731 938 1775 Domini?
963 1731 1080 1774 dices
1107 1731 1163 1774 ad
1189 1745 1262 1774 eos
1290 1748 1298 1775 :
1326 1732 1416 1774 Vos
1443 1732 1547 1774 estis
1575 1746 1707 1785 onus;
1735 1732 1969 1788 projiciam

138 1793 300 1849 quippe
327 1806 426 1848 vos,
459 1791 568 1834 dicit
597 1791 827 1834 Dominus.
855 1790 892 1817 34
917 1790 976 1833 Et
1006 1791 1240 1847 propheta,
1270 1796 1313 1833 et
1343 1791 1570 1847 sacerdos,
1603 1796 1646 1834 et
1673 1791 1862 1847 populus
1896 1791 1968 1847 qui

138 1852 276 1896 dicit:
304 1852 425 1895 Onus
459 1851 661 1906 Domini,
689 1850 880 1893 visitabo
911 1864 1041 1906 super
1070 1850 1216 1892 virum
1248 1850 1377 1892 illum
1413 1855 1456 1893 et
1488 1865 1618 1907 super
1644 1850 1824 1893 domum
1858 1850 1967 1906 ejus.

138 1911 175 1938 35
202 1912 314 1954 Haec
346 1911 502 1954 dicetis
532 1909 832 1966 unusquisque
857 1909 914 1952 ad
937 1909 1210 1966 proximum,
1230 1913 1274 1952 et
1295 1909 1351 1952 ad
1375 1909 1561 1952 fratrem
1587 1924 1743 1953 suum:
1767 1909 1879 1960 Quid
1904 1924 1969 1952 re-

137 1970 317 2028 spondit
340 1969 591 2013 Dominus?
614 1974 657 2012 et
682 1968 788 2025 quid
809 1969 982 2011 locutus
1011 1973 1076 2012 est
1098 1968 1346 2012 Dominus?
1373 1969 1410 1995 36
1427 1969 1485 2011 Et
1507 1983 1616 2012 onus
1642 1968 1824 2012 Domini
1854 1969 1970 2011 ultra

137 2044 226 2072 non
259 2029 599 2085 memorabitur3
635 2028 738 2084 quia
772 2043 881 2072 onus
915 2028 997 2071 erit
1027 2027 1263 2083 unicuique
1291 2042 1434 2072 sermo
1464 2043 1587 2084 suus,
1622 2034 1665 2072 et
1697 2027 1969 2085 pervertistis

137 2089 273 2132 verba
299 2088 383 2132 Dei
404 2088 618 2145 viventis,
646 2087 828 2131 Domini
856 2087 1150 2143 exercituum,
1176 2087 1259 2130 Dei
1282 2088 1434 2130 nostri.
1454 2087 1488 2114 37
1509 2088 1622 2130 Haec
1645 2087 1764 2130 dices
1790 2087 1847 2129 ad
1867 2101 1968 2144 ‚pro-

137 2148 351 2205 phetam:
385 2147 500 2198 Quid
531 2147 759 2204 respondit
790 2147 874 2190 tibi
908 2146 1159 2189 Dominus?
1198 2151 1243 2190 et
1276 2146 1380 2202 quid
1413 2147 1584 2189 locutus
1619 2151 1685 2190 est
1719 2146 1968 2190 Dominus?

139 2207 175 2234 38
193 2207 238 2251 Si
264 2212 415 2249 autem
438 2221 547 2250 onus
570 2206 751 2250 Domini
775 2206 988 2261 dixeritis,
1016 2211 1194 2262 propter
1217 2206 1300 2249 hoc
1326 2206 1423 2249 haec
1452 2205 1562 2248 dicit
1588 2205 1831 2249 Dominus:
1859 2205 1970 2255 Quia

140 2265 315 2309 dixistis
341 2280 589 2309 sermonem
614 2266 747 2308 istum
768 2281 776 2308 :
811 2265 931 2308 Onus
958 2264 1164 2320 Domini3
1193 2270 1237 2308 et
1264 2265 1366 2307 misi
1391 2265 1448 2308 ad
1470 2278 1567 2321 vos,
1601 2264 1750 2308 dicens
1773 2281 1781 2308 :
1820 2263 1969 2307 Nolite

140 2325 312 2368 dicere:
340 2325 459 2368 Onus
487 2324 688 2380 Domini,
715 2323 752 2351 39
773 2329 1005 2381 propterea
1030 2332 1132 2367 ecce
1158 2338 1239 2380 ego
1269 2324 1426 2367 tollam
1448 2338 1526 2366 vos
1555 2329 1754 2381 portans,
1779 2329 1823 2366 et
1848 2322 1968 2366 dere-

139 2384 334 2440 linquam
363 2398 461 2439 VOS,
489 2388 532 2427 et
563 2384 792 2426 civitatem
829 2397 961 2438 quam
993 2382 1094 2426 dedi
1120 2383 1246 2425 vobis
1280 2388 1323 2426 et
1355 2383 1555 2440 patribus
1583 2383 1762 2439 vestris,
1793 2398 1818 2425 a
1850 2382 1970 2425 faeie

140 2457 266 2497 mea3
293 2443 331 2469 ⁴⁰
349 2448 391 2486 et
417 2441 531 2486 dabo
557 2457 635 2486 vos
657 2443 700 2484 in
726 2442 1009 2498 opprobrium
1035 2442 1373 2498 sempiternum,
1398 2447 1442 2485 et
1462 2442 1508 2484 in
1529 2442 1818 2498 ignominiam
1844 2446 1968 2485 aeter-

139 2516 263 2558 nam,
291 2517 389 2558 quae
412 2516 639 2557 nunquam
662 2501 884 2544 oblivione
910 2501 1140 2544 delebitur.
1865 2516 1870 2520 ·

524 2627 544 2680 ξ
579 2625 658 2667 FC.
692 2652 751 2656 ——
782 2625 993 2681 Symbola
1017 2627 1321 2682 proximorum
1355 2630 1592 2668 eventuum.

199 2741 305 2785 CAP.
336 2742 508 2784 XXIV.
535 2767 593 2773 ——
618 2741 630 2767 ¹
655 2741 860 2785 Ostendit
892 2741 1285 2791 mihivDominus:
1320 2745 1364 2784 et
1396 2755 1498 2783 ecce
1533 2739 1618 2783 duo
1652 2739 1817 2782 calathi
1850 2739 1971 2796 pleni

139 2801 255 2856 ficis,
279 2800 410 2857 positi
433 2805 536 2843 ante
565 2800 781 2857 templum
806 2799 1007 2855 Domini,
1031 2805 1267 2857 postquam
1295 2799 1524 2843 transtulit
1549 2799 1970 2854 Nabuchodonosor,

140 2874 217 2902 rex
256 2859 519 2916 Babylonis,
559 2860 587 2902 J
591 2859 845 2915 echoniam,
880 2859 1020 2902 filium
1058 2859 1260 2915 Joakim,
1299 2873 1447 2915 regem
1487 2859 1515 2901 J
1519 2858 1627 2914 uda,
1666 2862 1710 2901 et
1749 2857 1972 2914 principes

141 2919 259 2975 ejuS,
282 2923 326 2962 et
347 2919 547 2974 fabrum,
569 2924 612 2962 et
641 2918 926 2972 inclusorem,
955 2918 1008 2961 de
1034 2918 1304 2974 Jerusalem,
1329 2923 1372 2961 et
1397 2917 1585 2961 adduxit
1610 2931 1682 2960 eos
1703 2917 1751 2959 in
1779 2916 1972 2973 Babylo-

141 2992 256 3021 nem.
295 2977 312 3003 ⁶-'
338 2978 550 3022 Calathus
581 2993 692 3021 unus
729 2978 837 3021 ficus
870 2978 1008 3020 bonas
1042 2977 1237 3029 habebat
1273 2977 1430 3032 nimis,
1468 2981 1518 3020 ut
1553 2976 1698 3020 solent
1733 2976 1841 3019 ficus
1878 2990 1971 3019 esse

94 3088 97 3089 ⁷
141 3036 273 3093 primi
295 3037 530 3094 temporis3
560 3043 604 3081 et
629 3037 832 3080 calathus
858 3051 969 3079 unus
993 3036 1098 3079 ficus
1122 3036 1319 3080 habebat
1344 3037 1485 3079 malas
1510 3035 1656 3091 nimis,
1677 3049 1775 3091 quae
1798 3035 1972 3078 comedi

142 3109 229 3138 non
251 3100 457 3153 poterant
478 3110 528 3140 eo
554 3096 671 3153 quod
702 3101 848 3140 essent
877 3095 1022 3139 malae.
1044 3095 1062 3122 3
1078 3095 1138 3139 Et
1163 3095 1278 3138 dixit
1305 3095 1524 3139 Dominus
1552 3095 1609 3138 ad
1638 3109 1709 3138 me
1732 3110 1740 3138 :
1776 3093 1890 3146 Quid
1923 3099 1971 3136 tu

141 3154 279 3211 vides,
307 3156 335 3199 J
339 3155 534 3200 cremia?
558 3156 617 3198 Et
639 3155 731 3199 dixi
755 3173 763 3200 :
786 3154 933 3210 Ficus,
960 3154 1068 3198 ficus
1089 3153 1240 3211 bonas,
1264 3154 1402 3198 bonas
1419 3153 1575 3210 valde3
1597 3158 1640 3197 et
1657 3153 1811 3210 malas,
1830 3153 1970 3195 malas

141 3213 293 3269 valde,
317 3229 415 3271 quae
442 3215 614 3258 comedi
637 3229 725 3258 non
750 3218 934 3271 possunt
956 3227 1006 3257 6ο
1027 3213 1143 3270 quod
1168 3214 1258 3256 sint
1282 3214 1426 3258 malae.

202 3272 219 3299 4
237 3273 295 3316 Et
317 3274 491 3317 factum
513 3279 580 3318 est
601 3274 787 3318 verbum
813 3273 993 3317 Domini
1018 3272 1074 3315 ad
1104 3287 1194 3329 me,
1219 3273 1369 3317 dicens
1391 3290 1400 3317 ε
1422 3273 1440 3300 ⁵
1459 3273 1573 3316 Haec
1599 3273 1708 3315 dicit
1732 3272 1970 3328 Dominus,

144 3332 264 3376 Deus
291 3333 454 3377 Israel:
479 3333 604 3377 Sicut
625 3334 732 3376 ficus
754 3334 824 3376 hae
847 3333 989 3388 bonae,
1013 3332 1075 3375 sic
1099 3346 1365 3388 cognoscam
1382 3332 1817 3388 transmigrationem
1837 3331 1866 3373 J
1871 3331 1970 3387 uda,

145 3405 278 3446 quam
309 3392 434 3436 emisi
469 3392 523 3435 de
547 3393 644 3436 loco
675 3393 760 3436 isto
784 3392 831 3435 in
861 3396 1023 3435 terram
1053 3390 1385 3448 Chaldaeorum,
1411 3391 1458 3434 in
1487 3392 1665 3434 bonum.
1692 3390 1709 3416 ⁰
1727 3390 1784 3432 Et
1810 3403 1972 3446 ponam

145 3450 294 3494 oculos
320 3465 441 3495 meos
463 3466 594 3508 super
614 3467 688 3496 eos
713 3452 769 3495 ad
792 3450 1081 3507 placandum,
1109 3455 1152 3493 et
1176 3450 1386 3494 reducam
1412 3464 1484 3494 eos
1506 3449 1553 3492 in
1579 3455 1741 3492 terram
1761 3449 1901 3503 hanc;
1929 3453 1972 3491 et

147 3508 376 3552 aedificabo
407 3525 499 3566 eOS,
528 3516 570 3554 et
597 3525 684 3554 non
718 3510 970 3563 destruam3
999 3514 1042 3552 et
1072 3508 1285 3565 plantabo
1318 3523 1412 3565 eOS,
1447 3514 1489 3552 et
1521 3522 1609 3552 non
1638 3507 1842 3551 evellam.
1873 3505 1887 3533 ⁷
1914 3506 1973 3549 Et.

147 3652 195 3685 ΔΟ]
212 3651 290 3684 Sup.
308 3651 393 3688 XX,
409 3654 454 3681 11.
471 3666 505 3673 -
525 3655 555 3687 7]
571 3654 648 3687 Sul).
667 3655 733 3683 VII
748 3675 755 3689 ‚
772 3657 815 3683 23.
839 3653 905 3681 Ins.
924 3651 1060 3687 XXXI,
1081 3653 1126 3679 33.

2073 503 2224 536 Ipsorum

2051 544 2249 579 hypocrisis.

2109 1677 2200 1705 Onus

2083 1718 2224 1748 Domini.

2052 2748 2124 2775 Duo
2141 2745 2268 2775 calathi

2055 2789 2147 2823 pleni
2170 2789 2253 2819 fleis.

2066 3285 2253 3318 figurantes

2038 3331 2165 3357 sortem
2191 3329 2211 3356 J
2216 3328 2280 3356 uda

2070 3371 2248 3400 diversam.
