2423 3861
697 120 815 163 DAN.
851 120 990 169 VIII,
1029 121 1080 161 13
1113 146 1171 150 —
1203 120 1289 174 IX,
1328 121 1392 161 ll.
1877 119 1958 162 987

196 287 230 315 ¹3
248 289 306 332 Et
329 289 480 332 audivi
511 304 646 332 unum
677 290 730 332 do
762 290 928 333 sanctis
958 289 1235 345 loquentem3
1264 295 1306 333 et
1339 289 1454 332 dixit
1479 305 1589 333 unus
1622 294 1802 332 sanctus
1834 289 1960 332 alteri

134 346 283 391 nescio
317 348 385 391 cui
419 348 615 404 loquenti
643 365 651 392 :
690 349 927 405 Usquequo
956 348 1088 404 visio,
1123 353 1165 392 et
1197 349 1305 405 juge
1333 349 1621 404 sacrificium,
1655 353 1700 391 et
1729 354 1962 405 peccatum

133 406 420 450 desolationis
453 421 550 463 quae
577 408 699 450 facta
734 413 819 463 051,
847 413 890 450 01
922 407 1248 463 5011011101111111,
1276 413 1319 450 et-
1347 407 1565 451 fortitudo
1596 407 1961 451 conculcabitur?

135 464 169 492 ¹⁴
188 466 247 508 Et
268 465 382 508 dixit
404 466 469 510 ei:
497 467 647 522 Usque
677 467 732 509 ad
763 480 992 522 vesperam
1018 471 1061 509 et
1090 481 1240 521 mane,
1268 466 1361 509 dies
1391 467 1477 509 duo
1504 466 1644 509 millia
1671 465 1883 520 trecenti3
1921 472 1963 508 et

132 524 419 567 mundabitur
440 526 754 568 sanctuarium.

195 583 228 610 ¹⁵
247 584 434 626 Factum
457 589 522 627 est
543 590 693 627 autem
720 598 819 626 cum
845 584 1064 638 viderem,
1088 598 1169 639 ego
1194 585 1373 640 Daniel,
1398 586 1633 641 visionem,
1657 590 1700 629 et
1722 599 1963 641 quaererem

130 642 489 698 intelligentiam,
509 657 611 686 ecce
637 643 762 685 stetit
787 643 831 684 in
857 648 1096 698 conspectu
1120 657 1216 685 11100
1239 643 1365 698 quasi
1382 645 1550 700 species
1569 645 1664 687 viri.
1686 644 1721 671 ¹⁰
1736 645 1794 687 Et
1811 643 1963 687 audivi

131 715 284 745 vocem
307 701 388 743 viri
418 701 533 744 inter
560 701 686 755 Ulai3
713 706 755 744 et
781 701 1013 755 clamavit,
1037 706 1080 744 et
1104 701 1195 744 ait:
1223 701 1425 758 Gabriel,
1449 704 1524 746 fac
1550 703 1798 759 intelligere
1831 704 1963 747 istam

131 760 360 803 visionem.
386 759 419 786 ¹⁷
440 761 496 803 Et
521 760 664 815 venit,
699 764 742 803 et
775 759 900 802 stetit
928 759 1055 815 juxta
1091 760 1166 801 ubi
1193 774 1274 815 ego
1304 762 1504 817 stabam3
1535 777 1722 818 cumque
1748 763 1962 818 venisset,

131 833 297 875 pavens
319 819 460 862 corrui
482 819 528 860 in
554 819 720 861 faciem
743 832 887 862 meam
903 835 911 872 3
930 824 973 860 et
994 818 1057 860 ait
1079 818 1135 861 ad
1163 829 1232 861 mc
1254 835 1262 862 ε
1287 819 1518 876 Intellige,
1543 821 1604 863 fili
1630 821 1835 877 hominis,
1860 836 1963 877 quo—

132 878 251 920 niam
284 878 331 919 in
364 883 560 934 tempore
594 877 693 920 finis
724 877 1019 933 complebitur
1051 877 1176 920 visio.
1212 877 1243 903 13
1269 878 1467 933 Cumque
1500 881 1750 936 loqueretur
1782 881 1838 923 ad
1873 895 1962 936 me,

132 936 350 992 collapsus
383 950 479 978 sum
513 950 675 992 pronus
708 936 754 978 in
791 941 977 990 terram3
1009 942 1053 978 et
1081 936 1231 992 tetigit
1260 951 1351 992 me,
1382 943 1426 980 et
1455 939 1612 982 statuit
1645 953 1714 982 me
1746 939 1788 981 in
1824 940 1964 995 gradu

132 1008 248 1051 meo,
275 994 308 1021 ¹9
326 995 526 1051 dixitque
551 995 658 1037 mihi
680 1011 688 1038 :
722 997 816 1050 Ego
843 995 1072 1038 ostendam
1100 995 1181 1037 tibi
1216 1010 1313 1051 quic
1347 996 1500 1040 futura
1526 1002 1628 1040 sunt
1653 997 1699 1039 in
1725 999 1963 1053 novissimo

131 1053 476 1110 maledictionis,
505 1054 712 1110 quoniam
739 1054 874 1098 habet
898 1059 1073 1111 tempus
1096 1054 1230 1097 finem
1251 1069 1392 1097 suum.

185 1115 223 1142 ”²⁰
235 1115 384 1171 Aries,
405 1130 535 1172 quem
553 1115 708 1158 vidisti
730 1115 893 1158 habere
915 1129 1101 1171 cornua,
1122 1129 1200 1159 rex
1219 1115 1452 1160 Medorum
1475 1120 1541 1159 est
1562 1120 1696 1172 atque
1720 1116 1966 1159 Persarum.

122 1174 156 1201 2¹
183 1175 314 1218 Porro
337 1175 485 1218 hircus
509 1189 762 1232 caprarum,
785 1189 863 1218 rex
887 1176 1145 1219 Graecorum
1168 1180 1258 1230 est3
1288 1180 1332 1218 et
1355 1173 1489 1218 cornu
1511 1175 1702 1232 grande,
1731 1175 1848 1232 quod
1874 1183 1967 1218 erat

122 1234 239 1277 inter
260 1234 409 1278 oculos
432 1234 548 1290 ejus,
575 1235 670 1292 ipse
696 1239 762 1278 est
790 1248 868 1277 rex
896 1234 1080 1291 primus.
1106 1232 1143 1259 ”22
1160 1234 1286 1285 Quod
1310 1240 1463 1278 autem
1493 1235 1638 1278 fracto
1664 1234 1743 1278 illo
1768 1248 1965 1277 surrexe-

126 1299 230 1338 runt
254 1300 440 1351 quatuor
461 1310 536 1352 pro
564 1309 633 1351 eo,
658 1300 845 1351 quatuor
866 1309 991 1351 reges
1018 1295 1071 1338 de
1095 1300 1226 1351 gente
1249 1295 1346 1351 ejus
1372 1301 1659 1353 consurgent,
1686 1297 1764 1340 sed
1795 1312 1884 1341 non
1917 1298 1962 1341 in

126 1353 393 1397 fortitudine
418 1355 540 1410 ejus;
567 1353 602 1380 23
620 1361 662 1397 01
689 1360 786 1411 post
811 1368 997 1409 regnum
1023 1368 1186 1410 eorum,
1207 1368 1307 1397 cum
1331 1355 1549 1398 creverint
1566 1355 1839 1413 iniquitates,
1860 1371 1961 1400 con-

127 1418 278 1469 surget
302 1427 379 1456 rex
401 1413 635 1470 impudens
660 1414 800 1469 facie,
829 1418 872 1456 et
897 1413 1153 1469 intelligens
1178 1413 1514 1470 propositiones.
1539 1413 1575 1440 2²*
1602 1416 1658 1457 Et
1682 1415 1962 1459 roborabitur

126 1472 345 1515 fortitudo
368 1475 486 1530 ejus,
513 1473 590 1515 sed
616 1487 703 1515 11011
732 1472 778 1514 111
804 1472 970 1515 viribus
997 1473 1111 1527 suis3
1141 1478 1184 1515 et
1209 1487 1340 1528 supra
1371 1488 1502 1528 quam
1529 1474 1647 1517 credi
1673 1480 1838 1530 potest,
1865 1475 1961 1517 uni-

126 1545 254 1573 versa
279 1531 495 1587 vastabit,
520 1536 562 1574 01
588 1531 930 1587 prosperabitur,
954 1536 997 1574 et
1029 1531 1182 1574 faciet.
1215 1533 1272 1574 Et
1300 1531 1537 1575 interficiet
1564 1534 1787 1589 robustos,
1815 1539 1858 1576 et
1882 1549 1959 1590 po-

125 1589 282 1647 pulum
314 1595 567 1633 sanctorum
601 1589 636 1616 “20
662 1590 906 1633 secundum
939 1590 1217 1632 voluntatem
1247 1605 1394 1646 5110111,
1430 1596 1474 1633 01
1503 1591 1718 1647 dirigetur
1754 1592 1879 1635 dolus
1916 1593 1980 1635 in·

126 1664 261 1692 manu
286 1649 407 1705 ejus3
437 1654 480 1692 et
506 1664 580 1692 cor
604 1663 732 1692 suum
758 1649 1087 1704 magnificabit,
1107 1654 1150 1692 et
1174 1649 1221 1691 in
1248 1649 1374 1705 copia
1398 1663 1546 1692 rerum
1567 1651 1766 1693 omnium
1792 1652 1961 1695 occidet

126 1709 364 1765 plurimos,
392 1714 436 1752 et
462 1714 614 1752 contra
640 1709 887 1765 principem
912 1708 1165 1765 principum
1192 1714 1448 1764 consurget,
1473 1714 1515 1752 et
1537 1710 1630 1752 sine
1654 1724 1788 1752 manu
1815 1715 1962 1753 conte-

125 1774 256 1811 retur.
283 1767 320 1795 16
339 1769 396 1810 Ε1
417 1768 528 1811 visio
554 1782 735 1824 vespere
764 1773 809 1811 et
837 1782 968 1811 mane
994 1783 1090 1823 quae
1118 1767 1239 1811 dicta
1264 1773 1350 1824 est,
1378 1782 1482 1810 vera
1512 1774 1600 1823 est;
1629 1774 1677 1812 tu
1703 1783 1807 1825 ergo
1832 1769 1963 1812 visio-

125 1841 227 1871 nem
254 1827 401 1884 signa,
425 1828 527 1883 quia
549 1834 647 1884 post
673 1828 835 1871 multos
858 1827 951 1870 dies
977 1828 1072 1870 erit.

185 1885 220 1912 17
252 1889 309 1930 Ε1
338 1901 420 1943 ego
447 1887 608 1930 Daniel
641 1887 816 1943 langui,
853 1891 897 1929 et
929 1887 1142 1942 aegrotavi
1175 1902 1252 1944 per
1285 1887 1401 1943 dies,
1436 1903 1622 1944 cumque
1653 1888 1961 1946 surrexissem,

125 1947 352 1989 faciebam
375 1961 506 2003 opera
530 1946 666 2002 regis,
691 1953 735 1989 et
756 1947 988 2004 stupebam
1016 1946 1072 1989 ad
1096 1947 1332 2003 visionem,
1357 1953 1400 1991 et
1426 1962 1513 1991 non
1536 1952 1629 1990 erat
1652 1948 1725 2003 qui
1750 1948 1964 2005 interpre-

125 2010 304 2049 taretur.

416 2110 438 2163 ξ
468 2108 558 2152 ΙΙΙ.
586 2134 641 2139 —
667 2108 895 2151 Revelatio
928 2108 980 2151 cle
1012 2110 1289 2164 septuayinta
1319 2108 1675 2152 hebdomadibus.

187 2229 291 2272 CAP.
316 2230 397 2272 IX.
423 2256 482 2262 —
508 2229 521 2254 ¹
545 2231 600 2272 In
625 2244 742 2273 anno
764 2230 904 2286 primo
933 2230 1077 2286 Darii,
1102 2230 1181 2272 filii
1204 2230 1406 2285 Assueri,
1438 2229 1491 2272 de
1518 2230 1686 2272 semine
1710 2230 1962 2286 Medorum,

128 2288 202 2343 qui
233 2288 470 2344 imperavit
506 2303 637 2345 super
665 2303 851 2344 regnum
878 2289 1217 2344 Chaldaeorum,
1249 2288 1266 2314 2
1300 2303 1417 2331 anno
1449 2303 1537 2331 uno
1570 2289 1696 2345 regni
1727 2289 1845 2345 ejus,
1881 2303 1964 2345 ego

128 2347 290 2390 Daniel
325 2347 528 2391 intellexi
557 2348 603 2390 in
636 2347 761 2391 libris
798 2363 1032 2391 numerum
1068 2363 1304 2404 annorum,
1337 2348 1391 2391 de
1422 2362 1506 2404 quo
1540 2348 1688 2391 factus
1722 2353 1786 2391 est
1820 2363 1962 2391 sermo

127 2406 308 2450 Domini
334 2407 391 2450 ad
414 2407 656 2450 Jeremiam
682 2407 963 2464 prophetam,
986 2412 1035 2450 ut
1057 2407 1383 2464 complerentur
1405 2407 1690 2451 desolationis
1713 2408 1963 2451 Jerusalem

127 2466 411 2523 septuaginta
436 2467 555 2509 anni.
576 2467 593 2493 3
612 2468 668 2509 Ε1
694 2467 819 2523 posui
841 2466 1007 2510 faciem
1031 2481 1177 2510 meam
1202 2467 1258 2509 ad
1283 2466 1524 2509 Dominum
1547 2467 1692 2510 Deum
1716 2481 1876 2523 meum,
1895 2481 1960 2509 ro-

127 2539 232 2581 gare
258 2532 301 2568 et
326 2525 553 2582 deprecari
582 2526 628 2568 in
653 2525 856 2582 jejuniis,
880 2540 1007 2569 sacco
1034 2532 1076 2569 et
1103 2527 1260 2570 cinere.

186 2585 277 2628 1Ε1
302 2585 421 2628 oravi
447 2585 690 2629 Dominum
717 2586 861 2628 Deum
887 2600 1056 2641 meum,
1081 2592 1122 2629 et
1145 2587 1376 2630 confessus
1401 2601 1519 2642 sum,
1549 2592 1593 2630 et
1615 2587 1707 2630 dixi
1726 2604 1734 2630 :
1755 2587 1960 2643 Obsecro,

128 2645 339 2699 Domine,
379 2646 498 2688 Deus
529 2659 691 2701 magne
721 2650 764 2688 et
792 2645 1021 2701 terribilis,
1054 2645 1307 2689 custodiens
1335 2651 1517 2703 pactum
1543 2652 1587 2689 et
1612 2646 1962 2689 misericordiam

128 2704 419 2760 diligentibus
456 2709 520 2761 te,
548 2710 592 2747 et
618 2704 970 2747 custodientibus
1000 2705 1213 2747 mandata
1246 2710 1336 2749 tua.
1367 2705 1384 2731 ⁵
1410 2705 1720 2762 Peccavimus,
1750 2705 1960 2761 iniquita-

126 2769 219 2807 tem
244 2764 455 2820 fecimus,
481 2764 835 2821 impie'egimus,
864 2768 907 2807 et
940 2764 1222 2821 recessimus,
1250 2770 1294 2807 et
1327 2764 1648 2808 declinavimus
1678 2780 1705 2808 a
1736 2765 1962 2808 mandatis

127 2824 215 2867 tuis
245 2838 296 2867 ac
329 2823 524 2880 judiciis.
551 2824 569 2850 6
594 2824 694 2866 Νο11
725 2823 1003 2867 obedivimus
1028 2824 1166 2867 servis
1196 2824 1282 2867 tuis
1313 2824 1560 2881 prophetis,
1589 2824 1664 2880 qui
1697 2825 1834 2868 locuti
1860 2830 1962 2868 sunt

125 2883 172 2926 in
197 2884 375 2928 nomine
397 2889 473 2927 tuo
499 2883 677 2939 regibus
698 2883 880 2939 nostris,
899 2883 1173 2940 principibus
1196 2884 1377 2938 nostris,
1400 2884 1599 2941 patribus
1622 2884 1796 2940 nostris,
1820 2884 1962 2927 omni-

127 2958 210 3000 que
232 2943 394 3001 populo
424 2949 566 2987 terrae.
590 2942 604 2968 7
624 2943 746 2999 Tibi,
774 2943 984 2999 Domine,
1012 2943 1210 2999 justitia;
1238 2943 1365 2987 nobis
1398 2948 1547 2987 autem
1574 2944 1778 2987 confusio
1802 2944 1959 3000 faciei,

126 3003 242 3046 sicut
267 3009 333 3046 est
357 3003 488 3046 hodie
509 3003 600 3046 viro
627 3004 655 3046 J
660 3003 767 3058 uda,
795 3007 839 3046 et
863 3002 1189 3046 habitatoribus
1215 3003 1485 3059 Jerusalem,
1509 3009 1553 3046 et
1575 3003 1695 3046 omni
1717 3003 1870 3059 Israel,
1893 3003 1960 3046 his

127 3062 201 3119 qui
227 3077 362 3120 prope
392 3069 514 3119 sunt,
543 3069 585 3106 et
614 3061 785 3118 his'qui
810 3061 962 3119 procul
988 3062 1033 3104 in
1062 3062 1278 3106 universis
1308 3063 1435 3106 terris
1468 3063 1524 3105 ad
1550 3077 1658 3119 quas
1684 3063 1859 3119 ejecisti
1888 3077 1961 3107 005

126 3129 304 3180 propter
333 3123 590 3179 iniquitates
617 3137 788 3178 eorum,
818 3122 863 3164 in
895 3121 1052 3178 quibus
1074 3127 1370 3178 peccaverunt
1393 3122 1440 3165 in
1466 3127 1522 3165 10.
1549 3122 1566 3149 8
1589 3123 1799 3179 Domine,
1834 3122 1962 3165 nobis

127 3183 333 3227 confusio
355 3183 512 3238 faciei,
540 3182 718 3239 regibus
744 3181 925 3235 nostris,
956 3181 1230 3238 principibus
1260 3182 1441 3239 nostris,
1473 3187 1518 3225 et
1546 3182 1746 3239 patribus
1778 3181 1959 3237 nostris,

129 3243 202 3299 qui
224 3248 533 3300 peccaverunt.
562 3242 579 3268 9
596 3242 698 3285 Tibi
719 3246 890 3297 autem,
923 3240 1113 3284 Domino
1143 3242 1236 3285 Deo
1267 3247 1435 3298 nostro,
1467 3241 1769 3285 misericordia
1797 3246 1839 3284 et
1864 3254 1961 3297 pro-

128 3303 304 3359 pitiatio
326 3320 335 3358 ;
361 3302 465 3358 quia
493 3302 755 3346 recessimus
787 3316 812 3343 a
846 3306 909 3355 10,
942 3299 978 3326 ¹0
995 3306 1039 3344 et
1070 3315 1158 3344 non
1187 3301 1441 3345 audivimus
1475 3315 1629 3345 vocem
1664 3300 1844 3343 Domini
1879 3299 1960 3343 Dei

129 3363 287 3419 nostri,
314 3367 362 3405 ut
394 3362 723 3405 ambularemus
752 3361 798 3402 in
824 3361 922 3416 lege
949 3360 1065 3416 ejus,
1092 3375 1226 3416 quam
1251 3361 1398 3418 posuit
1427 3361 1553 3404 nobis
1587 3375 1663 3417 per
1684 3373 1831 3403 servos
1860 3373 1960 3402 suos

130 3423 379 3479 prophetas.
403 3421 436 3448 ¹¹
458 3423 515 3465 Et
540 3422 683 3466 omnis
710 3419 847 3464 Israel
869 3419 1150 3476 praevaricati
1176 3426 1277 3464 sunt
1299 3421 1446 3477 legem
1470 3426 1614 3474 tuam,
1641 3424 1685 3462 et
1711 3419 1962 3462 declinave-

130 3487 233 3524 runt
263 3495 318 3524 ne
349 3481 554 3524 audirent
581 3495 735 3524 vocem
764 3485 911 3534 tuam;
947 3483 990 3522 et
1025 3479 1213 3523 stillavit
1245 3494 1376 3538 super
1408 3493 1487 3523 nos
1520 3478 1776 3522 maledictio
1811 3483 1855 3522 et
1887 3478 1960 3521 de-

138 3646 167 3679 2]
181 3647 249 3674 Jcr.
268 3646 373 3682 XXV,
391 3649 423 3674 11
442 3650 476 3674 et
493 3647 621 3681 XXIX,
640 3650 682 3674 10.
711 3661 748 3665 -
775 3646 804 3678 4]
824 3645 859 3672 II
878 3643 972 3672 Esar.
997 3645 1022 3677 Ι,
1039 3648 1065 3672 5.
1095 3659 1132 3664 -
1158 3645 1187 3676 5]
1215 3645 1288 3672 Bar.
1316 3643 1342 3673 I,
1361 3645 1404 3671 17.
1434 3656 1469 3662 —-
1500 3642 1545 3675 ll]
1566 3642 1663 3669 Dent.
1685 3642 1830 3676 XXVII,
1848 3643 1891 3670 14.

2049 595 2250 627 Interpreta-

2041 637 2090 666 tio
2109 637 2257 667 visionis.

2038 2242 2262 2273 Introductis.

2091 2593 2204 2622 Oratio

2028 2637 2177 2666 Danielis
2209 2644 2268 2670 pro

2040 2681 2164 2715 populo
2183 2689 2254 2710 suo.
