2456 3861
91 475 177 502 nom<
196 474 225 505 11
241 481 301 501 tca-

104 524 168 545 tur.
186 517 285 543 altari

109 567 221 589 erm-to
247 561 277 588 In

88 613 164 633 arca
183 609 301 634 ornan.

92 2204 239 2238 operarii
260 2207 294 2232 et

122 2249 271 2277 materiae

99 2301 289 2326 comparan-

159 2343 195 2366 tu
201 2345 224 2366 r.

75 2619 234 2649 Hortatio
275 2620 315 2647 ad

90 2666 299 2693 Salomonem

107 2710 146 2737 (le
164 2707 280 2740 templi

105 2757 288 2781 structura.

381 116 468 159 400
895 112 916 154 Ι
951 112 1060 154 PAR.
1096 111 1230 164 XXI,
1267 111 1320 154 18
1352 138 1412 143 —
1442 111 1604 166 XXII,
1640 111 1708 154 11.

380 287 462 329 iste
489 300 596 340 grex
625 284 730 340 quid
757 280 1055 326 commeruit?
1081 279 1270 322 Domine
1286 281 1405 324 Deus
1431 295 1573 335 meus,
1600 284 1817 334 vertatur,
1839 278 2039 336 obsecro,
2058 295 2213 324 manus

380 352 453 387 tua
490 345 537 385 in
570 358 664 399 me,
699 348 742 386 et
774 342 822 384 in
855 341 1036 384 domum
1073 339 1210 395 patris
1244 339 1358 393 mei,
1394 340 1580 396 populus
1614 344 1766 381 autem
1798 342 1900 380 tuus
1936 351 2026 380 non
2061 353 2212 395 percu-

380 404 526 446 tiatur.

442 462 474 488 ¹⁸
498 462 696 517 Angelus
718 465 869 504 autem
894 458 1074 502 Domini
1100 458 1314 514 praecepit
1337 458 1457 513 Grad,
1481 464 1529 501 ut
1553 458 1719 500 diceret
1742 455 1908 500 Davidi
1930 461 1980 498 ut
2004 457 2214 500 ascende-

379 528 464 577 ret,
489 525 820 575 exstrueretque
847 518 986 561 altare
1011 516 1202 560 Domino
1225 517 1320 560 Deo
1341 517 1387 559 in
1406 531 1507 561 area
1531 517 1680 560 Ornan
1704 515 1915 559 Jebusaei.
1940 514 1976 541 ¹9
1999 515 2217 558 Ascendit

379 594 484 636 ergo
511 579 658 623 David
684 579 813 634 juxta
835 591 1084 621 sermonem
1107 576 1227 631 Gad,
1255 591 1384 631 quem
1406 576 1579 619 locutus
1605 575 1645 618 ei
1668 575 1819 617 fuerat
1844 588 1900 617 ex
1925 574 2104 617 nomine
2128 575 2233 627 Dos

379 639 502 682 mini.
530 638 566 664 90
594 639 725 681 Porro
753 638 902 681 Ornan
935 651 1036 679 cum
1069 635 1360 692 suspexisset,
1391 641 1435 678 et
1464 635 1648 678 vidisset
1681 633 1913 689 angelum,
1945 638 2216 689 quatuorque

378 698 458 741 filii
485 698 582 754 ejus
606 711 707 740 cum
729 711 800 752 eo,
827 696 1157 739 absconderunt
1179 709 1248 746 seg
1278 709 1382 737 nam
1406 709 1455 738 eo
1481 700 1679 750 tempore
1706 693 1878 736 terebat
1909 692 1956 734 in
1981 707 2084 736 area
2102 693 2217 736 trit-i-

379 773 494 802 cum.
529 756 561 782 2¹
588 757 733 812 Igitur
763 771 864 799 cum
895 755 1067 798 veniret
1098 753 1245 798 David
1275 754 1332 797 ad
1370 755 1538 810 Ornan,
1575 752 1807 809 conspexit
1837 766 1938 795 eum
1969 752 2139 808 Ornan,
2173 756 2219 796 et

378 816 592 874 processit
614 816 654 859 ei
676 816 855 859 obviam
875 815 928 858 de
946 829 1068 870 area,
1093 819 1137 856 et
1158 813 1361 856 adoravit
1379 828 1479 856 eum
1497 826 1661 869 pronus
1680 812 1725 854 in
1747 817 1925 854 terram.
1944 810 1981 836 99
2005 811 2218 867 Dixitque

379 877 418 920 ei
442 875 589 920 David
617 892 625 918 :
650 877 719 918 Da
752 874 862 917 mihi
892 874 1039 917 locum
1071 887 1185 916 areae
1218 878 1328 928 tuae,
1353 878 1401 915 ut
1436 872 1653 915 aedificem
1686 871 1731 914 in
1765 885 1818 914 ea
1839 871 1979 913 altare
2003 870 2216 927 Domino,

378 936 443 978 ita
468 941 515 979 ut
539 940 754 991 quantum
776 935 897 977 valet
919 933 1094 989 argenti
1115 931 1355 988 accipiasp,
1371 936 1415 974 et
1440 936 1582 974 cesset
1606 931 1742 987 plaga
1763 945 1789 973 a
1823 929 1999 987 populo.
2028 928 2066 956 93
2091 929 2219 972 Dixit

379 1000 529 1038 autem
557 995 707 1038 Ornan
740 994 796 1037 ad
836 993 982 1036 David
1017 991 1195 1047 :Tolle,
1227 996 1271 1034 et
1291 991 1434 1033 faciat
1468 990 1671 1033 dominus
1704 1004 1828 1033 meus
1862 1004 1940 1032 rex
1977 989 2219 1045 quodcum-

381 1069 462 1110 que
496 1055 536 1097 ei
564 1054 738 1111 placet3
774 1053 850 1096 sed
873 1059 916 1095 et
946 1052 1081 1095 boves
1112 1052 1166 1094 do
1201 1050 1249 1092 in
1277 1049 1607 1103 holocaustum,
1642 1054 1685 1093 et
1715 1048 1902 1091 tribulas
1934 1048 1980 1090 in
2006 1048 2150 1104 ligna,
2174 1053 2218 1091 et

379 1114 577 1157 triticum
603 1114 649 1156 in
675 1112 967 1166 sacrificium,
989 1111 1136 1154 omnia
1160 1110 1304 1152 libens
1329 1108 1553 1164 praebebo.
1581 1107 1617 1134 94
1633 1108 1846 1163 Dixitque
1872 1106 1911 1150 ei
1937 1122 2015 1150 rex
2038 1107 2186 1150 David
2208 1125 2217 1152 t

380 1173 672 1228 Nequaquam
695 1172 758 1214 ita
783 1171 879 1225 fiet,
903 1170 979 1213 sed
1002 1174 1238 1225 argentum
1265 1167 1380 1211 dabo
1405 1172 1622 1223 quantum
1643 1167 1789 1221 valet3
1817 1180 1960 1221 neque
1987 1166 2107 1209 enim
2135 1167 2219 1210 tibi

379 1233 556 1274 auferre
583 1231 744 1287 debeo,
769 1236 812 1273 et
837 1229 900 1272 sic
935 1228 1094 1272 offerre
1130 1227 1321 1271 Domino
1354 1227 1613 1270 holocausta
1648 1225 1855 1282 gratuita.
1891 1224 1927 1251 95
1949 1225 2086 1269 Dedit
2116 1240 2219 1282 ergo

380 1291 530 1333 David
561 1291 731 1345 Ornan,
761 1303 839 1345 pro
868 1289 985 1343 loco,
1021 1287 1151 1330 siclos
1187 1287 1281 1329 auri
1314 1285 1551 1342 justissimi
1585 1285 1792 1342 ponderis
1829 1289 2076 1328 sexcentos.
2100 1284 2137 1311 2⁶
2163 1286 2219 1328 Et

379 1346 619 1390 {edificavit
632 1346 694 1389 ibi
708 1345 850 1389 altare
865 1345 1071 1400 Domino,
1086 1342 1337 1398 obtulitque
1351 1342 1613 1385 holocausta
1629 1349 1672 1386 et
1690 1344 1877 1401 pacifica
1896 1361 1904 1399 3
1928 1349 1973 1387 et
1993 1344 2219 1387 invocavit

381 1405 645 1459 Dominum,
680 1409 724 1447 et
757 1403 989 1446 exaudivit
1026 1417 1127 1446 eum
1161 1402 1207 1445 in
1243 1403 1347 1459 igne
1386 1403 1439 1446 de
1474 1403 1584 1446 caelo
1617 1418 1749 1460 super
1781 1403 1921 1446 altare
1958 1403 2219 1447 holocausti.

380 1463 415 1490 97
443 1464 748 1520 Praecepitque
773 1462 990 1505 Dominus
1016 1462 1197 1518 angelo,
1229 1467 1272 1505 et
1298 1461 1518 1506 convertit
1543 1462 1745 1518 gladium
1771 1477 1899 1505 suum
1920 1462 1968 1505 in
1992 1463 2219 1519 vaginam.
2263 1512 2266 1515 v

380 1522 416 1550 23
439 1523 645 1567 Protinus
683 1537 786 1578 ergo
825 1522 972 1564 David
1010 1522 1167 1564 videns
1201 1522 1317 1577 quod
1355 1521 1609 1565 exaudisset
1646 1536 1745 1564 eum
1785 1522 2004 1565 Dominus
2036 1522 2083 1564 in
2119 1537 2221 1566 area

381 1584 530 1626 Ornan
556 1582 776 1637 Jebusaei,
804 1581 1056 1624 immolavit
1079 1581 1140 1622 ibi
1167 1581 1387 1623 victimas.
1418 1579 1454 1606 99
1476 1580 1835 1623 Tabernaculum
1864 1587 2016 1624 autem
2038 1581 2220 1625 Domini

381 1642 496 1697 quod
522 1642 693 1685 fecerat
718 1641 896 1697 Moyses
916 1640 964 1682 in
987 1640 1180 1695 deserto,
1208 1645 1251 1682 et
1280 1640 1418 1682 altare
1453 1639 1832 1695 holocaustorum,
1869 1655 1920 1684 ea
1954 1646 2220 1697 tempestate

381 1709 476 1744 erat
496 1701 543 1744 in
570 1701 744 1744 excelso
768 1700 970 1744 Gabaon.
993 1699 1030 1725 3⁰
1056 1700 1113 1741 Et
1139 1713 1227 1742 non
1250 1699 1487 1755 praevaluit
1514 1699 1661 1742 David
1689 1699 1752 1742 ire
1790 1700 1847 1742 ad
1883 1700 2045 1756 altare,
2079 1705 2128 1742 ut
2155 1699 2219 1742 ibi

379 1764 631 1807 obsecraret
653 1764 824 1818 Deum,
845 1762 983 1805 nimio
1002 1762 1121 1805 enim
1144 1762 1294 1804 fuerat
1311 1760 1357 1802 in
1375 1761 1533 1803 timore
1556 1760 1827 1816 perterritus,
1843 1760 2000 1804 videns
2021 1760 2223 1817 gladium

379 1824 529 1880 angeli
558 1823 752 1867 Domini.

737 1943 902 1986 SECTIO
937 1943 1002 1985 ΙΙ.
1031 1968 1089 1972 —-
1120 1942 1313 1984 ULTIMA
1347 1951 1493 1983 FACTA
1527 1953 1669 1983 ΗΕΘΜ
1706 1941 1860 1983 DAVID

591 2067 612 2120 ξ
638 2066 673 2108 Ι.
691 2090 746 2096 —
774 2064 931 2107 David
949 2069 1091 2120 parat
1111 2063 1357 2106 necessaria
1381 2062 1444 2104 ad
1459 2061 1770 2118 cedificandum
1789 2061 2008 2117 templum.

440 2182 545 2226 CAP.
572 2181 724 2223 XXII.
748 2207 808 2213 —
831 2179 844 2205 ¹
871 2179 1084 2235 Dixitque
1109 2179 1255 2222 David
1287 2196 1296 2223 :
1333 2180 1446 2222 Haec
1479 2182 1546 2222 est
1583 2178 1739 2221 domus
1770 2177 1874 2232 Dei,
1902 2181 1947 2219 et
1973 2176 2057 2219 hoc
2079 2175 2219 2220 altare

380 2241 424 2284 in
447 2242 754 2285 holocaustum
781 2239 933 2282 Israel.
960 2237 977 2264 9
1011 2240 1068 2281 Et
1094 2239 1306 2295 praecepit
1336 2243 1385 2281 ut
1413 2242 1787 2293 congregarentur
1822 2250 1973 2280 omnes
2006 2235 2217 2293 proselyti

380 2302 433 2345 de
459 2306 575 2344 terra
602 2299 761 2354 Israel,
789 2303 833 2342 et
855 2298 1086 2341 constituit
1109 2312 1164 2341 ex
1189 2298 1253 2341 eis
1282 2297 1471 2340 latomos
1501 2297 1558 2340 ad
1592 2296 1827 2340 caedendos
1860 2295 2032 2352 lapides
2065 2300 2111 2343 et
2142 2309 2217 2352 po-

379 2360 571 2415 liendos,
594 2365 643 2402 ut
670 2358 964 2401 aedificaretur
991 2358 1146 2400 domus
1166 2357 1262 2400 Dei.
1287 2357 1305 2384 3
1331 2358 1515 2400 Ferrum
1535 2370 1704 2412 quoque
1730 2355 1971 2411 plurimum
1989 2354 2047 2397 ad
2069 2354 2217 2397 clavos

378 2421 635 2477 januarum,
664 2425 708 2461 et
732 2417 788 2460 ad
816 2417 1126 2460 commissuras
1149 2422 1281 2472 atque
1302 2416 1535 2473 juncturas
1557 2414 1827 2472 praeparavit
1853 2414 2022 2470 David,
2050 2419 2094 2456 et
2120 2412 2218 2456 aeris

379 2479 550 2537 pondus
583 2476 922 2520 innumerabile.
957 2476 975 2503 4
1009 2476 1154 2532 Ligna
1188 2491 1358 2532 quoque
1394 2475 1573 2518 cedrina
1611 2489 1699 2518 non
1736 2478 1942 2530 poterant
1980 2472 2207 2528 aestimari,

379 2553 477 2595 quae
504 2537 672 2582 Sidonii
699 2542 743 2580 et
767 2536 890 2593 Tyrii
918 2536 1261 2593 deportaverant
1283 2535 1339 2578 ad
1365 2535 1526 2578 David.

438 2599 455 2625 5
482 2599 539 2641 Et
558 2597 673 2641 dixit
695 2596 842 2639 David
868 2613 876 2640 :
901 2596 1128 2652 Salomon,
1148 2595 1264 2638 filius
1282 2609 1405 2638 meus
1423 2630 1431 2650 ,
1450 2609 1559 2652 puer
1580 2593 1790 2650 parvulus
1814 2598 1881 2636 est
1902 2597 1947 2636 et
1970 2591 2186 2635 delicatus
2206 2609 2216 2647 3

380 2658 536 2701 domus
562 2662 733 2711 autem,
756 2670 889 2712 quam
912 2655 1122 2698 aedificari
1140 2655 1241 2697 volo
1268 2655 1480 2710 Domino,
1501 2653 1603 2696 talis
1626 2667 1719 2696 esse
1746 2652 1878 2695 debet
1904 2656 1952 2694 ut
1976 2651 2022 2693 in
2046 2651 2218 2694 cunctis

379 2716 634 2773 regionibus
661 2715 926 2759 nominetur.
955 2714 1222 2771 Praeparabo
1246 2729 1350 2770 ergo
1376 2714 1415 2757 ei
1439 2712 1699 2757 necessaria.
1728 2712 1786 2755 Et
1812 2711 1865 2754 ob
1892 2711 2007 2753 hanc
2038 2725 2218 2753 causam

380 2783 484 2820 ante
514 2781 702 2819 mortem
739 2789 864 2818 suam
898 2789 1050 2817 omnes
1082 2774 1353 2831 praeparavit
1384 2773 1621 2830 impensas.
1655 2772 1673 2799 ⁶
1705 2770 1982 2826 Vocavitque
2023 2770 2216 2814 Salomo-

382 2850 503 2890 nem,
542 2835 683 2877 filium
719 2849 867 2890 suum,
902 2840 946 2877 et
978 2833 1193 2890 praecepit
1229 2833 1269 2876 ei
1305 2837 1352 2876 ut
1390 2832 1631 2876 aedificaret
1663 2831 1844 2874 domum
1879 2830 2091 2885 Domino,
2124 2829 2219 2872 Deo

382 2894 535 2937 Israel.
563 2894 577 2920 ⁷
602 2894 816 2950 Dixitque
851 2893 998 2936 David
1030 2893 1087 2936 ad
1121 2893 1404 2936 Salomonem
1433 2909 1442 2936 :
1481 2891 1571 2934 Fili
1602 2890 1683 2946 mi,
1710 2889 1954 2932 voluntatis
1985 2902 2097 2931 meae
2129 2887 2219 2930 fuit

381 2959 431 2996 ut
457 2953 723 2996 aedificarem
750 2954 928 2996 domum
958 2952 1127 2996 nomini
1159 2952 1337 2995 Domini
1370 2951 1452 2995 Dei
1483 2950 1602 3005 mei3
1637 2950 1654 2977 8
1686 2949 1763 2992 sed
1794 2948 1943 2991 factus
1978 2954 2043 2991 est
2076 2961 2218 2990 sermo

384 3013 564 3055 Domini
601 3013 658 3054 ad
680 3027 770 3068 me,
806 3012 956 3055 dicens
985 3029 993 3056 :
1028 3012 1221 3054 Multum
1254 3012 1513 3068 sanguinem
1547 3008 1767 3064 effudisti,
1798 3013 1842 3051 et
1876 3008 2067 3064 plurima
2100 3006 2221 3049 bella

382 3071 559 3115 bellasti
578 3089 586 3127 3
613 3086 701 3114 non
726 3071 890 3127 poteris
918 3071 1136 3114 aedificare
1160 3071 1340 3113 domum
1361 3070 1531 3114 nomini
1549 3083 1670 3124 meo,
1693 3072 1818 3111 tanto
1837 3068 1979 3111 effuso
2001 3065 2218 3122 sanguine

385 3145 533 3174 coram
558 3145 641 3173 me.
669 3130 686 3157 9
708 3131 849 3173 Filius
875 3131 947 3186 qui
970 3136 1176 3173 nascetur
1209 3130 1292 3173 tibi
1321 3131 1405 3174 erit
1436 3131 1503 3173 vir
1536 3127 1863 3186 quietissimus,
1899 3126 2068 3169 faciam
2099 3124 2218 3167 enim

385 3205 486 3234 eum
511 3190 783 3246 requiescere
809 3190 865 3232 ab
893 3190 1095 3232 omnibus
1120 3190 1314 3233 inimicis
1337 3190 1426 3233 suis
1451 3205 1527 3247 per
1549 3188 1807 3241 circuitum3
1832 3193 1876 3230 et
1901 3187 1955 3230 ob
1978 3186 2093 3228 hanc
2116 3198 2218 3227 cau-

386 3264 481 3293 sam
505 3249 722 3293 Pacificus
747 3248 1003 3303 vocabitur3
1027 3254 1071 3292 et
1096 3263 1252 3305 pacem
1278 3255 1322 3292 et
1340 3249 1479 3292 otium
1499 3248 1611 3292 dabo
1635 3247 1682 3289 in
1709 3246 1847 3289 Israel
1868 3245 2039 3289 cunctis
2062 3243 2218 3287 diebus

386 3310 497 3366 ejus.
525 3308 561 3336 ¹⁰
587 3309 688 3365 Ipse
715 3307 954 3351 aedificabit
981 3308 1161 3351 domum
1186 3309 1357 3351 nomini
1382 3322 1504 3363 meo,
1540 3312 1584 3350 et
1611 3307 1705 3362 ipse
1732 3305 1814 3349 erit
1848 3305 1956 3348 mihi
1981 3303 2028 3346 in
2055 3302 2216 3357 filium,

388 3376 431 3412 et
452 3383 534 3425 ego
557 3382 630 3411 ero
660 3368 726 3410 illi
761 3367 805 3409 in
836 3372 1026 3424 patrem,
1058 3368 1328 3424 firmaboque
1357 3367 1517 3411 solium
1549 3365 1674 3422 regni
1705 3365 1803 3421 ejus
1836 3378 1966 3421 super
1995 3361 2135 3406 Israel
2169 3360 2216 3403 in

390 3434 618 3471 aeternum.
654 3426 686 3453 ¹¹
722 3428 851 3470 Nunc
883 3440 1007 3482 ergo,
1039 3426 1101 3468 fili
1136 3426 1220 3482 mi,
1257 3427 1314 3469 sit
1347 3426 1563 3470 Dominus
1597 3430 1764 3480 tecum,
1792 3430 1836 3467 et
1865 3434 2145 3480 prosperare3
2173 3425 2219 3463 et

389 3586 436 3619 26]
459 3587 489 3613 Π
511 3586 582 3613 Par.
603 3586 719 3620 111,1.
737 3599 774 3604 —
791 3585 838 3618 29]
858 3583 917 3612 Ex.
938 3584 1105 3618 XXXVI,
1123 3585 1148 3611 2.
1163 3597 1199 3602 —-
1221 3585 1268 3617 10‘]
1290 3583 1323 3610 11
1343 3584 1426 3616 Reg.
1449 3583 1593 3617 V11,13.
1622 3581 1675 3609 111
1702 3582 1784 3615 Reg.
1802 3582 1841 3617 V,
1858 3584 1884 3610 5.
1908 3581 1942 3609 11
1969 3580 2051 3614 neg.
2070 3579 2217 3614 V11,14.

391 3630 492 3657 chr.
515 3631 538 3663 1,
555 3633 580 3657 5.
