2456 3861
128 612 353 641 Circumstan-

154 656 208 685 tiae
224 655 332 688 prose-

173 698 307 729 ctionis.

182 1254 290 1284 Piscis

127 1298 347 1332 apprehensio

161 1342 194 1372 in
212 1343 312 1377 Tigri.

178 2399 298 2429 Tobias

148 2445 190 2472 ab
206 2445 327 2479 angelo

128 2489 290 2517 suadetur
306 2492 345 2518 ut

117 2532 228 2561 Suram
240 2535 356 2562 nubat.

425 130 511 174 472
1037 127 1143 170 TOB.
1178 128 1232 183 v,
1272 128 1322 172 19
1355 154 1414 160 —
1445 128 1535 184 vi,
1569 128 1635 171 22.

426 300 548 355 dam,
572 312 653 354 ego
673 312 771 341 sum
796 297 999 353 AzariaS,
1026 298 1216 342 Ananiae
1239 299 1392 355 magni
1416 299 1544 343 filius.
1570 299 1605 325 ¹9
1628 300 1686 342 Et
1708 299 1871 342 Tobias
1896 300 2124 355 respondit
2153 317 2162 345 ;
2189 302 2259 344 Ex

425 371 587 413 magno
608 371 768 413 genere
794 371 839 400 es
860 362 933 412 tn,
957 357 1034 400 sed
1055 361 1158 413 peto
1180 371 1235 401 ne
1260 357 1462 402 irascaris
1495 358 1611 414 quod
1641 358 1858 401 voluerim
1888 372 2152 414 cognoscere
2183 374 2258 415 ge—

424 431 505 459 nus
527 422 667 460 tuum.
686 415 723 443 2⁰
745 416 871 459 Dixit
896 421 1045 460 autem
1070 416 1136 459 illi
1161 417 1348 473 angelus
1380 435 1389 462 :
1416 420 1513 474 Ego
1541 432 1698 461 sanum
1721 417 1904 473 ducam,
1926 422 1970 461 et
1995 432 2154 460 sanum
2174 418 2258 461 tibi

423 476 633 519 reducam
657 475 799 518 filium
818 482 958 521 tuum.
983 474 1016 501 ²¹
1047 476 1333 532 Respondeas
1354 483 1501 521 autem
1526 477 1710 532 Tobias,
1735 476 1800 520 ait
1826 493 1834 521 :
1864 478 1983 521 Bene
2005 476 2257 533 ambuletis,

425 540 469 578 et
492 535 550 577 sit
573 536 691 578 Deus
714 535 758 577 in
779 535 938 578 itinere
960 539 1127 592 vestro,
1154 540 1198 579 et
1218 536 1403 592 angelus
1429 537 1525 593 ejus
1548 536 1783 579 comitetur
1807 536 2051 581 vobiscum.

483 593 521 619 Ὦ
542 595 687 649 Tunc,
714 594 880 651 paratis
903 594 1107 638 omnibus
1133 609 1232 651 quae
1259 601 1384 639 erant
1405 596 1451 639 in
1475 596 1548 639 via
1570 595 1810 652 portanda,
1834 595 1946 639 fecit
1974 595 2138 639 Tobias
2159 596 2260 641 vale

424 653 540 710 patri
562 667 640 697 suo
661 659 706 697 et
731 654 862 696 matri
881 668 996 710 suae,
1025 658 1069 697 et
1089 655 1431 698 ambulaverunt
1456 656 1588 699 ambo
1609 654 1755 698 simul.
1783 653 1820 681 '²3
1845 655 2044 711 Cumque
2068 655 2261 712 profecti

425 717 594 769 essent,
622 713 759 769 coepit
779 718 922 756 mater
947 713 1042 770 ejus
1064 713 1188 769 fiere,
1212 720 1256 758 et
1276 715 1422 758 dicere
1459 732 1468 759 :
1492 714 1711 758 Baculum
1739 714 1981 758 senectutis
2007 719 2170 758 nostrae
2193 720 2260 758 tu-

424 772 516 816 listi
537 777 585 815 et
615 772 904 816 transmisisti
928 788 954 816 a
988 773 1128 817 nobis.
1156 772 1193 800 24
1225 775 1463 830 Nunquam
1495 774 1657 817 fuisset
1692 774 1789 831 ipsa
1821 773 2031 830 pecunia,
2064 788 2143 830 pro
2175 789 2261 830 qua

425 831 583 875 misisti
610 832 731 876 euml
758 831 795 858 25
819 832 1085 876 Sufficiebat
1111 833 1229 876 enim
1252 833 1379 876 nobis
1405 839 1643 890 paupertas
1664 838 1839 889 nostra,
1864 838 1913 876 ut
1939 833 2120 877 divitias
2143 847 2260 877 com—

423 896 678 947 putaremus
705 891 808 948 hoc,
832 892 949 947 quod
974 891 1234 935 videbamus
1265 893 1406 935 filium
1436 898 1649 937 nostrum.
1684 891 1720 919 26
1747 893 1961 948 Dixitque
1988 892 2028 936 ei
2058 892 2222 936 Tobias
2248 909 2260 937 :

423 951 465 994 N
469 951 526 994 011
551 950 680 1006 flere3
704 951 853 994 salvus
879 951 1108 1008 perveniet
1132 952 1247 994 filius
1274 957 1441 1007 noster,
1475 956 1521 995 et
1547 952 1696 995 salvus
1725 957 1971 996 revertetur
2001 952 2059 995 ad
2091 966 2191 1008 1108,
2219 957 2262 996 et

424 1010 541 1054 oculi
562 1010 630 1053 tui
659 1010 877 1053 videbunt
902 1011 1055 1065 illum3
1084 1009 1119 1036 2⁷
1143 1010 1272 1053 credo
1303 1011 1421 1054 enim
1447 1011 1563 1066 quod
1585 1010 1771 1066 angelus
1799 1012 1882 1055 Dei
1913 1012 2054 1055 bonus
2080 1012 2262 1056 comite-

422 1074 493 1113 tur
514 1069 574 1126 ei,
599 1075 644 1113 et
665 1070 777 1113 bene
800 1070 1008 1126 disponat
1034 1070 1181 1112 omnia
1207 1084 1304 1125 quae
1328 1069 1445 1112 circa
1472 1084 1573 1113 eum
1601 1075 1838 1126 geruntur,
1862 1071 1926 1114 ita
1955 1076 2005 1114 ut
2027 1085 2127 1114 cum
2153 1086 2262 1128 gau-

423 1129 495 1172 dio
523 1134 769 1172 revertatur
799 1129 855 1172 ad
885 1143 977 1172 nos.
1011 1127 1048 1154 23
1080 1129 1153 1171 Ad
1184 1129 1302 1171 hanc
1338 1143 1494 1172 vocem
1523 1129 1714 1172 cessavit
1744 1135 1888 1173 mater
1920 1129 2019 1186 ejus
2055 1130 2180 1187 flere,
2218 1135 2264 1174 et

423 1188 575 1232 tacuit.

482 1247 589 1290 CAP.
614 1247 694 1291 VI.
721 1274 780 1281 -—
802 1247 815 1273 ¹
840 1248 1076 1291 Profectus
1099 1252 1165 1292 est
1182 1253 1338 1291 autem
1363 1248 1547 1304 Tobias,
1572 1253 1616 1291 et
1639 1249 1761 1292 canis
1783 1254 1960 1293 secutus
1979 1255 2046 1294 est
2070 1265 2192 1306 eum,
2220 1254 2269 1293 et

423 1306 586 1349 mansit
610 1307 754 1363 prima
777 1308 1005 1350 mansione
1027 1307 1157 1364 juxta
1180 1307 1364 1350 fluvium
1390 1307 1550 1363 Tigris.
1574 1307 1591 1333 '2
1617 1308 1675 1351 Et
1701 1309 1841 1352 exivit
1866 1314 1914 1352 ut
1932 1309 2104 1353 lavaret
2128 1309 2264 1366 pedes

422 1380 541 1422 SUOS,
569 1372 614 1409 et
634 1380 736 1410 ecce
758 1366 892 1423 piscis
925 1367 1134 1410 immanis
1164 1367 1306 1410 exivit
1337 1367 1395 1410 ad
1428 1367 1734 1411 devorandum
1764 1383 1878 1412 eum.
1913 1368 1932 1395 3
1955 1368 2096 1419 Quem
2130 1382 2263 1425 expa-

421 1439 605 1468 vescens
631 1426 815 1482 Tobias,
844 1426 1057 1469 clamavit
1077 1441 1185 1469 voce
1210 1441 1398 1483 magna,
1422 1427 1575 1470 dicens
1600 1444 1609 1472 :
1638 1427 1850 1484 Domine,
1873 1427 2049 1472 invadit
2066 1442 2151 1472 me.
2169 1428 2187 1454 4
2206 1429 2265 1471 Et

423 1484 537 1527 dixit
563 1485 602 1528 ei
628 1485 814 1541 angelus
840 1502 848 1529 :
877 1485 1178 1542 Apprehende
1203 1486 1465 1529 branchiam
1488 1487 1605 1542 ejus,
1633 1492 1677 1530 et
1698 1487 1823 1530 trahe
1851 1502 1952 1531 eum
1980 1487 2037 1531 ad
2058 1492 2117 1533 te.
2139 1487 2264 1538 Quod

422 1558 523 1587 cum
548 1545 751 1601 fecisset,
774 1545 962 1588 attraxit
988 1559 1088 1588 eum
1114 1545 1160 1587 in
1183 1545 1376 1601 siccum3
1402 1551 1445 1589 et
1466 1545 1686 1602 palpitare
1710 1547 1845 1603 coepit
1866 1553 1970 1590 ante
1988 1548 2124 1603 pedes
2149 1546 2262 1603 ejus.

423 1600 440 1627 ⁵
463 1605 589 1647 Tunc
611 1604 726 1647 dixit
752 1604 792 1647 ei
814 1604 1000 1661 angelus
1031 1621 1039 1648 :
1075 1605 1301 1647 Exentera
1334 1605 1453 1647 hunc
1484 1605 1672 1661 piscem,
1705 1611 1748 1649 et
1781 1620 1855 1649 cor
1883 1606 2004 1663 ejus,
2039 1611 2083 1649 et
2103 1606 2191 1662 fel,
2221 1610 2267 1650 et

421 1664 546 1718 J'ecur
577 1678 740 1720 repone
775 1664 887 1720 tibi;
921 1669 1025 1707 sunt
1061 1664 1182 1708 enim
1214 1664 1311 1707 haec
1349 1664 1598 1707 necessaria
1632 1665 1690 1708 ad
1716 1665 2046 1709 medicamenta
2081 1665 2262 1709 utiliter.

423 1722 439 1748 ⁶
465 1722 590 1772 Quod
617 1737 718 1766 cum
746 1723 952 1779 fecisset,
977 1724 1146 1767 assavit
1175 1738 1330 1767 carnes
1361 1723 1478 1779 ejus,
1510 1729 1554 1767 et
1579 1738 1731 1768 secum
1761 1725 1961 1768 tulerunt
1985 1725 2031 1768 in
2064 1725 2151 1770 via.
2185 1725 2265 1769 Ce-

402 1787 515 1835 ‚tera
537 1782 767 1834 salierunt,
799 1798 897 1838 quae
922 1783 1181 1826 sufficerent
1203 1782 1265 1825 eis
1288 1797 1513 1839 quousque
1539 1784 1823 1840 pervenirent
1839 1784 1887 1827 111
1911 1786 2079 1840 Rages,
2107 1783 2265 1827 civita-

421 1846 512 1884 tem
536 1842 781 1888 Medorum.
804 1842 818 1868 7
845 1844 971 1886 Tunc
996 1842 1290 1898 interrogavit
1312 1842 1475 1885 Tobias
1498 1843 1729 1898 angelum,
1756 1848 1802 1886 et
1824 1843 1939 1886 dixit
1961 1844 2000 1887 ei
2034 1861 2042 1888 :
2071 1843 2264 1887 Obsecro

422 1904 485 1956 tc,
513 1901 675 1944 Azaria
703 1902 864 1958 frater,
891 1907 941 1945 ut
973 1902 1095 1944 dicas
1126 1901 1235 1944 mihi
1266 1901 1383 1957 quod
1416 1901 1663 1945 remedium
1695 1902 1926 1945 habebunt
1954 1903 2041 1945 ista
2075 1917 2174 1958 quae
2211 1902 2265 1946 de

421 1959 542 2016 pisce
567 1975 741 2004 servare
761 1961 964 2017 jussisti?
987 1961 1003 1988 8
1031 1962 1088 2004 Et
1111 1961 1383 2017 respondens
1406 1961 1611 2017 angelus,
1636 1961 1751 2004 dixit
1774 1961 1816 2004 ei
1842 1978 1850 2005 ε
1875 1962 2029 2006 Cordis
2049 1961 2146 2017 ejus
2168 1976 2266 2019 par-

422 2019 606 2062 ticulam
631 2020 667 2063 si
693 2034 823 2078 super
849 2020 1061 2064 carbones
1089 2035 1250 2077 ponas,
1273 2020 1425 2064 fumus
1445 2021 1541 2076 ejus
1564 2020 1756 2064 extricat
1782 2035 1912 2064 omne
1934 2032 2073 2076 genus
2101 2021 2266 2064 daemo-

422 2079 613 2135 niorum,
638 2079 730 2123 sive
754 2094 780 2122 a
803 2080 917 2135 viro,
941 2080 1034 2123 sive
1060 2095 1086 2122 a
1112 2080 1317 2136 muliere,
1349 2080 1414 2122 ita
1437 2085 1485 2123 ut
1513 2079 1630 2122 ultra
1653 2094 1742 2123 non
1763 2080 1951 2123 accedat
1975 2080 2032 2123 ad
2057 2094 2144 2125 eos,
2168 2079 2186 2106 9
2207 2080 2268 2122 Et

421 2137 485 2181 fel
511 2138 632 2182 valet
653 2139 712 2182 ad
732 2140 961 2196 ungendos
989 2139 1136 2182 oculos
1159 2139 1204 2181 111
1231 2139 1391 2195 quibus
1417 2139 1556 2183 fuerit
1583 2139 1769 2195 albugo,
1794 2144 1838 2183 et
1864 2139 2154 2184 sanabuntur.

719 2263 741 2316 ξ
774 2261 836 2303 Π.
863 2287 920 2292 -
947 2261 1287 2304 Matrimom'mn
1318 2261 1464 2304 Tobice
1476 2261 1679 2318 junioris
1703 2276 1802 2304 cum
1823 2261 1956 2305 Sara.

483 2376 518 2403 ¹⁰
539 2378 598 2420 Et
630 2376 744 2420 dixit
776 2378 814 2420 ei
844 2378 1007 2421 Tobias
1035 2394 1043 2421 :
1081 2377 1171 2421 Ubi
1203 2377 1272 2421 vis
1304 2382 1354 2421 ut
1387 2377 1683 2421 maneamus?
1720 2376 1752 2402 ¹¹
1779 2377 2154 2433 Respondensque
2188 2392 2266 2421 an—

422 2436 570 2492 gelus,
595 2436 658 2478 ait
691 2453 699 2480 :
728 2438 808 2479 Est
831 2437 904 2480 hic
930 2438 1099 2493 Raguel
1127 2437 1325 2492 nomine,
1353 2437 1422 2480 vir
1443 2437 1716 2493 propinquus
1753 2436 1807 2479 de
1835 2436 1954 2479 tribu
1981 2441 2082 2491 tua;
2121 2440 2165 2480 et
2193 2436 2266 2480 hic

422 2495 558 2538 habet
579 2496 718 2538 filiam
736 2496 915 2540 nomine
942 2497 1116 2552 Saram,
1141 2497 1219 2540 sed
1244 2511 1387 2552 neque
1414 2496 1684 2552 masculum,
1716 2509 1857 2551 neque
1883 2495 2104 2538 feminam
2127 2495 2266 2539 ullam

422 2555 557 2598 habet
577 2555 714 2598 aliam
739 2560 902 2612 praeter
925 2570 1039 2600 eam.
1069 2555 1105 2582 ¹2
1127 2556 1229 2599 Tibi
1252 2556 1438 2600 debetur
1472 2555 1615 2599 omnis
1639 2554 1892 2598 substantia
1919 2555 2038 2611 ejus,
2073 2560 2117 2598 et
2139 2569 2264 2611 opor-

422 2618 486 2657 tet
511 2629 610 2657 eam
635 2621 678 2658 te
699 2615 902 2672 accipere
931 2615 1184 2672 conjugem.
1222 2615 1258 2642 ¹3
1290 2616 1398 2659 Pete
1433 2629 1537 2671 ergo
1567 2629 1667 2658 eam
1691 2629 1717 2657 a
1746 2618 1873 2671 patre
1907 2614 2024 2670 ejuS,
2056 2619 2100 2657 et
2139 2613 2266 2657 dabit

422 2674 502 2717 tibi
526 2688 624 2717 eam
651 2674 697 2716 in
722 2689 919 2719 uxorem.
1144 2727 1147 2731 ¹

484 2733 664 2776 ΗΤ11110
699 2735 929 2791 respondit
964 2735 1149 2792 Tobias,
1183 2741 1229 2780 et
1269 2735 1383 2779 dixit
1413 2753 1421 2780 :
1467 2735 1614 2779 Audio
1652 2734 1754 2790 quia
1792 2733 1959 2777 tradita
1993 2738 2060 2777 est
2093 2737 2265 2790 septem

422 2793 547 2849 viris,
573 2798 617 2836 et
649 2794 810 2836 mortui
841 2800 972 2850 sunt3
1004 2795 1081 2838 sed
1115 2801 1160 2839 et
1189 2796 1271 2838 hoc
1303 2795 1476 2851 audivi,
1509 2794 1611 2850 quia
1645 2793 1917 2837 daemonium
1951 2792 2121 2852 occidit
2147 2792 2262 2836 11108.

425 2851 459 2879 ¹5
480 2853 635 2896 Timeo
661 2867 763 2908 ergo
785 2868 840 2897 ne
863 2854 980 2897 forte
1006 2859 1051 2897 et
1071 2855 1182 2897 mihi
1208 2855 1306 2898 haec
1336 2855 1570 2909 eveniant,
1599 2859 1643 2897 et
1672 2867 1772 2895 cum
1802 2852 1887 2895 sim
1918 2852 2074 2895 unicus
2107 2866 2264 2908 paren-

423 2911 541 2954 tibus
568 2912 698 2968 meis,
728 2913 949 2969 deponam
970 2920 1245 2958 senectutem
1271 2914 1447 2957 illorum
1474 2928 1575 2957 cum
1597 2912 1779 2956 tristitia
1800 2911 1857 2954 ad
1875 2911 2056 2955 inferos.
2085 2911 2121 2938 ¹⁶
2138 2912 2264 2955 Tunc

423 2971 608 3027 angelus
643 2972 842 3028 Raphael
876 2973 990 3016 dixit
1018 2974 1059 3017 ei
1092 2991 1102 3018 2
1137 2974 1256 3017 Audi
1290 2988 1381 3030 me,
1413 2979 1457 3017 et
1487 2972 1718 3016 ostendam
1743 2970 1826 3014 tibi
1856 2971 2076 3026 quisunt,
2105 2970 2264 3026 quibus

424 3030 667 3086 praevalere
692 3037 839 3087 potest
863 3032 1147 3076 daemonium.
1175 3033 1206 3059 ¹⁷
1232 3034 1293 3076 Hi
1315 3048 1506 3090 namque
1527 3031 1602 3089 qui
1627 3030 1889 3087 conjugium
1917 3031 1978 3073 ita
2000 3029 2262 3086 suscipiunt,

424 3094 473 3132 ut
499 3090 642 3133 Deum
675 3105 701 3133 a
722 3105 768 3133 se
793 3097 838 3134 et
862 3106 888 3134 a
913 3107 993 3135 sua
1018 3099 1166 3136 mente
1190 3093 1451 3149 excludant,
1486 3098 1530 3136 et
1566 3106 1656 3135 suae
1687 3089 1867 3133 libidini
1900 3090 1963 3133 ita
1996 3094 2179 3145 vacent,
2206 3088 2263 3132 si-

426 3153 500 3191 cut
520 3163 656 3205 equus
679 3154 722 3192 et
745 3150 889 3193 mulus
913 3152 1071 3207 quibus
1097 3167 1184 3195 non
1218 3158 1286 3196 est
1319 3152 1592 3208 intellectus,
1625 3149 1762 3194 habet
1790 3154 2060 3205 potestatem
2097 3148 2262 3192 (1301110-

425 3208 548 3251 nium
569 3223 699 3266 super
721 3223 805 3254 008.
832 3209 867 3236 ¹8
893 3212 959 3254 Tu
984 3216 1153 3265 autem,
1186 3226 1286 3255 cum
1319 3211 1543 3268 acceperis
1570 3225 1688 3266 eam,
1722 3209 1950 3265 ingressus
1980 3207 2259 3264 cubiculum,

425 3282 501 3323 per
523 3273 611 3311 tres
633 3268 727 3311 dies
750 3269 982 3313 continens
1004 3276 1096 3314 esto
1122 3271 1178 3313 ab
1205 3285 1276 3327 ea,
1305 3278 1349 3315 et
1369 3272 1482 3314 nihil
1501 3269 1626 3314 aliud
1648 3269 1732 3312 nisi
1759 3268 1806 3311 in
1833 3268 2106 3312 orationibus
2130 3280 2261 3310 vaca-

425 3327 491 3370 bis
518 3341 616 3370 cum
634 3341 699 3371 ea.
725 3327 760 3354 ¹⁰
782 3329 885 3385 Ipsa
907 3334 1055 3373 autern
1083 3336 1238 3385 nocte,
1265 3331 1446 3374 incenso
1478 3331 1624 3388 jecore
1647 3329 1800 3385 piscis,
1836 3328 2072 3385 fugabitur
2094 3326 2262 3370 daemo-

425 3387 561 3430 nium.
597 3385 633 3413 2⁰
664 3388 865 3431 Secunda
898 3402 1001 3431 vcro
1030 3394 1180 3445 nocte,
1214 3390 1261 3432 in
1299 3390 1580 3446 copulatione
1615 3393 1869 3431 sanctorum
1905 3386 2261 3445 patriarcharum

772 3448 808 3465 ΠῚ

425 3446 687 3490 admitteris.
710 3446 743 3473 ²¹
777 3447 920 3490 iertia
945 3453 1096 3491 autem
1121 3454 1270 3504 nocte,
1303 3449 1659 3492 benedictionem
1682 3448 1982 3503 consequeris,
2019 3451 2069 3490 ut
2093 3445 2174 3489 filii
2203 3458 2262 3488 ex

426 3505 549 3548 vobis
583 3512 866 3562 procreentur
897 3506 1151 3550 incolumes.
1187 3507 1222 3533 ²2
1247 3509 1490 3551 Transacta
1521 3511 1670 3550 autem
1708 3507 1839 3550 tertia
1876 3513 2026 3562 nocte,
2065 3503 2261 3562 accipies

425 3653 473 3685 23]
495 3653 559 3680 inf.
579 3652 621 3687 x,
638 3656 664 3681 4.
683 3667 718 3673 —
736 3653 783 3686 12]
803 3653 899 3680 Num.
920 3642 1065 3687 xxvn,
1082 3655 1145 3680 set
1164 3652 1322 3686 xxxvi,
1340 3655 1364 3680 8.
