2456 3861
592 156 666 199 111
703 158 814 199 nm.
850 157 919 210 11,
953 159 1008 199 42
1042 184 1101 191 -
1134 158 1230 212 111,
1263 159 1334 201 20.
1797 162 1879 204 319

53 326 90 353 ⁴²
111 327 168 369 Et
195 326 373 369 mittens
404 325 582 369 vocavit
607 340 727 378 eum,
756 326 955 383 dixitque
980 327 1045 369 illi
1073 344 1081 371 :
1108 328 1265 372 Nonne
1291 328 1552 371 testificatus
1577 343 1674 371 sum
1702 329 1782 371 tibi
1808 343 1885 385 per

55 384 316 440 Dominum,
344 389 386 428 et
419 384 607 441 praedixi
642 385 723 427 tibi
750 401 758 428 :
785 385 1071 441 Quacumque
1104 386 1175 429 die
1205 401 1405 441 egressus
1437 388 1538 431 ieris
1572 388 1657 430 huc
1683 394 1725 431 et
1753 387 1881 443 illuc,

51 443 164 486 scito
185 450 227 487 te
253 458 346 487 esse
373 443 666 486 moriturum?
692 445 748 486 Et
769 445 1032 500 respondisti
1054 445 1160 487 mihi
1188 462 1196 489 :
1226 447 1372 488 Bonus
1390 461 1544 502 sermo,
1565 461 1694 502 quem
1716 446 1882 489 audivi.

52 502 89 529 ‘¹3
110 502 253 552 Quare
285 516 388 558 ergo
422 516 506 545 non
542 502 773 545 custodisti
806 503 1120 558 jusjurandum
1156 504 1355 560 Domini,
1391 512 1434 548 et
1465 511 1735 562 praeceptum
1769 505 1883 561 quod

53 575 350 617 praeceperam
373 560 480 604 tibi?
503 560 540 587 ⁴⁴
560 561 771 616 Dixitque
792 575 869 604 rex
890 562 946 604 ad
969 563 1112 605 Semei
1135 580 1143 606 :
1166 564 1232 606 Tu
1259 563 1372 605 nosti
1399 578 1528 608 omne
1550 564 1736 619 malum,
1757 564 1884 619 cujus

52 619 134 662 tibi
162 619 387 662 conscium
417 624 483 663 est
512 633 586 662 cor
618 624 763 675 tuum,
788 620 903 675 quod
934 620 1081 663 fecisti
1111 621 1255 663 David
1286 623 1399 678 patri
1428 638 1548 677 meo3
1572 623 1765 667 reddidit
1796 624 1882 666 Do-

53 678 198 720 minus
226 678 445 721 malitiam
479 683 602 721 tuam
633 678 679 720 in
714 683 848 734 caput
881 684 1030 728 tuum:
1067 679 1104 705 ⁴5
1129 685 1172 722 et
1196 695 1273 723 rex
1303 681 1509 724 Salomon
1535 682 1815 736 benedictus,
1842 687 1884 725 et

52 737 235 779 thronus
256 737 403 780 David
425 737 507 780 erit
528 736 701 779 stabilis
725 750 872 778 coram
894 737 1084 779 Domino
1108 752 1243 793 usque
1261 738 1306 780 in
1328 740 1660 795 sempiternum.
1687 741 1724 767 ⁴⁶
1742 741 1769 783 J
1776 740 1886 782 ussit

50 795 201 851 itaque
226 810 303 839 rex
330 795 534 850 Banaiae,
562 794 652 837 filio
678 794 876 849 Joiadae;
910 795 983 851 qui
1011 810 1211 851 egressus
1237 799 1452 854 percussit
1478 813 1597 855 eum,
1622 805 1665 843 et
1690 805 1885 842 mortuus

51 861 129 898 est..

461 927 623 970 SEorlo
658 927 720 970 II.
746 952 805 959 —
839 927 990 970 ΗΕΘΜ
1022 928 1287 972 SALOMONIS
1320 942 1471 973 1N1T1A

53 1046 77 1100 ἓ
109 1044 144 1086 Ι.
181 1069 241 1076 -
276 1043 526 1087 Salomonis
550 1043 899 1096 matrimonium,
924 1044 1065 1087 oratio
1098 1045 1145 1087 -ἰη
1178 1043 1368 1089 Gabaon
1392 1044 1888 1101 celebrequejudicium.

112 1152 218 1196 CAP.
246 1151 336 1194 ΙΙΙ.
366 1176 426 1184 —
454 1150 468 1176 1
488 1149 810 1193 Confirmatum
836 1155 902 1194 est
926 1150 1066 1207 igitur
1090 1165 1278 1208 regnum
1308 1150 1356 1194 in
1386 1163 1524 1195 manu
1555 1151 1818 1208 Salomonis,
1845 1156 1890 1196 et

51 1210 277 1254 affinitate
299 1209 565 1266 conjunctus
591 1214 658 1252 est
687 1209 930 1264 Pharaoni,
956 1210 1051 1266 regi
1076 1211 1267 1268 AEgypti
1289 1228 1298 1266 ;
1325 1212 1501 1268 accepit
1529 1226 1722 1268 namque
1750 1211 1891 1254 filiam

52 1270 172 1326 ejus,
199 1275 242 1314 et
267 1268 458 1311 adduxit
481 1268 527 1311 in
554 1268 785 1312 civitatem
817 1269 986 1324 David,
1014 1269 1153 1313 donec
1181 1270 1422 1328 compleret
1453 1270 1680 1314 aedificans
1708 1270 1891 1314 domum

52 1343 203 1384 suam,
229 1334 272 1372 et
298 1327 481 1371 domurn
509 1327 711 1383 Domini,
739 1332 782 1371 et
807 1342 983 1371 murum
1008 1329 1259 1372 Jerusalem
1285 1344 1362 1386 per
1388 1329 1636 1373 circuitum.

113 1387 130 1413 '2
148 1390 363 1431 Attamen
389 1386 576 1444 populus
601 1386 866 1430 immolabat
894 1387 941 1430 in
971 1388 1185 1443 excelsis3
1218 1403 1306 1432 non
1337 1388 1456 1432 enim
1492 1389 1762 1432 aedificatum
1798 1395 1892 1433 erat

54 1447 273 1504 templum
302 1445 472 1489 nomini
501 1445 683 1488 Domini
706 1446 909 1500 usquein
939 1447 1058 1489 diem
1079 1446 1220 1490 illum.
1260 1448 1277 1474 3
1303 1447 1474 1491 Dilexit
1503 1453 1654 1492 autem
1684 1449 1892 1493 Salomon

58 1506 320 1561 Dominum,
355 1503 590 1547 ambulans
626 1503 673 1546 in
710 1505 944 1560 praeceptis
982 1505 1130 1548 David
1166 1506 1304 1562 patris
1341 1506 1430 1563 sui,
1470 1512 1654 1564 excepto
1693 1508 1810 1564 quod
1845 1508 1892 1551 in

54 1565 242 1609 excelsis
267 1562 552 1618 immolabat,
576 1567 620 1605 et
644 1562 920 1605 accendebat
945 1563 1207 1620 thymiama.

114 1624 131 1650 4
149 1623 277 1666 Abiit
300 1623 451 1678 itaque
474 1621 522 1664 in
549 1621 748 1677 Gabaon,
769 1626 818 1664 ut
834 1622 1086 1666 immolaret
1107 1623 1170 1665 ibi
1191 1641 1199 1678 3
1226 1623 1339 1667 illud
1366 1621 1527 1682 quippe
1553 1630 1645 1668 erat
1668 1625 1894 1669 excelsum

58 1683 303 1726 maximum
340 1698 348 1726 :
383 1680 505 1724 mille
538 1680 706 1724 hostias
738 1681 785 1723 in
814 1681 1124 1725 holocaustum
1158 1682 1320 1726 obtulit
1354 1683 1561 1726 Salomon
1594 1698 1724 1741 super
1752 1684 1894 1728 altare

54 1742 168 1785 illud
201 1741 248 1784 in
286 1741 486 1785 Gabaon.
530 1740 547 1766 ⁵
574 1740 798 1797 Apparuit
833 1746 985 1784 autem
1027 1741 1246 1785 Dominus
1288 1742 1512 1786 Salomoni
1554 1757 1630 1800 per
1671 1744 1894 1786 somnium

55 1807 197 1856 nocte,
242 1800 393 1844 dicens
435 1816 445 1844 ε
488 1799 671 1843 Postula
713 1799 829 1855 quod
866 1800 934 1843 vis
967 1804 1016 1843 ut
1052 1800 1154 1844 dem
1180 1801 1276 1844 tibi.
1311 1801 1404 1844 6Et
1440 1802 1504 1845 ait
1540 1802 1750 1846 Salomon
1788 1819 1796 1846 :
1826 1803 1894 1846 Tu

54 1860 207 1904 fecisti
238 1874 341 1902 cum
366 1873 492 1903 servo
525 1865 601 1901 tuo
629 1859 798 1915 David,
826 1864 951 1916 patre
982 1874 1099 1916 meo,
1136 1860 1486 1904 misericordiam
1516 1876 1748 1917 magnam,
1779 1861 1895 1905 sicut

53 1919 307 1963 ambulavit
330 1919 378 1962 in
404 1923 644 1975 conspectu
671 1923 746 1961 tuo
771 1918 819 1961 in
844 1918 1032 1963 veritate
1058 1924 1101 1963 et
1126 1919 1322 1976 justitia,
1347 1926 1391 1964 et
1411 1925 1532 1964 recto
1558 1921 1688 1964 corde
1714 1926 1862 1964 tecum
1883 1938 1891 1977 3

55 1978 290 2022 custodisti
318 1978 357 2022 ei
381 1977 732 2022 misericordiam
758 1983 883 2021 tuam
908 1979 1144 2034 grandem,
1172 1986 1215 2023 et
1242 1979 1404 2022 dedisti
1428 1979 1468 2022 ei
1494 1979 1637 2022 filium
1666 1981 1895 2024 sedentem

53 2053 187 2096 super
212 2038 420 2081 thronum
449 2037 559 2093 eJ‘US,
583 2037 697 2080 sicut
724 2042 790 2080 est
810 2037 955 2081 hodie.
988 2037 1003 2064 7
1024 2038 1082 2081 Et
1106 2053 1238 2094 nunc,
1263 2038 1454 2082 Domine
1478 2040 1609 2095 Deus,
1638 2045 1685 2082 tu
1710 2054 1895 2095 regnare

56 2097 208 2142 fecisti
238 2111 414 2140 servum
445 2101 575 2140 tuum
599 2110 676 2153 pro
704 2097 851 2139 David
877 2102 1001 2154 patre
1027 2112 1138 2141 meo.
1166 2099 1261 2154 Ego
1287 2103 1439 2142 autem
1471 2113 1570 2141 sum
1600 2113 1707 2155 puer
1735 2113 1893 2155 parvu-

57 2157 148 2212 lus,
177 2161 221 2200 et
245 2156 456 2212 ignorans
484 2170 710 2211 egressum
735 2161 778 2199 et
801 2156 1034 2200 introitum
1060 2171 1236 2213 meum3
1272 2157 1289 2184 8
1307 2162 1350 2200 et
1375 2172 1525 2201 servus
1552 2163 1652 2200 tuus
1677 2157 1723 2200 in
1749 2157 1895 2201 medio

57 2222 126 2260 est
154 2215 306 2273 populi
333 2228 464 2271 quem
495 2215 691 2270 elegisti,
719 2215 870 2271 populi
903 2215 1087 2272 infiniti,
1121 2216 1194 2272 qui
1228 2216 1450 2260 numerari
1483 2222 1527 2260 et
1551 2216 1781 2274 supputari
1806 2230 1895 2259 non

58 2280 206 2333 potest
239 2289 330 2332 prae
365 2273 666 2317 multitudine.
700 2273 717 2300 9
743 2274 882 2317 Dabis
917 2289 1022 2331 ergo
1051 2289 1176 2319 servo
1210 2281 1285 2319 tuo
1312 2290 1385 2319 cor
1418 2276 1580 2332 docile,
1609 2281 1657 2318 ut
1682 2275 1896 2333 populum

58 2340 186 2378 tuum
213 2333 414 2390 judicare
440 2333 592 2391 possit,
612 2339 655 2376 et
680 2333 928 2377 discernere
949 2334 1065 2377 inter
1082 2334 1249 2378 bonum
1267 2340 1310 2378 et
1332 2335 1526 2391 malum3
1552 2335 1648 2391 quis
1675 2335 1794 2378 enim
1819 2348 1896 2392 po-

58 2393 163 2437 terit
187 2393 389 2450 judicare
415 2392 629 2450 populum
650 2393 808 2449 istum,
836 2392 1051 2450 populum
1072 2398 1200 2437 tuum
1225 2394 1342 2437 hunc
1369 2393 1596 2438 multum?

120 2452 156 2479 ¹⁰
175 2452 352 2496 Placuit
378 2466 482 2508 ergo
508 2466 651 2495 sermo
678 2466 827 2495 coram
853 2452 1058 2508 Domino,
1086 2453 1202 2509 quod
1223 2453 1430 2497 Salomon
1452 2453 1720 2511 postulasset
1741 2453 1820 2509 huj
1829 2467 1897 2496 us-

59 2512 234 2556 cemodi
259 2526 366 2555 rem.
394 2511 427 2538 11
452 2513 510 2555 Et
533 2511 647 2555 dixit
671 2511 888 2555 Dominus
912 2511 1136 2555 Salomoni
1166 2529 1174 2557 :
1198 2512 1310 2563 Quia
1332 2512 1567 2570 postulasti
1589 2512 1774 2556 verbum
1798 2513 1911 2567 hoc,

60 2577 105 2615 et
128 2585 217 2614 non
243 2571 394 2628 petisti
418 2571 500 2614 tibi
526 2570 620 2614 dies
644 2570 827 2626 multOS,
854 2585 936 2614 nec
963 2570 1164 2627 divitias,
1191 2577 1269 2614 aut
1293 2571 1466 2615 animas
1491 2571 1775 2614 inimicorum
1801 2576 1896 2614 tuo-

59 2646 179 2687 rum,
215 2630 292 2674 sed
325 2630 562 2688 postulasti
594 2630 678 2672 tibi
711 2630 979 2687 sapientiam
1012 2630 1069 2673 ad
1103 2630 1443 2674 discernendum
1468 2630 1710 2687 judicium,
1737 2629 1773 2656 19
1795 2644 1897 2673 ecce

61 2690 152 2733 feci
178 2689 262 2733 tibi
282 2690 530 2733 secundum
555 2703 778 2733 sermones
804 2694 923 2744 tuos,
950 2694 993 2733 et
1016 2689 1118 2733 dedi
1145 2689 1226 2733 tibi
1250 2703 1323 2733 cor
1347 2689 1522 2747 sapiens
1550 2695 1594 2733 et
1617 2689 1894 2745 intelligens,

60 2749 107 2792 in
130 2754 307 2792 tantum
334 2755 381 2792 ut
406 2748 554 2792 nullus
577 2755 682 2792 ante
705 2754 750 2792 te
774 2748 933 2792 similis
960 2748 1025 2791 tui
1048 2748 1206 2804 fuerit,
1231 2763 1311 2792 nec
1335 2754 1432 2806 post
1457 2754 1501 2792 te
1526 2754 1800 2792 surrecturus
1825 2748 1896 2791 sit.

63 2808 100 2835 ¹3
117 2808 202 2852 Sed
224 2813 268 2852 et
292 2808 410 2864 haec,
443 2822 541 2864 quae
567 2822 655 2851 non
681 2807 937 2865 postulasti,
962 2807 1064 2851 dedi
1087 2807 1189 2864 tibi,
1217 2808 1398 2851 divitias
1423 2807 1595 2851 seilicet
1620 2813 1665 2851 et
1686 2807 1895 2864 gloriam,

63 2872 113 2910 ut
147 2882 277 2911 nemo
308 2867 447 2911 fuerit
479 2867 639 2910 similis
673 2867 737 2910 tui
770 2867 816 2910 in
849 2867 1049 2923 regibuS,
1085 2867 1256 2910 cunctis
1281 2873 1394 2911 retro
1426 2867 1595 2911 diebus.
1623 2866 1659 2893 ¹4
1677 2867 1721 2910 Si
1746 2871 1897 2910 autem

0 2971 1 2976 ,
61 2927 362 2970 ambulaveris
388 2927 436 2969 in
460 2927 545 2969 viis
571 2926 703 2983 meis,
731 2931 774 2970 et
800 2926 1059 2970 custodieris
1086 2931 1309 2983 praecepta
1342 2941 1441 2970 mea
1466 2932 1510 2970 et
1535 2925 1748 2969 mandata
1778 2940 1896 2981 mea,

62 2986 179 3029 sicut
207 2986 457 3029 ambulavit
489 2991 614 3042 pater
639 2991 761 3041 tuus,
794 2985 948 3041 longos
974 2985 1143 3029 faciam
1174 2986 1266 3029 dies
1297 2991 1408 3029 tuos.
1436 2985 1471 3012 15
1490 2985 1636 3042 Igitur
1665 2984 1898 3041 evigilavit

65 3045 295 3101 Salomon,
318 3050 362 3088 et
386 3044 611 3088 intellexit
637 3045 752 3101 quod
775 3051 889 3088 esset
913 3045 1135 3088 somnium
1155 3063 1164 3100 3
1193 3059 1382 3101 cumque
1407 3045 1602 3089 venisset
1623 3044 1896 3098 Jerusalem,

63 3104 189 3147 stetit
213 3118 362 3148 coram
383 3119 486 3147 arca
507 3104 690 3148 foederis
716 3104 908 3159 Domini,
937 3110 980 3148 et
1002 3104 1163 3147 obtulit
1188 3104 1461 3161 holocausta,
1485 3109 1528 3148 et
1552 3103 1665 3148 fecit
1689 3103 1897 3147 victimas

65 3163 295 3220 pacificas,
323 3169 366 3207 et
387 3163 556 3220 grande
579 3163 835 3206 convivium
859 3163 1074 3207 universis
1099 3163 1284 3207 famulis
1310 3164 1416 3208 suis.

126 3222 162 3249 ¹⁶
190 3223 316 3265 Tunc
352 3228 569 3266 venerunt
606 3222 705 3266 duae
747 3223 952 3266 mulieres
994 3223 1246 3267 meretrices
1285 3223 1342 3266 ad
1382 3238 1553 3280 regem,
1596 3227 1899 3278 steteruntque

65 3295 215 3324 ooram
240 3296 319 3336 eo3
347 3281 382 3308 ¹⁷
402 3296 588 3337 quarum
614 3296 701 3325 una
726 3282 789 3325 ait
820 3299 828 3326 :
856 3281 1067 3337 Obsecro,
1100 3282 1160 3325 mi
1188 3282 1394 3338 domine;
1426 3296 1509 3338 ego
1541 3287 1584 3326 et
1610 3282 1770 3324 mulier
1801 3281 1898 3323 haec

66 3339 380 3384 habitabamus
417 3341 464 3384 in
506 3341 639 3386 domo
672 3356 780 3396 una,
819 3346 862 3385 et
895 3341 1043 3398 peperi
1076 3341 1195 3399 apud
1229 3356 1328 3385 eam
1359 3342 1407 3384 in
1440 3341 1674 3396 cubicu103
1708 3340 1742 3367 18
1769 3339 1898 3383 tertia

65 3403 217 3442 autem
249 3400 321 3444 die
352 3405 588 3458 postquam
620 3415 701 3457 ego
735 3400 905 3458 peperi,
932 3401 1101 3457 peperit
1131 3406 1175 3444 et
1203 3401 1326 3457 haec;
1354 3406 1398 3444 et
1423 3415 1596 3444 eramus
1621 3399 1774 3454 simul,
1801 3398 1898 3441 nul-

68 3456 223 3513 lusque
253 3459 367 3502 alius
403 3459 638 3503 nobiscum
672 3459 719 3503 in
756 3460 907 3515 domo,
939 3460 1135 3517 exceptis
1169 3460 1296 3503 nobis
1326 3460 1512 3504 duabus.
1547 3459 1583 3485 19
1600 3459 1800 3501 Mortuus
1833 3462 1900 3501 est

67 3521 217 3559 autem
242 3517 358 3561 filius
385 3518 582 3562 mulieris
608 3519 743 3576 hujus
769 3524 918 3575 nocte,
947 3518 1168 3563 dormiens
1195 3519 1357 3576 quippe
1380 3517 1595 3576 oppressit
1623 3531 1738 3561 eum.
1761 3515 1797 3543 2⁰
1818 3516 1898 3572 Et,

71 3660 102 3694 1]
119 3660 154 3688 11
173 3660 245 3689 Par.
262 3662 290 3697 1,
307 3664 333 3690 1.
350 3676 386 3682 —
405 3663 436 3697 9]
454 3663 489 3691 11
509 3663 580 3692 Par.
597 3664 623 3699 1,
646 3667 689 3693 10.
710 3679 747 3683 -
765 3665 811 3698 13]
831 3664 904 3697 Sap.
922 3665 1000 3700 VII,
1019 3667 1062 3693 11.
1088 3663 1209 3692 Matth.
1225 3664 1283 3699 VI,
1301 3665 1346 3692 29.

2029 1167 2123 1194 Uxor

2003 1210 2148 1243 aegyptia

1982 1254 2178 1283 Salomonis.

1958 1402 2031 1429 Rex
2046 1401 2196 1434 postulat

2027 1453 2045 1473 a
2065 1446 2130 1473 Deo

1972 1489 2183 1523 sapientiam.

2019 3225 2153 3254 Dirimit

1984 3269 2078 3298 litem
2099 3269 2187 3298 inter

1984 3314 2188 3343 meretrices.
