2456 3861
251 1348 358 1376 David
370 1369 376 1383 ‚

216 1393 368 1420 monitus
387 1400 406 1420 a

241 1436 362 1465 Chusai
375 1457 381 1471 ‚

193 1484 266 1510 tran
273 1481 317 1509 sit
360 1482 379 1509 J
385 1488 434 1508 01·-

247 1526 376 1554 danem.

209 2588 300 2616 Mors
320 2587 418 2616 Achi-

242 2632 357 2665 tophel
371 2639 377 2665 ;

234 2677 391 2704 Abzalom

217 2721 409 2754 insequitur

242 2770 382 2799 patrem.

247 3578 314 3605 Dav
321 3577 383 3605 itlis

193 3627 312 3653 appara
319 3624 374 3648 tus
394 3622 434 3649 ad

236 3664 396 3697 praelium.

498 169 583 210 304
1002 165 1048 205 II
1085 165 1196 205 Rue.
1230 163 1390 215 XVII,
1425 163 1449 204 9
1482 188 1542 193 —
1572 162 1759 215 XVIII,
1793 163 1833 204 2.

500 344 541 380 et
578 349 727 378 amaro
764 333 933 385 animo,
973 331 1111 373 veluti
1145 330 1181 372 si
1216 345 1338 384 ursa,
1371 329 1510 385 raptis
1544 329 1724 384 catulis,
1758 328 1804 370 in
1831 328 1946 370 saltu
1971 329 2156 385 saeviat»,
2182 331 2258 375 sed
2284 336 2327 375 et

499 400 623 452 pater
656 400 756 434 tuus
789 391 857 432 vir
888 389 1076 433 bellator
1109 394 1195 443 est,
1230 403 1310 431 nec
1345 388 1589 430 morabitur
1615 402 1717 430 cum
1741 387 1918 443 populo.
1945 387 1962 412 9
1981 388 2186 430 Forsitan
2210 403 2327 433 nunc

499 454 647 496 latitat
672 451 719 493 in
745 449 900 504 foveis,
920 454 996 491 aut
1020 449 1067 490 in
1093 462 1179 490 uno
1206 462 1289 503 quo
1309 447 1498 490 voluerit
1524 447 1645 501 1000;
1674 452 1717 489 01
1743 461 1844 489 011111
1864 446 2074 489 ceciderit
2099 461 2210 490 unus
2235 449 2328 504 qui-

499 512 607 554 libet
625 511 670 552 in
689 508 920 566 principio,
939 507 1091 550 audiet
1116 507 1382 562 quicumque
1399 505 1604 560 audierit,
1624 511 1666 548 et
1693 505 1811 548 dicet
1836 522 1845 549 z
1872 506 2011 548 Facta
2037 510 2103 563 est
2126 505 2260 562 plaga
2284 507 2330 549 in

499 569 660 627 populo
688 568 760 624 qui
787 568 1051 623 sequebatur
1075 565 1305 608 Absalom.
1334 565 1370 591 10
1388 567 1445 607 Et
1470 564 1740 607 fortissimus
1766 564 1970 620 quisque,
2006 564 2134 620 cujus
2168 579 2242 608 cor
2265 571 2330 608 est

500 628 623 685 quasi
656 627 817 682 leonis,
850 640 1013 683 pavore
1046 625 1269 680 solvetur3
1304 624 1388 667 scit
1426 624 1545 667 enim
1582 623 1726 666 omnis
1764 623 1952 680 populus
1990 623 2130 666 Israel
2166 624 2331 667 fortem

499 702 593 731 esse
626 692 798 743 patrem
831 691 970 738 tuum,
989 689 1031 728 et
1063 684 1265 727 robustos
1298 698 1451 727 omnes
1477 683 1550 739 qui
1578 697 1680 725 cum
1705 696 1754 725 eo
1788 687 1905 725 sunt.
1933 681 1965 708 ¹¹
1994 682 2078 725 Sed
2104 682 2187 725 hoc
2221 682 2330 725 mihi

499 747 675 789 videtur
707 750 878 789 rectum
915 758 1009 788 esse
1047 743 1280 787 consilium
1314 760 1323 787 ε
1356 747 1650 798 congregetur
1680 741 1737 784 ad
1771 746 1815 784 te
1847 741 2078 784 universus
2111 741 2271 797 Israel,
2304 756 2329 784 a

493 805 594 847 Dan
612 817 750 860 usque
777 803 1010 860 Bersabee,
1027 803 1151 859 quasi
1177 817 1312 846 arena
1337 803 1473 845 maris
1491 801 1858 857 innumerabilis3
1879 807 1924 844 et
1944 807 1992 844 tu
2011 801 2095 845 eris
2117 801 2163 844 in
2186 802 2334 845 medio

497 881 648 910 eorum
671 883 679 921 3
706 864 742 891 19
759 870 802 909 01
826 864 1042 908 irruemus
1067 878 1197 921 super
1221 878 1323 907 eum
1354 863 1400 906 in
1434 877 1708 919 quocumque
1741 863 1837 906 1000
1862 863 2070 906 inventus
2102 863 2259 919 fuerit,
2286 868 2329 906 et

498 925 743 981 operiemus
777 938 878 968 eum
910 924 1025 967 sieut
1058 923 1214 966 cadere
1247 923 1358 966 solet
1382 937 1451 966 ros
1481 937 1611 978 super
1639 929 1822 978 terram,
1849 927 1893 965 et
1918 936 2006 964 non
2031 922 2330 978 relinquemus

498 985 552 1027 de
585 984 692 1027 viris
726 983 800 1039 qui
834 998 934 1026 cum
968 997 1017 1026 eo
1051 988 1153 1025 sunt
1185 996 1239 1025 ne
1273 996 1409 1024 unum
1443 981 1634 1037 quidem.
1663 981 1698 1007 '¹3
1717 981 1840 1031 Quod
1875 981 1911 1024 si
1945 981 2101 1024 urbem
2132 981 2329 1037 aliquam

498 1043 635 1086 fuerit
659 1043 896 1098 ingressus,
924 1041 1219 1085 circumdabit
1245 1041 1387 1084 omnis
1413 1040 1552 1083 Israel
1579 1040 1752 1082 civitati
1770 1040 1837 1082 illi
1862 1041 2006 1095 funes,
2035 1046 2078 1084 et
2103 1040 2329 1084 trahemus

498 1118 595 1145 eam
620 1103 667 1145 in
693 1107 952 1156 torrentem,
979 1105 1028 1142 ut
1059 1114 1147 1143 non
1172 1099 1416 1156 reperiatur
1448 1113 1503 1142 ne
1529 1098 1726 1142 calculus
1753 1099 1931 1154 quidem
1956 1113 2011 1142 ex
2037 1114 2100 1142 ea.
2129 1099 2164 1125 ¹⁴
2183 1099 2330 1142 Dixit-

498 1176 581 1217 que
614 1161 829 1204 Absalom
863 1166 906 1204 et
940 1174 1091 1203 omnes
1126 1159 1208 1201 viri
1242 1158 1382 1201 Israel
1416 1175 1424 1202 :
1458 1158 1619 1201 Melius
1653 1163 1719 1202 est
1752 1157 1988 1201 consilium
2021 1158 2185 1201 Chusai
2218 1160 2329 1201 Ara-

498 1221 630 1263 chitae
665 1220 847 1263 consilio
879 1218 1162 1275 Achitophel.
1198 1217 1380 1261 Domini
1405 1222 1556 1260 autem
1581 1222 1690 1260 nutu
1717 1217 1982 1274 dissipatum
2007 1223 2074 1260 est
2095 1217 2330 1260 consilium

498 1278 767 1335 Achitophel
792 1278 913 1334 utile,
940 1283 988 1320 ut
1011 1278 1241 1321 induceret
1268 1277 1484 1320 Dominus
1510 1291 1640 1333 super
1664 1276 1883 1319 Absalom
1908 1276 2091 1319 malum.

558 1338 592 1365 15
620 1340 676 1380 Ε1
708 1338 772 1380 311
805 1337 968 1380 Chusai
1002 1336 1143 1380 Sadoc
1177 1342 1219 1379 et
1252 1336 1474 1379 Abiathar
1505 1335 1809 1379 sacerdotibus
1843 1352 1851 1380 :
1887 1336 1987 1380 Hoc
2021 1341 2064 1380 et
2089 1336 2174 1379 1100
2199 1336 2330 1380 modo

499 1398 734 1440 consilium
760 1397 883 1439 dedit
907 1395 1178 1452 Achitophel
1203 1395 1421 1439 Absalom
1446 1401 1489 1439 et
1514 1394 1760 1438 senioribus
1793 1395 1955 1450 Israel,
1991 1400 2034 1438 et
2066 1409 2147 1451 ego
2173 1395 2262 1438 tale
2287 1400 2330 1439 et

498 1457 587 1500 tale
614 1456 715 1499 dedi
739 1455 986 1499 consilium.
1020 1455 1056 1481 16
1075 1456 1204 1498 Ν11110
1231 1469 1334 1511 ergo
1361 1454 1527 1498 mittite
1553 1454 1661 1509 cito,
1689 1459 1732 1498 et
1756 1454 1959 1497 nuntiate
1986 1454 2155 1510 David,
2182 1454 2331 1498 dicen-

498 1522 563 1559 tes
596 1533 604 1559 :
632 1517 699 1558 Ne
725 1515 904 1558 moreris
930 1520 1059 1558 nocte
1084 1514 1167 1558 hac
1192 1514 1238 1557 in
1265 1513 1587 1571 campestribus
1613 1513 1794 1569 deserti,
1822 1513 1899 1557 sed
1924 1513 2093 1570 absque
2118 1513 2332 1558 dilatione

498 1574 824 1630 transgredere,
851 1588 907 1617 ne
931 1574 1048 1617 forte
1072 1573 1361 1617 absorbeatur
1384 1588 1462 1617 rex
1487 1578 1530 1616 et
1555 1572 1698 1616 omnis
1731 1572 1919 1629 populus
1946 1573 2020 1629 qui
2047 1587 2149 1616 cum
2173 1587 2224 1616 eo
2250 1577 2330 1616 est.

500 1634 533 1660 17
560 1634 779 1677 Jonathas
819 1638 969 1676 autem
1010 1638 1052 1676 et
1093 1633 1336 1675 Aehimaas
1376 1632 1556 1675 stabant
1602 1632 1733 1688 juxta
1780 1632 1956 1675 fontem
2001 1632 2156 1688 Rogel.
2203 1631 2332 1675 Abiit

498 1693 683 1749 ancilla,
727 1698 769 1736 et
808 1693 1033 1735 nuntiavit
1073 1692 1154 1748 eis,
1197 1697 1240 1735 et
1279 1691 1346 1734 illi
1383 1691 1573 1748 profecti
1610 1696 1713 1734 sunt
1751 1696 1798 1734 ut
1834 1692 2053 1735 referrent
2088 1691 2144 1734 ad
2181 1705 2331 1747 regem

500 1752 647 1795 David
695 1752 929 1806 nuntium;
976 1765 1064 1794 non
1109 1751 1228 1794 enim
1276 1756 1479 1808 poterant
1526 1750 1688 1806 videri,
1737 1756 1815 1793 aut
1862 1750 2045 1794 introire
2086 1750 2328 1793 civitatem.

500 1811 534 1838 18
554 1811 681 1854 Vidit
714 1816 863 1854 autem
893 1825 965 1854 eos
991 1810 1172 1866 quidam
1197 1825 1315 1867 puer,
1343 1815 1386 1853 et
1409 1809 1629 1853 indicavit
1653 1810 1882 1853 Absalom.
1918 1809 1993 1852 Illi
2019 1823 2122 1853 vero
2156 1809 2330 1852 concito

498 1871 639 1927 gradu
678 1870 865 1926 ingressi
905 1875 1007 1913 sunt
1048 1869 1228 1913 domum
1267 1869 1502 1925 cujusdam
1542 1868 1625 1911 viri
1665 1868 1711 1910 in
1751 1869 1985 1924 Bahurim,
2025 1868 2097 1924 qui
2135 1868 2330 1912 habebat

498 1936 681 1987 puteum
706 1930 753 1972 in
778 1929 997 1972 vestibulo
1024 1943 1122 1983 suo,
1150 1933 1192 1971 et
1218 1928 1540 1971 descenderunt
1569 1927 1615 1969 in
1650 1942 1763 1970 eum.
1792 1927 1828 1953 ¹9
1845 1928 1968 1970 Tulit
1996 1932 2147 1971 autem
2172 1927 2331 1971 mulier

499 1995 542 2033 et
568 1988 782 2045 expandit
809 1988 1013 2032 Velamen
1038 2002 1168 2044 super
1194 2002 1240 2030 os
1266 1987 1408 2044 putei,
1436 1987 1561 2042 quasi
1588 1987 1761 2030 siccans
1786 1986 2015 2043 ptisanas3
2042 1991 2086 2029 et
2110 1987 2174 2029 sic
2198 1986 2330 2029 latuit

497 2063 578 2092 res.
615 2047 651 2074 90
677 2048 875 2104 Cumque
907 2047 1132 2090 venissent
1165 2047 1280 2090 servi
1313 2046 1533 2089 Absalom
1558 2046 1603 2088 in
1639 2045 1838 2102 domum,
1865 2046 1923 2088 ad
1949 2045 2181 2089 mulierem
2207 2045 2330 2089 dixe-

496 2113 598 2150 runt
632 2125 640 2151 :
677 2107 766 2150 Ubi
794 2112 859 2150 est
883 2107 1146 2162 Achimaas,
1174 2111 1217 2149 et
1242 2106 1269 2148 J
1275 2105 1495 2149 onathas?
1522 2106 1580 2148 Et
1605 2105 1832 2161 respondit
1857 2105 1918 2148 eis
1945 2105 2103 2148 mulier
2127 2121 2136 2149 ε
2170 2105 2331 2148 Trans-

496 2167 643 2209 ierunt
675 2166 960 2222 festinanter,
995 2170 1173 2221 gustata
1206 2165 1439 2221 paululum
1470 2179 1598 2220 aqua.
1632 2165 1694 2206 At
1726 2164 1771 2207 hi
1806 2164 1879 2220 qui
1916 2164 2193 2220 quaerebant,
2229 2179 2330 2208 cum

497 2241 585 2268 non
611 2225 886 2281 reperissent,
912 2224 1075 2268 reversi
1101 2229 1203 2267 sunt
1227 2224 1273 2266 in
1300 2224 1562 2267 Jerusalem.
1589 2223 1622 2249 91
1643 2223 1843 2279 Cumque
1867 2223 2094 2279 abiissent,
2121 2223 2330 2267 ascende—

496 2291 599 2327 runt
631 2285 696 2327 illi
731 2284 784 2328 de
816 2290 969 2341 puteo,
1006 2289 1048 2327 et
1079 2289 1314 2340 pergentes
1346 2283 1664 2326 nuntiaverunt
1696 2283 1789 2338 regi
1816 2282 1985 2338 David,
2012 2288 2055 2326 et
2081 2282 2289 2326 dixerunt
2319 2299 2329 2327 ε

499 2345 693 2400 Surgite,
722 2349 764 2386 et
796 2343 981 2387 transite
1015 2343 1102 2386 cito
1137 2342 1344 2399 fluvium,
1374 2343 1582 2398 quoniam
1607 2341 1919 2398 hujuscemodi
1946 2341 2069 2386 dedit
2095 2341 2331 2385 consilium

499 2410 652 2446 contra
677 2417 754 2446 vos
780 2402 1064 2459 Aehitophel.
1092 2401 1128 2428 99
1149 2402 1346 2446 Surrexit
1373 2416 1476 2458 ergo
1502 2401 1651 2444 David
1677 2406 1720 2444 et
1745 2400 1888 2444 omnis
1913 2401 2104 2457 populus
2129 2401 2203 2457 qui
2229 2415 2331 2444 cum

498 2476 548 2506 eo
575 2468 687 2518 erat,
716 2468 758 2505 et
784 2462 1054 2505 transierunt
1079 2461 1323 2505 Jordanem
1349 2461 1488 2505 donec
1516 2460 1805 2504 dilucesceret
1826 2477 1834 2516 3
1863 2465 1906 2503 et
1932 2474 1986 2503 ne
2011 2474 2126 2503 unus
2152 2459 2330 2516 quidem

497 2521 698 2564 residuus
722 2521 812 2564 fuit
836 2521 909 2577 qui
936 2535 1022 2564 non
1048 2521 1278 2564 transisset
1303 2520 1501 2563 fluvium.

557 2579 594 2607 93
611 2581 745 2624 Ρο1·10
772 2580 1042 2637 Achitophel
1066 2579 1222 2623 videns
1249 2580 1365 2636 quod
1397 2594 1484 2623 non
1517 2579 1679 2623 fuisset
1711 2580 1885 2622 factum
1918 2577 2153 2621 consilium
2179 2593 2325 2635 suum,

497 2640 655 2683 stravit
687 2639 863 2682 asinum
895 2654 1043 2694 suum,
1079 2638 1355 2695 surrexitque
1381 2644 1424 2682 et
1456 2639 1569 2681 abiit
1593 2639 1639 2681 in
1673 2639 1854 2682 domum
1879 2652 2005 2680 suam
2031 2642 2074 2680 et
2097 2637 2144 2679 in
2171 2638 2327 2680 civita-

497 2704 587 2742 tem
613 2713 767 2754 suam3
797 2704 839 2742 et
872 2699 1087 2755 disposita
1121 2698 1251 2741 domo
1285 2712 1384 2754 sua,
1411 2697 1650 2755 suspendio
1674 2697 1872 2752 interiit3
1901 2702 1944 2739 01
1968 2695 2167 2752 sepultus
2193 2701 2259 2740 est
2281 2697 2328 2740 in

496 2758 696 2814 sepulcro
722 2758 859 2814 patris
884 2758 965 2801 sui.

556 2816 591 2842 91
611 2817 757 2859 David
791 2822 939 2860 autem
965 2817 1087 2861 venit
1119 2817 1167 2859 in
1200 2817 1376 2872 Castra,
1404 2822 1446 2860 et
1471 2816 1687 2860 Absalom
1712 2815 1919 2859 transivit
1944 2815 1972 2858 J
1978 2815 2209 2871 ordanem,
2234 2815 2329 2874 ipse

497 2881 539 2919 et
576 2890 727 2919 omnes
764 2876 846 2919 viri
880 2876 1020 2919 Israel
1054 2890 1155 2919 cum
1189 2890 1252 2920 eo.
1286 2875 1323 2903 95
1348 2877 1564 2919 Amasam
1596 2890 1698 2919 vero
1736 2874 1967 2918 constituit
2003 2874 2219 2918 Absalom
2252 2888 2329 2932 pro

497 2936 524 2978 J
529 2934 613 2977 oab
639 2950 768 2991 super
793 2935 1050 2979 exercitum.
1070 2936 1238 2978 Amasa
1264 2940 1414 2979 autem
1447 2940 1541 2978 erat
1574 2935 1690 2978 filius
1716 2934 1800 2976 viri
1835 2934 1907 2990 qui
1934 2933 2178 2977 vocabatur
2203 2934 2328 2977 Jetra

498 2993 551 3037 de
585 2994 611 3036 J
618 2994 795 3049 ezraeli,
831 2995 903 3050 qui
936 2995 1159 3051 ingressus
1186 3001 1251 3038 est
1276 2994 1332 3037 ad
1354 2994 1559 3050 Abigail,
1590 2993 1728 3036 filiam
1755 2994 1894 3048 Naas,
1922 3007 2114 3036 sororem
2141 2992 2326 3048 Sarviae,

498 3067 595 3108 quae
632 3052 721 3094 fuit
757 3059 899 3096 mater
934 3053 1064 3097 Joab.
1102 3052 1139 3080 96
1165 3054 1223 3097 Ε1
1256 3058 1596 3096 castrametatus
1629 3057 1694 3096 est
1727 3052 1865 3095 Israel
1900 3066 2002 3094 cum
2034 3051 2251 3095 Absalom
2281 3051 2328 3094 in

497 3117 613 3154 terra
640 3111 826 3155 Galaad.

557 3170 591 3196 97
611 3171 810 3226 Cumque
844 3172 1036 3215 venisset
1069 3172 1216 3216 David
1249 3173 1295 3216 in
1322 3173 1498 3228 Castra,
1524 3171 1629 3216 Sobi
1654 3170 1771 3214 filius
1805 3171 1924 3213 Naas
1958 3170 2012 3214 de
2047 3169 2256 3213 Rabbath
2279 3169 2327 3212 fi-

497 3231 657 3273 liorum
693 3230 910 3284 Ammon,
949 3237 990 3273 et
1036 3231 1209 3274 Machir
1249 3232 1365 3275 filius
1401 3230 1630 3274 Ammihel
1667 3229 1720 3272 de
1758 3229 1984 3284 Lodabar,
2027 3234 2070 3272 et
2112 3227 2328 3272 Berzellai

499 3289 758 3333 Galaadites
796 3289 849 3332 de
889 3289 1114 3344 Rogelim,
1153 3290 1188 3317 2⁸
1219 3291 1475 3334 obtulerunt
1512 3291 1550 3334 ei
1587 3289 1792 3332 stratoria
1834 3296 1877 3332 et
1914 3288 2104 3345 tapetia,
2142 3293 2186 3331 et
2221 3301 2329 3330 vasa

498 3349 676 3404 fictilia,
709 3349 987 3391 frumentum
1021 3354 1063 3391 et
1096 3349 1330 3405 hordeum,
1365 3355 1411 3394 et
1441 3350 1649 3402 farinam,
1670 3353 1713 3390 et
1738 3347 1985 3404 polentam,
2014 3352 2058 3390 et
2081 3346 2259 3401 fabam,
2285 3350 2328 3389 et

499 3408 686 3463 lentem,
711 3413 754 3451 et
779 3407 949 3451 frixum
975 3407 1111 3462 cicer,
1138 3408 1174 3433 ‘2⁰
1193 3415 1235 3451 et
1262 3409 1370 3464 mel,
1398 3414 1441 3452 et
1466 3409 1695 3464 butyrum,
1723 3421 1826 3450 oves
1852 3413 1895 3450 et
1920 3406 2108 3463 pingues
2132 3405 2324 3459 vitulos;

500 3467 802 3524 dederuntque
838 3467 983 3510 David
1018 3472 1059 3510 et
1093 3468 1254 3524 populo
1289 3469 1361 3523 qui
1389 3482 1489 3510 cum
1517 3481 1566 3510 eo
1599 3465 1777 3519 erat,ad
1799 3465 2087 3509 vescendum:
2113 3463 2327 3520 suspicati

500 3526 616 3568 enim
643 3533 745 3569 sunt
771 3526 983 3584 populum
1009 3526 1130 3568 fame
1158 3532 1199 3568 et
1225 3527 1298 3569 siti
1325 3527 1511 3583 fatigari
1535 3525 1581 3568 in
1607 3525 1791 3568 deserto.

559 3586 664 3629 CAP.
707 3587 886 3628 XVIII.
924 3611 984 3616 ——
1020 3584 1207 3640 1Igitur
1247 3586 1523 3629 considerato
1567 3584 1712 3627 David
1755 3585 1916 3641 populo
1957 3599 2054 3640 suo,
2098 3581 2327 3626 constituit

499 3659 628 3701 super
660 3659 733 3688 eos
766 3644 964 3687 tribunos
1000 3649 1042 3686 et
1076 3643 1381 3699 centuriones,
1414 3643 1430 3669 9
1449 3649 1492 3686 01
1513 3643 1633 3687 dedit
1660 3644 1811 3700 populi
1838 3644 2015 3686 tertiam
2041 3646 2213 3700 partem
2245 3639 2325 3683 sub
