2456 3861
147 336 248 366 Ritus
263 336 385 371 leprosi

167 379 360 410 mundandi.

199 2242 332 2272 oblatio

160 2295 269 2322 θυι-081
310 2296 388 2323 pau—

217 2339 315 2366 pens.

218 3304 324 3337 Lepra

206 3348 339 3378 aedium.

460 155 542 198 104
1153 151 1263 194 LEv.
1298 149 1423 204 XIV,
1460 149 1590 192 1-36.

516 330 621 374 CAP.
656 330 783 372 XIV.
808 355 867 360 —
895 328 904 354 ¹
934 329 1215 382 Locutusque
1247 331 1313 369 est
1346 325 1564 369 Dominus
1597 325 1654 368 ad
1687 325 1895 381 Moysen,
1930 326 2081 370 dicens
2115 326 2167 371 :2
2201 327 2290 371 Hic

457 395 523 433 est
559 389 669 432 ritus
706 387 887 445 leprosi,
926 385 1101 442 quando
1138 384 1422 427 mundandus
1467 389 1545 428 est.
1585 383 1846 427 Adducetur
1889 384 1947 428 ad
1988 386 2287 442 sacerdotem;

460 448 477 475 3
499 447 573 504 qui
607 461 805 504 egressus
833 446 886 489 de
913 444 1089 500 castris,
1120 458 1222 487 cum
1253 443 1474 487 invenerit
1498 443 1668 500 lepram
1693 457 1787 486 esse
1820 443 2103 500 mundatam,
2130 444 2147 471 ⁴
2179 460 2290 502 prae-

458 507 591 564 cipiet
624 507 663 550 ei
697 505 770 562 qui
803 504 1079 562 purificatur,
1114 509 1162 546 ut
1194 503 1356 547 offerat
1387 503 1496 547 duos
1530 517 1726 560 passeres
1759 503 1884 546 vivos
1918 517 1994 560 pro
2027 517 2094 558 se,
2132 504 2291 560 quibus

460 566 575 610 vesci
601 565 774 608 licitum
801 569 887 618 est,
910 568 954 606 et
974 563 1147 618 lignum
1174 562 1424 617 cedrinum,
1447 561 1828 618 vermiculumque
1853 567 1897 605 et
1917 562 2172 619 hyssopum.
2196 564 2213 590 5
2235 565 2293 606 Et

458 639 593 668 unum
616 638 670 667 ex
691 623 942 680 passeribus
962 621 1186 666 immolari
1206 621 1383 678 jubebit
1403 621 1449 664 in
1474 636 1579 665 vase
1600 621 1726 664 fictili
1753 635 1882 677 super
1902 635 2039 677 aquas
2062 621 2261 666 viventes
2279 639 2288 678 3

457 684 472 711 6
497 684 636 726 alium
668 687 819 726 autem
845 682 998 724 vivum
1025 696 1127 725 cum
1152 681 1274 737 ligno
1301 681 1501 736 cedrino,
1528 686 1571 724 et
1596 695 1727 724 cocco
1755 685 1798 723 et
1831 680 2043 737 hyssopo,
2079 680 2222 736 tinget
2244 681 2292 724 in

456 742 672 798 sanguine
704 741 893 799 passeris
925 740 1168 796 immolati,
1203 739 1218 767 ⁷
1251 755 1335 796 quo
1368 746 1573 797 asperget
1604 739 1754 795 illum,
1789 739 1863 796 qui
1897 739 2180 783 mundandus
2207 746 2288 795 est,

456 802 631 859 septies,
647 806 696 844 ut
716 801 815 858 jure
837 805 1072 858 purgetur3
1098 805 1141 843 et
1162 799 1360 843 dimittet
1381 814 1603 856 passerem
1624 799 1792 855 vivum,
1815 804 1865 842 ut
1884 799 1931 842 in
1952 813 2111 854 agrum
2131 798 2292 842 avolet.

455 861 471 887 8
505 861 705 917 Cumque
737 859 896 904 laverit
928 860 1060 903 homo
1093 859 1360 903 vestimenta
1393 874 1492 914 sua,
1526 859 1652 902 radet
1685 873 1837 902 omnes
1871 858 1983 915 pilos
2010 858 2224 915 corporis,
2251 862 2294 901 et

455 920 681 963 lavabitur
712 934 852 976 aqua3
888 919 1232 976 purificatusque
1264 918 1539 974 ingredietur
1571 923 1737 973 castra,
1771 918 1835 961 ita
1868 917 2087 961 duntaxat
2120 923 2169 959 ut
2203 931 2294 959 ma-

455 985 559 1023 neat
584 985 709 1023 extra
734 978 1073 1022 tabernaculum
1098 992 1226 1021 suum
1251 983 1422 1034 septem
1448 977 1625 1032 diebus,
1652 976 1669 1003 9
1694 983 1738 1020 et
1762 977 1834 1021 die
1859 977 2047 1034 septimo
2075 976 2202 1019 radet
2223 990 2293 1019 cae·

455 1039 585 1097 pillos
612 1038 791 1096 capitis,
818 1038 1090 1094 barbamque
1115 1042 1159 1080 et
1182 1036 1439 1094 supercilia,
1464 1051 1517 1080 ac
1543 1036 1678 1080 totius
1704 1036 1896 1093 corporis
1922 1036 2047 1093 pilos,

517 1100 575 1142 Et
599 1098 702 1142 lotis
728 1112 902 1141 rursum
928 1096 1126 1140 vestibus
1152 1101 1195 1139 et
1220 1110 1422 1153 corpore,
1450 1094 1486 1122 ¹⁰
1511 1095 1582 1139 die
1609 1101 1766 1139 octavo
1791 1101 1988 1138 assumet
2014 1096 2122 1139 duos
2155 1109 2295 1152 agnos

455 1157 790 1213 immaculatos,
818 1162 860 1200 et
885 1171 1015 1199 ovem
1038 1155 1296 1198 anniculam
1321 1154 1487 1211 absque
1513 1154 1710 1210 macula,
1738 1160 1781 1198 et
1805 1160 1893 1198 tres
1915 1154 2111 1198 decimas
2134 1154 2295 1198 similae

455 1217 502 1261 in
523 1216 812 1272 sacrificium,
837 1230 935 1272 quae
958 1229 1193 1272 conspersa
1214 1214 1273 1257 sit
1293 1213 1410 1270 oleo,
1434 1219 1478 1258 et
1498 1228 1696 1258 seorsum
1717 1213 1802 1258 olei
1824 1213 2080 1257 sextarium.
2106 1213 2137 1240 1¹
2163 1214 2295 1258 Cum-

458 1291 540 1333 que
572 1275 777 1319 sacerdos
811 1274 1047 1332 purificans
1080 1273 1329 1329 hominem,
1362 1273 1568 1317 statuerit
1601 1288 1723 1329 eum,
1758 1279 1801 1317 et
1833 1273 1931 1317 haec
1955 1273 2113 1317 'omnia
2147 1287 2296 1317 coram

458 1335 649 1380 Domino
674 1335 721 1378 in
747 1334 858 1378 ostio
884 1333 1162 1378 tabernaculi
1188 1332 1454 1388 testimonii,
1490 1331 1525 1359 ¹2
1562 1332 1689 1376 tollet
1713 1347 1903 1389 agnum,
1931 1338 1974 1377 et
2003 1332 2162 1377 offeret
2195 1347 2296 1377 eum

456 1410 532 1453 pro
555 1394 741 1450 delicto,
765 1392 938 1450 oleique
959 1392 1228 1448 sextarium,
1257 1397 1299 1436 et
1321 1392 1483 1436 oblatis
1503 1398 1608 1436 ante
1632 1392 1876 1436 Dominum
1897 1392 2125 1448 omnibus,
2149 1391 2185 1418 13
2213 1392 2296 1435 im-

457 1454 644 1498 molabit
668 1468 858 1510 agnum,
884 1452 960 1495 ubi
985 1451 1098 1496 solet
1121 1451 1344 1496 immolari
1377 1451 1522 1495 hostia
1548 1466 1624 1509 pro
1658 1457 1863 1509 peceato,
1897 1457 1941 1495 et
1964 1451 2293 1508 holocaustum,

456 1514 502 1558 id
529 1519 615 1569 est,
647 1513 694 1556 in
720 1513 816 1557 loco
849 1517 1018 1556 sancto.
1051 1511 1177 1555 Sicut
1202 1511 1321 1555 enim
1353 1525 1430 1569 pro
1457 1516 1661 1568 peccato,
1687 1511 1750 1554 ita
1783 1516 1826 1554 et
1851 1526 1927 1569 pro
1954 1510 2117 1555 delicto
2144 1511 2202 1554 ad
2228 1525 2295 1554 sa-

458 1572 682 1617 cerdotem
708 1571 900 1630 pertinet
924 1571 1095 1627 hostia3
1122 1575 1278 1614 sancta
1299 1575 1554 1614 sanctorum
1576 1575 1654 1615 est.
1680 1569 1715 1597 ¹4
1736 1571 2069 1627 Assumensque
2091 1569 2296 1614 sacerdos

458 1633 512 1676 de
533 1631 750 1688 sanguine
770 1630 951 1686 hostiae,
975 1645 1073 1687 quae
1095 1630 1327 1674 immolata
1349 1635 1415 1673 est
1436 1644 1512 1687 pro
1535 1629 1697 1674 delicto
1711 1665 1720 1681 ‚
1742 1635 1876 1687 ponet
1897 1644 2027 1687 super
2049 1635 2297 1674 extremum

456 1691 669 1735 auriculae
697 1691 866 1734 dextrae
892 1690 990 1747 ejus
1017 1689 1090 1746 qui
1117 1689 1380 1744 mundatur,
1413 1695 1456 1733 et
1488 1704 1618 1747 super
1650 1689 1833 1746 pollices
1859 1704 2017 1733 manus
2050 1689 2219 1733 dextrae
2253 1693 2298 1732 et

457 1751 607 1808 pedis;
645 1750 680 1777 ¹⁵
714 1756 758 1794 et
790 1749 844 1793 de
877 1749 962 1793 olei
996 1749 1187 1793 sextario
1222 1749 1370 1792 mittet
1401 1748 1448 1792 in
1481 1763 1664 1791 manum
1697 1763 1823 1792 suam
1860 1748 2106 1803 sinistram,
2143 1748 2178 1775 16
2211 1748 2296 1791 tin-

457 1816 618 1867 getque
641 1809 833 1866 digitum
856 1809 1062 1853 dextrum
1082 1808 1130 1851 in
1151 1823 1222 1864 eo,
1247 1813 1290 1851 et
1309 1814 1515 1865 asperget
1537 1822 1686 1851 coram
1709 1807 1901 1852 Domino
1922 1808 2097 1865 septies.
2123 1807 2156 1834 ¹⁷
2172 1807 2297 1858 Quod

457 1875 607 1913 autem
633 1869 852 1925 reliquum
879 1873 946 1912 est
969 1868 1054 1912 olei
1079 1868 1126 1910 in
1151 1867 1267 1911 laeva
1294 1881 1450 1922 manu,
1477 1867 1638 1910 fundet
1663 1881 1793 1924 super
1814 1872 2062 1911 extremum
2083 1866 2296 1910 auriculae

458 1929 627 1973 dextrae
654 1928 752 1985 ejus
785 1928 858 1985 qui
891 1928 1154 1984 mundatur,
1188 1932 1232 1970 et
1255 1941 1385 1984 super
1409 1926 1592 1984 pollices
1626 1940 1783 1969 manus
1815 1941 1868 1970 ac
1902 1927 2028 1984 pedis
2060 1926 2226 1982 dextri,
2254 1930 2298 1970 et

457 2003 588 2046 super
609 1987 873 2044 sanguinem
896 1987 969 2044 qui
993 1987 1161 2031 effusus
1186 1991 1253 2030 est
1273 2001 1350 2043 pro
1373 1986 1550 2042 delicto,
1574 1985 1610 2013 ¹8
1632 1990 1676 2029 et
1695 2000 1825 2043 super
1847 1991 1981 2043 caput
2007 1985 2128 2043 ejus,
2162 1985 2198 2012 ¹⁹
2229 2000 2295 2030 ro-

457 2048 670 2104 gabitque
695 2061 771 2104 pro
798 2061 848 2091 eo
875 2061 1024 2091 coram
1051 2046 1265 2102 Domino,
1294 2051 1337 2089 et
1361 2045 1502 2089 faciet
1534 2045 1802 2089 sacrificium
1835 2060 1912 2103 pro
1946 2051 2155 2103 peccato;
2191 2050 2296 2099 tunc

456 2106 710 2150 immolabit
733 2106 1066 2162 holocaustum,
1093 2105 1130 2132 2⁰
1154 2111 1198 2149 et
1221 2109 1356 2163 ponet
1387 2104 1500 2148 illud
1532 2104 1579 2148 in
1611 2104 1741 2148 altari
1775 2119 1877 2148 cum
1902 2104 2158 2148 libamentis
2185 2104 2294 2162 suis,

458 2173 501 2210 et
525 2167 658 2210 homo
682 2165 767 2209 rite
793 2165 1094 2210 mundabitur.
2193 2214 2196 2216 ¹

517 2225 550 2252 ‘²¹
579 2225 705 2277 Quod
738 2225 775 2269 si
807 2240 975 2283 pauper
1006 2231 1092 2281 est,
1126 2231 1170 2268 et
1202 2239 1290 2269 non
1323 2228 1468 2281 potest
1500 2239 1658 2268 manus
1691 2224 1787 2281 ejus
1819 2223 2019 2268 invenire
2052 2238 2150 2280 quae
2177 2225 2298 2269 dicta

458 2290 582 2341 sunt,
605 2299 682 2342 pro
706 2284 869 2328 delicto
891 2290 1088 2328 assumet
1108 2298 1276 2340 agnum
1297 2283 1354 2327 ad
1377 2283 1663 2339 oblationem,
1687 2289 1736 2326 ut
1755 2288 1882 2340 roget
1902 2297 1979 2341 pro
2002 2297 2051 2327 eo
2078 2283 2296 2340 sacerdos,

459 2344 768 2400 decimamque
802 2350 972 2401 partem
1004 2343 1165 2387 similae
1199 2357 1446 2400 conspersae
1481 2343 1576 2386 oleo
1608 2343 1655 2386 in
1687 2343 1975 2398 sacrificium,
2011 2348 2053 2385 et
2086 2342 2170 2386 olei
2200 2357 2296 2386 sex-

459 2404 644 2459 tarium,
672 2402 709 2429 22
735 2404 932 2460 duosque
956 2408 1147 2446 turtures
1173 2403 1266 2446 sive
1293 2402 1402 2446 duos
1428 2402 1572 2459 pullos
1599 2402 1840 2458 columbae,
1875 2416 2060 2458 quorum
2093 2416 2206 2446 unus
2239 2402 2298 2446 sit

459 2478 535 2521 pro
561 2469 759 2520 peccato,
780 2469 824 2506 et
847 2463 960 2507 alter
984 2463 1031 2505 in
1056 2462 1391 2517 holocaustum3
1413 2460 1450 2488 '²3
1469 2461 1714 2518 offeretque
1736 2476 1787 2505 ea
1813 2461 1884 2505 die
1909 2466 2066 2504 octavo
2092 2462 2297 2517 purifica-

459 2523 591 2566 tionis
625 2536 718 2566 suae
752 2522 992 2578 sacerdoti,
1026 2522 1083 2565 ad
1117 2521 1279 2565 ostium
1312 2521 1589 2564 tabernaculi
1623 2520 1866 2564 testimonii
1903 2534 2051 2564 coram
2090 2521 2295 2565 Domino.

459 2581 495 2609 24
528 2582 610 2633 Qui
646 2582 890 2639 suscipiens
922 2596 1090 2638 agnum
1122 2596 1199 2638 pro
1234 2580 1396 2624 delicto
1430 2586 1473 2624 et
1506 2580 1749 2623 sextarium
1787 2579 1893 2634 olei,
1931 2579 2100 2622 levabit
2136 2580 2295 2636 simul;

460 2640 496 2669 '2⁵
519 2641 839 2697 immolatoque
862 2655 1000 2697 agno,
1028 2641 1082 2684 de
1106 2640 1323 2696 sanguine
1349 2640 1446 2696 ejus
1472 2645 1606 2696 ponet
1641 2654 1771 2697 super
1803 2645 2051 2683 extremum
2084 2639 2297 2683 auriculae

461 2701 629 2744 dextrae
655 2701 776 2744 illius
802 2700 875 2757 qui
902 2700 1163 2756 mundatur,
1186 2705 1229 2743 et
1251 2714 1380 2756 super
1401 2699 1584 2756 pollices
1608 2713 1763 2742 manus
1787 2699 1882 2755 ejus
1903 2713 1956 2741 ac
1978 2698 2102 2755 pedis
2126 2698 2295 2754 dextri3

460 2759 496 2786 ‘2ss
522 2759 605 2803 olei
631 2775 733 2804 vero
760 2765 932 2818 partem
957 2760 1106 2803 mittet
1129 2759 1176 2802 in
1210 2773 1393 2802 manum
1426 2773 1552 2802 suam
1585 2758 1835 2813 sinistram3
1864 2756 1898 2783 ‘²⁷
1923 2757 1969 2800 in
2004 2772 2086 2814 quo
2121 2757 2297 2814 tingens

461 2818 652 2874 digitum
679 2819 847 2862 dextrae
874 2833 1030 2862 manus
1056 2824 1261 2876 asperget
1285 2818 1448 2875 septies
1475 2832 1623 2861 coram
1651 2817 1867 2872 Domino3
1896 2816 1932 2843 '²3
1957 2823 2198 2873 tangetque
2224 2831 2298 2860 ex-

461 2885 651 2921 tremum
678 2878 846 2922 dextrae
872 2878 1085 2922 auriculae
1110 2877 1231 2920 illius
1257 2877 1330 2934 qui
1357 2877 1618 2932 mundatur,
1645 2882 1689 2920 et
1715 2876 1897 2934 pollices
1920 2891 2077 2920 manus
2098 2890 2150 2920 ac
2173 2876 2298 2932 pedis

462 2936 627 2992 dextri,
654 2937 700 2979 in
725 2937 821 2981 loco
847 2938 1077 2994 sanguinis
1104 2937 1177 2994 qui
1203 2937 1372 2980 effusus
1399 2943 1465 2980 est
1498 2951 1575 2993 pro
1615 2936 1803 2991 delict03
1836 2934 1872 2960 ‘29
1897 2935 2114 2991 reliquam
2147 2940 2297 2978 autem

462 3004 632 3053 partem
659 2996 765 3051 olei,
800 3011 898 3052 quae
932 3002 998 3040 est
1021 2996 1067 3039 in
1100 2996 1279 3039 sinistra
1313 3010 1468 3051 manu,
1496 2996 1644 3039 mittet
1668 3009 1798 3052 super
1823 3001 1957 3051 caput
1982 2994 2222 3052 purificati,
2249 2998 2298 3036 ut

462 3054 608 3111 placet
641 3069 717 3112 pro
752 3070 800 3099 eo
837 3056 1104 3111 Dominum3
1140 3055 1178 3082 30
1210 3061 1253 3099 et
1285 3060 1501 3098 turturem
1535 3055 1628 3098 sive
1662 3053 1834 3112 pullum
1872 3054 2091 3097 columbae
2117 3052 2296 3108 offeret,

463 3114 495 3140 3¹
531 3128 669 3156 unum
702 3129 778 3171 pro
812 3114 995 3170 delicto,
1030 3121 1073 3158 et
1105 3115 1296 3158 alterum
1332 3114 1378 3156 in
1411 3114 1721 3158 holocaustum
1758 3127 1859 3156 cum
1897 3112 2153 3156 libamentis
2193 3111 2296 3155 suis.

463 3172 499 3240 3⁸?
525 3174 624 3216 Hoc
651 3179 717 3217 est
742 3173 1007 3216 sacrificium
1034 3174 1215 3231 leprosi,
1243 3173 1316 3230 qui
1343 3173 1505 3216 habere
1527 3187 1614 3217 non
1647 3178 1792 3230 potest
1825 3172 1974 3216 omnia
2006 3172 2053 3215 111
2086 3170 2297 3215 0011111110ὸ

463 3240 629 3276 tionem
653 3232 734 3275 sui.

522 3291 558 3318 33
584 3292 866 3348 Locutusque
891 3298 957 3335 est
983 3292 1200 3336 Dominus
1233 3293 1290 3336 ad
1320 3293 1505 3349 Moysen
1532 3296 1575 3336 et
1607 3292 1777 3346 Aaron,
1806 3291 1958 3335 dicens
1991 3308 2000 3335 ε
2026 3289 2062 3317 31
2088 3289 2200 3334 Cum
2232 3289 2298 3332 in-

463 3351 600 3407 gressi
632 3351 811 3394 fueritis
844 3356 1006 3394 terram
1040 3351 1274 3407 Chanaan,
1309 3366 1442 3407 quam
1475 3366 1555 3408 ego
1590 3351 1703 3394 dabo
1731 3350 1857 3394 vobis
1882 3350 1927 3393 in
1953 3349 2296 3407 possessionem,

463 3410 498 3452 si
524 3410 662 3454 fuerit
687 3410 820 3468 plaga
845 3410 980 3468 leprae
1004 3410 1050 3453 in
1080 3410 1271 3466 aedibus,
1299 3410 1334 3438 3⁵
1358 3411 1442 3453 ibit
1468 3411 1596 3467 cujus
1623 3414 1688 3453 est
1712 3409 1890 3465 domus,
1917 3408 2126 3452 nuntians
2156 3422 2298 3452 saeer-

465 3469 578 3525 doti,
613 3475 656 3513 et
689 3469 807 3513 dicet
841 3487 849 3514 :
876 3469 1009 3520 Quasi
1035 3469 1168 3527 plaga
1194 3469 1328 3527 leprae
1354 3469 1530 3513 videtur
1555 3468 1664 3511 mihi
1690 3482 1783 3512 0880
1808 3469 1853 3511 111
1880 3469 2009 3512 domo
2036 3481 2146 3511 mea.
2175 3467 2212 3493 3⁰
2236 3468 2300 3510 At
2360 3496 2365 3501 -

463 3528 539 3570 ille
565 3529 794 3585 praecipiet
820 3534 868 3572 ut
894 3528 1083 3572 efferant
1108 3528 1313 3571 universa
1339 3528 1393 3572 de
1419 3528 1572 3583 domo,
1599 3527 1854 3585 priusquam
1880 3527 2154 3583 ingrediatur
2177 3540 2297 3582 eam,

465 3671 494 3704 2]
520 3671 640 3698 Matth.
661 3671 742 3697 vnl
760 3674 802 3705 ,‹1.
829 3685 864 3690 --
897 3671 925 3704 4]
946 3671 1045 3698 Marc.
1074 3670 1106 3705 1,
1125 3673 1170 3698 44.
1194 3670 1273 3698 Luc.
1292 3670 1331 3704 V,
1354 3672 1397 3697 14.
1424 3683 1458 3688 —
1487 3670 1533 3702 22]
1558 3669 1634 3701 sup,
1653 3669 1692 3703 V,
1716 3671 1777 3696 7-11
1805 3674 1839 3697 et
1866 3669 1952 3704 XII,
1978 3672 2003 3697 8.
2026 3668 2106 3696 Luc.
2131 3667 2182 3701 11,
2201 3669 2244 3695 24.
