2423 3861
94 349 326 378 Sacerdotium

130 395 288 428 degener,

99 437 315 465 maledictum

87 487 223 515 propter
244 481 328 509 dix-i-

98 535 146 554 nae
165 525 316 553 scientias

118 569 292 598 incuriam.

130 1354 281 1387 Degener

140 1404 274 1430 quoque

150 1444 267 1470 sancta

104 1486 310 1515 matrimonii

111 1530 298 1560 institutio,

119 2365 302 2397 ipsiusmet

106 2407 312 2441 cognitionis

138 2452 275 2480 moralis

87 2498 172 2528 apud
193 2498 329 2525 Judaeos

94 2539 320 2573 degeneratio.

145 2915 274 2942 Futura

145 2957 275 2985 Messiae

118 3000 303 3037 apparitio,

126 3045 297 3073 mirabiles

99 3089 328 3118 renovationis

138 3134 282 3162 effectus

104 3177 318 3209 productura.

396 167 504 209 1042

1022 162 1142 203 1111.
1178 160 1247 215 11,
1285 161 1305 201 1
1343 186 1401 190 -
1433 159 1529 214 ΠΙ,
1563 159 1602 202 5.

454 336 559 378 CAP.
584 335 646 377 11.
671 359 730 367 --
758 333 768 358 1
790 333 846 374 Et
872 344 989 372 nunc
1014 329 1070 371 ad
1101 344 1179 372 vos
1204 329 1467 371 mandatum
1489 329 1594 384 1100,
1621 343 1645 371 0
1670 329 1934 372 sacerdotes,
1965 328 1983 354 ‘2
2009 330 2053 373 si
2083 330 2231 373 nolue-

392 395 489 437 ritis
511 393 675 447 audire,
700 397 743 434 et
761 391 796 433 si
820 388 1049 432 nolueritis
1072 402 1234 444 ponere
1253 402 1382 444 super
1404 402 1490 443 cor,
1510 393 1559 430 ut
1581 387 1694 431 detis
1713 387 1903 443 gloriam
1925 388 2094 432 nomini
2113 404 2233 445 meo,

392 453 455 495 ait
487 452 701 496 Dominus
731 448 1028 503 exercituum,
1056 447 1232 490 mittam
1258 447 1305 489 in
1330 461 1408 490 vos
1435 452 1700 503 egestatem,
1728 452 1772 490 et
1800 447 2069 490 maledicam
2103 448 2233 492 bene-

393 510 661 554 dictionibus
688 507 866 562 vestris,
895 512 938 550 et
968 506 1236 549 maledicam
1262 505 1374 561 illis,
1401 506 1611 562 quoniam
1639 521 1727 549 non
1757 505 1966 563 posuistis
1992 520 2124 563 super
2149 522 2234 552 cor.

392 572 409 596 3
428 572 542 612 Εο00
568 583 648 623 ego
672 567 907 624 projiciam
929 566 1055 609 vobis
1080 565 1334 622 brachium,
1357 571 1400 608 et
1422 565 1676 622 dispergam
1699 580 1828 622 super
1845 565 2022 608 vultum
2039 571 2236 609 vestrum

392 635 558 671 stercus
584 626 920 670 solemnitatum
942 631 1211 681 vestrarum,
1235 630 1280 668 et
1307 630 1504 668 assumet
1529 639 1607 668 vos
1632 639 1796 668 secum.
1823 624 1840 651 4
1863 624 1922 667 Et
1953 624 2104 668 sciet-is
2135 626 2238 681 quia

391 687 491 730 misi
528 686 585 729 ad
617 701 696 729 vos
728 685 992 728 mandatum
1028 684 1171 740 istud,
1205 690 1254 727 ut
1287 690 1402 728 esset
1435 690 1618 741 pactum
1651 699 1799 728 meum
1834 698 1936 727 cum
1967 685 2100 741 Levi,
2129 684 2238 729 dicit

392 746 610 790 Dominus
632 744 921 789 exercituum.
944 744 961 770 5
980 744 1169 786 Pactum
1194 759 1343 787 meum
1368 744 1458 786 fuit
1484 758 1586 786 cum
1611 759 1661 788 00
1684 744 1789 787 vitae
1816 749 1860 787 et
1884 743 2033 800 pacis3
2062 750 2107 788 et
2135 744 2237 788 dedi

391 806 430 849 ei
452 805 676 860 timorem,
704 809 748 847 et
764 803 916 847 timuit
937 818 1030 858 me,
1057 808 1101 847 et
1121 818 1148 846 a
1172 803 1292 847 facie
1314 803 1507 846 nominis
1534 803 1621 847 mei
1646 804 1853 860 pavebat.
1877 804 1895 830 6
1915 804 2011 846 Lex
2035 803 2238 847 veritatis

390 865 480 907 fuit
500 865 547 907 in
570 878 642 907 ore
668 864 787 920 ejus,
811 869 854 907 et
883 862 1094 918 iniquitas
1121 877 1208 906 non
1240 868 1306 906 est
1329 863 1515 906 inventa
1538 863 1585 905 in
1611 862 1741 906 labiis
1764 863 1885 919 ejus3
1910 862 1956 905 in
1983 878 2093 920 pace
2123 868 2168 906 et
2190 863 2238 906 in

391 924 600 980 aequitate
622 922 873 966 ambulavit
895 937 1089 978 mecum,
1117 927 1162 965 et
1187 923 1350 966 multos
1372 923 1535 965 avertit
1559 922 1615 965 ab
1638 921 1889 979 iniquitate.
1913 922 1928 948 7
1949 922 2091 965 Labia
2117 922 2237 966 enim

390 983 631 1027 sacerdotis
658 982 909 1026 custodient
934 982 1191 1037 scientiam,
1214 987 1257 1026 et
1282 981 1429 1037 legem
1457 981 1683 1037 requirent
1707 997 1762 1025 ex
1784 996 1856 1025 ore
1887 981 2008 1038 ejus,
2031 983 2134 1038 quia
2159 997 2237 1024 an-

390 1043 515 1099 gelus
543 1042 723 1086 Domini
750 1041 1027 1085 exercituum
1054 1047 1132 1085 est.
1163 1041 1180 1068 8
1203 1042 1293 1084 Vos
1318 1046 1470 1084 autem
1495 1041 1739 1084 recessistis
1770 1041 1823 1085 de
1849 1041 1944 1097 via,
1976 1046 2020 1085 et
2049 1041 2236 1085 scanda-

391 1102 558 1145 lizastis
591 1101 804 1158 plurimos
835 1101 880 1143 in
913 1101 1037 1157 lege3
1073 1100 1246 1144 irritum
1280 1101 1456 1143 fecistis
1488 1106 1672 1157 pactum
1706 1101 1837 1157 Levi,
1874 1100 1985 1144 dicit
2019 1101 2238 1145 Dominus

392 1162 680 1205 exercituum.
707 1161 724 1187 9
746 1162 931 1217 Propter
965 1160 1083 1216 quod
1112 1166 1155 1204 et
1185 1175 1266 1216 ego
1301 1160 1403 1203 dedi
1436 1174 1514 1203 vos
1549 1159 1936 1218 contemptibileS,
1971 1165 2015 1205 et
2046 1161 2238 1204 humiles

391 1220 594 1264 omnibus
625 1220 820 1277 populis,
847 1218 963 1262 sicut
996 1234 1085 1262 non
1118 1218 1327 1263 servastis
1353 1219 1448 1262 vias
1479 1233 1621 1276 meas,
1652 1225 1695 1263 et
1724 1220 1959 1276 accepistis
1996 1219 2164 1263 faciem
2191 1219 2238 1262 111

391 1281 501 1336 lege.

453 1340 486 1366 ¹0
505 1339 732 1396 Numquid
758 1355 847 1383 11011
869 1345 994 1398 pater
1016 1354 1128 1383 unus
1154 1340 1352 1383 omnium
1375 1338 1607 1382 nostrum‘.>
1627 1339 1844 1395 numquid
1867 1354 1957 1383 non
1979 1341 2100 1383 Deus
2125 1354 2238 1383 unus

393 1400 561 1443 creavit
586 1398 698 1443 nos‘?
722 1399 865 1450 Quare
891 1414 994 1456 ergo
1018 1398 1208 1455 despicit
1228 1398 1529 1455 unusquisque
1555 1403 1754 1442 nostrum
1771 1399 1960 1442 fratrem
1985 1413 2125 1456 suum,
2145 1399 2236 1442 vio-

391 1460 488 1502 lans
518 1465 700 1516 pactum
725 1464 903 1515 patrum
928 1458 1213 1502 nostrorum?
1242 1459 1273 1485 11
1298 1459 1596 1514 Trangressus
1627 1463 1693 1501 est
1718 1459 1746 1501 J
1751 1458 1861 1515 uda,
1885 1463 1930 1502 et
1962 1458 2238 1502 abominatio

391 1520 517 1563 facta
544 1524 609 1562 est
637 1518 683 1561 111
719 1519 857 1562 Israel
883 1523 928 1561 et
956 1518 1001 1560 in
1032 1518 1303 1573 Jerusalem,
1331 1518 1434 1574 quia
1465 1517 1789 1561 contaminavit
1814 1519 1842 1561 J
1848 1518 1956 1561 udas
1987 1517 2237 1562 sanctifica-

392 1579 559 1621 tionem
597 1577 799 1634 Domini,
834 1592 968 1634 quam
1002 1577 1180 1634 dilexit,
1213 1584 1257 1621 et
1289 1578 1445 1620 habuit
1482 1577 1622 1620 filiam
1656 1577 1726 1621 dei
1759 1577 1909 1622 alieni.
1937 1576 1973 1603 ¹²
2000 1578 2238 1635 Disperdet

395 1638 611 1681 Dominus
637 1637 782 1679 virum
805 1637 879 1693 qui
901 1637 1062 1680 fecerit
1086 1637 1183 1693 hoc,
1207 1637 1472 1693 magistrum
1498 1642 1542 1680 et
1569 1636 1849 1694 discipulum,
1861 1637 1914 1681 de
1936 1637 2238 1681 tabernaculis

393 1697 557 1753 Jacob,
581 1702 625 1740 et
650 1697 915 1740 offerentem
941 1711 1100 1739 munus
1132 1697 1324 1740 Domino
1354 1696 1643 1741 exercituum.
1672 1695 1708 1722 13
1734 1697 1792 1739 Et
1820 1697 1904 1739 hoc
1928 1710 2101 1739 rursum
2127 1697 2237 1740 feci-

393 1757 473 1799 stis
507 1773 514 1800 :
557 1756 825 1813 operiebatis
863 1756 1073 1812 lacrymis
1106 1755 1247 1799 altare
1282 1755 1628 1811 Domini‚fletu,
1662 1761 1705 1799 et
1739 1756 1934 1811 mugitu,
1967 1755 2033 1798 ita
2064 1761 2114 1799 ut
2149 1771 2238 1799 non

393 1816 629 1872 respiciam
666 1816 781 1858 ultra
819 1815 876 1858 ad
913 1815 1202 1872 sacrificium,
1236 1830 1318 1858 nec
1355 1815 1575 1871 accipiam
1611 1814 1833 1871 placabile
1872 1815 1977 1871 quid
2012 1815 2067 1859 de
2103 1830 2239 1859 manu

395 1881 553 1920 vestra.
584 1874 618 1901 ¹4
642 1875 700 1918 Et
730 1874 935 1918 dixistis:
966 1875 1107 1925 Quam
1138 1875 1192 1918 ob
1225 1874 1441 1918 causam?
1476 1874 1588 1925 Quia
1619 1874 1836 1917 Dominus
1873 1874 2138 1917 testificatus
2172 1881 2240 1918 est

394 1935 508 1978 inter
530 1939 573 1978 te
599 1940 643 1978 et
669 1949 847 1977 uxorem
876 1934 1122 1991 pubertatis
1148 1940 1259 1990 tuae,
1287 1948 1420 1990 quam
1446 1938 1493 1976 tu
1523 1933 1792 1990 despexisti3
1820 1939 1865 1976 et
1889 1933 1987 1976 haec
2015 1934 2239 1991 particeps

394 2000 492 2050 tua,
521 1999 563 2037 et
589 2008 698 2037 uxor
718 1994 903 2037 foederis
929 1993 1007 2036 tui.
1042 1994 1074 2020 15
1101 1995 1260 2037 Nonne
1288 2008 1400 2036 unus
1434 1993 1566 2048 fecit,
1598 1997 1643 2036 et
1672 1993 1898 2036 residuum
1926 1993 2107 2050 spiritus
2142 1994 2239 2050 ejus

396 2054 490 2097 est?
520 2055 577 2096 Et
606 2054 712 2110 quid
737 2068 848 2096 unus
874 2053 1053 2109 quaerit,
1081 2053 1166 2096 nisi
1195 2067 1347 2096 semen
1378 2052 1498 2096 Dei?
1533 2052 1765 2096 Custodite
1798 2067 1904 2109 ergo
1933 2052 2139 2109 spiritum
2165 2068 2238 2097 ve-

395 2119 555 2168 strum,
583 2118 626 2156 et
652 2127 834 2156 uxorem
858 2113 1172 2156 adolescentiae
1197 2118 1287 2156 tuae
1311 2112 1402 2156 noli
1426 2112 1666 2169 despicere.
1688 2111 1723 2138 16
1742 2111 1853 2155 Cum
1879 2112 1981 2156 odio
2006 2112 2236 2170 habueris,

396 2173 592 2229 dimitte,
629 2172 738 2216 dicit
772 2171 989 2215 Dominus
1021 2174 1141 2216 Deus
1172 2172 1338 2227 Israel,
1376 2171 1544 2229 operiet
1577 2178 1728 2215 autem
1756 2171 1969 2228 iniquitas
1999 2172 2237 2216 vestimen-

394 2239 490 2274 tum
513 2232 621 2289 ejus,
646 2232 756 2276 dicit
782 2232 997 2275 Dominus
1021 2233 1307 2277 exercituum.
1328 2231 1560 2276 Custodite
1582 2231 1788 2288 spiritum
1806 2236 2016 2288 vestrum,
2036 2237 2080 2275 et
2100 2231 2240 2277 nolite

395 2292 634 2348 despicere.

455 2351 488 2377 17
521 2352 743 2396 Laborare
779 2352 952 2396 fecistis
987 2353 1228 2395 Dominum
1263 2352 1307 2394 in
1341 2352 1618 2394 sermonibus
1647 2351 1827 2407 vestris,
1861 2357 1906 2395 et
1939 2351 2150 2396 dixistis.
2185 2352 2239 2394 In

396 2426 478 2467 quo
506 2426 606 2454 eum
631 2411 822 2455 fecimus
847 2411 1082 2456 laborare?
1114 2413 1167 2455 111
1195 2427 1244 2455 00
1271 2411 1387 2467 quod
1418 2411 1566 2454 dicitis
1593 2428 1601 2455 :
1637 2411 1792 2455 Omnis
1818 2411 1891 2467 qui
1921 2411 2036 2454 facit
2071 2411 2239 2454 malum

395 2471 535 2514 bonus
561 2476 626 2514 est
651 2471 697 2514 in
720 2478 958 2528 conspectu
983 2472 1185 2527 Domini,
1209 2477 1253 2514 et
1276 2470 1386 2514 tales
1413 2470 1451 2513 ei
1477 2470 1680 2527 placent3
1706 2475 1784 2513 aut
1806 2474 1924 2513 certe
1941 2470 2017 2514 ubi
2036 2476 2102 2514 est
2121 2472 2239 2514 Deus

394 2530 587 2585 judicii?

939 2632 1155 2687 PARS
1207 2631 1697 2687 POSTERIOR

477 2764 641 2804 NOVI
691 2764 1004 2803 FOEDERIS
1055 2763 1604 2804 INSTITUTIONEM
1652 2763 2156 2803 PRAENUNTIANS

456 2892 561 2935 CAP.
590 2892 678 2934 111.
698 2918 756 2924 —-
778 2892 791 2917 ’1
809 2893 925 2935 Εο00
948 2906 1031 2947 ego
1055 2891 1185 2935 mitto
1210 2891 1422 2947 angelum
1447 2906 1618 2948 meum,
1637 2896 1682 2934 et
1706 2890 1977 2948 praeparabit
1995 2890 2114 2932 viam
2136 2895 2237 2934 ante

395 2949 562 2992 faciem
596 2965 766 3005 meam3
795 2956 839 3003 et
867 2950 1020 2993 statim
1041 2950 1192 2994 veniet
1223 2951 1280 2993 ad
1307 2951 1523 3007 templum
1558 2965 1687 2993 suum
1717 2949 1981 2994 Dominator
2006 2963 2134 3004 quem
2162 2964 2240 2993 vos

397 3009 613 3065 quaeritis,
637 3015 680 3052 et
705 3010 891 3066 angelus
916 3010 1175 3053 testamenti
1205 3024 1335 3066 quem
1362 3025 1438 3054 vos
1464 3010 1616 3053 vultis.
1645 3011 1760 3052 Ecce
1787 3008 1923 3063 venit,
1951 3007 2061 3051 dicit
2088 3009 2239 3051 Domi-

396 3082 477 3110 nus
504 3068 791 3114 exercituum.
815 3068 832 3094 9
851 3070 908 3112 Et
930 3069 1026 3125 quis
1051 3069 1212 3126 poterit
1234 3070 1430 3126 cogitare
1454 3069 1572 3112 diem
1597 3069 1815 3112 adventus
1840 3067 1950 3123 eJ’uS,
1971 3073 2014 3110 et
2033 3067 2129 3124 quis
2152 3073 2238 3110 sta-

396 3127 463 3169 bit
496 3126 552 3169 ad
582 3127 826 3170 videndum
855 3128 992 3172 eum?
1020 3130 1122 3185 Ipse
1152 3129 1271 3172 enim
1301 3128 1425 3184 quasi
1458 3128 1574 3184 ignis
1608 3126 1830 3182 conflans,
1869 3132 1912 3169 et
1946 3127 2069 3182 quasi
2103 3127 2239 3170 herba

396 3186 622 3229 fullonum
638 3203 646 3241 3
665 3186 682 3212 3
700 3192 744 3229 et
769 3186 941 3230 sedebit
962 3188 1181 3244 conflans,
1205 3194 1249 3231 et
1271 3188 1518 3231 emundans
1543 3190 1803 3242 argentum3
1829 3191 1872 3228 et
1894 3185 2106 3241 purgabit
2126 3185 2241 3229 filios

398 3245 528 3302 Levi,
555 3250 600 3288 et·
633 3244 799 3288 colabit
831 3259 904 3288 eos
934 3247 1058 3301 quasi
1090 3261 1247 3290 aurum
1281 3253 1324 3290 et
1358 3247 1484 3303 quasi
1517 3250 1773 3301 argentum,
1805 3249 1849 3287 et
1883 3250 2013 3286 erunt
2047 3245 2240 3288 Domino

398 3304 636 3348 offerentes
663 3303 880 3347 sacrificia
905 3304 951 3346 in
977 3305 1164 3360 justitia.
1191 3305 1208 3332 4
1228 3308 1286 3349 Et
1310 3306 1507 3363 placebit
1538 3303 1729 3347 Domino
1758 3303 2026 3346 sacrificium
2052 3304 2079 3346 J
2085 3303 2173 3347 uda
2198 3310 2241 3347 et

399 3364 670 3420 Jerusalem,
693 3363 808 3406 sicut
838 3363 931 3406 dies
960 3364 1133 3420 saeeuli,
1157 3371 1201 3407 et
1227 3366 1342 3408 sicut
1366 3364 1472 3407 anni
1497 3363 1684 3419 antiqui.
1712 3363 1729 3389 5
1755 3362 1813 3405 Et
1838 3362 2053 3405 accedam
2079 3362 2136 3405 ad
2162 3377 2240 3406 vos

398 3423 443 3465 in
468 3423 657 3478 judicio,
692 3427 737 3465 et
765 3436 837 3465 ero
862 3422 988 3465 testis
1018 3423 1149 3466 velox
1179 3424 1412 3478 maleficis,
1441 3428 1485 3466 et
1508 3421 1743 3477 adulteris,
1775 3427 1819 3464 et
1844 3421 2057 3478 perjuris,
2093 3426 2138 3465 et
2166 3421 2240 3477 qui

401 3482 729 3524 calumniantur
762 3481 1012 3525 mercedem
1046 3483 1329 3538 mercenarii,
1362 3482 1518 3524 viduas
1554 3486 1598 3523 et
1633 3480 1857 3538 pupillos,
1896 3486 1940 3524 et
1984 3480 2241 3538 opprimunt

402 3641 431 3673 2]
451 3641 527 3668 Lev.
547 3641 670 3676 XXVI,
690 3644 732 3669 14.
755 3642 854 3669 Deut.
873 3640 1046 3675 XXVIII,
1068 3642 1111 3668 15.
1138 3653 1173 3658 -
1195 3639 1242 3673 10]
1266 3639 1387 3667 Matth.
1407 3638 1548 3674 XXIII,
1566 3641 1591 3666 9.
1615 3638 1696 3670 Epli.
1722 3638 1778 3674 IV,
1795 3641 1821 3667 6.
1846 3652 1883 3658 -
1909 3639 1937 3672 1]
1964 3637 2086 3666 March.
2108 3637 2177 3672 XI,
2195 3639 2241 3668 10.

403 3685 502 3713 Marc.
522 3686 555 3720 Ι,
573 3689 598 3714 2.
622 3686 701 3714 Luc.
722 3686 754 3720 Ι,
774 3687 806 3712 17
825 3687 859 3712 et
876 3685 955 3721 VII,
978 3686 1021 3714 27.
