2423 3861
425 120 510 164 776
837 123 989 164 anm.
1024 122 1274 177 XXXVII,
1311 123 1364 165 19
1397 147 1455 154 -
1487 122 1764 178 XXXVIII,
1800 124 1839 166 9.

423 228 2191 237 —X⁴-<--——————-————————.--—„—.—-——‘—-
2198 229 2248 235 q.-

716 305 848 346 quam
870 295 1040 345 septem
1059 289 1450 345 circumspectores
1468 289 1672 333 sedentes
1690 289 1736 332 in
1755 290 1929 334 excelso
1947 291 2003 334 ad
2022 293 2252 348 speculan-

602 349 636 375 19
659 351 715 392 Et
735 350 780 390 in
806 349 872 390 his
895 347 1100 390 omnibus
1124 347 1360 404 deprecare
1382 347 1686 403 Altissimum,
2109 349 2249 408 [dum.

718 417 763 449 ut
786 407 950 462 dirigat
974 406 1019 448 in
1041 405 1228 449 veritate
1251 406 1371 449 viam
1396 412 1533 451 tuam.

600 465 635 492 20
656 467 774 508 Ante
801 465 949 507 omnia
974 479 1105 522 opera
1131 466 1316 508 verbum
1342 481 1475 509 verax
1502 465 1728 522 praecedat
1750 470 1814 522 te,

716 530 758 567 et
782 529 885 567 ante
912 538 1086 567 omnem
1109 530 1258 567 actum
1283 525 1515 568 consilium
1539 525 1712 568 stabile.

597 582 631 609 Ἥ
655 582 852 626 Verbum
877 597 1069 639 nequam
1093 583 1352 627 immutabit
1377 599 1473 639 cor3

715 657 770 686 ex
794 656 877 698 quo
900 647 1047 698 partes
1072 649 1259 698 quatuor
1284 643 1483 687 oriuntur
1503 661 1512 688 :

716 701 880 744 bonum
907 707 951 744 et
975 702 1163 758 malum,
1187 702 1281 745 vita
1307 708 1350 746 et
1377 718 1518 758 mors3

714 765 757 804 et
784 760 1053 804 dominatrix
1076 761 1253 805 illorum
1275 767 1341 805 est
1365 763 1543 805 assidua
1569 763 1736 818 lingua.

657 821 736 862 Est
761 820 828 862 vir
848 825 1021 863 astutus
1046 821 1287 864 multorum
1313 821 1520 878 eruditor,

716 884 758 922 et
783 879 945 922 animae
972 894 1063 922 suae
1089 880 1260 924 inutilis
1287 886 1365 924 est.

166 950 303 999 neviro
596 937 633 964 ‘²2
652 938 734 981 Vir
755 938 920 994 peritus
946 939 1107 982 multos
1133 940 1347 996 erudivit,

152 997 315 1068 l‘ffssgsgofft
714 1003 758 1040 et
782 997 945 1040 animae
971 1013 1062 1041 suze
1089 999 1238 1041 suavis
1261 1005 1340 1043 est.

598 1056 635 1083 ‘23
656 1057 736 1108 Qui
762 1057 1001 1113 sophistice
1025 1058 1218 1113 loquitur
1244 1059 1422 1101 odibilis
1447 1064 1536 1113 est3

713 1117 758 1158 in
784 1117 904 1160 omni
930 1132 976 1160 re
1006 1117 1359 1161 defraudabitur.

596 1174 632 1201 ‘2¹¹
653 1176 751 1218 Non
777 1181 842 1219 est
862 1176 928 1218 illi
956 1176 1060 1219 data
1082 1192 1107 1219 a
1134 1178 1326 1220 Domino
1351 1178 1516 1234 gratia,

714 1235 833 1278 omni
859 1236 978 1278 enim
1004 1236 1223 1292 sapientia
1250 1236 1541 1280 defraudatus
1568 1242 1646 1281 est.

597 1293 632 1320 25
655 1296 735 1337 Est
755 1294 930 1350 sapiens
956 1295 1118 1339 animae
1142 1310 1233 1338 suae
1260 1296 1456 1353 sapiens,

714 1359 757 1396 et
781 1355 954 1397 fructus
981 1369 1133 1398 sensus
1154 1355 1275 1398 illius
1296 1356 1549 1399 laudabilis.

596 1412 632 1439 26
652 1413 733 1456 Vir
758 1414 933 1470 sapiens
959 1414 1137 1470 plebem
1159 1429 1285 1457 suam
1308 1415 1472 1471 erudit,

742 1478 785 1515 et
811 1473 984 1516 fructus
1010 1488 1162 1517 sensus
1185 1474 1304 1517 illius
1325 1474 1478 1518 fideles
1505 1480 1621 1518 sunt.

596 1531 630 1557 ³⁷
654 1533 733 1575 Vir
758 1533 933 1588 sapiens
958 1533 1219 1589 implebitur
1243 1533 1650 1590 benedictionibus,

714 1597 758 1634 et
780 1592 982 1635 videntes
1006 1592 1135 1635 illum
1161 1593 1420 1636 laudabunt.

596 1650 632 1677 ‘23
652 1651 759 1694 Vita
785 1651 866 1693 viri
892 1651 937 1693 in
960 1667 1141 1696 numero
1169 1652 1363 1706 dierum;

713 1711 806 1753 dies
831 1717 980 1754 autem
1007 1712 1144 1755 Israel
1176 1712 1524 1755 innumerabiles
1549 1718 1665 1756 sunt.

596 1769 631 1795 '29
653 1770 837 1827 Sapiens
863 1770 908 1813 in
934 1771 1096 1827 populo
1124 1771 1393 1814 hereditabit
1418 1772 1649 1827 honorem,

713 1834 756 1872 et
781 1844 943 1873 nomen
965 1829 1085 1873 illius
1108 1831 1189 1873 erit
1214 1830 1369 1873 vivens
1393 1831 1439 1873 in
1468 1836 1694 1875 aeternum.

157 1898 307 1935 crapuiae
595 1887 632 1914 30
655 1888 761 1944 Fili,
788 1888 834 1930 in
857 1889 950 1931 vita
972 1894 1047 1932 tua
1075 1896 1196 1933 tenta
1219 1890 1416 1932 animam
1442 1895 1588 1944 tuam,

148 1942 319 1977 pernicies.
713 1954 757 1991 et
782 1948 817 1990 si
843 1948 982 1992 fuerit
1006 1963 1218 2005 nequam,
1245 1964 1333 1992 non
1360 1949 1434 1993 des
1461 1949 1526 1991 illi
1553 1954 1845 2005 potestatemz

596 2007 628 2034 3¹
654 2022 739 2050 non
763 2007 881 2050 enim
904 2008 1054 2051 omnia
1079 2009 1282 2051 omnibus
1305 2009 1568 2065 expediunt,

713 2073 757 2110 et
782 2082 869 2110 non
895 2068 1014 2111 omni
1041 2068 1202 2110 animae
1231 2082 1359 2111 omne
1384 2082 1523 2123 genus
1549 2068 1710 2124 placet.

596 2126 632 2153 3'2
654 2127 756 2170 Noli
782 2126 940 2170 avidus
967 2142 1060 2170 esse
1086 2127 1130 2169 in
1157 2128 1277 2170 omni
1303 2127 1577 2183 epulatione,

713 2192 756 2229 et
781 2200 868 2229 non
895 2192 937 2230 te
964 2187 1168 2230 effundas
1191 2201 1321 2243 super
1346 2201 1522 2230 omnem
1545 2201 1717 2241 escam;

595 2245 630 2271 33
652 2245 696 2288 in
722 2245 874 2289 multis
896 2246 1015 2289 enim
1041 2247 1152 2289 escis
1180 2247 1261 2289 erit
1282 2246 1538 2302 infirmitas,

712 2311 755 2348 et
779 2305 971 2348 aviditas
995 2305 1371 2363 appropinquabit
1396 2319 1532 2361 usque
1558 2305 1615 2348 ad
1643 2305 1877 2351 choleram.

593 2363 630 2390 34
652 2365 836 2422 Propter
862 2361 1090 2422 crapulam
1118 2365 1246 2408 multi
1270 2365 1496 2419 obierunt;

713 2424 787 2480 qui
813 2429 963 2467 autem
989 2425 1219 2468 abstinens
1246 2430 1312 2469 est
1333 2424 1519 2480 adjiciet
1545 2425 1698 2469 vitam.

131 2491 176 2520 De
204 2490 332 2539 medico
477 2482 581 2527 CAP.
606 2485 874 2527 XXXVIII.
909 2511 952 2516 —
982 2484 994 2510 ¹
1017 2485 1200 2528 Honora
1221 2484 1446 2529 medicum
1471 2489 1649 2541 propter
1674 2484 2010 2541 necessitatem3

130 2537 323 2606 Οξῡζξῗζζξί
713 2543 878 2587 etenim
902 2543 1032 2587 illum
1056 2544 1223 2587 creavit
1244 2544 1518 2587 Altissimus.

325 2597 333 2607 ⁸
614 2600 631 2626 ‘2
653 2604 693 2645 A
720 2604 813 2646 Deo
836 2608 903 2646 est
928 2603 1046 2646 enim
1069 2604 1212 2647 omnis
1235 2603 1429 2658 medela,

714 2668 757 2705 et
782 2677 808 2705 a
832 2677 935 2718 rege
958 2662 1150 2719 accipiet
1176 2663 1474 2707 donationem.

615 2721 632 2747 3
653 2721 903 2778 Disciplina
927 2722 1090 2766 medici
1114 2722 1332 2765 exaltabit
1357 2728 1492 2779 caput
1518 2721 1656 2778 illins,

714 2786 757 2825 et
782 2781 827 2823 in
851 2787 1090 2838 conspectu
1113 2787 1425 2838 magnatorum
1451 2781 1792 2826 collaudabitur.

615 2840 632 2866 4
653 2840 909 2884 Altissimus
936 2841 1103 2884 creavit
1130 2842 1183 2885 de
1210 2847 1326 2884 terra
1348 2841 1697 2897 medicamenta,

714 2905 758 2943 et
782 2900 850 2942 vir
871 2900 1061 2956 prudens
1088 2915 1175 2944 non
1201 2900 1458 2944 abhorrebit
1478 2900 1571 2944 illa.

674 2960 691 2986 5
713 2960 871 3003 Nonne
897 2974 923 3002 a
945 2959 1066 3016 ligno
1093 2960 1324 3003 indulcata
1349 2965 1416 3003 est
1437 2975 1552 3016 aqua
1576 2961 1758 3005 amara?

616 3018 634 3044 0
654 3019 724 3061 Ad
750 3018 1024 3074 agnitionem
1052 3020 1281 3062 hominum
1307 3019 1446 3063 virtus
1469 3019 1672 3075 illorum3

715 3084 759 3120 et
785 3078 907 3121 dedit
932 3079 1185 3122 hominibus
1211 3079 1445 3122 scientiam
1473 3078 1746 3134 Alfissimus,

714 3137 918 3180 honorari
944 3138 989 3180 in
1015 3138 1294 3181 mirabilibus
1319 3139 1422 3183 suis.

617 3193 632 3221 ⁷
654 3194 707 3238 In
734 3195 802 3238 his
829 3211 985 3240 curans
1007 3197 1234 3253 mitigabit
1257 3198 1476 3252 doloremg

712 3260 756 3298 et
781 3257 1100 3311 unguentarius
1123 3258 1262 3300 faciet
1284 3257 1516 3314 pigmenta
1538 3255 1786 3312 suavitatis,

715 3319 760 3357 et
785 3315 1013 3358 unctiones
1037 3316 1239 3360 conficiet
1265 3317 1492 3372 sanitatis3

717 3379 759 3417 et
784 3388 870 3416 non
897 3375 1321 3418 consummabuntur
1346 3391 1476 3432 opera
1503 3376 1611 3431 ejus.

675 3432 692 3460 ⁸
714 3433 808 3476 Pax
834 3432 951 3476 enim
976 3433 1058 3476 Dei
1083 3448 1212 3490 super
1236 3435 1400 3478 faciem
1427 3441 1570 3478 terrae.

625 3491 638 3516 ί
655 3492 764 3549 Fili,
787 3492 832 3534 in
858 3498 935 3535 tua
955 3492 1213 3537 infirmitate
1239 3508 1293 3537 ne
1316 3494 1534 3551 despicias
1557 3498 1600 3536 te
1627 3492 1795 3550 ipsum3

422 3640 454 3674 5]
471 3640 531 3669 EX.
550 3640 622 3676 XV,
638 3644 682 3670 25.
706 3656 742 3661 -
766 3641 796 3674 9]
817 3640 859 3668 Is.
879 3639 1077 3675 XXXVIII,
1092 3642 1119 3669 3.
