2456 3861
785 173 881 215 Jos.
918 172 1050 225 xlx,
1086 172 1218 214 8-50.
1827 169 1912 212 215

94 341 280 385 ⁸omnes
313 342 444 384 viculi
481 356 557 399 per
589 342 822 384 circuitum
857 342 1029 384 urbium
1067 342 1249 384 istarum
1287 355 1420 396 usque
1458 340 1514 383 ad
1550 339 1913 382 Baalath-Beer-

92 401 283 444 Ramath
321 406 473 443 contra
510 401 748 443 australem
786 401 979 457 plagam.
1018 401 1128 443 Haec
1162 406 1228 444 est
1258 400 1479 444 hereditas
1512 399 1702 441 filiorum
1737 398 1912 441 Simeon

89 459 219 516 juxta
252 460 539 515 cognationes
572 474 693 514 suas,
725 461 803 502 ‘³in
831 460 1103 516 possessione
1133 465 1176 502 et
1207 459 1406 502 funiculo
1433 458 1622 501 tiliorum
1648 457 1788 511 -Iuda,
1813 456 1913 512 quia

91 519 234 574 major
273 524 379 562 crat.
420 519 475 561 Et
518 518 682 562 idcirco
723 519 799 561 tilii
844 519 1018 562 Simeon
1056 518 1345 575 possederunt
1384 517 1429 560 in
1471 517 1615 560 medio
1656 515 1915 559 hereditatis

90 591 254 621 eorum.
1298 583 1310 597 ⁰

152 637 184 663 ¹⁰
199 638 456 694 Ceciditque
475 652 565 681 sors
584 638 715 681 tertia
733 637 922 680 filiorum
944 636 1138 679 Zabulon
1159 651 1235 692 per
1254 635 1542 691 cognationes
1561 648 1660 677 suas
1677 651 1685 689 ;
1707 638 1751 676 et
1769 633 1916 675 factus

89 702 153 741 est
181 697 394 740 terminus
423 696 710 753 possessionis
736 710 885 739 eorum
918 709 1053 750 usque
1088 695 1237 748 Sarid3
1267 694 1295 719 ¹¹
1316 694 1602 749 ascenditque
1630 693 1682 735 de
1713 692 1845 747 mari,
1873 696 1916 734 et

90 756 279 810 Merala,
314 762 357 799 et
390 755 592 812 pervenit
627 755 673 797 in
712 754 990 803 Debbaseth,
1018 768 1151 808 usque
1189 753 1245 795 ad
1280 758 1520 795 torrentem
1554 752 1627 807 qui
1665 756 1731 795 est
1765 756 1915 794 contra

90 816 319 858 Jeconam.
360 814 392 840 ¹2
414 815 472 857 Et
506 813 740 857 revertitur
773 813 826 856 de
861 812 995 856 Sared
1029 816 1183 854 contra
1219 811 1432 854 orientem
1468 811 1515 853 in
1553 812 1660 853 fines
1694 810 1914 854 Ceseleth-

89 874 293 927 Thabor;
322 878 365 916 et
386 872 611 929 egreditur
630 872 687 915 ad
714 871 961 927 Dabereth,
984 870 1272 925 ascenditque
1298 875 1452 912 contra
1474 869 1649 925 Japhie.
1681 869 1713 895 13
1732 870 1789 911 Et
1815 868 1917 911 inde

89 932 327 989 pertransit
360 946 494 988 usque
531 931 587 974 ad
623 931 885 974 orientalem
921 930 1102 986 plagam
1141 928 1480 985 Geth-Hepher
1513 933 1557 970 et
1589 928 1837 981 Thacasin3
1875 933 1919 970 et

90 991 315 1047 egreditur
337 991 381 1033 in
407 993 642 1045 Remmon,
671 990 873 1044 Amthar,
897 994 941 1032 et
963 989 1073 1032 Noa.
1096 988 1129 1014 14
1148 989 1205 1031 Et
1231 987 1388 1030 circuit
1409 987 1465 1029 ad
1488 986 1741 1042 aquilonem
1766 987 1918 1028 Hana-

90 1051 222 1105 thon,
250 1055 437 1105 suntque
464 1063 664 1105 egressus
685 1049 783 1105 ejus
807 1048 938 1092 vallis
964 1049 992 1091 J
997 1047 1226 1104 ephtahel,
1251 1046 1286 1072 ¹5
1304 1051 1348 1089 et
1370 1045 1562 1101 Cathed,
1596 1049 1640 1088 et
1668 1045 1850 1100 Naalol,
1876 1050 1919 1088 et

91 1109 319 1163 Semeron,
346 1114 391 1152 et
425 1109 597 1164 Jerala,
625 1113 669 1151 et
700 1108 991 1153 Bethlehem:
1020 1107 1225 1150 civitates
1251 1104 1507 1159 duodecim,
1533 1110 1578 1147 et
1602 1104 1722 1147 villae
1752 1117 1918 1147 earum.

92 1167 127 1194 ¹⁶
146 1169 258 1211 Haee
281 1176 347 1211 est
375 1168 598 1211 hereditas
619 1167 760 1210 tribus
785 1167 975 1210 filiorum
1005 1166 1202 1209 Zabulon
1227 1179 1305 1222 per
1330 1163 1619 1220 cognationes
1645 1177 1767 1219 suas,
1791 1162 1920 1206 urbes

91 1232 134 1270 et
160 1227 295 1270 viculi
323 1242 486 1270 earum.

151 1285 184 1312 '¹⁷
205 1287 409 1329 Issachar
427 1301 601 1343 egressa
624 1291 690 1329 est
711 1301 802 1329 sors
828 1290 983 1342 quarta
1008 1300 1086 1342 per
1108 1285 1396 1341 cognationes
1421 1297 1546 1337 suas;
1578 1282 1613 1309 18
1626 1282 1802 1338 fuitque
1824 1282 1921 1339 ejus

90 1345 338 1389 hereditas:
365 1346 391 1388 J
397 1345 560 1401 ezrael,
583 1351 627 1388 et
649 1345 879 1400 Casaloth,
906 1350 950 1388 et
976 1346 1160 1400 Sunem,
1185 1344 1220 1369 19
1234 1349 1278 1387 et
1304 1342 1603 1399 Hapharaim,
1627 1346 1672 1384 et
1693 1342 1857 1397 Sehon,
1878 1346 1921 1384 et

92 1405 375 1459 Auaharath,
399 1403 436 1431 ‘2⁰
452 1410 496 1448 et
520 1404 746 1460 Rabboth,
771 1409 814 1447 et
836 1404 1015 1459 Cesion,
1044 1404 1183 1459 AbeS,
1207 1402 1240 1428 '2¹
1261 1408 1306 1446 et
1332 1401 1544 1457 Rameth,
1571 1405 1615 1444 et
1642 1401 1919 1457 Engannim,

92 1470 136 1507 et
162 1464 401 1519 Euhadda,
428 1468 473 1506 et
499 1463 787 1519 Bethpheses.
815 1462 851 1489 '²⁹2
877 1464 933 1505 Et
959 1463 1162 1519 pervenit
1191 1462 1406 1505 terminus
1437 1460 1534 1516 ejus
1564 1474 1699 1515 usque
1721 1459 1919 1515 Thabor,

93 1528 135 1566 et
159 1523 404 1576 Sehesima,
428 1528 472 1565 et
495 1523 756 1565 Bethsames
775 1540 783 1577 ;
804 1527 1017 1578 eruntque
1037 1521 1181 1564 exitus
1199 1521 1297 1576 ejus
1320 1521 1348 1563 J
1353 1519 1529 1563 ordanis
1546 1535 1554 1562 :
1574 1519 1777 1562 civitates
1799 1519 1921 1562 sede-

93 1582 199 1637 cim,
219 1587 263 1624 et
280 1582 400 1623 villae
419 1596 584 1624 earum.
603 1580 640 1607 23
659 1582 770 1623 Haec
789 1586 856 1623 est
873 1580 1090 1637 possessio
1107 1580 1298 1623 filiorum
1317 1579 1522 1622 Issachar
1539 1592 1616 1635 per
1634 1578 1922 1634 cognationes

91 1654 211 1696 suas,
236 1641 365 1683 urbes
391 1648 435 1683 et
455 1640 590 1683 viculi
614 1655 778 1685 earum.

150 1699 187 1726 ”²4
216 1699 476 1755 Ceciditque
505 1714 597 1743 sors
630 1699 783 1756 quinta
813 1699 948 1742 tribui
985 1699 1177 1743 filiorum
1214 1700 1326 1742 Aser
1354 1713 1433 1755 per
1465 1696 1754 1754 cognationes
1791 1711 1923 1752 suas3

94 1758 130 1785 25
145 1759 320 1815 fuitque
342 1759 558 1802 terminus
580 1773 729 1802 eorum
749 1775 756 1802 :
784 1759 1001 1815 Halcath,
1025 1764 1069 1801 et
1098 1758 1247 1814 Chali,
1280 1762 1325 1801 et
1358 1759 1519 1812 Beten,
1547 1762 1591 1800 et
1617 1757 1803 1813 Axaph,
1827 1755 1864 1782 “2ss
1880 1761 1923 1799 et

93 1818 343 1873 Elmelech,
376 1824 419 1861 et
445 1818 641 1874 Amaad,
668 1823 712 1861 et
738 1818 925 1872 Messal3
952 1824 996 1861 et
1017 1818 1219 1874 pervenit
1249 1832 1385 1873 usque
1410 1817 1467 1859 ad
1494 1815 1746 1859 Carmelum
1769 1814 1921 1870 maris,

93 1882 135 1920 et
167 1877 305 1932 Sihor,
333 1883 377 1920 et
407 1877 662 1933 Labanath,
689 1877 724 1903 ⁶2⁷
743 1892 795 1920 ac
823 1878 1060 1921 revertitur
1085 1882 1239 1920 contra
1269 1877 1484 1920 orientem
1515 1875 1827 1931 Beth-Dagon
1848 1892 1857 1928 3
1881 1879 1925 1917 et

91 1937 331 1993 pertransit-
349 1951 485 1993 usque
506 1937 703 1979 Zabulon
727 1942 771 1980 et
788 1936 954 1980 vallem
979 1936 1220 1993 Jephthael
1248 1940 1400 1979 contra
1418 1934 1673 1991 aquilonem
1693 1933 1740 1976 in
1765 1934 1926 1976 Bethe-

92 2010 189 2039 mec
214 2001 259 2039 et
284 1996 458 2041 Nehiel.
487 1996 809 2052 Egrediturque
831 1996 889 2039 ad
915 1996 1078 2038 laevam
1102 1995 1263 2050 Cabul,
1287 1994 1323 2021 '²8
1342 1999 1387 2038 et
1409 1994 1582 2049 Abran,
1611 1997 1655 2036 et
1683 1992 1857 2049 Rohob,
1882 1998 1925 2036 et

93 2056 295 2099 Hamon.
319 2060 363 2098 et
388 2056 529 2111 Cana,
549 2069 684 2110 usque
707 2055 763 2098 ad
787 2055 996 2099 Sidonem
1022 2069 1246 2111 magnam.
1270 2054 1307 2080 39
1326 2053 1663 2108 Revertiturque
1685 2052 1731 2094 in
1755 2053 1923 2095 Horma

92 2129 228 2170 usque
253 2114 309 2157 ad
334 2114 564 2157 civitatem
579 2114 922 2157 munitissimam
941 2115 1128 2170 Tyrum,
1149 2119 1192 2157 et
1214 2128 1350 2169 usque
1375 2114 1523 2167 Hosa3
1544 2116 1757 2167 eruntque
1781 2111 1925 2154 exitus

93 2174 190 2230 ejus
210 2174 257 2216 in
279 2188 400 2216 mare
423 2173 476 2216 de
498 2173 700 2216 funiculo
720 2173 941 2229 Achziba,
966 2173 1003 2200 3⁰
1020 2178 1064 2216 et
1087 2177 1271 2228 Amma,
1291 2179 1336 2216 et
1354 2172 1530 2228 Aphec,
1551 2176 1595 2214 et
1618 2170 1772 2213 Rohob
1789 2188 1797 2214 1
1817 2170 1924 2212 civi-

92 2238 207 2275 tates
232 2233 394 2289 viginti
417 2233 537 2288 duae,
565 2238 607 2275 et
634 2232 754 2275 villae
777 2247 940 2276 earum.
965 2232 999 2259 3¹
1023 2234 1134 2275 Haec
1158 2237 1224 2275 est
1248 2232 1466 2288 possessio
1495 2231 1686 2273 filiorum
1712 2231 1824 2272 Aser
1848 2243 1926 2286 per

94 2292 381 2348 cognationes
403 2306 524 2347 suas,
549 2291 763 2347 urbesque
789 2297 833 2334 et
854 2291 990 2334 viculi
1017 2306 1181 2335 earum.

153 2350 189 2377 3⁹²
207 2351 422 2394 Filiorum
454 2350 697 2407 Nephthali
723 2355 850 2394 sexta
875 2365 967 2394 sors
992 2351 1155 2394 cecidit
1179 2365 1258 2407 per
1282 2350 1480 2393 familias
1510 2364 1638 2404 suas;
1667 2349 1704 2375 33
1721 2353 1765 2392 et
1791 2348 1923 2405 coepit

93 2409 308 2454 terminus
334 2411 387 2453 de
412 2410 590 2466 Heleph
615 2415 658 2453 et
683 2410 795 2452 Elon
818 2410 865 2452 in
891 2410 1151 2465 Saananim,
1179 2415 1223 2453 et
1251 2409 1438 2465 Adami,
1469 2423 1567 2465 quae
1593 2412 1660 2451 est
1685 2407 1857 2462 Neceb,
1881 2413 1923 2450 et

94 2470 122 2513 J
126 2469 284 2513 ebnael
309 2484 445 2525 usque
468 2471 660 2524 Lecum;
689 2474 733 2512 et
758 2483 958 2525 egressus
981 2483 1131 2511 eorum
1153 2484 1288 2525 usque
1310 2469 1366 2511 ad
1392 2468 1663 2523 Jordanem3
1689 2467 1725 2493 34
1742 2466 1923 2509 reverti-

93 2533 250 2585 turque
275 2529 490 2572 terminus
509 2533 665 2571 ⁴contra
692 2528 969 2571 occidentem
994 2528 1041 2570 in
1076 2526 1484 2579 Azanot-Thabor,
1511 2530 1643 2581 atque
1670 2522 1775 2567 inde
1801 2537 1922 2579 egre-

94 2588 214 2631 ditur
244 2588 290 2630 in
319 2588 526 2643 Hucuca,
554 2592 597 2630 et
622 2587 862 2644 pertransit
889 2587 936 2629 in
969 2586 1165 2629 Zabulon
1197 2590 1349 2628 contra
1380 2584 1631 2638 meridiem,
1659 2588 1703 2626 et
1735 2582 1781 2625 in
1814 2584 1925 2624 Aser

94 2652 248 2691 contra
278 2647 575 2702 occidentem,
603 2652 647 2690 et
675 2647 721 2689 in
751 2647 779 2690 J
783 2646 870 2689 uda
898 2646 955 2689 ad
982 2645 1226 2688 Jordanem
1256 2649 1410 2687 contra
1440 2648 1583 2686 ortum
1609 2641 1726 2685 solis.
1752 2641 1788 2668 35
1807 2641 1920 2685 Civi-

93 2711 209 2750 tates
242 2706 581 2750 munitissimae:
613 2706 841 2761 Assedim,
876 2706 965 2761 Ser,
997 2710 1041 2748 et
1070 2704 1255 2757 Emath,
1288 2708 1330 2746 et
1368 2701 1584 2756 Reccath,
1611 2705 1655 2744 et
1684 2700 1911 2747 Oenereth.

94 2765 131 2793 36
148 2771 193 2809 et
215 2766 405 2821 Edema,
432 2771 477 2808 et
498 2766 685 2821 Arama,
709 2767 838 2820 Asor,
857 2764 891 2791 37
911 2769 955 2807 et.
980 2763 1140 2819 Cedes,
1164 2768 1208 2805 et
1231 2762 1385 2818 Edrai,
1418 2761 1629 2816 Enhasor,
1650 2760 1686 2786 38
1704 2764 1747 2803 et
1766 2761 1794 2803 J
1799 2773 1917 2815 eron,

94 2830 137 2868 et
171 2825 419 2881 Magdalel,
455 2825 644 2881 Horem,
679 2828 723 2868 et
756 2823 1032 2877 Bethanath,
1060 2827 1104 2866 et
1138 2822 1423 2864 Bethsames:
1460 2819 1664 2862 civitates
1695 2819 1848 2862 decem
1882 2824 1925 2861 et

96 2899 275 2940 novem,
296 2889 341 2927 et
357 2883 478 2927 villae
500 2898 666 2927 earum.
686 2883 722 2910 39
742 2884 854 2925 Haec
879 2887 946 2925 est
966 2881 1181 2938 possessio
1204 2880 1345 2923 tribus
1368 2879 1558 2922 filiorum
1582 2877 1826 2935 Nephthali
1849 2892 1926 2934 per

93 2944 383 2999 cognationes
409 2957 531 2999 suas,
559 2943 690 2986 urbes
712 2947 756 2985 et
780 2941 915 2984 viculi
941 2955 1106 2985 earum.

155 3002 192 3029 40
208 3003 361 3046 Tribui
388 3002 579 3046 filiorum
603 3004 702 3045 Dan
731 3016 809 3058 per
834 3000 1034 3043 familias
1055 3014 1155 3043 suas
1182 3014 1358 3056 egressa
1381 3003 1447 3042 est
1471 3013 1564 3042 sors
1589 2998 1804 3055 septima;
1829 2997 1862 3024 41
1883 3002 1925 3040 et

93 3061 185 3105 fuit
216 3062 431 3105 terminus
463 3061 752 3118 possessionis
786 3060 883 3117 ejus
905 3077 914 3104 t
936 3062 1072 3106 Saraa
1088 3066 1132 3103 et
1151 3059 1356 3113 Esthaol,
1384 3063 1428 3101 et
1459 3057 1754 3113 Hir-SemeS,
1785 3056 1832 3100 id
1860 3062 1927 3100 est

96 3121 256 3164 civitas
291 3121 422 3176 Solis,
457 3121 495 3147 ⁴2
514 3121 712 3176 Selebin,
743 3125 787 3164 et
820 3119 1004 3175 Aialon,
1041 3124 1085 3162 et
1117 3119 1318 3174 -Jet-hela,
1345 3118 1382 3144 43
1400 3118 1535 3172 Elon,
1561 3122 1606 3160 et
1633 3116 1855 3172 Themna,
1883 3121 1926 3159 et

97 3181 264 3236 Acron,
291 3180 327 3207 44
346 3180 553 3236 Elthece,
578 3180 855 3234 Gebbethon,
880 3183 924 3221 et
950 3178 1155 3234 Balaath,
1178 3177 1215 3205 45
1233 3183 1278 3221 et
1303 3177 1407 3232 Jud,
1434 3181 1478 3220 et
1504 3178 1640 3232 Bane,
1668 3180 1711 3218 et
1739 3175 1924 3230 Barach,

97 3245 140 3283 et
178 3240 519 3296 Gethremmon,
554 3239 591 3266 46
612 3245 656 3283 et
693 3238 943 3294 Mejarcon,
978 3242 1022 3280 et
1056 3239 1251 3293 Arecon,
1284 3251 1384 3280 cum
1417 3236 1606 3279 termino
1639 3234 1712 3290 qui
1745 3234 1925 3290 respicit

97 3300 126 3342 J
130 3313 293 3355 oppen,
325 3298 359 3325 47
379 3303 424 3341 et
452 3299 547 3355 ipso
572 3298 659 3342 fine
690 3296 981 3341 concluditur.
1009 3297 1404 3352 Ascenderuntque
1434 3295 1513 3338 filii
1541 3296 1661 3348 Dan,
1689 3298 1732 3336 et
1757 3307 1925 3349 pugna-

97 3363 256 3401 verunt
281 3362 434 3401 contra
460 3358 638 3413 Lesem,
666 3361 963 3414 ceperuntque
986 3370 1108 3411 eam3
1137 3360 1180 3399 et
1209 3359 1518 3412 percusserunt
1542 3368 1640 3396 eam
1663 3352 1709 3394 in
1735 3366 1807 3394 ore
1832 3352 1924 3407 gla-

99 3415 181 3471 dii,
207 3422 251 3460 et
275 3416 586 3473 possederunt,
617 3421 661 3459 et
685 3416 1003 3459 habitaverunt
1026 3415 1074 3457 in
1098 3429 1170 3470 ea,
1198 3419 1408 3457 vocantes
1436 3427 1597 3456 nomen
1620 3411 1717 3466 ejus
1748 3412 1923 3454 Lesem-

101 3476 222 3531 Dan,
245 3491 300 3519 ex
321 3476 500 3519 nomine
525 3477 625 3519 Dan
648 3475 786 3532 patris
808 3474 889 3518 sui.
908 3473 944 3501 43
963 3475 1077 3517 Haec
1101 3478 1168 3516 est
1188 3473 1404 3530 possessio
1425 3472 1565 3515 tribus
1587 3470 1776 3513 filiorum
1801 3470 1922 3526 Dan,

99 3548 176 3591 per
197 3535 483 3590 cognationes
505 3549 626 3589 suas,
653 3534 782 3577 urbes
808 3539 852 3577 et
873 3533 1008 3576 viculi
1034 3547 1197 3576 earum.

159 3592 195 3618 49
216 3593 413 3649 Cumque
439 3594 703 3650 complesset
736 3598 850 3636 sorte
881 3592 1079 3636 dividere
1112 3597 1276 3635 terram
1309 3589 1495 3646 singulis
1524 3603 1601 3646 per
1629 3589 1768 3632 tribus
1801 3603 1922 3645 suas,

100 3649 316 3694 dederunt
336 3652 416 3694 filii
439 3652 578 3695 Israel
603 3652 923 3708 possessionem
950 3652 979 3694 J
983 3665 1107 3706 osue,
1135 3650 1224 3693 filio
1252 3650 1376 3705 Nun,
1397 3649 1443 3691 in
1469 3647 1614 3691 medio
1636 3648 1724 3704 sui,
1742 3647 1779 3674 5⁰
1795 3647 1922 3705 juxta

2066 643 2142 671 Sors

2025 687 2133 714 Zabu's
2143 693 2180 713 ›n.

2070 1294 2147 1322 Sors

2029 1338 2189 1366 Issachnr.

2014 1708 2092 1736 Sors
2115 1708 2138 1734 Α
2144 1712 2203 1736 ser.

2074 2365 2150 2393 Sors

2015 2408 2203 2442 Neptitimii.

2025 3008 2102 3037 sors
2122 3009 2198 3035 Dan.

2019 3582 2196 3612 Conclusio

2022 3626 2197 3655 divisionis

2058 3674 2161 3698 terrae.
