2456 3861
711 137 850 181 ris-ru.
884 138 954 192 11,
991 139 1044 181 14
1076 164 1131 171 -
1164 137 1262 193 111,
1299 139 1364 181 10.
1864 139 1949 183 495

124 308 370 366 pertinens,
399 306 699 364 accipiebant,
727 312 770 349 et
791 310 841 348 ut
865 306 927 349 eis
955 307 1202 362 placuerat,
1227 307 1484 364 compositae
1515 307 1568 350 de
1593 307 1786 350 triclinio
1819 308 1948 351 femi-

124 381 281 410 narum
302 367 359 410 ad
385 368 502 423 regis
524 365 777 409 cubiculum
803 365 1065 410 transibant.
1094 365 1125 391 ¹⁴
1142 367 1198 408 Et
1220 380 1318 421 quae
1339 366 1583 409 intraverat
1605 379 1804 423 vespere,
1828 380 1950 422 egre-

121 425 330 469 diebatur
351 440 500 481 mane,
523 429 655 480 atque
674 423 778 466 inde
799 423 846 465 in
867 424 1083 466 secundas
1106 424 1224 468 sedes
1246 424 1566 481 deducebatur,
1591 439 1690 481 quae
1713 424 1793 467 sub
1817 439 1950 467 manu

125 485 335 540 Susagazi
372 484 561 528 eunuchi
593 488 738 537 erant,
773 482 847 537 qui
877 483 1135 525 concubinis
1167 483 1284 538 regis
1312 483 1608 540 praesidebat3
1644 497 1725 527 nec
1758 483 1952 526 habebat

126 549 390 600 potestatem
412 544 469 586 ad
494 555 645 599 regem
666 541 783 584 ultra
804 541 1029 596 redeundi,
1053 541 1138 583 nisi
1160 542 1372 585 voluisset
1392 557 1482 598 rex,
1509 548 1552 586 et
1574 557 1673 586 eam
1691 542 1840 586 venire
1861 542 1952 597 jus-

125 602 251 645 sisset
274 616 329 645 ex
350 603 540 646 nomine.

185 661 220 688 ¹⁵
240 662 429 705 Evoluto
454 667 604 704 autem
625 665 822 715 tempore
850 673 928 716 per
949 659 1168 714 ordinem,
1192 659 1389 702 instabat
1411 661 1505 704 dies
1538 676 1623 716 quo
1657 661 1831 716 Esther,
1862 660 1955 704 filia

125 720 329 774 Abihail,
367 720 521 763 fratris
553 717 845 773 Mardochaei,
879 732 1013 774 quam
1045 717 1130 760 sibi
1166 718 1458 774 adoptaverat
1494 719 1539 761 in
1577 720 1739 775 filiam,
1776 720 1954 763 deberet

125 779 289 822 intrare
309 779 366 822 ad
392 793 554 835 regem.
581 778 686 829 Quae
708 786 797 820 non
823 776 1032 832 quaesivit
1056 776 1318 819 muliebrem
1345 778 1535 833 cultum,
1562 779 1638 821 sed
1665 792 1955 834 quaecumque

126 838 267 880 voluit
294 838 442 894 Egens
468 837 713 891 eunuchus,
741 841 887 878 custos
912 835 1160 891 virginum,
1187 835 1284 878 haec
1310 836 1349 879 ei
1374 836 1431 879 ad
1457 842 1661 879 ornatum
1687 837 1834 893 dedit3
1862 843 1955 881 erat

125 897 245 939 enim
269 897 465 939 formosa
490 896 640 951 valde,
663 900 707 938 et
730 894 981 938 incredibili
1009 894 1360 951 pulchritudine,
1381 895 1578 937 omnium
1601 896 1738 938 oculis
1761 897 1955 951 gratiosa

125 961 168 998 et
196 955 403 998 amabilis
438 956 683 999 videbatur.
711 953 746 980 ¹⁶
765 955 910 996 Ducta
945 958 1010 996 est
1042 953 1192 1008 itaque
1223 953 1281 996 ad
1311 954 1568 996 cubiculum
1600 955 1714 1010 regis
1748 955 1953 1011 Assueri,

125 1028 275 1057 mense
305 1014 497 1071 decimo,
528 1014 601 1070 qui
622 1018 806 1056 vocatur
836 1012 1008 1068 tebeth,
1039 1011 1228 1068 septimo
1255 1027 1372 1056 anno
1401 1013 1526 1069 regni
1556 1013 1667 1069 ejus.
1705 1013 1736 1039 ¹⁷
1760 1013 1818 1056 Et
1850 1014 1954 1057 ada-

124 1073 266 1115 mavit
287 1087 385 1116 eam
410 1087 488 1116 rex
515 1073 614 1130 plus
640 1086 772 1128 quam
799 1085 949 1115 omnes
979 1071 1206 1126 mulieres,
1229 1071 1473 1127 habuitque
1498 1072 1691 1128 gratiam
1716 1077 1759 1116 et
1787 1072 1957 1116 miseri-

123 1132 321 1175 cordiam
359 1146 506 1175 coram
543 1145 593 1175 00
629 1145 759 1188 super
792 1145 942 1174 omnes
981 1130 1210 1186 mulieres,
1245 1135 1290 1174 et
1325 1131 1472 1187 posuit
1505 1131 1711 1175 diadema
1748 1131 1873 1187 regni
1909 1131 1957 1174 in

124 1191 272 1248 capite
295 1191 412 1246 ejus,
438 1191 636 1246 fecitque
660 1204 758 1233 eam
783 1203 968 1246 regnare
992 1189 1039 1232 in
1069 1189 1166 1232 1000
1191 1189 1365 1233 Vasthi.
1397 1189 1431 1216 ¹8
1451 1192 1508 1233 Et
1536 1191 1669 1247 jussit
1702 1190 1958 1234 convivium

125 1250 364 1307 praeparari
395 1249 762 1307 permagnificum
787 1249 959 1292 cunctis
989 1248 1264 1305 principibus
1293 1254 1337 1292 et
1365 1249 1503 1292 servis
1528 1250 1639 1306 suis,
1663 1264 1740 1306 pro
1772 1250 1958 1306 conjun-

124 1309 271 1352 ctione
296 1314 339 1352 et
368 1309 534 1365 nuptiis
566 1308 736 1351 Esther.
761 1307 819 1350 Et
845 1307 968 1351 dedit
996 1307 1192 1364 requiem
1221 1307 1438 1351 universis
1467 1309 1730 1365 provinciis,
1755 1323 1808 1352 ac
1842 1308 1957 1352 dona

125 1366 312 1422 largitus
334 1372 401 1411 est
424 1368 554 1423 juxta
577 1366 957 1422 magnificentiam
982 1366 1288 1423 principalem.

185 1426 221 1452 19
247 1426 442 1482 Cumque
475 1425 670 1468 secundo
699 1430 998 1480 quaererentur
1029 1425 1245 1480 virgines,
1277 1431 1320 1469 et
1353 1433 1746 1483 congregarentur,
1781 1428 1956 1471 Mardo-

122 1486 274 1529 chaeus
301 1485 511 1527 manebat
535 1484 592 1526 ad
618 1484 806 1539 J'anuam
831 1483 974 1538 regis3
1007 1482 1044 1510 2⁰
1066 1484 1259 1526 necdum
1283 1484 1538 1540 prodiderat
1561 1486 1721 1529 Esther
1744 1487 1956 1543 patriam,

123 1550 168 1587 et
191 1544 403 1600 populum
428 1557 577 1598 suum,
601 1542 729 1597 juxta
755 1542 1018 1585 mandatum
1037 1542 1159 1598 ejus3
1184 1542 1400 1598 quidquid
1422 1544 1541 1586 enim
1557 1544 1634 1587 1110
1655 1545 1956 1602 praecipiebat,

119 1602 388 1645 observabat
414 1602 593 1656 Esther,
621 1606 663 1644 et
687 1600 751 1643 ita
774 1607 934 1644 cuncta
959 1601 1178 1657 faciebat,
1206 1607 1255 1644 ut
1287 1615 1336 1645 eo
1362 1607 1558 1659 tempore
1582 1603 1712 1646 solita
1745 1610 1851 1660 erat,
1874 1618 1960 1660 quo

122 1675 222 1703 eam
243 1661 476 1717 parvulam
501 1660 738 1703 nutriebat.
762 1659 796 1686 2¹
824 1662 887 1703 Eo
913 1660 1050 1716 igitur
1081 1666 1280 1718 tempore
1308 1675 1394 1717 quo
1425 1662 1735 1706 Mardochaeus
1760 1663 1817 1706 ad
1841 1664 1958 1719 regis

120 1720 308 1776 januam
337 1720 612 1776 morabatur,
645 1719 748 1762 irati
781 1724 886 1762 sunt
916 1720 1153 1775 Bagathan
1182 1725 1225 1763 et
1257 1720 1445 1776 Thares,
1480 1721 1566 1764 duo
1599 1722 1788 1764 eunuchi
1820 1723 1956 1779 regis,

122 1779 196 1834 qui
222 1779 436 1837 J‘anitores
458 1784 604 1834 erant,
632 1784 674 1822 et
694 1779 742 1821 in
767 1779 909 1836 primo
931 1779 1088 1836 palatii
1113 1779 1268 1822 limine
1293 1780 1614 1836 praesidebant,
1640 1781 1960 1837 volueruntque

121 1838 350 1893 insurgere
377 1838 423 1880 in
452 1852 623 1894 regem,
655 1843 699 1881 et
725 1838 925 1882 occidere
959 1853 1073 1881 eum.
1107 1837 1145 1865 “22
1173 1838 1298 1889 Quod
1328 1839 1660 1882 Mardochaeum
1685 1854 1773 1883 non
1806 1840 1958 1895 latuit,

122 1897 363 1952 statimque
387 1897 612 1940 nuntiavit
635 1897 803 1953 reginae
827 1898 1006 1953 Esther,
1038 1903 1081 1942 et
1112 1898 1191 1941 illa
1215 1898 1333 1954 regi,
1366 1911 1421 1941 ex
1456 1899 1636 1942 nomine
1664 1899 1957 1955 Mardochaei,

123 1956 198 2011 qui
219 1956 275 1998 ad
301 1970 347 1999 se
368 1970 461 1999 rem
495 1956 728 2000 detulerat.
761 1955 799 1983 23
820 1957 1069 2007 Quaesitum
1094 1962 1181 2012 est,
1215 1961 1258 2000 et
1285 1957 1547 2014 inventum3
1574 1963 1617 2001 et
1647 1972 1869 2015 appensus
1894 1963 1961 2002 est

124 2020 306 2070 uterque
329 2029 479 2058 eornm
503 2015 550 2058 in
574 2015 802 2073 patibulo3
830 2016 1180 2073 mandatumque
1201 2021 1266 2059 est
1298 2015 1508 2073 histon'is,
1536 2022 1580 2060 et
1610 2018 1846 2061 annalibus
1871 2022 1956 2060 tra-

120 2073 267 2116 ditum
294 2088 442 2117 coram
463 2088 579 2130 rege.

445 2199 468 2251 ξ
493 2196 582 2239 ΠΙ.
605 2222 664 2228 -
687 2196 840 2240 Amare
863 2198 1123 2241 Judaeorum
1147 2199 1326 2242 ruinam
1345 2199 1632 2243 machinatur.

185 2313 292 2356 CAP.
320 2312 409 2354 ΠΙ.
432 2339 492 2343 -
516 2311 529 2337 '1
559 2313 664 2354 Post
689 2312 786 2355 haec
810 2326 888 2356 rex
912 2313 1129 2357 Assuerus
1155 2314 1372 2357 exaltavit
1399 2314 1568 2370 Aman,
1591 2314 1733 2357 filium
1762 2315 1959 2358 Amada-

124 2372 212 2426 thi,
239 2371 313 2427 qui
340 2375 433 2414 erat
456 2371 510 2414 de
535 2371 672 2427 stirpe
693 2372 848 2427 Agag,
874 2377 918 2416 et
935 2373 1082 2429 posuit
1100 2373 1260 2416 solium
1282 2373 1378 2429 ejus
1399 2388 1528 2430 super
1551 2387 1700 2416 omnes
1722 2373 1957 2430 principes,

125 2444 234 2486 quos
259 2430 467 2473 habebat.
494 2428 511 2455 ²
534 2430 782 2485 Cunctique
803 2431 919 2474 servi
942 2432 1082 2487 regis,
1106 2432 1180 2488 qui
1200 2432 1248 2474 in
1272 2432 1445 2475 foribus
1471 2432 1627 2489 palatii
1654 2433 1957 2489 versabantur,

127 2489 367 2533 flectebant
391 2503 549 2546 genua,
573 2494 617 2532 et
641 2489 888 2533 adorabant
909 2492 1056 2534 Aman
1071 2508 1080 2546 3
1098 2491 1160 2535 sic
1187 2491 1305 2534 enim
1327 2497 1597 2548 praeceperat
1619 2491 1679 2534 018
1704 2492 1956 2548 imperator.

127 2549 254 2593 Solus
280 2549 590 2592 Mardochaeus
612 2563 699 2591 non
721 2548 929 2592 flectebat
957 2564 1094 2606 genu,
1122 2565 1262 2606 neque
1298 2550 1513 2593 adorabat
1535 2565 1648 2593 eum.
1682 2550 1700 2576 3
1725 2550 1806 2593 Cui
1836 2550 1959 2594 dixe—

126 2614 230 2651 runt
254 2608 378 2665 pueri
414 2608 554 2663 regis,
587 2608 659 2663 qui
689 2608 746 2650 ad
776 2609 895 2652 fores
927 2608 1083 2665 palatii
1114 2609 1412 2666 praesidebant
1446 2626 1454 2652 ε
1488 2609 1576 2652 Cur
1602 2614 1763 2665 praeter
1792 2614 1958 2653 ceteros

128 2682 216 2710 non
242 2668 448 2710 observas
481 2667 744 2710 mandatum
776 2668 923 2723 regi-s?
954 2668 973 2695 ⁴
998 2668 1196 2724 Cumque
1229 2669 1312 2710 hoc
1345 2668 1538 2710 crebrius
1569 2668 1787 2724 dicerent,
1818 2674 1862 2712 et
1882 2668 1960 2712 ille

127 2726 266 2770 nollet
290 2726 464 2782 audire,
487 2727 804 2770 nuntiaverunt
827 2728 995 2783 Aman,
1020 2728 1134 2770 scire
1158 2727 1384 2783 cupientes
1410 2732 1557 2769 utrum
1590 2733 1888 2784 perseveraret
1910 2728 1959 2770 in

127 2786 373 2841 sententia3
398 2785 572 2829 dixerat
595 2786 715 2829 enim
737 2787 798 2830 eis
823 2800 870 2829 se
892 2800 985 2830 esse
1010 2787 1234 2829 Judaeum.
1262 2786 1280 2812 5
1304 2786 1429 2836 Quod
1455 2799 1555 2828 cum
1577 2786 1774 2830 audisset
1795 2787 1957 2843 Aman,

128 2851 171 2888 et
197 2845 498 2901 experimento
521 2845 749 2902 probasset
775 2845 888 2901 quod
911 2845 1220 2888 Mardochaeus
1253 2858 1338 2888 non
1373 2844 1568 2888 flecteret
1601 2845 1686 2888 sibi
1712 2860 1849 2902 genu,
1878 2860 1960 2889 nec

127 2918 174 2947 80
195 2904 418 2960 adoraret,
445 2904 583 2947 iratus
606 2910 671 2948 est
693 2905 843 2960 valde,
871 2904 888 2930 ⁶
911 2910 953 2947 et
978 2918 1054 2961 pro
1080 2904 1218 2948 nihilo
1246 2905 1373 2947 duxit
1397 2904 1444 2947 in
1469 2918 1608 2947 unum
1625 2905 1960 2948 Mardochaeum

129 2963 304 3007 mittere
329 2978 486 3007 manus
515 2978 641 3020 suas,
663 2964 1008 3008 audieratenim
1036 2963 1152 3020 quod
1186 2969 1299 3007 esset
1327 2964 1471 3020 gentis
1506 2965 1533 3007 J
1538 2964 1704 3019 udaeae,
1729 2965 1960 3021 magisque

128 3022 270 3065 voluit
295 3037 472 3067 omnem
496 3024 525 3066 J
529 3023 782 3080 udaeorum,
806 3024 879 3080 qui
905 3029 1028 3067 erant
1052 3023 1099 3066 in
1123 3037 1260 3079 regno
1285 3023 1486 3080 Assueri,
1514 3024 1695 3080 perdere
1717 3023 1957 3067 nationem.

189 3080 204 3107 7
226 3082 379 3126 Mense
403 3083 566 3140 primo,
593 3083 722 3139 cujus
747 3083 1014 3126 vocabulum
1039 3088 1105 3127 est
1124 3083 1274 3138 nisan,
1300 3097 1419 3126 armo
1442 3083 1704 3126 duodecimo
1728 3083 1854 3139 regni
1876 3085 1959 3126 As-

129 3141 268 3194 sueri,
292 3141 427 3185 missa
452 3147 518 3186 est
538 3157 631 3186 sors
655 3143 701 3185 in
722 3158 900 3197 urnam,
926 3157 1025 3198 quae
1051 3143 1256 3186 hebraice
1278 3142 1440 3185 dicitur
1461 3143 1593 3199 phur,
1618 3157 1766 3186 coram
1787 3142 1957 3197 Aman,

130 3213 216 3256 quo
237 3200 309 3244 die
333 3207 377 3245 et
399 3216 483 3258 quo
504 3216 655 3246 mense
681 3217 789 3259 gens
816 3203 1076 3246 Judaeorum
1101 3202 1280 3246 deberet
1303 3202 1517 3257 interfici;
1549 3207 1592 3245 et
1628 3202 1768 3245 exivit
1794 3201 1958 3244 mensis

128 3258 438 3317 duodecimus,
467 3262 540 3318 qui
572 3268 756 3305 vocatur
779 3262 899 3305 adar.
929 3262 946 3289 8
973 3262 1185 3318 Dixitque
1217 3263 1366 3304 Aman
1390 3261 1484 3317 regi
1517 3261 1708 3304 Assuero
1739 3278 1747 3305 ε
1779 3262 1858 3303 Ε81
1881 3274 1956 3317 po-

130 3319 259 3375 pulus
285 3335 361 3377 per
383 3335 533 3365 omnes
559 3322 809 3379 provincias
834 3321 957 3377 regni
984 3321 1048 3364 tui
1070 3321 1317 3378 dispersus,
1341 3326 1385 3364 et
1409 3336 1435 3363 a
1460 3335 1506 3364 se
1528 3326 1681 3364 mutuo
1707 3325 1947 3377 separatus,

130 3378 258 3421 novis
283 3385 410 3423 utens
433 3381 606 3437 legibus
631 3387 675 3424 et
701 3381 980 3437 ceremoniis,
1001 3381 1180 3438 insuper
1208 3386 1251 3424 et
1280 3380 1396 3436 regis
1432 3381 1545 3423 scita
1575 3385 1886 3434 contemnens3
1910 3382 1953 3422 et

129 3437 298 3494 optime
329 3440 444 3483 nosti
471 3441 585 3496 quod
621 3455 709 3483 non
739 3441 944 3498 expediat
976 3454 1109 3496 regno
1142 3446 1216 3484 tuo
1254 3445 1302 3483 ut
1332 3440 1571 3483 insolescat
1603 3453 1679 3495 per
1714 3438 1955 3482 licentiam.

130 3495 149 3522 9
169 3497 215 3540 Si
240 3498 322 3541 tibi
349 3499 506 3556 placet,
534 3500 718 3543 decerne
743 3506 791 3543 ut
816 3504 976 3557 pereat,
1003 3505 1046 3543 et
1067 3499 1222 3543 decem
1246 3499 1388 3542 millia
1413 3499 1682 3542 talentorum
1705 3497 1958 3555 appendam

130 3557 312 3600 arcariis
337 3572 460 3614 gazae
484 3564 589 3602 tuae.
612 3559 649 3585 1⁰
670 3559 792 3602 Tulit
813 3573 914 3615 ergo
940 3573 1016 3602 rex
1041 3559 1256 3602 annulum
1281 3573 1366 3614 quo
1391 3558 1618 3612 utebatur,
1639 3557 1692 3600 de
1711 3571 1846 3599 manu
1863 3570 1955 3612 sua,

129 3620 176 3658 et
207 3615 329 3660 dedit
365 3631 466 3660 eum
498 3618 667 3674 Aman,
700 3619 791 3661 filio
823 3618 1085 3674 Amadathi,
1121 3618 1175 3661 (10
1207 3617 1417 3675 progenie
1452 3618 1605 3672 Agag,
1646 3616 1763 3659 hosti
1802 3615 1955 3659 Judae-

2035 1435 2264 1464 Mardochaeus

2042 1478 2248 1513 conjuratio-

2042 1530 2118 1551 nem
2143 1530 2247 1552 eunu-

2076 1567 2216 1596 chorum

2040 1610 2250 1641 manifestat.

2086 2325 2193 2353 Aman
2202 2345 2210 2361 ‚

2038 2369 2247 2398 Mardochaeo

2045 2420 2228 2442 succensus
2237 2432 2247 2450 ,

2023 3101 2041 3122 a
2063 3100 2142 3127 rege
2163 3092 2264 3127 impe-

2038 3140 2108 3166 trat
2126 3138 2249 3167 caedem

2070 3181 2219 3211 omnium

2041 3226 2061 3254 J
2066 3226 2245 3256 udaeorum.
