2456 3861
739 111 813 154 III
851 112 960 156 11Εο.
994 112 1110 166 XII,
1147 113 1308 156 10-33.
1851 115 1936 157 333

113 295 185 325 eos
219 298 226 324 :
251 281 374 331 Quod
401 281 508 323 mihi
535 281 650 324 datis
672 281 906 325 consilium
932 286 980 324 ut
1005 281 1295 338 respondeam
1314 281 1474 339 populo
1496 281 1611 337 huic,
1631 282 1704 338 qui
1731 282 1937 326 dixerunt

113 339 220 382 mihi
256 357 264 383 ;
304 340 465 383 Levius
502 340 577 383 fac
613 340 770 396 jugum
807 340 923 396 quod
963 340 1174 396 imposuit
1210 347 1334 397 pater
1374 347 1474 383 tuus
1507 354 1637 397 super
1673 340 1782 384 nos?
1821 340 1858 368 ¹⁰
1878 341 1936 385 Et

112 398 319 441 dixerunt
341 398 379 442 ei
405 398 588 454 juvenes
615 400 687 455 qui
714 399 867 442 nutriti
894 399 1074 442 fuerant
1095 414 1196 442 cum
1222 413 1272 443 eo
1306 416 1313 443 :
1335 400 1407 443 Sic
1431 399 1618 455 loqueris
1652 399 1812 456 populo
1834 400 1936 443 huic

111 457 184 513 qui
206 457 340 501 locuti
365 463 468 500 sunt
488 458 544 501 ad
568 463 623 513 te,
648 458 845 501 dicentes
865 474 874 501 :
900 459 1031 501 Pater
1052 464 1152 500 tuus
1174 458 1441 514 aggravavit
1463 458 1619 514 jugum
1642 464 1860 514 nostrum,
1887 464 1931 502 tu

110 516 257 559 releva
280 530 381 570 nos,
410 517 472 559 sic
496 517 684 572 loqueris
706 517 761 559 ad
785 531 856 560 eos
890 534 898 560 :
928 516 1140 559 Minimus
1166 517 1332 573 digitus
1359 531 1480 559 meus
1507 517 1696 573 grossior
1721 523 1786 560 est
1808 518 1934 562 dorso

108 575 247 630 patris
274 575 372 618 mei.
405 575 433 601 ¹¹
463 576 519 618 Et
545 589 660 618 nunc
687 581 811 632 pater
833 590 955 618 meus
981 575 1127 630 posuit
1149 590 1279 631 super
1304 590 1380 618 vos
1404 575 1564 631 jugum
1586 590 1735 632 grave,
1756 591 1836 632 ego
1858 591 1933 619 au-

107 639 199 676 tem
231 633 396 676 addam
428 648 558 690 super
582 634 740 689 jugum
776 640 994 687 vestrum;
1027 639 1151 690 pater
1177 648 1300 677 meus
1331 634 1491 677 cecidit
1517 649 1592 677 vos
1618 634 1827 691 flagelliS,
1851 649 1934 692 ego

106 699 255 735 autem
282 693 452 735 credam
476 706 551 734 vos
573 692 888 748 scorpionibus.

170 750 203 776 ¹²
226 751 361 794 Venit
387 765 490 806 ergo
515 751 754 794 Jeroboam
772 755 816 793 et
838 752 979 794 omnis
1010 751 1196 808 populus
1222 751 1278 793 ad
1313 751 1511 794 Roboam
1541 752 1611 794 die
1636 753 1786 809 tertia,
1821 754 1934 798 sicut

105 809 278 852 locutus
301 810 448 853 fuerat
470 823 559 865 rex,
583 809 734 853 dicens
754 826 762 853 :
786 810 1076 854 Revertimini
1102 809 1159 852 ad
1183 823 1252 852 me
1280 809 1349 852 die
1374 810 1518 852 tertia.
1543 810 1579 836 ¹3
1605 811 1934 868 Responditque

104 882 181 911 rex
203 868 364 925 populo
390 868 517 924 dura,
546 868 756 911 derelicto
790 869 974 912 consilio
996 869 1218 912 seniorum
1251 869 1365 924 quod
1398 869 1437 912 ei
1471 868 1704 924 dederant,
1740 870 1774 896 ¹⁴
1800 876 1842 914 et
1871 871 1931 914 lo-

104 934 230 970 cutus
253 933 319 970 est
342 928 402 971 eis
428 927 673 971 secundum
696 927 930 971 consilium
963 928 1200 984 juvenum,
1235 927 1385 970 dicens
1413 943 1421 970 :
1458 927 1589 970 Pater
1622 942 1744 971 meus
1774 944 1932 986 aggra-

103 986 227 1028 vavit
247 986 407 1042 jugum
434 992 648 1042 vestrum,
675 1001 757 1042 ego
789 993 939 1031 autem
971 987 1135 1030 addam
1163 986 1272 1042 jugo
1305 992 1478 1040 vestro3
1513 991 1638 1042 pater
1667 1001 1789 1030 meus
1820 989 1930 1032 ceci-

102 1045 168 1088 dit
190 1059 267 1088 vos
289 1044 498 1102 flagellis,
526 1060 608 1101 ege
634 1052 782 1089 autem
807 1047 979 1090 caedam
1004 1060 1081 1089 vos
1106 1045 1424 1102 scorpionibus.
1452 1045 1487 1071 ¹5
1510 1045 1567 1087 Et
1592 1059 1680 1088 non
1708 1047 1932 1102 acquievit

101 1119 178 1148 rex
204 1105 379 1162 populo,
396 1105 603 1160 quoniam
628 1111 857 1148 aversatus
876 1106 1023 1149 fuerat
1042 1119 1143 1148 eum
1170 1104 1400 1160 Dominus,
1420 1109 1470 1147 ut
1490 1104 1724 1148 suscitaret
1750 1106 1932 1149 verbum

101 1177 251 1220 suum,
275 1163 390 1219 quod
412 1164 585 1207 locutus
611 1164 760 1207 fuerat
789 1164 834 1207 in
868 1179 1002 1207 manu
1036 1164 1168 1207 Ahiae
1195 1163 1393 1207 Silonitae
1426 1164 1482 1207 ad
1508 1163 1768 1220 Jeroboam,
1792 1165 1932 1208 filium

101 1223 263 1266 Nabat.

163 1282 196 1308 ¹⁰
218 1283 387 1326 Videns
420 1283 568 1340 itaque
601 1283 788 1340 populus
823 1284 938 1339 quod
970 1283 1183 1326 noluisset
1220 1297 1291 1326 eos
1324 1282 1477 1325 audire
1513 1297 1610 1338 reX,
1640 1283 1866 1340 respondit
1892 1284 1930 1328 61

100 1342 252 1385 dicens
283 1359 291 1386 :
318 1343 425 1393 Quae
451 1343 578 1386 nobis
604 1357 702 1398 pars
727 1343 774 1384 in
801 1343 977 1386 David‘.>
1004 1342 1076 1385 vel
1101 1356 1198 1397 quae
1220 1341 1441 1385 hereditas
1462 1341 1509 1383 in
1535 1341 1624 1384 filio
1652 1342 1778 1384 lsai?
1805 1343 1931 1386 Vade

99 1401 146 1444 in
171 1400 459 1444 tabernacula
483 1407 579 1456 tua,
608 1401 746 1444 Israel
765 1416 784 1455 3⁷
801 1416 917 1444 nunc
943 1401 1045 1444 vide
1075 1401 1257 1443 domum
1286 1405 1431 1455 tuam,
1457 1399 1617 1443 David.
1641 1402 1699 1443 Et
1730 1401 1842 1444 abiit
1865 1402 1928 1444 Is-

98 1459 190 1504 rael
214 1460 261 1502 111
286 1460 572 1503 tabernacula
598 1474 691 1502 sua.
719 1460 751 1486 Π
781 1461 918 1517 Super
947 1460 1061 1502 filios
1085 1464 1234 1502 autem
1267 1459 1431 1514 Israel,
1466 1459 1731 1515 quicumque
1756 1460 1928 1503 habita-

65 1528 70 1532 “
98 1519 207 1562 bant
239 1518 284 1561 in
318 1519 575 1562 civitatibus
609 1519 750 1573 Juda,
781 1519 987 1575 regnavit
1022 1519 1234 1562 Roboam.
1272 1518 1305 1545 ¹8
1329 1518 1452 1560 Misit
1488 1532 1591 1573 ergo
1624 1533 1700 1561 rex
1731 1518 1930 1562 Roboam

97 1578 319 1632 Aduram,
346 1578 418 1633 qui
445 1582 538 1621 erat
563 1593 693 1635 super
717 1578 910 1634 tributa3
938 1582 982 1621 et
1007 1577 1226 1634 lapidavit
1252 1592 1352 1620 eum
1390 1577 1531 1619 omnis
1558 1577 1716 1633 Israel,
1749 1582 1792 1621 et
1817 1593 1929 1621 mor-

96 1641 198 1680 tuus
224 1641 302 1680 est.
331 1638 463 1680 Porro
487 1652 566 1680 rex
592 1637 791 1681 Roboam
818 1638 1007 1681 festinus
1040 1636 1241 1681 ascendit
1274 1650 1470 1692 currum,
1498 1641 1542 1679 et
1573 1636 1695 1692 fugit
1723 1636 1769 1679 in
1800 1637 1927 1680 Jeru-

96 1696 248 1740 salem.
279 1696 312 1722 19
336 1697 618 1753 Recessitque
652 1697 791 1740 Israel
819 1712 845 1740 a
879 1697 1008 1740 domo
1045 1696 1213 1752 David,
1248 1710 1384 1752 usque
1416 1695 1464 1738 in
1496 1701 1762 1752 praesentem
1795 1696 1926 1742 diem.

96 1753 134 1781 2⁰
158 1756 347 1798 Factum
373 1761 438 1799 est
460 1761 630 1812 autem,
657 1771 759 1799 cum
783 1756 980 1800 audisset
1006 1755 1148 1799 omnis
1174 1755 1314 1799 Israel
1341 1755 1454 1811 quod
1484 1769 1683 1798 reversus
1713 1760 1829 1798 esset
1854 1757 1927 1799 Je-

95 1814 298 1869 roboam,
321 1814 536 1858 miserunt
558 1820 602 1858 et
630 1821 903 1859 vocaverunt
933 1830 1033 1859 eum
1060 1820 1330 1871 congregato
1365 1819 1504 1869 coetu,
1528 1819 1572 1857 et
1605 1814 1929 1858 constituerunt

95 1887 194 1916 eum
216 1888 368 1930 regem
392 1888 522 1931 super
547 1889 724 1918 omnem
750 1875 913 1931 Israel3
938 1889 1019 1918 nec
1043 1879 1219 1918 secutus
1246 1879 1309 1917 est
1329 1873 1563 1930 quisquam
1581 1874 1762 1916 domum
1783 1873 1928 1917 David

93 1939 256 1990 praeter
276 1933 441 1976 tribum
466 1935 494 1977 J
500 1934 586 1977 uda
609 1934 762 1977 solam.

153 1991 186 2018 '2¹
214 1993 351 2036 Venit
371 1998 521 2036 autem
545 1993 744 2036 Roboam
770 1994 1040 2050 Jerusalem,
1067 1999 1110 2037 et
1136 1993 1426 2050 congregavit
1459 1993 1712 2037 universam
1745 1992 1927 2036 domum

93 2051 213 2095 Juda
243 2057 286 2095 et
315 2052 482 2094 tribum
517 2053 777 2109 Benjamin,
810 2059 988 2096 centum
1021 2053 1249 2109 octoginta
1282 2051 1424 2094 millia
1458 2052 1698 2096 electorum
1731 2052 1927 2095 virorum

92 2110 382 2166 bellatorum,
413 2117 463 2153 ut
495 2118 744 2168 pugnarent
776 2118 928 2155 contra
962 2112 1143 2155 domum
1176 2112 1337 2167 Israel,
1376 2116 1419 2154 et
1448 2112 1708 2154 reducerent
1739 2125 1926 2167 regnum

93 2169 314 2225 Roboam,
338 2169 428 2213 filio
453 2171 714 2215 Salomonis.
741 2170 778 2197 Ἠ
800 2172 965 2214 Factus
991 2177 1057 2214 est
1078 2177 1229 2214 autem
1251 2185 1393 2214 sermo
1413 2171 1594 2214 Domini
1616 2170 1673 2213 ad
1690 2170 1924 2226 Semeiam,

92 2228 237 2271 virum
276 2229 379 2284 Dei,
419 2229 568 2273 diceus
603 2247 611 2274 :
649 2229 686 2256 23
720 2232 918 2286 Loquere
945 2230 1002 2273 ad
1043 2230 1260 2286 Roboam,
1296 2230 1439 2272 filium
1470 2229 1741 2284 Salomonis,
1775 2230 1925 2286 regem

91 2288 232 2343 Juda,
267 2294 310 2331 et
334 2288 391 2331 ad
423 2303 596 2332 omnem
631 2289 813 2332 domum
845 2289 963 2332 Juda
995 2295 1038 2332 et
1073 2289 1331 2345 Benjamin,
1366 2294 1410 2332 et
1441 2289 1632 2345 reliquos
1658 2288 1712 2332 de
1741 2288 1922 2345 populo,

92 2347 242 2390 diceus
277 2364 285 2391 :
308 2346 345 2374 '24
368 2349 480 2391 Haec
506 2348 614 2391 dicit
642 2349 858 2392 Dominus
884 2366 892 2392 :
919 2349 1019 2391 Non
1042 2348 1313 2403 ascendetis,
1348 2362 1489 2404 neque
1519 2348 1746 2391 bellabitis
1773 2354 1925 2391 contra

90 2407 252 2450 fratres
276 2413 444 2450 vestros
474 2407 586 2450 filios
609 2408 773 2463 Israel3
804 2413 1051 2451 revertat-ur
1075 2407 1143 2449 vir
1173 2407 1220 2449 in
1250 2407 1431 2450 domum
1456 2422 1582 2450 suam
1611 2422 1668 2450 :a
1701 2420 1772 2449 me
1807 2407 1923 2449 enim

89 2465 265 2508 factum
288 2472 353 2509 est
377 2467 563 2509 verbum
588 2467 684 2510 hoc.
711 2467 962 2510 Audierunt
987 2480 1235 2509 sermonem
1262 2466 1462 2522 Domini,
1490 2471 1532 2509 et
1557 2465 1719 2509 reversi
1746 2470 1849 2508 sunt
1871 2465 1924 2509 de

88 2524 266 2579 itinere,
290 2526 405 2568 sicut
429 2526 490 2569 eis
513 2532 786 2583 praeceperat
810 2526 1041 2569 Dominus.

149 2583 185 2610 ‘25
209 2584 471 2628 AEdificavit
495 2591 646 2628 autem
671 2585 909 2629 Jeroboam
935 2585 1110 2628 Sichem
1137 2585 1182 2627 in
1206 2590 1355 2628 monte
1375 2584 1609 2641 Ephraim,
1637 2589 1680 2627 et
1702 2583 1924 2627 habitavit

87 2643 175 2697 ibi;
202 2650 245 2686 et
272 2658 471 2700 egressus
492 2644 596 2687 inde
623 2644 863 2688 aedificavit
898 2644 1110 2687 Phanuel.
1146 2643 1182 2671 2ss
1210 2643 1421 2699 Dixitque
1454 2644 1482 2687 J
1487 2643 1692 2686 eroboam
1720 2643 1767 2686 in
1793 2643 1923 2687 corde

88 2717 166 2745 suo
197 2719 206 2746 ε
234 2704 363 2746 Ν11110
384 2708 629 2747 revertetur
653 2719 841 2760 regnum
866 2704 922 2747 ad
949 2704 1129 2746 domum
1153 2702 1320 2758 David,
1348 2702 1382 2729 2⁷
1401 2703 1436 2746 si
1463 2702 1713 2746 ascenderit
1734 2702 1922 2759 populus

86 2761 170 2804 iste
203 2767 252 2804 ut
284 2763 427 2805 faciat
462 2763 680 2806 sacrificia
711 2763 758 2805 in
792 2764 921 2806 domo
962 2763 1141 2805 Domini
1173 2762 1221 2804 in
1254 2762 1528 2817 Jerusalem,
1568 2766 1612 2805 et
1642 2766 1924 2804 convertetur

88 2835 161 2864 cor
178 2822 330 2878 populi
349 2822 482 2879 hujus
505 2822 560 2865 ad
584 2822 815 2865 dominum
837 2837 966 2865 suum
989 2822 1210 2877 Roboam,
1232 2836 1383 2877 regem
1401 2822 1428 2865 J
1434 2822 1544 2877 uda3
1568 2820 1922 2877 interficientque

87 2894 180 2935 me,
205 2886 248 2923 et
273 2887 548 2924 revertentur
576 2882 632 2924 ad
666 2896 781 2926 eum.
816 2880 852 2908 ‘28
885 2882 942 2924 Et
969 2881 1221 2937 excogitato
1255 2881 1438 2924 consilio
1471 2880 1582 2923 fecit
1615 2880 1724 2923 duos
1758 2880 1921 2923 vitulos

85 2953 259 2996 aureos,
287 2945 331 2983 et
352 2940 467 2983 dixit
491 2941 553 2984 eis
585 2957 594 2984 ;
630 2941 780 2984 Nolite
810 2942 925 2984 ultra
955 2940 1193 2984 ascendere
1224 2940 1269 2982 in
1303 2940 1578 2995 Jerusalem
1609 2954 1712 2984 6006
1747 2939 1808 2982 dii
1834 2940 1918 2995 tui,

86 2999 245 3054 Israel,
273 2999 347 3054 qui
370 3005 414 3043 te
439 3000 687 3044 eduxerunt
709 3000 763 3044 de
788 3007 903 3044 terra
933 3000 1137 3056 AEgypti.
1171 2998 1209 3026 29
1231 2997 1470 3056 Posuitque
1504 3014 1641 3042 unum
1665 2999 1713 3042 in
1740 2998 1918 3054 Bethel,

86 3063 130 3100 et
150 3058 340 3101 alterum
364 3059 411 3101 in
435 3060 559 3114 Dan;
584 3059 621 3086 30
642 3064 685 3102 et
706 3060 881 3103 factum
907 3065 973 3103 est
997 3059 1182 3102 verbum
1210 3060 1293 3102 hoc
1322 3059 1369 3102 in
1394 3064 1654 3116 peccatum3
1681 3058 1777 3101 ibat
1803 3057 1920 3100 enim

83 3117 273 3173 populus
295 3117 352 3160 ad
377 3118 652 3161 adorandum
673 3119 866 3162 vitulum
893 3133 1028 3174 usque
1052 3118 1099 3161 in
1127 3120 1240 3162 Dan.
1274 3118 1309 3145 3¹
1333 3119 1391 3161 Et
1416 3118 1528 3162 fecit
1560 3118 1670 3160 fana
1694 3117 1740 3160 in
1776 3116 1919 3160 excel-

84 3175 163 3231 sis,
187 3181 232 3219 et
256 3178 506 3220 sacerdotes
528 3178 582 3221 de
605 3179 815 3221 extremis
837 3178 1009 3235 populi,
1033 3178 1106 3234 qui
1132 3192 1221 3222 non
1243 3183 1368 3221 erant
1395 3178 1448 3221 de
1473 3177 1576 3220 filiis
1596 3177 1719 3220 Levi.
1745 3175 1782 3203 3⁹2
1807 3176 1918 3218 Con-

84 3234 316 3290 stituitque
341 3236 460 3279 diem
485 3237 729 3281 solemnem
755 3238 800 3280 in
826 3251 976 3280 mense
1002 3243 1179 3294 octavo,
1207 3237 1540 3293 quintadecima
1570 3236 1640 3279 die
1665 3234 1849 3289 mensis,
1869 3233 1916 3276 in

85 3292 421 3338 similitudinem
451 3295 746 3340 solemnitatis
779 3311 877 3353 quae
912 3296 1220 3340 celebrabatur
1247 3296 1294 3339 in
1324 3296 1457 3339 Juda.
1489 3297 1547 3338 Et
1579 3294 1822 3338 ascendens
1853 3293 1914 3336 al-

86 3357 190 3407 tare,
211 3353 415 3397 similiter
437 3355 548 3398 fecit
565 3355 612 3398 111
637 3356 816 3411 Bethel,
838 3361 886 3398 ut
903 3355 1154 3399 immolaret
1171 3355 1325 3399 vitulis
1344 3370 1452 3412 quos
1473 3354 1721 3397 fabricatus
1742 3352 1913 3407 fuerat;

87 3412 400 3468 constituitque
425 3413 473 3456 in
499 3415 659 3458 Bethel
680 3415 931 3458 sacerdotes
965 3415 1239 3458 excelsorum
1274 3430 1371 3471 quae
1401 3415 1585 3457 fecerat.
1615 3412 1652 3438 33
1677 3412 1736 3454 Et
1763 3425 1916 3454 ascen-

87 3467 152 3510 dit
183 3483 312 3526 super
344 3473 483 3516 altare
517 3473 634 3529 quod
671 3480 950 3518 exstruxerat
985 3474 1033 3517 in
1064 3474 1246 3531 Bethel,
1282 3472 1609 3530 quintadecima
1650 3471 1720 3514 die
1753 3469 1915 3514 mensis

86 3615 133 3648 15]
153 3614 229 3646 Sul).
255 3615 316 3650 xj,
339 3619 384 3644 31.
407 3631 445 3636 —
472 3618 519 3651 22]
549 3618 582 3645 ΙΙ
609 3618 680 3646 Par.
706 3619 767 3654 XI,
784 3621 810 3646 2.
838 3633 875 3637 —
901 3619 949 3652 28]
969 3619 1046 3646 Tob.
1066 3619 1092 3653 1,
1109 3622 1134 3647 5.
1158 3620 1218 3646 Ex.
1238 3618 1384 3653 XXXII,
1401 3621 1427 3646 8.
1457 3632 1489 3637 —›
1519 3617 1568 3650 31]
1588 3617 1623 3644 11
1645 3617 1716 3644 Par.
1738 3616 1800 3649 XI,
1819 3617 1862 3643 15.

2041 1291 2197 1320 Secessus

2059 1335 2173 1364 decem

2041 1378 2199 1408 tribuum.

2008 2011 2097 2040 Deus
2113 2011 2221 2044 prohi-

2011 2056 2068 2083 bet
2088 2055 2211 2084 bellum

2004 2101 2121 2128 contra
2137 2099 2220 2128 schi-

2029 2144 2196 2173 smaticos.

2006 2593 2115 2622 variis
2138 2594 2215 2622 arti-

1989 2638 2053 2665 bus
2074 2644 2132 2670 pro
2139 2637 2228 2666 videt

2022 2683 2042 2710 J
2045 2683 2201 2710 eroboam

2022 2728 2060 2754 ut
2078 2725 2196 2755 scissio

2030 2771 2190 2799 firmetur.
