2456 3861
478 137 560 179 156
930 136 1057 178 NUM.
1092 135 1297 188 XXXII,
1332 135 1388 177 25
1420 162 1478 166 —
1509 135 1742 190 XXXIII,
1778 136 1845 179 19.

475 306 659 360 mentis3
692 311 735 349 et
765 305 878 361 quod
908 304 1095 361 polliciti
1125 303 1229 346 estis
1258 303 1454 359 implete.
1489 302 1526 329 9⁵
1549 303 1854 359 Dixeruntque
1893 304 1973 347 filii
2009 306 2107 349 Gad
2137 311 2179 350 et
2214 307 2303 350 Ru-

474 365 559 408 ben
582 365 639 408 ad
659 365 843 420 Moysen
873 380 881 406 :
911 363 1034 405 Servi
1064 362 1128 404 tui
1157 376 1328 417 sumus,
1358 362 1578 404 faciemus
1608 362 1724 417 quod
1752 362 1878 417 jubet
1907 363 2110 408 dominus
2143 371 2303 408 noster.

473 423 512 450 ⁶2⁶
534 424 744 466 Parvulos
774 428 964 476 nostros,
995 425 1038 463 et
1068 420 1293 476 mulieres,
1332 426 1375 464 et
1403 435 1560 476 pecora
1571 456 1586 476 „
1611 435 1664 463 ae
1699 421 1902 476 jumenta
1930 422 2226 478 relinquemus
2257 425 2305 469 in

474 483 656 524 rubibus
687 481 882 534 Galaad3
908 479 942 505 ‘2⁷
964 493 1043 522 nos
1071 485 1242 535 autem,
1273 479 1434 522 famuli
1464 480 1548 535 tui,
1581 494 1731 523 onmes
1761 480 1956 536 expediti
1987 495 2220 537 pergemus
2247 483 2305 526 ad

473 541 660 595 bellum,
683 540 798 582 sient
818 545 887 595 tu,
912 539 1109 594 domine,
1133 539 1336 594 loqueris.
1359 538 1396 565 28
1419 539 1637 595 Praecepit
1658 553 1762 594 ergo
1791 539 1969 595 Moyses
2002 541 2212 585 Eleazaro
2235 556 2303 585 sa-

473 599 659 654 cerdoti,
683 604 726 641 et
755 599 891 641 Josue
920 598 1012 640 filio
1040 598 1165 653 Nun,
1196 603 1239 640 et
1260 598 1534 654 principibus
1562 597 1840 641 familiarum
1869 613 1947 655 per
1974 599 2115 642 tribus
2145 601 2292 646 Israel,

473 664 516 701 et
545 658 659 700 dixit
683 658 740 700 ad
762 671 834 700 eos
864 674 873 701 ι
896 655 933 683 ‘29
953 656 999 700 Si
1021 657 1277 700 transierint
1298 657 1378 700 filii
1402 657 1502 701 Gad
1524 663 1567 701 et
1588 657 1668 700 filii
1702 657 1861 700 Ruben
1888 657 2119 702 vobiscum
2148 659 2304 703 Jorda-

472 731 574 759 nem
604 730 754 759 omnes
783 716 943 759 armati
972 716 1031 759 ad
1059 716 1228 759 bellum
1257 730 1405 759 coram
1437 716 1647 772 Domino,
1678 721 1724 759 et
1751 715 1877 759 vobis
1907 716 2044 759 fue-nit
2068 722 2186 762 terra.
2205 718 2306 760 sub-

471 775 610 830 Jecta,
642 775 745 818 date
773 775 834 818 eis
866 775 1039 819 Galaad
1067 775 1114 818 in
1143 776 1485 832 possessionem..
1509 775 1546 802 3⁰
1573 775 1653 819 Sin·
1680 780 1830 819 autem
1866 775 2089 818 noluerint
2121 777 2308 823 transire

471 834 630 876 armati
658 834 889 877 vobiscum
916 834 963 876 in
992 840 1153 878 terram
1184 835 1418 890 Chanaan,
1447 835 1562 878 inter
1585 849 1661 877 vos
1690 834 1924 877 habitandi
1950 835 2175 891 accipiant-
2196 835 2305 879 loca..

470 892 504 919 3¹
530 893 951 950 Responderuntque
979 894 1058 936 filii
1091 894 1208 949 Gad,
1240 899 1283 937 et
1304 894 1383 936 filii
1415 894 1570 937 Ruben
1600 911 1608 938 :
1637 894 1762 937 Sicut
1792 894 1964 936 locutus
1993 900 2060 937 est
2091 894 2307 937 Dominus

470 952 607 995 servis
651 953 761 1009 suis,
799 953 862 995 ita
898 953 1144 1007 faciemus3
1179 952 1217 979 32
1244 953 1330 1009 ipsi
1361 953 1521 996 armati
1563 967 1798 1010 pergemus
1839 967 1986 996 eoram
2029 954 2221 996 Domino
2260 954 2309 996 in

470 1016 631 1053 terram
667 1012 906 1067 Clranaan,
939 1018 981 1055 et
1010 1012 1331 1068 possessionem
1363 1012 1457 1067 jam
1493 1012 1738 1068 suscepisse
1770 1026 1849 1055 nos
1887 1012 2148 1055 eonfitemur
2187 1018 2307 1055 trans

471 1070 726 1114 Jordanem.

162 1132 309 1179 rumen,
339 1131 405 1178 Gffll
530 1130 567 1156 33
590 1130 725 1173 Dedit
745 1130 895 1186 itaque
914 1131 1089 1186 Moyses
1111 1130 1214 1173 filiis
1237 1130 1338 1173 Gad
1359 1135 1402 1172 et
1425 1129 1601 1184 Ruben,
1636 1134 1679 1173 et
1701 1129 1901 1173 dimidiae
1924 1131 2058 1174 tribui
2081 1132 2305 1187 Manasse,

179 1175 391 1247 egffifflsseus
471 1189 551 1232 filii
573 1190 760 1245 Joseph,
783 1204 973 1245 regnum
992 1190 1138 1232 Sehon
1160 1189 1275 1244 regis
1298 1188 1569 1243 Amorrhaei,
1593 1193 1636 1232 et
1668 1202 1854 1243 regnum
1885 1190 1973 1245 Og,
1999 1190 2115 1246 regis
2139 1191 2306 1245 Basan,

227 1267 350 1291 terram
472 1254 515 1290 et
536 1253 699 1290 terram
717 1263 866 1291 eorum
889 1262 988 1290 cuni
1012 1248 1194 1291 urbibus
1213 1248 1302 1290 suis
1322 1262 1398 1304 per
1416 1247 1665 1290 circuitum.
1681 1247 1717 1274 34
1734 1248 1881 1303 Igitur
1893 1254 2213 1294 exstruxer-rmt-
2227 1249 2306 1293 filii

195 1312 371 1340 occupant.
473 1307 592 1362 Gad,
617 1307 786 1362 Dibon,
809 1313 852 1350 et
880 1308 1091 1363 Ataroth,
1123 1313 1166 1350 et
1199 1308 1357 1362 Aroer,
1382 1308 1418 1333 3⁵
1441 1313 1483 1350 et
1507 1307 1684 1362 Etroth,
1711 1313 1755 1350 et
1782 1308 1984 1364 Sophan,
2013 1313 2058 1351 et·
2085 1309 2235 1363 Jazer,
2266 1313 2309 1351 et

473 1366 658 1422 Jegbaa,
687 1366 724 1392 3⁶
745 1373 788 1409 et
811 1367 1093 1423 Bethnemm,
1119 1372 1160 1410 et
1186 1367 1423 1422 Betharan,
1447 1366 1576 1410 urbes
1598 1366 1814 1422 munitas,
1838 1372 1881 1410 et
1903 1367 2052 1410 caulas
2078 1367 2308 1424 pecoribus

472 1425 574 1468 suis.
594 1425 629 1451 37
648 1425 754 1468 Filii
776 1440 878 1468 vero
903 1426 1057 1469 Ruben
1084 1426 1417 1469 aedifieaverunt-
1440 1425 1671 1480 Hesebon,
1691 1431 1734 1469 et
1757 1426 1930 1482 Eleale,
1954 1432 1997 1469 et
2019 1426 2307 1481 Cariathaim,

472 1484 508 1510 3⁸
530 1490 572 1527 et
594 1484 744 1539 Nabo,
767 1490 810 1528 et
840 1485 1084 1528 Baalmeon
1114 1485 1250 1528 versis
1284 1484 1559 1539 nominibus,
1593 1485 1787 1528 Sabama
1810 1499 2000 1541 quoque,
2031 1486 2309 1541 imponentes

471 1544 690 1586 vocabula
712 1544 916 1600 urbibus,
940 1559 1048 1600 quas
1073 1550 1396 1587 exstruxerant.
1419 1544 1456 1570 39
1484 1545 1617 1586 Porro
1647 1544 1729 1587 filii
1754 1545 1947 1601 Maehir,
1971 1545 2051 1588 filii
2082 1545 2308 1600 Manasse,

472 1608 757 1659 perrexerunt
777 1603 823 1645 in
846 1603 1040 1659 Galaad,
1065 1609 1108 1647 et
1132 1609 1418 1646 vastaverunt
1448 1618 1546 1646 eam
1575 1603 1813 1646 interfecto
1843 1604 2106 1649 A1norrhaeo
2135 1603 2309 1649 habita,-

471 1668 564 1705 tore
585 1662 694 1718 ejus.
718 1661 755 1688 4⁰
777 1663 911 1706 Dedit
933 1677 1037 1718 ergo
1058 1663 1234 1719 Moyses
1256 1668 1419 1705 terram
1443 1662 1615 1706 Galaad
1650 1663 1842 1719 Machir,
1864 1663 1956 1706 filio
1986 1664 2212 1718 Man-asse,
2235 1662 2309 1718 qui

470 1721 693 1764 habitavit
721 1721 769 1764 in
804 1736 868 1765 ea.
899 1721 932 1748 4¹
964 1722 1062 1764 Jair
1088 1728 1259 1777 autem,
1289 1722 1407 1764 filius
1442 1722 1669 1777 Manasse,
1700 1722 1812 1764 abiit
1849 1727 1892 1765 et
1922 1722 2157 1779 occupavit
2189 1722 2310 1764 vicos

472 1781 589 1836 ejus,
612 1795 718 1836 quos
739 1781 984 1838 appellavit
1008 1781 1190 1824 Havoth
1215 1781 1331 1836 Jair,
1354 1781 1399 1823 id
1423 1786 1507 1835 est,
1529 1780 1659 1822 villas
1682 1782 1709 1823 J
1714 1781 1791 1823 air.
1814 1780 1852 1807 4'2
1873 1782 2000 1825 Nobe
2022 1795 2193 1837 quoque
2214 1795 2309 1838 per-

470 1839 604 1895 rexit,
632 1845 675 1883 et
706 1840 999 1896 apprehendit
1027 1840 1234 1882 Clianath
1267 1853 1368 1882 eum
1401 1839 1560 1883 viculis
1588 1839 1704 1894 suis3
1735 1840 2000 1896 vocavitque
2030 1855 2129 1884 eam
2158 1854 2212 1885 ex
2233 1854 2308 1883 no-

472 1898 590 1941 mine
611 1913 689 1942 suo
710 1899 849 1942 Nobe.

693 2023 716 2075 ξ
737 2021 828 2063 III.
850 2047 909 2052 ——
928 2021 1184 2064 lisam-siones
1205 2021 1526 2063 Israelitarum
1547 2023 1594 2063 in
1614 2021 1778 2063 deserto
1798 2027 2082 2065 recensentur.

166 2141 213 2168 De
247 2141 405 2168 Rffluffisse
531 2136 638 2180 CAP.
672 2137 897 2181 XXXIII.
919 2164 979 2170 —-
1011 2136 1024 2162 ‘¹
1062 2137 1149 2180 Hae
1191 2143 1293 2181 sunt
1330 2135 1586 2179 mansiones
1616 2135 1807 2180 filiorum
1841 2135 2000 2190 Israel,
2036 2135 2115 2191 qni
2147 2135 2311 2191 egressi

184 2186 225 2213 ἃᾶ
236 2190 390 2257 &gisem
471 2201 574 2239 sunt
596 2196 648 2238 de
670 2196 872 2252 AEgypto
901 2210 977 2252 per
1005 2201 1174 2239 turmas
1202 2210 1304 2238 suas
1325 2195 1372 2238 in
1402 2209 1536 2237 manu
1558 2194 1702 2250 Moysi
1725 2200 1768 2238 et
1789 2195 1960 2250 Aaron,
1984 2193 2001 2220 2
2020 2208 2127 2250 quas
2150 2194 2307 2239 descri-

330 2251 336 2258 ’
472 2255 560 2312 psit
588 2255 765 2310 Moyses
787 2255 916 2310 juxta
939 2260 1182 2298 castrorum
1205 2255 1323 2310 loca,
1347 2269 1445 2309 quae
1470 2254 1650 2297 Domini
1673 2254 1871 2309 jussione
1893 2254 2143 2299 mutabant.
2168 2253 2186 2280 3
2208 2254 2311 2298 Pro-

472 2314 583 2358 fecti
615 2313 752 2369 igitur
786 2314 840 2357 de
874 2314 1084 2357 Ramesse
1118 2327 1267 2358 mense
1304 2313 1467 2370 primo,
1503 2313 1834 2369 quintadecima
1863 2312 1936 2356 die
1964 2313 2129 2356 mensis
2157 2312 2304 2369 primi,

472 2374 613 2416 altera
645 2372 716 2415 die
748 2373 912 2428 Phase,
936 2373 1016 2416 filii
1048 2373 1187 2417 Israel
1217 2373 1264 2415 in
1293 2387 1430 2415 manu
1458 2373 1657 2427 excelsa,
1676 2371 1931 2416 videntibus
1968 2371 2138 2414 cunctis
2168 2372 2311 2427 AEgy-

473 2432 596 2489 ptiis,
622 2431 640 2459 4
660 2437 703 2475 et
723 2432 1038 2488 sepelientibus
1068 2432 1407 2488 primogenitos,
1431 2446 1539 2487 quos
1569 2436 1844 2487 percusserat
1871 2431 2088 2474 Dominus
2112 2432 2247 2482 (nam
2269 2436 2311 2474 et

472 2492 519 2534 in
541 2491 625 2534 diis
649 2505 799 2535 eorum
825 2497 1081 2534 exercuerat
1110 2491 1377 2548 ultionem),
1402 2491 1419 2518 5
1444 2490 1749 2534 castrametati
1776 2495 1880 2533 sunt
1907 2490 1953 2533 in
1989 2489 2192 2535 Sooooth.
2216 2489 2233 2516 ⁶
2256 2491 2312 2532 Et

474 2551 528 2594 de
555 2551 745 2594 Soecoth
773 2556 989 2594 venerunt
1016 2551 1063 2593 in
1094 2551 1278 2605 Ethai-n,
1310 2565 1408 2606 quae
1439 2556 1504 2594 est
1531 2550 1579 2592 in
1612 2549 1820 2593 extremis
1851 2549 2012 2592 finibus
2044 2548 2312 2593 solitudinis.

474 2609 489 2635 7
517 2609 629 2653 Inde
651 2609 815 2665 egressi
846 2615 1061 2652 venerunt
1094 2615 1245 2652 eontra
1273 2609 1586 2664 Phihahirotli,
1618 2623 1717 2664 quae
1739 2608 1919 2664 respicit
1945 2607 2242 2664 Beelsephon‚
2269 2613 2313 2651 et

475 2669 778 2712 castrametati
807 2674 910 2712 sunt
941 2674 1045 2712 ante
1076 2669 1352 2724 Magdalum.
1376 2669 1393 2695 8
1420 2668 1704 2723 Profectique
1738 2668 1793 2712 de
1822 2667 2140 2722 Phihahiroth,
2171 2673 2311 2709 trans-

473 2728 619 2771 ierunt
641 2742 717 2784 per
742 2728 939 2771 medium
970 2742 1090 2771 mare
1111 2728 1159 2771 in·
1186 2728 1497 2781 solitudinem3
1522 2733 1565 2770 et
1593 2727 1874 2770 ambulantes
1896 2726 2037 2770 tribus
2060 2726 2215 2772 diebus
2237 2740 2314 2782 per

476 2787 699 2830 desertum
722 2787 898 2843 Etham,
927 2787 1230 2832 castrametati
1255 2792 1359 2830 sunt
1380 2787 1426 2829 in
1449 2787 1587 2829 Mara.
1611 2786 1628 2811 9
1643 2785 1928 2841 Profectique
1950 2785 2004 2829 de
2029 2785 2167 2841 Mara,
2182 2799 2312 2831 vene-

474 2851 578 2889 runt
598 2846 644 2888 in
671 2846 809 2902 Elim,
833 2846 908 2889 ubi
935 2851 1060 2890 erant
1082 2846 1314 2889 duodecim
1334 2847 1482 2889 fontes
1503 2859 1740 2901 aquarum,
1761 2850 1804 2888 et
1821 2844 1984 2901 palmae
2002 2844 2310 2901 septimginta3

475 2904 628 2960 ibique
659 2905 961 2948 castrametati
994 2910 1111 2948 sunt.
1144 2905 1179 2931 ¹⁰
1203 2905 1288 2950 Sed
1319 2911 1362 2949 et
1390 2905 1494 2948 inde
1524 2904 1708 2959 egressi,
1740 2903 1929 2946 fixerunt
1962 2903 2153 2951 tentoria
2185 2917 2314 2959 super

476 2978 597 3007 mare
618 2963 829 3007 Rubrum.
854 2964 1138 3019 Profectique
1161 2964 1215 3008 de
1236 2964 1346 3008 mari
1371 2964 1539 3019 Rubro,
1567 2963 1598 2991 ¹¹
1622 2963 1923 3006 castrametati
1946 2968 2050 3005 sunt
2070 2962 2117 3006 in
2142 2962 2313 3008 deserto

476 3023 567 3066 Sin.
599 3022 633 3050 ¹2
656 3023 787 3066 Unde
827 3024 1010 3079 egressi,
1049 3029 1265 3067 venerunt
1299 3023 1346 3066 in
1386 3023 1595 3078 Daphea3
1633 3021 1669 3048 ¹3
1697 3021 1979 3078 profectique
2012 3022 2066 3066 de
2105 3021 2312 3077 Daphcav,

477 3082 779 3125 castrametati
805 3088 908 3126 sunt
928 3083 974 3124 in
997 3083 1136 3138 Alus;
1164 3083 1198 3109 '¹4
1224 3082 1473 3137 egressique
1497 3082 1550 3125 de
1572 3081 1705 3137 Aius,
1730 3081 1777 3123 in
1801 3081 2043 3137 Raphidim
2064 3080 2198 3126 fixere.
2220 3085 2313 3126 ten-

478 3141 611 3197 toria,
634 3141 709 3184 ubi
732 3142 894 3197 populo
917 3141 1061 3184 defuit
1082 3157 1196 3197 aqua
1218 3142 1272 3185 ad
1297 3141 1565 3195 bibendum3
1595 3140 1630 3169 ¹5
1656 3139 1936 3197 profectique
1966 3139 2020 3183 de
2052 3139 2299 3196 Raphidim,

478 3200 780 3244 castrametati
803 3206 905 3243 sunt
926 3200 972 3244 in
995 3201 1166 3244 deserto
1188 3201 1325 3245 Sinai.

202 3277 252 3304 De
269 3280 382 3304 monte
537 3259 573 3286 ¹⁰
586 3259 671 3303 Sed
694 3265 737 3302 et
767 3259 821 3302 de
842 3259 1083 3302 solitudine
1102 3260 1225 3303 Sinai
1248 3260 1424 3316 egressi,
1448 3263 1664 3303 venerunt
1684 3258 1741 3301 ad
1763 3258 1974 3314 Sepulora
1999 3257 2309 3313 eoncupiscen-

248 3320 337 3376 ffljffli
360 3372 367 3377 .
477 3319 578 3373 tiae3
603 3318 637 3345 ¹⁷
660 3318 938 3375 profectique
960 3318 1013 3362 de
1032 3318 1255 3375 Sepulcris
1285 3318 1677 3375 concupiscentiae,
1702 3316 2005 3361 castrametati
2027 3322 2131 3360 sunt
2151 3315 2196 3358 in
2222 3317 2312 3372 Ha-

201 3364 250 3392 m
266 3365 378 3392 baffi·
478 3379 648 3432 seroth3
674 3377 709 3405 ¹8
731 3383 774 3421 et
796 3377 849 3421 de
872 3377 1095 3420 Haseroth
1118 3383 1331 3420 venerunt
1355 3377 1401 3420 in
1426 3378 1640 3431 Rethma3
1666 3376 1702 3403 ¹⁹
1723 3376 2004 3432 profectique
2024 3375 2079 3419 de
2103 3375 2312 3427 Rethma,

479 3549 526 3582 25]
544 3549 614 3576 JOS.
634 3549 691 3583 IV,
710 3551 752 3576 12.
778 3563 814 3567 —
834 3549 881 3581 29]
902 3548 1000 3575 Dent.
1020 3548 1093 3580 ΙΙΙ,
1113 3550 1154 3575 12.
1176 3549 1246 3576 Jos.
1266 3548 1366 3576 XIII.
1385 3551 1400 3575 8
1422 3550 1456 3575 ot
1474 3548 1596 3582 XXII,
1614 3550 1639 3575 4.
1657 3562 1693 3566 ——
1713 3547 1761 3580 33]
1780 3547 1850 3574 Jos.
1874 3546 1989 3581 XXII,
2006 3549 2032 3574 4.
2057 3562 2093 3566 -
2113 3547 2161 3579 39]
2181 3546 2258 3573 Gen.
2275 3546 2313 3580 L,

479 3595 522 3621 22.
537 3608 573 3612 —-
594 3594 622 3626 7]
645 3594 704 3621 Ex.
723 3593 814 3628 XIV,
832 3594 858 3620 2.
880 3606 916 3610 —
939 3592 968 3624 9]
985 3593 1044 3619 Ex.
1063 3591 1135 3625 XV,
1153 3594 1196 3618 27.
1217 3605 1251 3609 -
1273 3592 1319 3624 14]
1337 3591 1524 3626 Ex.XV11,
1544 3595 1568 3619 1.
1587 3591 1672 3624 -16]
1693 3591 1753 3618 Ex.
1772 3590 1867 3624 XIX,
1885 3593 1910 3618 2.
1925 3591 2025 3623 -17]
2046 3590 2122 3622 sup.
2138 3589 2200 3623 XI,
2217 3592 2261 3617 34.
2277 3602 2314 3608 —-

480 3637 527 3668 18]
550 3637 627 3669 Sul).
642 3637 742 3670 XIII,
759 3639 782 3665 1.
