2456 3861
127 732 160 758 3⁰
185 729 296 758 Sacer-

160 773 264 802 dotes·

116 909 147 934 4⁰
167 906 304 936 Levitae.

102 1145 135 1170 5Ο
152 1142 321 1172 Nathinaei

140 1190 174 1214 et
193 1187 282 1215 servi

113 1231 310 1261 Salomonis.

86 1733 119 1760 6⁰
139 1730 166 1759 Ii
186 1739 329 1764 quorum

104 1782 213 1809 genus
238 1779 310 1805 erat

120 1819 298 1850 incertum.

91 2274 122 2305 70
149 2275 328 2308 Recapitu-

162 2319 253 2349 latiO.

95 2753 143 2780 Re
149 2759 322 2781 versorum

115 2796 303 2826 oblationes

107 2847 165 2874 pro
184 2842 310 2874 templo

118 3174 153 3199 et
170 3171 299 3200 habita-

153 3214 271 3244 tiones.

155 3459 278 3487 Esdras

109 3504 212 3531 verba
232 3502 315 3536 legis

91 3546 213 3575 recitat
224 3555 334 3576 coram

146 3593 278 3626 popum.

401 137 489 179 460
967 134 1088 177 NEH.
1124 135 1240 189 VII,
1275 135 1333 178 30
1363 161 1423 166 —
1454 135 1595 192 VIII,
1628 138 1667 179 2.

402 304 585 359 Beroth‚
621 303 892 360 septingenti
935 304 1231 360 quadraginta
1271 310 1372 350 tres.
1408 306 1445 333 3⁰
1471 306 1566 350 Viri
1604 308 1745 349 Rama
1779 311 1822 350 et
1860 307 2006 364 Geba,
2037 310 2233 353 sexcenti

399 362 561 417 viginti
599 377 724 405 unus.
762 362 796 388 3¹
825 362 921 405 Viri
959 363 1211 419 Machmas,
1251 370 1430 408 centum
1468 365 1629 421 viginti
1669 365 1768 409 duo.
1803 365 1840 392 3'2
1866 366 1964 410 Viri
1999 367 2158 411 Bethel
2191 374 2234 412 et

399 421 510 477 Hai,
539 426 718 465 centum
740 421 902 478 viginti
925 427 1025 466 tres.
1057 422 1094 449 33
1112 423 1209 466 Viri
1234 424 1358 468 Nebo
1379 425 1582 480 alterius,
1611 425 1936 481 quinquaginta
1958 425 2058 470 duo.
2085 426 2122 453 34
2136 427 2234 470 Viri

397 480 551 522 AElam
575 481 778 536 alterius,
810 481 933 525 mille
959 481 1138 525 ducenti
1169 483 1492 540 quinquaginta
1519 489 1718 540 quatuor.
1748 485 1785 511 35
1804 485 1909 527 Filii
1933 486 2122 541 Harem,
2150 490 2235 529 tre-

398 539 514 582 centi
536 539 712 595 viginti.
743 540 780 566 33
799 540 902 583 Filii
929 541 958 583 J
962 540 1129 598 ericho,
1157 543 1342 586 trecenti
1369 543 1666 599 quadraginta
1691 544 1897 600 quinque.
1925 544 1961 571 3⁷
1982 545 2086 587 Filii
2118 545 2234 601 Lod,

398 598 572 654 Hadid,
604 605 647 642 et
677 600 792 655 Ono,
827 599 1099 656 septingenti
1134 601 1294 657 viginti
1321 616 1447 646 unus.
1475 602 1511 629 38
1531 603 1634 645 Filii
1661 603 1824 659 Senaa,
1853 603 1939 646 tria
1961 603 2102 647 millia
2127 618 2235 647 non-

395 657 519 713 genti
541 657 739 714 triginta.

455 715 492 742 39
509 717 769 761 Sacerdotes
807 735 815 762 ι
853 718 955 761 Filii
989 719 1119 763 Idaia
1147 721 1192 763 in
1227 721 1357 765 domo
1388 722 1544 777 Josue,
1576 721 1791 777 nongenti
1817 723 2103 779 septuaginta
2133 728 2234 767 treS.

396 774 433 801 40
460 776 563 818 Filii
595 777 787 834 Emmer,
819 778 941 822 mille
971 779 1296 836 quinquaginta
1326 781 1424 823 duo.
1453 781 1487 807 4¹
1517 780 1621 824 Filii
1651 781 1867 837 Phashur,
1899 781 2022 825 mille
2056 781 2236 825 ducenti

397 835 693 891 quadraginta
715 842 898 894 septem.
914 836 951 864 4⁸²
969 838 1073 881 Filii
1100 840 1256 895 Arem,
1284 840 1406 883 mille
1433 839 1586 884 decem
1612 845 1656 884 et
1681 845 1864 897 septem.

455 895 626 938 Levitae
656 912 664 939 :
705 895 742 922 43
766 896 872 939 Filii
914 897 1051 941 Josue
1084 902 1128 942 et
1164 898 1415 955 Cedmihel,
1451 899 1642 943 filiorum
1675 899 1712 926 44
1739 900 1916 957 Oduiae,
1951 901 2236 957 septuaginta

396 959 594 1011 quatuor.
619 954 830 999 Cantores
853 973 861 1000 :
880 956 916 982 45
935 957 1038 999 Filii
1061 958 1237 1014 Asaph,
1262 963 1442 1001 centum
1468 959 1765 1015 quadraginta
1791 965 1903 1003 octo.
1923 959 1960 986 46
1979 960 2007 1003 J
2010 960 2204 1004 anitores
2226 977 2234 1004 :

397 1013 501 1056 Filii
526 1014 716 1070 Sellum,
748 1015 826 1057 filii
860 1016 982 1071 Ater,
1011 1016 1089 1058 filii
1121 1016 1329 1073 Telmon,
1353 1017 1432 1059 filii
1459 1018 1636 1073 Accub,
1664 1018 1743 1060 filii
1773 1019 1953 1074 Hatita,
1977 1019 2057 1062 filii
2080 1019 2231 1075 Sobai,

397 1078 575 1116 centum
600 1073 784 1129 triginta
811 1080 922 1117 octo.

455 1132 489 1158 47
511 1133 739 1175 Nathinaei
774 1150 781 1177 ε
818 1133 922 1176 Filii
952 1134 1089 1190 Soha,
1121 1135 1200 1177 filii
1237 1136 1476 1193 Hasupha,
1512 1136 1591 1179 filii
1626 1136 1880 1193 Tebbaoth,
1916 1137 1952 1164 48
1971 1138 2051 1181 filii
2082 1138 2235 1195 Ceros,

395 1192 474 1233 filii
500 1192 615 1246 Siaa,
641 1192 720 1234 filii
743 1192 942 1248 Phadon,
963 1193 1042 1235 filii
1064 1194 1259 1250 Lebana,
1280 1195 1360 1238 filii
1380 1196 1586 1251 Hagaba,
1608 1195 1687 1238 filii
1706 1196 1885 1253 Selmai,
1905 1196 1942 1223 49
1957 1197 2036 1239 filii
2057 1198 2235 1253 Hanan,

395 1251 473 1292 filii
513 1251 705 1306 Geddel,
741 1251 821 1294 filii
857 1252 1016 1307 Gaher,
1056 1252 1093 1279 50
1117 1252 1197 1296 filii
1234 1255 1394 1310 Raaia,
1429 1255 1508 1297 filii
1545 1255 1704 1311 Rasin,
1740 1255 1820 1298 filii
1856 1257 2058 1313 Necoda,
2094 1256 2128 1283 5¹
2156 1257 2238 1300 filii

395 1311 578 1365 Gezem,
606 1310 686 1352 filii
712 1310 828 1366 Aza,
855 1311 935 1353 filii
956 1312 1149 1368 Phasea,
1174 1312 1211 1339 53
1228 1314 1307 1356 filii
1333 1314 1484 1371 Besai,
1512 1314 1593 1357 filii
1621 1315 1814 1371 Munim,
1837 1316 1917 1358 filii
1945 1316 2236 1373 Nephussim,

394 1369 430 1395 53
448 1368 527 1411 filii
555 1369 757 1425 Bacbuc,
792 1370 871 1412 filii
899 1371 1141 1428 Hacupha,
1178 1373 1258 1416 filii
1295 1374 1488 1429 Harhur,
1525 1374 1561 1400 54
1579 1374 1659 1417 filii
1686 1374 1890 1431 Besloth,
1919 1375 1999 1418 filii
2030 1375 2234 1432 Mahida,

393 1428 473 1470 filii
508 1429 674 1484 Harsa,
709 1428 746 1455 55
771 1429 851 1472 filii
890 1430 1073 1487 Bercos,
1109 1431 1188 1475 filii
1230 1433 1399 1489 Sisara,
1434 1433 1513 1476 filii
1556 1434 1747 1489 Thema,
1779 1434 1816 1461 53
1842 1435 1922 1478 filii
1963 1435 2121 1492 Nasia,
2157 1434 2238 1478 filii

394 1488 612 1545 Hatipha.
659 1487 692 1514 57
710 1486 816 1530 Filii
831 1503 1058 1532 servorum
1093 1491 1370 1536 Salomonis:
1399 1492 1477 1535 filii
1513 1494 1688 1550 Sothai,
1727 1493 2112 1551 filiiSophereth,
2156 1494 2236 1537 filii

394 1547 608 1603 Pharida,
640 1547 676 1574 53
702 1548 782 1590 filii
815 1548 999 1605 Jahala,
1032 1549 1111 1592 filii
1148 1552 1345 1607 Darcon,
1384 1552 1464 1594 filii
1499 1552 1682 1608 Jeddel,
1717 1553 1754 1579 59
1779 1553 1859 1596 filii
1887 1554 2122 1611 Sapha-tia,
2157 1553 2237 1596 filii

395 1606 543 1662 Hatil,
574 1607 653 1649 filii
687 1607 987 1664 Phochereth,
1016 1609 1089 1664 qui
1119 1616 1213 1653 erat
1238 1616 1357 1654 ortus
1393 1626 1447 1654 ex
1479 1611 1681 1668 Sabaim,
1709 1612 1799 1655 filio
1825 1613 1987 1657 Amon.
2016 1613 2052 1640 ⁶⁰
2071 1614 2235 1657 Omnes

395 1665 642 1722 Nathinaei,
666 1671 710 1709 et
734 1666 814 1709 filii
836 1681 1062 1710 servorum
1087 1669 1359 1725 Salomonis,
1383 1671 1569 1714 trecenti
1592 1672 1838 1727 nonaginta
1864 1672 1964 1716 duo.

454 1724 487 1751 ⁶¹
509 1725 570 1767 Hi
604 1731 706 1768 sunt
738 1731 889 1769 autem
922 1727 995 1783 qui
1028 1729 1324 1772 ascenderunt
1359 1730 1413 1773 de
1447 1730 1701 1787 Thelmela,
1734 1731 2000 1788 Thelharsa,
2038 1732 2233 1788 Cherub,

395 1785 576 1841 Addon,
604 1790 648 1828 et
675 1786 867 1841 Emmer,
892 1791 936 1829 et
958 1800 1044 1829 non
1070 1793 1310 1844 potuerunt
1333 1789 1529 1832 indicare
1560 1789 1741 1832 domum
1764 1796 1941 1847 patrum
1968 1806 2166 1847 suorum,
2191 1797 2236 1834 et
2298 1800 2302 1806 '

394 1859 544 1887 semen
582 1859 729 1900 suum,
766 1850 912 1888 utrum
947 1861 1003 1889 ex
1040 1847 1179 1890 Israel
1214 1853 1372 1891 essent.
1409 1847 1445 1874 ⁶2
1471 1848 1576 1891 Filii
1612 1849 1793 1906 Dalaia,
1835 1850 1915 1893 filii
1953 1850 2116 1907 Tobia,
2155 1850 2236 1893 filii

394 1904 588 1960 Necoda,
612 1904 811 1947 sexcenti
837 1906 1136 1962 quadraginta
1159 1907 1258 1951 duo.

453 1964 489 1989 ⁶³³
516 1965 572 2005 Et
606 1963 658 2006 de
692 1965 1031 2008 sacerdotibus:
1071 1965 1176 2009 Filii
1215 1968 1387 2025 Habia,
1429 1968 1510 2011 filii
1552 1970 1717 2024 Accos,
1759 1969 1841 2011 filii
1882 1969 2122 2026 Berzellai,
2161 1969 2236 2025 qui

393 2023 568 2079 accepit
598 2023 651 2066 de
682 2023 858 2067 filiabus
886 2025 1103 2068 Berzellai
1140 2027 1391 2072 Galaaditis
1436 2042 1639 2084 uxorem,
1669 2033 1712 2071 et
1743 2033 1927 2071 vocatus
1962 2034 2028 2071 est
2057 2029 2236 2073 nomine

393 2097 557 2127 eorum.
585 2082 620 2109 64
640 2083 701 2125 Hi
729 2084 999 2139 quaesierunt
1029 2085 1295 2143 scripturam
1324 2102 1451 2131 suam
1480 2088 1527 2130 in
1554 2102 1717 2143 censu3
1754 2092 1798 2131 et
1827 2102 1916 2131 non
1945 2088 2234 2145 invenerunt,

393 2148 438 2186 et
463 2143 598 2199 ejecti
625 2148 728 2186 sunt
758 2144 812 2187 de
838 2145 1098 2191 sacerdotio.
1129 2146 1165 2172 ⁰5
1187 2146 1400 2203 Dixitque
1430 2148 1705 2190 Athersatha
1737 2147 1818 2204 eis,
1855 2152 1905 2190 ut
1929 2162 2018 2191 non
2048 2148 2233 2191 mandu-

394 2209 546 2247 carent
568 2204 622 2248 de
644 2205 810 2248 sanctis
832 2209 1100 2261 sanctorum,
1125 2205 1266 2249 donec
1287 2212 1426 2250 staret
1451 2206 1655 2250 sacerdos
1679 2206 1834 2250 doctus
1862 2211 1906 2250 et
1932 2207 2142 2250 eruditus.

452 2264 488 2290 ⁰⁶
515 2264 670 2308 Omnis
700 2265 940 2308 multitudo
971 2265 1097 2321 quasi
1135 2265 1203 2307 vir
1238 2281 1370 2323 unus,
1396 2266 1696 2323 quadraginta
1737 2266 1824 2311 duo
1861 2266 2005 2309 millia
2046 2267 2235 2311 trecenti

393 2324 649 2380 sexaginta,
688 2324 723 2351 ⁶⁷
749 2324 916 2380 absque
949 2325 1087 2369 servis
1118 2330 1162 2369 et
1191 2325 1368 2369 ancillis
1403 2340 1575 2382 eorum,
1612 2325 1687 2382 qui
1723 2331 1850 2369 erant
1883 2331 2056 2383 septem
2091 2327 2234 2370 millia

393 2383 580 2426 trecenti
612 2383 800 2440 triginta
837 2390 1038 2442 septem3
1075 2391 1119 2430 et
1156 2385 1272 2429 inter
1309 2400 1382 2430 eos
1421 2391 1622 2429 cantores
1665 2391 1708 2428 et
1751 2385 2018 2428 cantatrices
2054 2385 2235 2429 ducenti

393 2443 688 2499 quadraginta
730 2444 935 2500 quinque.
970 2445 1006 2472 63
1036 2445 1150 2502 Equi
1192 2460 1364 2501 eorum,
1415 2445 1689 2502 septingenti
1731 2445 1918 2501 triginta
1966 2460 2074 2500 sex3
2124 2445 2234 2488 muli

393 2515 563 2559 eorum,
592 2503 771 2547 ducenti
793 2504 1091 2561 quadraginta
1120 2505 1342 2561 quinque3
1371 2506 1407 2532 ⁰9
1426 2504 1588 2548 cameli
1613 2519 1782 2561 eorum,
1812 2504 2127 2561 quadringenti
2156 2504 2232 2547 tri-

392 2561 520 2616 ginta
545 2562 766 2619 quinque3
790 2563 925 2620 asini,
952 2579 1031 2607 sex
1053 2565 1195 2607 millia
1217 2564 1493 2622 septingenti
1518 2564 1694 2620 viginti.

453 2622 697 2679 Hucusque
718 2624 907 2679 refertur
928 2624 1039 2680 quid
1058 2625 1103 2667 in
1125 2626 1432 2668 commentario
1456 2625 1669 2681 scriptum
1678 2625 1852 2682 fuerat,-
1882 2626 1981 2668 emin
2010 2624 2234 2668 Nehemz'ae

394 2681 581 2725 historia
607 2684 777 2726 temitur.

453 2740 490 2767 7⁰
508 2742 723 2786 Nonnulli
748 2748 900 2787 autem
926 2745 980 2788 de
1005 2744 1280 2802 principibus
1306 2744 1584 2788 familiarum
1607 2744 1824 2787 dederunt
1849 2742 1894 2785 in
1923 2757 2044 2799 opus.
2069 2744 2231 2786 Ather-

394 2800 523 2844 satha
556 2801 680 2845 dedit
712 2802 758 2845 in
790 2803 1047 2847 thesaurum
1083 2804 1178 2847 auri
1213 2804 1448 2848 drachmas
1484 2804 1629 2859 mille,
1670 2802 1843 2860 phialas
1881 2802 2228 2858 quinquaginta,

394 2860 568 2904 tunicas
598 2862 896 2906 sacerdotales
922 2863 1189 2920 quingentas
1211 2863 1410 2920 triginta.
1440 2863 1474 2890 7¹
1496 2865 1554 2907 Et
1576 2862 1630 2906 de
1652 2861 1928 2919 principibus
1953 2861 2231 2905 familiarum

396 2919 613 2964 dederunt
643 2921 690 2964 in
720 2922 977 2965 thesaurum
1010 2923 1172 2980 operis,
1206 2923 1300 2966 auri
1336 2923 1571 2966 drachmas
1593 2921 1756 2978 viginti
1786 2920 1948 2977 millia,
1984 2926 2029 2964 et
2054 2921 2229 2977 argenti

395 2993 521 3021 mnas
563 2980 648 3023 duo
688 2981 832 3024 millia
871 2982 1099 3026 ducentas.
1149 2981 1186 3009 7'2
1220 2984 1278 3025 Et
1322 2983 1438 3038 quod
1478 2981 1602 3026 dedit
1645 2980 1839 3036 reliquus
1880 2981 2091 3037 populus,
2136 2980 2230 3023 auri

395 3037 630 3082 drachmas
655 3040 818 3096 viginti
839 3041 1002 3099 millia,
1029 3047 1074 3085 et
1099 3042 1274 3098 argenti
1305 3056 1432 3085 mnas
1464 3041 1550 3085 duo
1576 3039 1738 3096 millia,
1763 3044 1808 3083 et
1828 3039 2003 3082 tunicas
2025 3039 2228 3083 sacerdo-

395 3097 507 3140 tales
529 3098 765 3155 sexaginta
789 3106 972 3157 septem.

456 3156 492 3183 73
510 3157 842 3202 Habitaverunt
862 3165 1013 3203 autem
1035 3160 1307 3216 sacerdoteS,
1335 3165 1379 3204 et
1409 3161 1579 3217 levitae,
1607 3164 1651 3203 et
1675 3159 1911 3215 janitoreS,
1941 3163 1985 3202 et
2006 3163 2225 3216 cantores,

396 3221 441 3259 et
463 3216 681 3272 reliquum
703 3218 882 3275 vulgus,
913 3224 957 3261 et
978 3219 1230 3276 Nathinaei,
1257 3224 1301 3262 et
1327 3221 1470 3264 omnis
1492 3219 1652 3274 Israel,
1679 3218 1726 3260 in
1753 3218 2012 3261 civitatibus
2037 3218 2139 3261 suis.

992 3340 1015 3397 ξ
1040 3341 1102 3383 ΙΙ.
1125 3366 1184 3372 —-
1209 3341 1454 3397 Reparatz'o
1478 3341 1633 3383 cultus.

456 3454 563 3500 CAP.
590 3456 724 3500 VIII.
754 3482 813 3489 -
845 3456 937 3499 ¹Et
961 3462 1146 3500 venerat
1170 3457 1334 3501 mensis
1367 3457 1602 3514 septimus,
1635 3455 1715 3498 filii
1749 3460 1901 3499 autem
1934 3454 2074 3499 Israel
2105 3459 2231 3498 erant

398 3513 443 3555 in
477 3514 735 3558 civitatibus
767 3515 885 3571 suis3
921 3521 1304 3572 congregatusque
1336 3522 1402 3560 est
1439 3515 1582 3559 omnis
1612 3515 1800 3572 populus
1835 3515 1960 3571 quasi
1993 3514 2062 3557 vir
2095 3527 2228 3568 unus,

397 3573 454 3615 ad
480 3573 675 3629 plateam
697 3589 793 3630 quae
821 3581 886 3618 est
914 3580 1017 3618 ante
1043 3580 1213 3632 portam
1246 3577 1505 3632 Aquarum3
1538 3579 1583 3617 et
1617 3574 1825 3618 dixerunt
1853 3575 2008 3618 Esdrae
2045 3572 2227 3629 scribae,

398 3637 447 3674 ut
468 3631 648 3676 afferret
670 3633 831 3677 librum
853 3634 963 3691 legis
987 3633 1142 3690 Moysi,
1158 3649 1291 3690 quam
1313 3638 1587 3691 praeceperat
1610 3634 1826 3677 Dominus
1854 3634 2226 3681 Israeli.2Attulit
