2391 3861
836 108 907 150 111
944 108 1080 150 Esou.
1118 108 1196 151 1¹5.
1237 108 1285 149 17
1319 133 1376 138 -
1409 107 1460 157 V,
1494 107 1533 148 3.
2187 108 2234 148 5*

135 287 208 320 illis
231 287 310 320 nati
335 288 443 328 sunt,
470 289 509 320 et
537 288 626 327 ipsoe
654 288 908 319 educaverunt
935 294 995 318 eos
1019 285 1080 325 qui
1103 287 1370 325 plantaverunt
1396 284 1523 316 vineas
1549 291 1591 315 ex
1617 283 1747 322 quibus
1778 284 1907 315 vinum
1933 283 2005 315 fit?
2030 274 2061 300 ¹⁷
2081 283 2129 315 Et
2153 282 2239 322 ipsae

134 340 282 372 faciunt
311 341 428 372 stolas
456 339 621 371 omnium
656 338 868 378 hominum,
900 339 938 370 et
969 337 1057 377 ipsse
1090 337 1237 369 faciunt
1265 337 1422 376 gloriam
1447 335 1679 374 hominibus,
1711 337 1749 366 et
1785 343 1857 366 non
1885 336 2043 374 possunt
2075 334 2239 367 homines

133 391 299 431 separari
324 400 345 424 a
369 390 596 423 mulieribus.
620 382 651 408 ¹⁸
669 390 704 422 Si
726 389 1034 430 congregaverim
1059 397 1194 421 aurum
1215 389 1252 421 et
1276 390 1486 427 argentum,
1511 389 1550 419 et
1574 394 1719 418 omnem
1746 394 1823 418 rem
1845 387 2057 426 speciosam,
2082 388 2120 419 et
2142 387 2239 419 vide-

134 445 212 476 rint
237 444 427 475 mulierem
454 450 566 474 uuam
588 443 686 474 bono
711 442 843 474 habitu
868 443 905 474 et
930 441 1024 473 bona
1052 440 1186 480 specie,
1214 431 1248 457 ¹⁰
1266 439 1388 471 omnia
1416 439 1497 472 haec
1520 439 1771 477 relinquentes
1797 438 1835 469 in
1855 446 1935 470 eam
1958 438 2180 477 intendunt,
2204 443 2240 469 et

132 497 263 534 aperto
280 503 342 527 ore
366 495 607 533 conspiciunt,
634 498 671 526 ot
692 502 769 526 eam
792 492 963 525 alliciunt
984 493 1105 531 magis
1125 500 1235 531 quam
1260 499 1392 523 aurum
1411 493 1449 523 et
1471 493 1681 530 argentum,
1706 492 1745 522 et
1762 497 1905 521 omnem
1928 497 2005 522 rem
2026 491 2241 530 pretiosam.

134 538 169 564 ²⁰
189 547 309 578 Homo
333 547 478 585 patrem
499 553 605 577 suum
633 545 814 583 relinquit
837 544 899 583 qui
924 543 1083 577 enutriIt
1109 543 1233 582 illum,
1258 545 1295 574 et
1316 551 1420 574 suam
1447 542 1655 581 regionem,
1681 543 1718 574 et
1743 541 1791 574 ad
1815 542 2008 574 mulierem
2030 550 2066 574 se
2091 543 2242 581 conjun-

132 599 198 637 git.
223 588 255 616 21
274 597 322 628 Et
345 605 427 628 cum
449 596 601 628 muliere
629 595 790 627 remittit
811 596 995 634 animam;
1016 598 1055 626 et
1073 603 1189 633 neque
1216 599 1358 633 patrem
1382 593 1563 631 meminit,
1582 602 1699 632 neque
1717 598 1889 632 matrem,
1908 601 2026 632 neque
2045 593 2241 632 regionem.

136 641 171 667 ²²
192 649 241 681 Et
264 649 351 679 hinc
375 650 521 686 oportet
553 655 617 679 vos
643 648 754 685 scire,
780 646 955 685 quoniam
988 647 1162 677 mulieres
1188 645 1430 677 dominantur
1458 646 1581 677 vestri.
1611 646 1743 677 Nonne
1777 645 1908 677 doletis
1925 648 1940 677 'e
1974 638 2010 663 ²3
2030 646 2076 676 Et
2109 644 2242 684 accipit

133 701 244 732 homo
265 699 431 738 gladium
459 706 588 737 suum,
617 699 655 730 et
683 698 787 730 vadit
812 697 850 730 in
871 697 969 729 viam
997 698 1120 729 facere
1141 697 1269 736 furta,
1295 699 1332 728 et
1358 697 1580 736 homicidia,
1609 700 1646 729 et
1675 705 1778 729 maro
1804 697 1980 736 navigare
2009 700 2047 729 et
2073 696 2243 736 flumina,

133 744 169 770 ²⁴
191 753 229 784 et
257 751 399 783 leonem
423 749 546 789 videt,
566 750 604 782 et
626 750 664 780 in
686 748 846 782 tenebris
875 749 1110 788 ingreditur;
1130 750 1167 781 et
1188 757 1271 781 cum
1298 748 1444 780 furtum
1470 749 1621 788 fecerit,
1646 751 1683 781 et
1707 749 1878 787 fraudes,
1901 751 1940 781 et
1960 749 2128 788 rapinas,
2149 756 2244 780 ama-

134 802 195 835 bili
224 810 300 835 suae
326 803 448 834 affert.
475 792 512 819 25
528 801 577 833 Et
601 800 758 840 iterum,
787 799 908 840 diligit
936 801 1045 832 homo
1074 808 1228 832 uxorem
1258 808 1362 832 suam
1388 798 1507 839 magis
1534 808 1644 839 quam
1674 803 1816 840 patrem
1845 802 1912 833 aut
1939 803 2111 832 matrem.
2138 793 2174 818 2⁶
2196 800 2243 831 Et

134 854 245 887 multi
274 855 462 886 dementes
494 852 587 885 tacti
619 854 708 885 sunt
739 854 894 892 propter
926 860 1060 884 uxores
1090 859 1195 892 suae,
1226 854 1265 884 et
1297 851 1393 884 servi
1430 852 1519 883 facti
1563 854 1651 884 sunt
1684 855 1838 892 propter
1865 852 1974 892 illas;
2004 843 2039 870 ²⁷
2066 854 2104 884 et
2135 851 2244 884 multi

133 906 342 947 perierunt,
363 907 400 938 et
423 904 582 945 jugulati
607 906 716 945 sunt,
737 906 775 937 et
792 905 1040 944 peccaverunt
1061 905 1214 944 propter
1231 903 1414 936 mulieres.
1440 895 1477 921 ²8
1496 904 1544 935 Et
1569 911 1666 935 nunc
1684 903 1823 937 credite
1845 903 1952 943 mihi,
1976 903 2066 944 quia
2090 911 2244 943 magnus

133 962 191 991 est
224 966 289 991 rex
325 957 363 989 in
395 958 581 996 potestate
617 965 702 996 sua,
737 957 917 995 quoniam
949 963 1075 988 omnes
1106 955 1276 995 regiones
1310 957 1491 987 verentur
1520 957 1673 994 tangere
1707 963 1800 988 eum.
1837 947 1875 973 2⁰
1900 955 2078 988 Videbam
2119 958 2246 987 tamen

133 1011 310 1050 Apemen‚
335 1009 450 1041 filiam
474 1008 630 1048 Bezacis‚
651 1007 797 1040 mirifici
819 1008 1058 1040 concubinam
1087 1008 1195 1048 regis,
1223 1007 1415 1040 sedentem
1443 1008 1552 1046 juxta
1573 1015 1697 1046 regem
1723 1008 1770 1039 ad
1794 1008 1998 1047 dexteram,
2029 1000 2065 1026 30
2082 1008 2120 1040 et
2144 1007 2244 1039 aufe-

133 1063 279 1095 rentem
312 1060 484 1093 diadema
513 1060 557 1093 de
580 1061 698 1100 capite
726 1061 823 1100 ejus,
843 1062 882 1092 et
905 1060 1156 1099 imponentem
1182 1059 1272 1098 sibi;
1301 1060 1338 1091 et
1367 1059 1498 1099 palmis
1524 1059 1689 1091 caedebat
1715 1067 1837 1098 regem
1869 1060 1912 1092 do
1944 1059 2093 1092 sinistra
2122 1067 2244 1092 manu.

135 1105 166 1132 31
184 1113 232 1146 Et
261 1121 370 1152 super
394 1113 475 1145 haec
502 1114 631 1152 aperto
652 1120 714 1144 ore
739 1111 958 1145 intuebatur
982 1119 1088 1150 eam;
1119 1112 1157 1144 et
1183 1112 1214 1143 si
1238 1110 1404 1144 arriserit
1432 1111 1485 1150 el,
1513 1110 1632 1150 1·idet;
1661 1119 1746 1142 nam
1779 1110 1808 1142 si
1836 1111 2031 1150 indignata
2054 1111 2084 1144 ei
2113 1110 2247 1150 fuerit,

137 1165 345 1205 blanditur,
373 1165 487 1197 donee
512 1164 775 1197 reconcilietur
800 1163 838 1196 in
866 1163 1040 1203 gratiam.
1067 1155 1103 1182 32
1120 1162 1150 1195 Ο
1176 1163 1267 1203 viri,
1295 1171 1364 1196 cur
1388 1170 1463 1195 non
1489 1164 1577 1194 sunt
1606 1163 1782 1194 fortiores
1807 1162 1980 1195 mulieres
1995 1164 2010 1195 ’ἓ
2035 1163 2169 1203 Magna
2191 1166 2247 1195 est

134 1219 258 1257 terra,
281 1218 320 1249 et
348 1217 530 1249 excelsum
553 1218 609 1248 est
629 1217 783 1249 caelum:
811 1216 891 1255 quis
912 1215 982 1248 ista
1003 1217 1084 1255 agit
1099 1216 1115 1248 ?

186 1260 222 1288 33
237 1269 286 1301 Et
310 1270 402 1301 tunc
424 1276 501 1307 rex,
518 1270 556 1300 et
574 1268 774 1308 purpurati
794 1267 1042 1300 intuebantur
1061 1267 1100 1299 in
1123 1268 1362 1301 alterutrum.
1385 1268 1433 1300 Et
1453 1267 1645 1299 inchoavit
1666 1267 1764 1306 loqui
1791 1269 1834 1300 de
1854 1268 2015 1300 veritate
2037 1279 2044 1301 :
2066 1260 2100 1286 3²⁰
2119 1267 2148 1301 O
2164 1267 2246 1306 viri,

132 1329 256 1354 nonne
284 1321 400 1353 fortes
434 1323 521 1353 sunt
554 1320 724 1352 mulieres
739 1321 754 1352 Ρ
779 1320 918 1360 Magna
941 1321 999 1352 est
1019 1321 1140 1359 terra,
1169 1322 1206 1352 et
1233 1321 1418 1352 excelsum
1446 1321 1501 1352 est
1529 1320 1683 1358 caelum,
1707 1321 1745 1351 et
1767 1321 1874 1351 velox
1896 1328 2025 1351 cursus
2049 1320 2136 1352 solis
2165 1327 2247 1351 con-

133 1374 254 1406 vertit
277 1373 316 1405 in
336 1380 429 1412 gyro
450 1373 586 1405 caelum
611 1373 650 1404 in
674 1373 795 1405 locum
821 1381 927 1405 suum
948 1372 990 1404 in
1014 1380 1091 1404 una
1109 1371 1178 1404 die.
1207 1363 1244 1390 35
1264 1371 1397 1404 Nonne
1419 1370 1633 1410 magnificus
1662 1372 1718 1404 est
1743 1371 1804 1411 qui
1826 1372 1904 1405 haec
1928 1372 2029 1412 facit,
2053 1374 2092 1404 et
2110 1372 2247 1404 veritas

134 1433 292 1465 magna,
313 1427 352 1457 et
376 1425 513 1457 fortior
533 1432 610 1464 prae
630 1423 801 1456 omnibus
816 1425 832 1456 ⁸?
859 1415 895 1443 36
912 1424 1042 1457 Omnis
1065 1426 1166 1457 terra
1186 1424 1389 1456 veritatem
1413 1424 1580 1463 invocat,
1605 1424 1737 1456 caelum
1764 1423 1876 1456 etiam
1902 1423 2017 1464 ipsam
2047 1423 2247 1461 benedicit,

134 1479 174 1510 et
202 1477 324 1509 omnia
351 1485 462 1516 opera
486 1478 698 1515 moventur,
723 1478 760 1508 et
780 1478 949 1509 tremunt
977 1485 1077 1517 eam,
1105 1477 1142 1509 et
1169 1483 1245 1508 non
1268 1477 1324 1509 est
1348 1484 1432 1509 cum
1460 1483 1503 1508 ea
1527 1475 1730 1514 quidquam
1760 1475 1939 1514 iniquum.
1966 1468 2000 1494 37
2019 1476 2157 1508 Vinum
2182 1474 2248 1507 ini-

134 1538 263 1569 quum,
287 1528 439 1568 iniquus
463 1536 540 1569 rex,
561 1527 696 1568 iniquae
714 1528 898 1568 mulieres,
923 1528 1041 1568 iniqui
1065 1536 1192 1561 omnes
1217 1527 1284 1559 filil
1309 1527 1513 1568 hominum,
1545 1528 1583 1560 et
1612 1527 1740 1566 iniqua
1761 1527 1913 1560 illorum
1935 1527 2101 1559 omnium
2126 1534 2248 1567 opera,

134 1583 175 1614 et
205 1589 280 1613 non
304 1584 361 1613 est
389 1581 427 1612 in
451 1580 538 1620 ipsis
567 1581 729 1619 veritas,
761 1582 799 1613 et
827 1580 867 1612 in
895 1589 959 1612 sua
990 1579 1192 1619 iniquitate
1219 1580 1422 1619 peribunt;
1448 1571 1484 1598 38
1501 1580 1538 1611 et
1568 1580 1711 1611 veritas
1744 1581 1895 1618 manet,
1923 1582 1962 1611 et
1991 1578 2187 1612 invalescit
2210 1579 2250 1611 in

136 1635 342 1672 aeternum,
364 1633 404 1664 et
423 1631 539 1672 vivit,
567 1633 605 1664 et
629 1631 777 1664 obtinet
801 1633 841 1663 in
868 1633 1004 1664 saecula
1027 1633 1260 1664 saeculorum.
1277 1623 1313 1650 39
1331 1632 1406 1664 Nec
1431 1636 1488 1663 est
1509 1631 1608 1671 apud
1631 1639 1713 1663 eam
1735 1633 1899 1671 accipere
1923 1639 2115 1671 personae,
2133 1638 2250 1670 neque

135 1683 387 1722 differentias;
416 1684 478 1715 sed
503 1691 586 1722 quae
610 1683 713 1722 justa
730 1684 818 1715 sunt
838 1682 929 1715 facit
958 1682 1148 1721 omnibus,
1173 1682 1320 1722 injustis
1346 1691 1387 1715 ae
1411 1682 1604 1722 malignis,
1628 1684 1666 1715 et
1686 1691 1812 1715 omnes
1838 1683 2090 1722 benignantur
2110 1683 2151 1715 in
2167 1690 2249 1722 ope-

135 1735 237 1768 ribus
257 1737 348 1776 ejuS.
369 1725 408 1753 ⁴⁰
427 1735 475 1767 Et
498 1743 573 1767 non
597 1736 653 1767 est
674 1734 712 1766 in
736 1733 872 1774 judicio
897 1735 975 1774 ejus
998 1734 1182 1773 iniquum,
1206 1734 1270 1766 sed
1290 1734 1488 1774 fortitudo,
1513 1736 1551 1766 et
1579 1742 1747 1774 regnum,
1765 1736 1803 1766 et
1826 1736 2003 1775 potestas,
2024 1736 2061 1767 et
2080 1735 2250 1775 majestas

135 1788 302 1820 omnium
327 1795 503 1820 aevorum.
529 1786 749 1819 Benedictus
774 1786 873 1819 Deus
900 1786 1079 1819 veritatis.

188 1831 221 1857 ⁴¹
241 1840 289 1872 Et
311 1839 420 1872 desiit
441 1840 634 1878 loquendo.
657 1839 705 1870 Et
727 1847 852 1871 omnes
869 1837 994 1878 populi
1015 1840 1287 1878 clamaverunt,
1307 1840 1345 1871 et
1365 1838 1544 1871 dixerunt
1565 1848 1574 1872 t
1594 1839 1733 1879 Magna
1753 1839 1808 1871 est
1829 1839 1980 1877 veritas,
1996 1839 2035 1870 et
2057 1838 2251 1877 praevalet.

137 1883 175 1910 ⁴2
192 1892 296 1924 Tunc
319 1899 385 1924 rex
407 1892 462 1923 ait
490 1891 544 1922 illi
570 1901 578 1924 :
604 1892 713 1930 Pete,
736 1890 765 1922 si
790 1890 878 1930 quid
902 1890 957 1922 vis
986 1891 1162 1931 amplius,
1191 1899 1302 1931 quain
1331 1899 1415 1930 quae
1439 1891 1580 1930 scripta
1604 1892 1712 1931 sunt,
1738 1892 1776 1922 et
1807 1891 1901 1922 dabo
1928 1891 2021 1929 tibi,
2052 1890 2251 1922 secundum

135 1943 236 1983 quod
270 1943 446 1976 inventus
481 1950 518 1975 es
551 1942 754 1983 sapientior
788 1941 986 1983 proximis3
1023 1945 1061 1975 et
1094 1942 1286 1982 proximus
1321 1942 1412 1974 mihi
1443 1943 1604 1983 sedebis,
1639 1944 1677 1975 et
1708 1946 1892 1981 cognatus
1923 1950 2024 1975 meus
2056 1941 2253 1974 vocaberis.

138 1987 176 2014 ⁴3
195 1996 300 2028 Tunc
330 1995 385 2028 ait
416 1995 496 2034 regi
522 2005 530 2028 :
554 1995 698 2027 Memor
728 1996 807 2027 esto
834 1995 913 2027 voti
940 1994 1016 2035 tui,
1047 1996 1147 2035 quod
1175 1994 1330 2034 vovisti,
1363 1995 1546 2027 aedificare
1579 1994 1808 2034 Jerusalem,
1835 1994 1874 2026 in
1902 1994 1959 2026 die
1990 2002 2064 2033 qua
2094 2001 2251 2033 regnum

139 2047 325 2088 accepisti,
349 2039 387 2066 ‘⁰⁴
403 2048 442 2080 et
458 2047 582 2079 omnia
605 2056 695 2079 vasa
723 2055 806 2087 quae
831 2048 982 2086 accepta
1002 2049 1090 2079 sunt
1113 2055 1159 2080 ex
1179 2047 1402 2085 Jerusalem,
1423 2047 1626 2086 remittere,
1643 2054 1725 2086 quae
1746 2047 1936 2086 separavit
1956 2045 2085 2086 Cyrus,
2106 2046 2252 2085 quando

138 2101 321 2132 mactavit
345 2099 611 2139 Babyloniam,
636 2100 674 2132 et
703 2100 824 2131 voluit
849 2098 1042 2131 remittere
1066 2108 1108 2132 ea
1135 2098 1196 2131 ibi.
1227 2090 1264 2116 45
1282 2099 1330 2130 Et
1358 2100 1402 2130 tu
1428 2099 1564 2131 vovisti
1594 2098 1777 2131 aedificare
1798 2099 1981 2138 templum
2006 2097 2104 2136 quod
2132 2097 2251 2130 incen-

139 2153 277 2184 derunt
304 2150 479 2192 Idumaei,
511 2152 663 2190 quando
695 2152 950 2183 exterminata
981 2154 1037 2184 est
1069 2151 1201 2184 Judaea
1232 2159 1253 2183 a
1282 2150 1473 2184 Chaldaeis.
1502 2142 1539 2169 ⁴6
1565 2151 1613 2183 Et
1641 2158 1742 2183 nune
1772 2150 1841 2182 hoc
1872 2151 1928 2183 est
1958 2149 2056 2189 quod
2087 2150 2251 2189 postulo,

138 2204 296 2244 domine,
323 2206 363 2236 et
391 2204 489 2243 quod
513 2205 620 2243 pet0;
650 2203 720 2235 hoc
754 2207 823 2242 est,
852 2204 1037 2244 majestas,
1069 2204 1168 2242 quod
1192 2212 1214 2235 a
1241 2204 1281 2235 te
1309 2203 1467 2243 postulo,
1495 2205 1539 2235 ut
1567 2202 1683 2235 facias
1712 2203 1843 2234 votum
1871 2201 1970 2242 quod
1998 2200 2134 2234 vovisti
2162 2201 2252 2240 Regi

138 2256 218 2290 caeli
241 2264 288 2289 ex
311 2264 373 2288 ore
394 2258 472 2288 tuo.

192 2300 228 2326 ⁴⁷
248 2309 352 2340 Tune
372 2316 526 2347 surgens
551 2309 685 2340 Darius
714 2315 791 2347 rex,
817 2309 1009 2341 osculatus
1035 2309 1090 2341 est
1114 2309 1231 2348 illum,
1259 2310 1298 2341 et
1321 2308 1469 2347 scripsit
1493 2306 1665 2347 epistolas
1693 2307 1740 2339 ad
1765 2315 1890 2339 omnes
1915 2306 2192 2346 dispensatores,
2216 2307 2252 2337 et

141 2361 348 2402 praefectos,
372 2362 410 2393 et
434 2362 673 2401 purpuratos,
697 2362 739 2392 ut
760 2360 990 2393 deducerent
1014 2369 1112 2400 eum,
1138 2362 1177 2393 et
1203 2369 1263 2393 eos
1292 2359 1356 2399 qui
1381 2369 1465 2392 cum
1490 2360 1554 2391 illo
1575 2360 1696 2399 erant,
1720 2367 1847 2391 omnes
1876 2359 2118 2391 ascendentes
2141 2356 2251 2390 aedifi-

140 2421 225 2446 care
249 2413 467 2446 Jerusalem.
494 2404 531 2430 4⁸
550 2413 598 2444 Et
618 2411 788 2445 omnibus
813 2412 1011 2452 praefectis,
1039 2413 1102 2452 qui
1126 2414 1235 2445 erant
1251 2412 1290 2444 in
1315 2411 1430 2453 Syria,
1453 2413 1490 2444 et
1508 2411 1694 2449 Phoenice,
1716 2413 1754 2444 et
1772 2411 1926 2450 Libano,
1951 2409 2097 2450 scripsit
2117 2410 2253 2449 episto·

143 2467 216 2505 las,
251 2468 294 2498 ut
322 2465 517 2498 traherent
551 2464 650 2504 ligna
682 2465 832 2497 cedrina
857 2473 880 2497 a
906 2465 1048 2497 Libano
1075 2465 1114 2496 in
1141 2465 1369 2504 Jerusalem,
1401 2467 1444 2496 ut
1476 2463 1706 2496 aedificarent
1734 2472 1817 2496 cum
1841 2462 1891 2495 eis
1919 2462 2120 2495 civitatem.
2151 2453 2187 2479 49
2205 2461 2252 2493 Et

142 2517 290 2558 scm‘psit
314 2517 484 2550 omnibus
508 2517 651 2550 Judaeis
675 2516 737 2556 qui
765 2517 1013 2550 ascendebant
1040 2525 1062 2549 a
1096 2525 1209 2556 regno
1234 2518 1274 2548 in
1301 2517 1324 2549 J
1330 2517 1472 2549 udaeam
1497 2524 1564 2556 pro
1588 2516 1779 2555 libertate,
1809 2523 1956 2547 omnem
1980 2515 2188 2553 potentem,
2216 2514 2253 2545 et

144 2570 429 2610 magistratum,
461 2560 498 2601 et
531 2569 753 2609 praefeotum
786 2577 860 2601 non
897 2568 1136 2608 supervenire
1169 2569 1215 2601 ad
1247 2570 1381 2608 januas
1408 2568 1581 2608 ipsorum.
1612 2559 1648 2586 50
1666 2568 1713 2600 Et
1745 2575 1890 2600 omnem
1920 2566 2109 2606 regionem
2143 2573 2253 2604 quam

144 2621 384 2654 obtinuerant
414 2620 615 2654 immunem
640 2629 716 2654 esse
748 2621 818 2662 eis,
846 2622 883 2654 et
908 2621 1065 2653 Idumaei
1092 2622 1309 2660 relinquant
1332 2621 1484 2653 castella
1515 2628 1599 2660 quae
1628 2619 1798 2652 obtinent
1830 2619 2061 2651 Judaeorum.
2092 2608 2122 2635 51
2142 2617 2190 2649 Et
2217 2616 2255 2648 in

145 2675 378 2706 structuram
402 2674 533 2713 templi
554 2674 644 2706 dare
669 2681 734 2714 per
759 2674 923 2713 singulos
948 2682 1062 2706 annos
1084 2675 1228 2706 talenta
1242 2672 1391 2712 viginti,
1417 2681 1534 2712 usque
1559 2673 1648 2704 dum
1674 2671 2014 2712 peraedifiearetur3
2041 2662 2076 2688 5²
2094 2671 2132 2702 et
2149 2677 2256 2709 super

145 2725 350 2758 sacrarium
375 2726 676 2758 holocautomata
708 2727 882 2758 ustulare
911 2726 1098 2766 quotidie,
1127 2727 1223 2758 sicut
1247 2726 1389 2758 habent
1416 2726 1663 2765 praeceptum,
1688 2723 1760 2756 alia
1792 2724 1933 2755 talenta
1966 2723 2088 2754 decem
2121 2722 2254 2753 offerre

145 2786 210 2818 per
237 2777 400 2817 singulos
425 2786 554 2810 annos.
582 2769 617 2796 53
636 2778 685 2810 Et
710 2778 884 2811 omnibus
908 2777 974 2818 qui
993 2778 1199 2818 procedunt
1227 2787 1250 2810 a
1280 2777 1484 2817 Babylonia
1508 2777 1665 2809 condere
1693 2775 1901 2814 civitatem,
1924 2776 1966 2806 ut
1990 2775 2084 2806 esset
2106 2773 2255 2805 libertas

146 2831 227 2862 tam
251 2829 339 2871 ipsis
363 2838 476 2869 quam
493 2829 578 2862 filiis
599 2838 744 2870 eorum,
765 2832 802 2863 et
828 2830 999 2863 omnibus
1018 2830 1269 2863 sacerdotibus
1290 2831 1352 2869 qui
1371 2829 1598 2869 praecedunt.
1626 2819 1661 2846 54
1683 2826 1834 2867 Scripsit
1856 2829 1981 2858 autem
2007 2830 2045 2858 et
2067 2824 2255 2864 quantita-

146 2884 233 2922 tem,
254 2884 293 2915 et
316 2890 459 2914 sacram
482 2883 615 2914 stolam
640 2882 748 2922 jussit
771 2883 866 2922 dari,
887 2882 927 2914 in
946 2891 1022 2922 qua
1042 2882 1294 2922 deservirent3
1324 2874 1360 2900 55
1380 2884 1419 2915 et
1444 2880 1565 2913 levitis
1587 2879 1731 2919 scripsit
1751 2880 1840 2911 dare
1864 2880 2061 2918 praecepta,
2083 2884 2197 2915 usque
2218 2876 2255 2907 in

147 2935 246 2967 diem
273 2942 346 2974 qua
369 2934 689 2966 consummabitur
710 2935 859 2975 domus,
880 2938 919 2967 et
940 2935 1147 2968 Jerusalem
1172 2936 1410 2972 exstruetur;
1439 2924 1474 2951 56
1493 2934 1529 2965 et
1550 2932 1717 2964 omnibus
1743 2930 2041 2963 custodientibus
2065 2928 2255 2961 civitatem

146 2987 296 3026 scripsit
325 2987 408 3018 dari
439 2987 491 3019 eis
518 2989 634 3019 sortes
666 2989 702 3019 et
735 2987 935 3027 stipendia.
965 2979 998 3005 57
1018 2988 1067 3019 Et
1101 2987 1240 3019 dimisit
1272 2986 1396 3018 omnia
1427 2993 1516 3017 vasa
1547 2991 1789 3024 quaecumque
1817 2983 2052 3022 separaverat
2083 2980 2201 3020 Cyrus
2234 2988 2254 3011 a

148 3038 370 3079 Babylonia,
393 3039 432 3072 et
455 3038 577 3071 omnia
598 3046 841 3079 quaecumque
869 3039 964 3071 dixit
990 3039 1126 3080 Cyrus,
1154 3042 1192 3071 et
1212 3038 1288 3078 ipse
1308 3039 1485 3077 praecepit
1509 3037 1608 3076 fieri,
1637 3037 1674 3068 et
1698 3033 1800 3067 mitti
1824 3034 2043 3066 Jerusalem.

201 3083 236 3109 5⁸
255 3091 304 3123 Et
327 3099 411 3123 cum
432 3089 665 3131 processisset
689 3091 752 3123 ille
780 3092 1007 3131 adolescens,
1032 3092 1180 3124 elevans
1204 3090 1337 3122 faciem
1361 3089 1400 3121 in
1424 3088 1650 3128 Jerusalem,
1676 3086 1863 3119 benedixit
1889 3086 2026 3124 Regem
2049 3085 2141 3126 caeli,
2167 3076 2202 3103 59
2217 3086 2255 3117 et

149 3142 244 3176 dixit
269 3153 278 3177 ε
302 3144 377 3176 Abs
405 3145 442 3175 te
473 3145 530 3176 est
553 3142 729 3183 victoria,
757 3145 795 3176 et
823 3143 887 3176 abs
910 3145 948 3176 te
974 3146 1030 3175 est
1063 3142 1242 3182 sapientia
1265 3144 1303 3174 et
1331 3142 1495 3174 claritas.
1523 3140 1570 3171 Et
1598 3147 1665 3179 ego
1692 3146 1821 3171 servus
1844 3140 1932 3169 tuus
1963 3146 2056 3170 sum.
2089 3128 2125 3156 60
2146 3137 2255 3169 Bene-

149 3195 271 3229 dictus
301 3203 339 3228 es
367 3195 428 3235 qui
457 3195 591 3228 dedisti
617 3193 707 3226 mihi
740 3194 976 3236 sapientiam,
1000 3197 1038 3228 et
1071 3195 1140 3227 tibi
1163 3194 1377 3233 confitebor,
1399 3193 1571 3231 Domine,
1605 3191 1700 3222 Deus
1732 3192 1883 3230 patrum
1908 3191 2132 3221 nostrorum.
2159 3180 2191 3206 ⁶¹
2209 3189 2255 3220 Et

150 3247 288 3287 accepit
312 3248 495 3287 epistolas,
521 3249 561 3280 et
582 3247 772 3286 profectus
788 3248 843 3279 est
868 3247 906 3279 in
931 3246 1185 3286 Babyloniam.
1213 3247 1261 3278 Et
1281 3246 1398 3284 venit,
1423 3246 1460 3276 et
1483 3242 1673 3276 nuntiavit
1697 3241 1879 3274 fratribus
1907 3241 1982 3273 suis
2010 3241 2178 3273 omnibus
2195 3240 2256 3279 qui

151 3299 306 3331 tuerunt
330 3301 369 3332 in
398 3300 623 3340 Babyl‹›nia;
653 3290 688 3316 ⁶2
709 3300 746 3331 et
771 3298 1039 3331 benedixerunt
1067 3298 1184 3331 Deum
1208 3299 1357 3338 patrum
1382 3304 1550 3334 suorum,
1580 3293 1754 3333 quoniam
1780 3293 1881 3326 dedit
1907 3292 1980 3325 illis
2004 3291 2257 3326 remissionem

151 3352 189 3383 et
212 3350 460 3392 refrigerium,
491 3343 526 3370 63
545 3354 587 3383 ut
614 3351 858 3383 ascenderent
883 3352 920 3383 et
944 3351 1173 3383 aedificarent
1197 3349 1418 3387 Jerusalem,
1440 3350 1477 3380 et
1497 3347 1675 3386 templum
1701 3345 1763 3377 ubi
1787 3344 2020 3377 nominatum
2042 3350 2098 3377 est
2122 3352 2257 3377 nomen

152 3403 232 3443 eius
259 3404 298 3436 in
317 3403 415 3444 ipso3
439 3408 477 3437 et
500 3404 769 3436 exultaverunt
793 3411 875 3434 cum
900 3401 1046 3435 musicis
1070 3404 1109 3434 et
1132 3402 1269 3434 laetitia
1293 3400 1419 3433 diebus
1439 3401 1588 3438 septem.

205 3455 293 3489 CAP.
315 3455 357 3489 V.
388 3473 432 3479 —
461 3447 475 3473 ¹
492 3456 581 3488 Post
606 3455 686 3487 haec
711 3457 838 3487 autem
860 3454 965 3487 electi
991 3456 1092 3494 sunt,
1111 3455 1154 3486 ut
1180 3453 1419 3485 ascenderent
1437 3450 1619 3491 principes
1644 3458 1822 3490 pagorum
1848 3457 1914 3490 per
1935 3450 2062 3482 domos
2081 3449 2119 3481 et
2138 3448 2259 3481 tribus

155 3516 258 3548 suas,
289 3508 329 3540 et
358 3515 490 3541 uxores
517 3507 685 3546 illorum,
714 3507 753 3539 et
780 3506 846 3538 filii
878 3508 915 3538 et
944 3505 1030 3538 flliae
1058 3514 1208 3545 eorum,
1240 3507 1277 3536 et
1305 3504 1403 3536 servi
1433 3504 1471 3536 et
1503 3503 1647 3535 aneillae
1677 3503 1860 3541 ipsorum,
1892 3503 1931 3533 et
1963 3509 2095 3540 pecora
2119 3508 2258 3532 eorum.

154 3551 172 3578 ²
193 3559 242 3592 Et
266 3559 399 3592 Darius
424 3567 489 3592 rex
516 3560 621 3592 misit
644 3567 719 3591 una
740 3566 824 3591 cum
849 3558 898 3590 eis
919 3557 1061 3597 equites
1086 3557 1196 3597 mille,
1218 3557 1332 3589 donec
1353 3555 1578 3588 deducerent
1605 3563 1665 3587 eos
1692 3554 1732 3586 in
1759 3555 1967 3586 Jerusalem
1990 3562 2073 3586 cum
2098 3560 2195 3592 pace,
2222 3558 2259 3584 et

154 3619 239 3647 cum
262 3609 410 3645 musicis
437 3613 476 3645 et
506 3619 590 3645 cum
620 3610 807 3652 tympanis
834 3611 871 3642 et
899 3608 1010 3643 tibiis.
1040 3601 1055 3627 3
1074 3609 1122 3640 Et
1146 3616 1272 3641 omnes
1292 3608 1433 3640 tratres
1461 3608 1572 3640 erant
1600 3606 1793 3646 ludentes,
1816 3607 1854 3639 et
1877 3605 1965 3638 fecit
1986 3613 2046 3639 eos
2067 3603 2260 3638 ascendere
