2423 3861
381 94 463 136 906
1079 91 1259 132 ΤΗΒΕΝ.
1295 91 1339 138 Ι,
1375 91 1400 132 6
1414 91 1509 132 -15,

379 263 499 305 VAU.
635 264 651 288 ‘⁵
674 263 729 304 Et
753 275 953 316 egressus
977 267 1042 302 est
1066 275 1092 301 a
1113 259 1207 301 filia
1232 259 1336 302 Sion

735 321 877 362 omnis
904 319 1033 362 decor
1058 319 1182 374 ejus3

675 379 787 422 facti
813 382 917 421 sunt
940 378 1163 434 principes
1189 376 1286 432 ejus
1312 376 1434 419 velut
1461 375 1621 419 arietes

734 453 821 481 non
845 437 1123 480 invenientes
1146 450 1331 492 pascua,

675 504 720 540 et
743 497 948 540 abierunt
973 497 1139 551 absque
1165 495 1431 538 fortitudine

734 561 838 599 ante
862 556 1029 598 faciem
1055 554 1376 610 subsequentis.

376 619 507 661 ZAIN.
634 616 648 642 7
674 616 921 659 Recordata
944 621 1017 662 ,est
1047 614 1298 657 Jerusalem
1328 613 1499 655 dierum
1529 610 1791 654 afflictionis
1821 627 1931 669 suae,

732 680 776 718 et
797 673 1202 731 praemricaffionis,

676 735 873 778 omnium
901 733 1262 777 desiderabilium
1283 746 1481 787 suorum,

735 809 833 850 quae
859 793 1076 837 habuerat
1100 807 1127 835 a
1153 792 1309 835 diebus
1329 790 1546 846 antiquis,

675 868 775 895 cum
803 853 981 896 caderet
1006 852 1195 909 populus
1222 851 1319 907 ejus
1341 850 1385 892 in
1412 864 1546 892 manu
1574 851 1746 905 hostili,

733 918 777 956 et
802 928 890 956 non
916 918 1031 956 esset
1055 911 1320 966 auxiliator,

677 972 882 1015 viderunt
907 987 1005 1016 eam
1034 972 1205 1026 hostes,

733 1037 777 1074 et
799 1032 1047 1075 deriserunt
1071 1031 1260 1074 sabbata
1286 1031 1396 1087 ejus.

377 1091 531 1135 ΗΕΤΗ.
635 1090 653 1117 8
674 1091 913 1134 Peccatum
938 1090 1144 1148 peccavit
1165 1089 1436 1139 Jerusalem,

733 1157 965 1208 propterea
988 1150 1211 1193 instabilis
1237 1151 1362 1193 facta
1389 1154 1478 1203 est3

675 1225 827 1254 omnes
852 1211 925 1266 qui
953 1210 1265 1266 glorificabant
1290 1224 1388 1252 eam
1418 1212 1679 1264 spreverunt
1712 1207 1857 1260 illam,

733 1270 835 1326 quia
857 1270 1066 1313 viderunt.
1088 1269 1384 1326 ignominiam
1415 1269 1535 1324 ejus,

674 1329 769 1386 ipsa
801 1335 951 1373 autem
985 1339 1167 1385 gemens

735 1404 946 1432 conversa
971 1394 1039 1432 est
1062 1395 1314 1432 retrorsum.

375 1450 521 1492 ΤΕΤΗ.
632 1448 650 1474 9
672 1449 829 1492 Sordes
850 1449 948 1505 ejus
971 1449 1016 1491 in
1039 1448 1226 1505 pedibus
1252 1448 1372 1504 ejus,

731 1523 813 1552 nec
837 1508 1068 1552 recordata
1095 1513 1160 1551 est
1185 1507 1285 1549 finis
1311 1507 1403 1561 sui;

673 1568 875 1625 deposita
904 1573 970 1611 est
994 1568 1294 1618 vehementer,

733 1643 821 1671 non
846 1628 1016 1669 habens
1043 1626 1378 1669 consolatorem.

678 1687 813 1743 Vide,
838 1687 1049 1743 Domine,
1076 1685 1372 1728 afflictionem
1404 1701 1568 1741 meam,

736 1746 945 1802 quoniam
971 1751 1142 1789 erectus
1169 1751 1235 1788 est
1260 1745 1481 1788 inimicus.

383 1806 403 1848 I
411 1819 480 1851 OD.
618 1807 650 1833 ¹⁰
671 1807 856 1849 Manum
879 1821 1004 1848 suam
1026 1805 1149 1847 misit
1173 1804 1312 1847 hostis

733 1866 789 1908 ad
813 1865 960 1908 omnia
984 1863 1297 1907 desiderabilia
1325 1864 1441 1919 ejus,

676 1926 779 1982 quia
803 1925 918 1967 vidit
940 1929 1094 1979 gentes

735 1985 955 2040 ingressas
984 1983 1288 2026 sanctuarium
1317 1998 1477 2026 suum:

675 2045 729 2088 de
753 2044 912 2099 quibus
941 2057 1217 2100 praeceperas

733 2118 788 2146 ne
821 2103 1037 2146 intrarent
1070 2102 1115 2144 in
1149 2102 1383 2145 ecclesiam
1420 2108 1553 2145 tuam.

378 2165 521 2208 CAPHL
620 2163 648 2189 ¹¹
676 2163 830 2207 Omnis
856 2162 1045 2219 populus
1072 2161 1170 2218 ejus
1195 2176 1398 2217 gemens,

735 2228 778 2265 et
804 2236 1003 2278 quaerens
1028 2236 1217 2278 panem,

674 2282 892 2325 dederunt
924 2281 1118 2338 pretiosa
1151 2296 1336 2337 quaeque
1372 2296 1448 2337 pro
1483 2281 1581 2324 cibo

732 2342 788 2384 ad
814 2341 1157 2384 refocillandam
1188 2340 1397 2383 animam.

680 2401 812 2457 Vide,
841 2400 1051 2456 Domine,
1080 2407 1123 2443 et
1149 2399 1379 2443 considera

734 2461 944 2516 quoniam
969 2460 1095 2503 facta
1120 2474 1218 2503 sum
1244 2459 1370 2502 vilisl

83 2540 160 2572 ipsa
177 2539 300 2569 civitas
378 2523 560 2564 LAMED.
615 2519 650 2546 ‘¹⁶2
674 2521 709 2564 O
735 2534 812 2563 vos
839 2534 989 2563 omnes
1015 2519 1089 2575 qui
1115 2518 1314 2562 transitis
1340 2533 1417 2576 per
1443 2519 1582 2573 viam,

143 2583 239 2616 luget
735 2579 974 2635 attendite,
1002 2590 1045 2622 et
1070 2579 1218 2622 videte

107 2635 144 2654 ²¹⁶
171 2626 274 2655 Μαι·
675 2638 711 2681 si
737 2646 803 2682 est
824 2639 947 2682 dolor
972 2639 1087 2681 sicut
1112 2638 1235 2681 dolor
1257 2638 1408 2681 meus!

737 2698 947 2754 quoniam
971 2697 1268 2741 vindemiavit
1292 2712 1384 2753 me,

674 2763 722 2800 ut
744 2758 916 2801 locutus
942 2763 1009 2800 est
1032 2757 1268 2810 Dominus,

732 2817 780 2859 in
806 2817 875 2860 die
896 2815 975 2859 irae
996 2815 1161 2859 furoris
1184 2815 1268 2861 susio

379 2880 506 2922 MEM.
617 2876 652 2903 ¹3
675 2878 742 2920 De
770 2875 946 2920 excelso
974 2877 1097 2919 misit
1124 2878 1277 2933 ignem
1305 2877 1352 2920 in
1383 2876 1554 2919 ossibus
1585 2875 1715 2931 meis,

736 2942 781 2979 et
806 2936 998 2979 erudivit
1022 2949 1118 2980 me:

677 2995 892 3052 expandit
916 3002 1007 3038 rete
1034 2995 1222 3052 pedibus
1247 2996 1377 3051 meiS‚

736 3054 955 3098 convertit
980 3069 1050 3097 me
1074 3060 1338 3110 retrorsum3

677 3114 822 3171 posuit
846 3128 917 3157 111θ
946 3114 1212 3170 desolatam,

736 3178 828 3215 tota
855 3173 926 3216 die
952 3187 1137 3216 moerore
1163 3173 1432 3217 confectam.

381 3233 501 3276 NUN.
616 3231 651 3258 ¹4
674 3232 896 3288 Vigilavit
920 3233 1075 3288 jugum
1108 3232 1395 3288 iniquitatum
1422 3246 1639 3287 mearum,

734 3292 781 3334 in
807 3305 940 3333 manu
968 3291 1065 3347 ejus
1091 3292 1340 3335 convolutae
1367 3298 1490 3346 sunt,

677 3357 721 3395 et
746 3350 964 3406 impositae
991 3351 1104 3393 collo
1129 3365 1253 3406 meo3

735 3410 959 3452 infirmata
984 3415 1050 3452 est
1071 3410 1211 3453 virtus
1237 3425 1360 3465 mea3

677 3470 798 3513 dedit
826 3483 896 3512 me
923 3469 1141 3512 Dominus
1165 3469 1210 3512 in
1238 3484 1371 3512 manu

737 3529 790 3572 de
811 3543 897 3584 qua
918 3542 1007 3571 non
1032 3534 1183 3585 potero
1213 3542 1403 3585 surgere.

384 3590 584 3632 &mi-:ru
621 3589 651 3614 ¹³⁵
676 3587 875 3630 Abstulit
908 3601 1059 3630 omnes
1091 3587 1350 3642 magnificos
1380 3601 1500 3629 nicos
1536 3589 1751 3632 Dominus
