<?xml version="1.0" encoding="UTF-8"?>
<!DOCTYPE html PUBLIC "-//W3C//DTD XHTML 1.0 Transitional//EN"
    "http://www.w3.org/TR/xhtml1/DTD/xhtml1-transitional.dtd">
<html xmlns="http://www.w3.org/1999/xhtml" xml:lang="en" lang="en">
 <head>
  <title>
</title>
<meta http-equiv="Content-Type" content="text/html;charset=utf-8" />
  <meta name='ocr-system' content='tesseract 3.04.00' />
  <meta name='ocr-capabilities' content='ocr_page ocr_carea ocr_par ocr_line ocrx_word'/>
</head>
<body>
  <div class='ocr_page' id='page_1' title='image "./bibliasacrajuxta00fill_0394.png"; bbox 0 0 2456 3861; ppageno 0'>
   <div class='ocr_carea' id='block_1_1' title="bbox 210 907 451 1163">
    <p class='ocr_par' dir='ltr' id='par_1_1' title="bbox 210 907 451 1163">
     <span class='ocr_line' id='line_1_1' title="bbox 247 907 412 936; baseline -0.012 -1"><span class='ocrx_word' id='word_1_1' title='bbox 247 907 412 936; x_wconf 74' lang='lat' dir='ltr'>Praefecto</span> 
     </span>
     <span class='ocr_line' id='line_1_2' title="bbox 227 951 433 981; baseline -0.015 0"><span class='ocrx_word' id='word_1_2' title='bbox 227 951 364 981; x_wconf 82' lang='lat' dir='ltr'>Godolia</span> <span class='ocrx_word' id='word_1_3' title='bbox 383 958 433 979; x_wconf 86' lang='lat' dir='ltr'>oc-</span> 
     </span>
     <span class='ocr_line' id='line_1_3' title="bbox 210 994 451 1032; baseline -0.012 -7"><span class='ocrx_word' id='word_1_4' title='bbox 210 1004 298 1032; x_wconf 63' lang='grc' dir='ltr'><strong>οιεο,</strong></span> <span class='ocrx_word' id='word_1_5' title='bbox 328 994 451 1028; x_wconf 80' lang='lat' dir='ltr'>reliqui</span> 
     </span>
     <span class='ocr_line' id='line_1_4' title="bbox 220 1040 442 1070; baseline -0.014 0"><span class='ocrx_word' id='word_1_6' title='bbox 220 1041 337 1070; x_wconf 83' lang='lat' dir='ltr'>incolae</span> <span class='ocrx_word' id='word_1_7' title='bbox 353 1041 373 1069; x_wconf 86' lang='lat' dir='ltr'><strong>J</strong></span> <span class='ocrx_word' id='word_1_8' title='bbox 377 1040 442 1068; x_wconf 80' lang='lat' dir='ltr'>uda</span> 
     </span>
     <span class='ocr_line' id='line_1_5' title="bbox 234 1084 424 1118; baseline -0.005 -5"><span class='ocrx_word' id='word_1_9' title='bbox 234 1084 376 1118; x_wconf 80' lang='lat' dir='ltr'>fugiunt</span> <span class='ocrx_word' id='word_1_10' title='bbox 390 1084 424 1112; x_wconf 89' lang='lat' dir='ltr'>in</span> 
     </span>
     <span class='ocr_line' id='line_1_6' title="bbox 236 1131 430 1163; baseline -0.005 -5"><span class='ocrx_word' id='word_1_11' title='bbox 236 1131 430 1163; x_wconf 73' lang='lat' dir='ltr'>AEgyptum.</span> 
     </span>
    </p>
   </div>
   <div class='ocr_carea' id='block_1_2' title="bbox 237 1739 440 1812">
    <p class='ocr_par' dir='ltr' id='par_1_2' title="bbox 237 1739 440 1812">
     <span class='ocr_line' id='line_1_7' title="bbox 267 1739 409 1769; baseline -0.007 0"><span class='ocrx_word' id='word_1_12' title='bbox 267 1741 287 1769; x_wconf 91' lang='lat' dir='ltr'><strong>J</strong></span> <span class='ocrx_word' id='word_1_13' title='bbox 291 1739 409 1769; x_wconf 86' lang='lat' dir='ltr'>oachin</span> 
     </span>
     <span class='ocr_line' id='line_1_8' title="bbox 237 1785 440 1812; baseline 0 0"><span class='ocrx_word' id='word_1_14' title='bbox 237 1785 269 1812; x_wconf 72' lang='lat' dir='ltr'>{n</span> <span class='ocrx_word' id='word_1_15' title='bbox 295 1785 440 1812; x_wconf 80' lang='lat' dir='ltr'>honores</span> 
     </span>
    </p>
   </div>
   <div class='ocr_carea' id='block_1_3' title="bbox 217 1828 460 1862">
    <p class='ocr_par' dir='ltr' id='par_1_3' title="bbox 217 1828 460 1862">
     <span class='ocr_line' id='line_1_9' title="bbox 217 1828 460 1862; baseline -0.004 -5"><span class='ocrx_word' id='word_1_16' title='bbox 217 1828 329 1862; x_wconf 60' lang='lat' dir='ltr'>regios</span> <span class='ocrx_word' id='word_1_17' title='bbox 362 1828 460 1857; x_wconf 77' lang='lat' dir='ltr'>resti-</span> 
     </span>
    </p>
   </div>
   <div class='ocr_carea' id='block_1_4' title="bbox 281 1872 403 1901">
    <p class='ocr_par' dir='ltr' id='par_1_4' title="bbox 281 1872 403 1901">
     <span class='ocr_line' id='line_1_10' title="bbox 281 1872 403 1901; baseline 0 -1"><span class='ocrx_word' id='word_1_18' title='bbox 281 1872 403 1901; x_wconf 84' lang='lat' dir='ltr'>tuitur.</span> 
     </span>
    </p>
   </div>
   <div class='ocr_carea' id='block_1_5' title="bbox 511 181 1720 237">
    <p class='ocr_par' dir='ltr' id='par_1_5' title="bbox 511 181 1720 237">
     <span class='ocr_line' id='line_1_11' title="bbox 511 181 1720 237; baseline -0.012 0"><span class='ocrx_word' id='word_1_19' title='bbox 511 194 597 237; x_wconf 82' lang='lat'>378</span> <span class='ocrx_word' id='word_1_20' title='bbox 1130 186 1194 227; x_wconf 76' lang='lat' dir='ltr'>IV</span> <span class='ocrx_word' id='word_1_21' title='bbox 1232 185 1343 227; x_wconf 63' lang='lat' dir='ltr'>Res.</span> <span class='ocrx_word' id='word_1_22' title='bbox 1378 183 1522 236; x_wconf 74' lang='lat' dir='ltr'>XXV,</span> <span class='ocrx_word' id='word_1_23' title='bbox 1558 181 1720 224; x_wconf 85' lang='lat'>18-30.</span> 
     </span>
    </p>
   </div>
   <div class='ocr_carea' id='block_1_6' title="bbox 517 285 2346 308">
    <p class='ocr_par' dir='ltr' id='par_1_6' title="bbox 517 285 2346 308">
     <span class='ocr_line' id='line_1_12' title="bbox 517 285 2346 308; baseline -0.011 0"><span class='ocrx_word' id='word_1_24' title='bbox 517 285 2346 308; x_wconf 71' lang='lat'>——--—-—-——————-—--—--—-————-</span> 
     </span>
    </p>
   </div>
   <div class='ocr_carea' id='block_1_7' title="bbox 510 347 2366 2260">
    <p class='ocr_par' dir='ltr' id='par_1_7' title="bbox 510 347 2350 881">
     <span class='ocr_line' id='line_1_13' title="bbox 574 347 2342 414; baseline -0.007 -10"><span class='ocrx_word' id='word_1_25' title='bbox 574 364 605 389; x_wconf 68' lang='lat'>¹8</span> <span class='ocrx_word' id='word_1_26' title='bbox 635 360 757 405; x_wconf 84' lang='lat' dir='ltr'>Tulit</span> <span class='ocrx_word' id='word_1_27' title='bbox 798 371 969 414; x_wconf 86' lang='lat' dir='ltr'>quoque</span> <span class='ocrx_word' id='word_1_28' title='bbox 1007 355 1211 413; x_wconf 87' lang='lat' dir='ltr'>princeps</span> <span class='ocrx_word' id='word_1_29' title='bbox 1252 352 1428 396; x_wconf 79' lang='lat' dir='ltr'>militiae</span> <span class='ocrx_word' id='word_1_30' title='bbox 1467 351 1686 406; x_wconf 83' lang='lat' dir='ltr'>Saraiam,</span> <span class='ocrx_word' id='word_1_31' title='bbox 1730 348 2008 392; x_wconf 87' lang='lat' dir='ltr'>sacerdotem</span> <span class='ocrx_word' id='word_1_32' title='bbox 2046 347 2259 406; x_wconf 87' lang='lat' dir='ltr'>primum,</span> <span class='ocrx_word' id='word_1_33' title='bbox 2299 353 2342 392; x_wconf 90' lang='lat' dir='ltr'>et</span> 
     </span>
     <span class='ocr_line' id='line_1_14' title="bbox 512 406 2345 479; baseline -0.009 -14"><span class='ocrx_word' id='word_1_34' title='bbox 512 420 800 479; x_wconf 75' lang='lat' dir='ltr'>Sophoniam,</span> <span class='ocrx_word' id='word_1_35' title='bbox 835 415 1111 460; x_wconf 77' lang='lat' dir='ltr'>sacerdotem</span> <span class='ocrx_word' id='word_1_36' title='bbox 1144 412 1409 467; x_wconf 87' lang='lat' dir='ltr'>secundum,</span> <span class='ocrx_word' id='word_1_37' title='bbox 1445 416 1488 454; x_wconf 88' lang='lat' dir='ltr'>et</span> <span class='ocrx_word' id='word_1_38' title='bbox 1521 415 1609 453; x_wconf 88' lang='lat' dir='ltr'>tres</span> <span class='ocrx_word' id='word_1_39' title='bbox 1645 408 1889 465; x_wconf 82' lang='lat' dir='ltr'>janitores3</span> <span class='ocrx_word' id='word_1_40' title='bbox 1929 406 1965 432; x_wconf 80' lang='lat'>¹9</span> <span class='ocrx_word' id='word_1_41' title='bbox 1994 411 2038 450; x_wconf 91' lang='lat' dir='ltr'>et</span> <span class='ocrx_word' id='word_1_42' title='bbox 2074 406 2128 450; x_wconf 86' lang='lat' dir='ltr'>de</span> <span class='ocrx_word' id='word_1_43' title='bbox 2161 407 2345 450; x_wconf 85' lang='lat' dir='ltr'>civitate</span> 
     </span>
     <span class='ocr_line' id='line_1_15' title="bbox 512 465 2345 531; baseline -0.008 -7"><span class='ocrx_word' id='word_1_44' title='bbox 512 480 764 526; x_wconf 85' lang='lat' dir='ltr'>eunuchum</span> <span class='ocrx_word' id='word_1_45' title='bbox 795 491 954 531; x_wconf 88' lang='lat' dir='ltr'>unum,</span> <span class='ocrx_word' id='word_1_46' title='bbox 982 474 1055 531; x_wconf 87' lang='lat' dir='ltr'>qui</span> <span class='ocrx_word' id='word_1_47' title='bbox 1082 479 1175 517; x_wconf 89' lang='lat' dir='ltr'>erat</span> <span class='ocrx_word' id='word_1_48' title='bbox 1204 472 1445 530; x_wconf 73' lang='lat' dir='ltr'>praefectus</span> <span class='ocrx_word' id='word_1_49' title='bbox 1477 483 1609 526; x_wconf 87' lang='lat' dir='ltr'>super</span> <span class='ocrx_word' id='word_1_50' title='bbox 1640 468 1878 511; x_wconf 84' lang='lat' dir='ltr'>bellatores</span> <span class='ocrx_word' id='word_1_51' title='bbox 1910 466 2057 522; x_wconf 82' lang='lat' dir='ltr'>viros3</span> <span class='ocrx_word' id='word_1_52' title='bbox 2084 469 2128 508; x_wconf 85' lang='lat' dir='ltr'>et</span> <span class='ocrx_word' id='word_1_53' title='bbox 2153 465 2345 522; x_wconf 85' lang='lat' dir='ltr'>quinque</span> 
     </span>
     <span class='ocr_line' id='line_1_16' title="bbox 510 524 2340 592; baseline -0.009 -9"><span class='ocrx_word' id='word_1_54' title='bbox 510 540 628 583; x_wconf 84' lang='lat' dir='ltr'>viros</span> <span class='ocrx_word' id='word_1_55' title='bbox 650 539 704 582; x_wconf 89' lang='lat' dir='ltr'>de</span> <span class='ocrx_word' id='word_1_56' title='bbox 724 537 793 580; x_wconf 90' lang='lat' dir='ltr'>his</span> <span class='ocrx_word' id='word_1_57' title='bbox 815 536 890 592; x_wconf 82' lang='lat' dir='ltr'>qui</span> <span class='ocrx_word' id='word_1_58' title='bbox 912 538 1127 578; x_wconf 87' lang='lat' dir='ltr'>steterant</span> <span class='ocrx_word' id='word_1_59' title='bbox 1152 546 1302 576; x_wconf 90' lang='lat' dir='ltr'>coram</span> <span class='ocrx_word' id='word_1_60' title='bbox 1326 544 1443 586; x_wconf 86' lang='lat' dir='ltr'>rege,</span> <span class='ocrx_word' id='word_1_61' title='bbox 1466 543 1574 585; x_wconf 89' lang='lat' dir='ltr'>quos</span> <span class='ocrx_word' id='word_1_62' title='bbox 1595 527 1758 585; x_wconf 85' lang='lat' dir='ltr'>reperit</span> <span class='ocrx_word' id='word_1_63' title='bbox 1777 526 1826 569; x_wconf 92' lang='lat' dir='ltr'>in</span> <span class='ocrx_word' id='word_1_64' title='bbox 1852 525 2034 569; x_wconf 84' lang='lat' dir='ltr'>civitate</span> <span class='ocrx_word' id='word_1_65' title='bbox 2055 542 2065 580; x_wconf 81' lang='lat'>3</span> <span class='ocrx_word' id='word_1_66' title='bbox 2092 529 2136 568; x_wconf 88' lang='lat' dir='ltr'>et</span> <span class='ocrx_word' id='word_1_67' title='bbox 2161 524 2340 581; x_wconf 86' lang='lat' dir='ltr'>Sopher,</span> 
     </span>
     <span class='ocr_line' id='line_1_17' title="bbox 511 582 2347 658; baseline -0.009 -16"><span class='ocrx_word' id='word_1_68' title='bbox 511 598 758 658; x_wconf 90' lang='lat' dir='ltr'>principem</span> <span class='ocrx_word' id='word_1_69' title='bbox 781 595 1022 648; x_wconf 74' lang='lat' dir='ltr'>exercituS‚</span> <span class='ocrx_word' id='word_1_70' title='bbox 1047 592 1121 649; x_wconf 90' lang='lat' dir='ltr'>qui</span> <span class='ocrx_word' id='word_1_71' title='bbox 1147 590 1366 649; x_wconf 89' lang='lat' dir='ltr'>probabat</span> <span class='ocrx_word' id='word_1_72' title='bbox 1392 594 1571 646; x_wconf 86' lang='lat' dir='ltr'>tyrones</span> <span class='ocrx_word' id='word_1_73' title='bbox 1598 587 1652 630; x_wconf 94' lang='lat' dir='ltr'>de</span> <span class='ocrx_word' id='word_1_74' title='bbox 1676 585 1841 643; x_wconf 90' lang='lat' dir='ltr'>populo</span> <span class='ocrx_word' id='word_1_75' title='bbox 1866 590 2019 639; x_wconf 79' lang='lat' dir='ltr'>terrae3</span> <span class='ocrx_word' id='word_1_76' title='bbox 2044 588 2088 627; x_wconf 88' lang='lat' dir='ltr'>et</span> <span class='ocrx_word' id='word_1_77' title='bbox 2111 582 2347 639; x_wconf 82' lang='lat' dir='ltr'>sexaginta</span> 
     </span>
     <span class='ocr_line' id='line_1_18' title="bbox 511 641 2344 712; baseline -0.01 -11"><span class='ocrx_word' id='word_1_78' title='bbox 511 659 627 701; x_wconf 88' lang='lat' dir='ltr'>viros</span> <span class='ocrx_word' id='word_1_79' title='bbox 653 672 675 701; x_wconf 93' lang='lat' dir='ltr'>e</span> <span class='ocrx_word' id='word_1_80' title='bbox 697 656 845 712; x_wconf 85' lang='lat' dir='ltr'>vulgo,</span> <span class='ocrx_word' id='word_1_81' title='bbox 872 654 946 711; x_wconf 93' lang='lat' dir='ltr'>qui</span> <span class='ocrx_word' id='word_1_82' title='bbox 970 651 1143 696; x_wconf 88' lang='lat' dir='ltr'>inventi</span> <span class='ocrx_word' id='word_1_83' title='bbox 1168 651 1349 694; x_wconf 74' lang='lat' dir='ltr'>fuerant</span> <span class='ocrx_word' id='word_1_84' title='bbox 1369 648 1417 692; x_wconf 92' lang='lat' dir='ltr'>in</span> <span class='ocrx_word' id='word_1_85' title='bbox 1439 647 1636 692; x_wconf 87' lang='lat' dir='ltr'>civitate.</span> <span class='ocrx_word' id='word_1_86' title='bbox 1659 645 1696 672; x_wconf 65' lang='lat'>2⁰</span> <span class='ocrx_word' id='word_1_87' title='bbox 1710 645 1827 696; x_wconf 83' lang='lat' dir='ltr'>Quos</span> <span class='ocrx_word' id='word_1_88' title='bbox 1849 643 2009 687; x_wconf 86' lang='lat' dir='ltr'>tollens</span> <span class='ocrx_word' id='word_1_89' title='bbox 2031 641 2344 697; x_wconf 70' lang='lat' dir='ltr'>Nabumrdan,</span> 
     </span>
     <span class='ocr_line' id='line_1_19' title="bbox 512 700 2350 776; baseline -0.009 -16"><span class='ocrx_word' id='word_1_90' title='bbox 512 717 715 776; x_wconf 86' lang='lat' dir='ltr'>princeps</span> <span class='ocrx_word' id='word_1_91' title='bbox 740 714 949 768; x_wconf 86' lang='lat' dir='ltr'>militum,</span> <span class='ocrx_word' id='word_1_92' title='bbox 977 712 1106 755; x_wconf 81' lang='lat' dir='ltr'>duxit</span> <span class='ocrx_word' id='word_1_93' title='bbox 1126 711 1183 754; x_wconf 90' lang='lat' dir='ltr'>ad</span> <span class='ocrx_word' id='word_1_94' title='bbox 1208 723 1358 766; x_wconf 85' lang='lat' dir='ltr'>regem</span> <span class='ocrx_word' id='word_1_95' title='bbox 1385 705 1629 764; x_wconf 83' lang='lat' dir='ltr'>Babylonis</span> <span class='ocrx_word' id='word_1_96' title='bbox 1650 705 1697 748; x_wconf 88' lang='lat' dir='ltr'>in</span> <span class='ocrx_word' id='word_1_97' title='bbox 1722 703 1961 748; x_wconf 87' lang='lat' dir='ltr'>Reblatha.</span> <span class='ocrx_word' id='word_1_98' title='bbox 1987 700 2022 728; x_wconf 71' lang='lat'>2¹</span> <span class='ocrx_word' id='word_1_99' title='bbox 2039 700 2350 758; x_wconf 88' lang='lat' dir='ltr'>Percussitque</span> 
     </span>
     <span class='ocr_line' id='line_1_20' title="bbox 513 760 2349 830; baseline -0.011 -9"><span class='ocrx_word' id='word_1_100' title='bbox 513 791 586 821; x_wconf 89' lang='lat' dir='ltr'>eos</span> <span class='ocrx_word' id='word_1_101' title='bbox 619 791 697 819; x_wconf 78' lang='lat' dir='ltr'>rex</span> <span class='ocrx_word' id='word_1_102' title='bbox 734 772 1000 830; x_wconf 82' lang='lat' dir='ltr'>Babylonis,</span> <span class='ocrx_word' id='word_1_103' title='bbox 1035 777 1078 815; x_wconf 89' lang='lat' dir='ltr'>et</span> <span class='ocrx_word' id='word_1_104' title='bbox 1108 768 1339 814; x_wconf 74' lang='lat' dir='ltr'>interfecit</span> <span class='ocrx_word' id='word_1_105' title='bbox 1380 781 1452 812; x_wconf 90' lang='lat' dir='ltr'>eos</span> <span class='ocrx_word' id='word_1_106' title='bbox 1489 766 1536 809; x_wconf 90' lang='lat' dir='ltr'>in</span> <span class='ocrx_word' id='word_1_107' title='bbox 1574 764 1796 809; x_wconf 85' lang='lat' dir='ltr'>Reblatha</span> <span class='ocrx_word' id='word_1_108' title='bbox 1835 763 1882 805; x_wconf 90' lang='lat' dir='ltr'>in</span> <span class='ocrx_word' id='word_1_109' title='bbox 1919 768 2034 806; x_wconf 87' lang='lat' dir='ltr'>terra</span> <span class='ocrx_word' id='word_1_110' title='bbox 2076 760 2270 817; x_wconf 82' lang='lat' dir='ltr'>Emath;</span> <span class='ocrx_word' id='word_1_111' title='bbox 2305 765 2349 804; x_wconf 85' lang='lat' dir='ltr'>et</span> 
     </span>
     <span class='ocr_line' id='line_1_21' title="bbox 513 831 1327 881; baseline -0.011 -1"><span class='ocrx_word' id='word_1_112' title='bbox 513 835 754 881; x_wconf 88' lang='lat' dir='ltr'>translatus</span> <span class='ocrx_word' id='word_1_113' title='bbox 781 838 847 878; x_wconf 88' lang='lat' dir='ltr'>est</span> <span class='ocrx_word' id='word_1_114' title='bbox 872 833 900 876; x_wconf 81' lang='lat' dir='ltr'>J</span> <span class='ocrx_word' id='word_1_115' title='bbox 904 831 992 876; x_wconf 90' lang='lat' dir='ltr'>uda</span> <span class='ocrx_word' id='word_1_116' title='bbox 1019 831 1073 875; x_wconf 88' lang='lat' dir='ltr'>de</span> <span class='ocrx_word' id='word_1_117' title='bbox 1097 835 1214 874; x_wconf 87' lang='lat' dir='ltr'>terra</span> <span class='ocrx_word' id='word_1_118' title='bbox 1234 843 1327 872; x_wconf 87' lang='lat' dir='ltr'>sua.</span> 
     </span>
    </p>

    <p class='ocr_par' dir='ltr' id='par_1_8' title="bbox 515 879 2361 1724">
     <span class='ocr_line' id='line_1_22' title="bbox 574 879 2353 952; baseline -0.009 -14"><span class='ocrx_word' id='word_1_119' title='bbox 574 894 611 921; x_wconf 70' lang='lat'>‘2&#39;2</span> <span class='ocrx_word' id='word_1_120' title='bbox 635 894 806 952; x_wconf 89' lang='lat' dir='ltr'>Populo</span> <span class='ocrx_word' id='word_1_121' title='bbox 846 897 997 935; x_wconf 89' lang='lat' dir='ltr'>autem</span> <span class='ocrx_word' id='word_1_122' title='bbox 1038 890 1111 947; x_wconf 89' lang='lat' dir='ltr'>qui</span> <span class='ocrx_word' id='word_1_123' title='bbox 1152 889 1333 932; x_wconf 89' lang='lat' dir='ltr'>relictus</span> <span class='ocrx_word' id='word_1_124' title='bbox 1374 891 1467 931; x_wconf 84' lang='lat' dir='ltr'>erat</span> <span class='ocrx_word' id='word_1_125' title='bbox 1503 886 1550 928; x_wconf 86' lang='lat' dir='ltr'>iu</span> <span class='ocrx_word' id='word_1_126' title='bbox 1594 889 1709 928; x_wconf 88' lang='lat' dir='ltr'>terra</span> <span class='ocrx_word' id='word_1_127' title='bbox 1758 883 1898 939; x_wconf 82' lang='lat' dir='ltr'>Juda,</span> <span class='ocrx_word' id='word_1_128' title='bbox 1945 895 2076 938; x_wconf 89' lang='lat' dir='ltr'>quem</span> <span class='ocrx_word' id='word_1_129' title='bbox 2122 879 2353 924; x_wconf 86' lang='lat' dir='ltr'>dimiserat</span> 
     </span>
     <span class='ocr_line' id='line_1_23' title="bbox 516 939 2353 1007; baseline -0.01 -8"><span class='ocrx_word' id='word_1_130' title='bbox 516 953 938 1007; x_wconf 86' lang='lat' dir='ltr'>Nabuchodonosor,</span> <span class='ocrx_word' id='word_1_131' title='bbox 976 965 1054 994; x_wconf 75' lang='lat' dir='ltr'>rex</span> <span class='ocrx_word' id='word_1_132' title='bbox 1091 948 1355 1005; x_wconf 84' lang='lat' dir='ltr'>Babylonis,</span> <span class='ocrx_word' id='word_1_133' title='bbox 1395 944 1602 1004; x_wconf 76' lang='lat' dir='ltr'>praefecit</span> <span class='ocrx_word' id='word_1_134' title='bbox 1640 943 1898 997; x_wconf 83' lang='lat' dir='ltr'>Godoliam,</span> <span class='ocrx_word' id='word_1_135' title='bbox 1947 941 2091 985; x_wconf 90' lang='lat' dir='ltr'>filium</span> <span class='ocrx_word' id='word_1_136' title='bbox 2137 939 2353 994; x_wconf 83' lang='lat' dir='ltr'>Ahicam‚</span> 
     </span>
     <span class='ocr_line' id='line_1_24' title="bbox 515 997 2354 1071; baseline -0.01 -13"><span class='ocrx_word' id='word_1_137' title='bbox 515 1014 596 1058; x_wconf 83' lang='lat' dir='ltr'>filii</span> <span class='ocrx_word' id='word_1_138' title='bbox 623 1014 814 1071; x_wconf 83' lang='lat' dir='ltr'>Saphan.</span> <span class='ocrx_word' id='word_1_139' title='bbox 837 1011 874 1038; x_wconf 72' lang='lat'>‘²3</span> <span class='ocrx_word' id='word_1_140' title='bbox 891 1010 1017 1062; x_wconf 83' lang='lat' dir='ltr'>Quod</span> <span class='ocrx_word' id='word_1_141' title='bbox 1043 1024 1143 1053; x_wconf 87' lang='lat' dir='ltr'>cum</span> <span class='ocrx_word' id='word_1_142' title='bbox 1170 1007 1399 1051; x_wconf 78' lang='lat' dir='ltr'>audissent</span> <span class='ocrx_word' id='word_1_143' title='bbox 1424 1018 1576 1049; x_wconf 88' lang='lat' dir='ltr'>omnes</span> <span class='ocrx_word' id='word_1_144' title='bbox 1599 1003 1733 1046; x_wconf 91' lang='lat' dir='ltr'>duces</span> <span class='ocrx_word' id='word_1_145' title='bbox 1755 1002 1971 1057; x_wconf 76' lang='lat' dir='ltr'>militum,</span> <span class='ocrx_word' id='word_1_146' title='bbox 1993 999 2079 1057; x_wconf 89' lang='lat' dir='ltr'>ipsi</span> <span class='ocrx_word' id='word_1_147' title='bbox 2105 1003 2149 1043; x_wconf 89' lang='lat' dir='ltr'>et</span> <span class='ocrx_word' id='word_1_148' title='bbox 2172 998 2257 1041; x_wconf 86' lang='lat' dir='ltr'>viri</span> <span class='ocrx_word' id='word_1_149' title='bbox 2279 997 2354 1054; x_wconf 89' lang='lat' dir='ltr'>qui</span> 
     </span>
     <span class='ocr_line' id='line_1_25' title="bbox 518 1057 2354 1127; baseline -0.011 -9"><span class='ocrx_word' id='word_1_150' title='bbox 518 1078 643 1118; x_wconf 89' lang='lat' dir='ltr'>erant</span> <span class='ocrx_word' id='word_1_151' title='bbox 684 1087 786 1117; x_wconf 89' lang='lat' dir='ltr'>cum</span> <span class='ocrx_word' id='word_1_152' title='bbox 827 1071 911 1127; x_wconf 87' lang='lat' dir='ltr'>eis,</span> <span class='ocrx_word' id='word_1_153' title='bbox 949 1069 1160 1113; x_wconf 79' lang='lat' dir='ltr'>Videlicet</span> <span class='ocrx_word' id='word_1_154' title='bbox 1197 1066 1313 1123; x_wconf 90' lang='lat' dir='ltr'>quod</span> <span class='ocrx_word' id='word_1_155' title='bbox 1351 1063 1655 1109; x_wconf 86' lang='lat' dir='ltr'>constituisset</span> <span class='ocrx_word' id='word_1_156' title='bbox 1691 1077 1769 1105; x_wconf 78' lang='lat' dir='ltr'>rex</span> <span class='ocrx_word' id='word_1_157' title='bbox 1809 1060 2053 1117; x_wconf 88' lang='lat' dir='ltr'>Babylonis</span> <span class='ocrx_word' id='word_1_158' title='bbox 2092 1057 2354 1113; x_wconf 84' lang='lat' dir='ltr'>Godoliam‚</span> 
     </span>
     <span class='ocr_line' id='line_1_26' title="bbox 518 1117 2353 1182; baseline -0.009 -6"><span class='ocrx_word' id='word_1_159' title='bbox 518 1138 734 1178; x_wconf 84' lang='lat' dir='ltr'>venerunt</span> <span class='ocrx_word' id='word_1_160' title='bbox 758 1131 815 1175; x_wconf 91' lang='lat' dir='ltr'>ad</span> <span class='ocrx_word' id='word_1_161' title='bbox 842 1129 1081 1175; x_wconf 84' lang='lat' dir='ltr'>Godoliam</span> <span class='ocrx_word' id='word_1_162' title='bbox 1104 1127 1152 1170; x_wconf 90' lang='lat' dir='ltr'>in</span> <span class='ocrx_word' id='word_1_163' title='bbox 1174 1125 1363 1182; x_wconf 85' lang='lat' dir='ltr'>Maspha</span> <span class='ocrx_word' id='word_1_164' title='bbox 1385 1141 1393 1168; x_wconf 92' lang='lat'>:</span> <span class='ocrx_word' id='word_1_165' title='bbox 1413 1122 1626 1178; x_wconf 83' lang='lat' dir='ltr'>Ismahel‚</span> <span class='ocrx_word' id='word_1_166' title='bbox 1646 1121 1763 1164; x_wconf 89' lang='lat' dir='ltr'>filius</span> <span class='ocrx_word' id='word_1_167' title='bbox 1785 1119 2038 1175; x_wconf 68' lang='lat' dir='ltr'>Nafflaniae,</span> <span class='ocrx_word' id='word_1_168' title='bbox 2062 1123 2106 1161; x_wconf 89' lang='lat' dir='ltr'>et</span> <span class='ocrx_word' id='word_1_169' title='bbox 2130 1118 2158 1161; x_wconf 85' lang='lat' dir='ltr'><strong>J</strong></span> <span class='ocrx_word' id='word_1_170' title='bbox 2163 1117 2353 1172; x_wconf 86' lang='lat' dir='ltr'>ohanan,</span> 
     </span>
     <span class='ocr_line' id='line_1_27' title="bbox 518 1176 2353 1245; baseline -0.01 -8"><span class='ocrx_word' id='word_1_171' title='bbox 518 1194 634 1236; x_wconf 89' lang='lat' dir='ltr'>filius</span> <span class='ocrx_word' id='word_1_172' title='bbox 665 1192 822 1245; x_wconf 86' lang='lat' dir='ltr'>Caree,</span> <span class='ocrx_word' id='word_1_173' title='bbox 857 1195 900 1233; x_wconf 90' lang='lat' dir='ltr'>et</span> <span class='ocrx_word' id='word_1_174' title='bbox 930 1188 1102 1242; x_wconf 71' lang='lat' dir='ltr'>Samia,</span> <span class='ocrx_word' id='word_1_175' title='bbox 1129 1186 1246 1229; x_wconf 86' lang='lat' dir='ltr'>filius</span> <span class='ocrx_word' id='word_1_176' title='bbox 1272 1182 1616 1227; x_wconf 88' lang='lat' dir='ltr'>Thanehumeth</span> <span class='ocrx_word' id='word_1_177' title='bbox 1646 1179 2012 1237; x_wconf 85' lang='lat' dir='ltr'>Netophathitcs,</span> <span class='ocrx_word' id='word_1_178' title='bbox 2046 1183 2090 1221; x_wconf 89' lang='lat' dir='ltr'>et</span> <span class='ocrx_word' id='word_1_179' title='bbox 2122 1176 2353 1231; x_wconf 81' lang='lat' dir='ltr'>Jezonias,</span> 
     </span>
     <span class='ocr_line' id='line_1_28' title="bbox 519 1234 2353 1305; baseline -0.01 -9"><span class='ocrx_word' id='word_1_180' title='bbox 519 1253 635 1295; x_wconf 89' lang='lat' dir='ltr'>filius</span> <span class='ocrx_word' id='word_1_181' title='bbox 659 1248 932 1305; x_wconf 87' lang='lat' dir='ltr'>Maachathi,</span> <span class='ocrx_word' id='word_1_182' title='bbox 947 1246 1033 1305; x_wconf 89' lang='lat' dir='ltr'>ipsi</span> <span class='ocrx_word' id='word_1_183' title='bbox 1047 1250 1093 1290; x_wconf 84' lang='lat' dir='ltr'>et</span> <span class='ocrx_word' id='word_1_184' title='bbox 1104 1245 1213 1289; x_wconf 91' lang='lat' dir='ltr'>socii</span> <span class='ocrx_word' id='word_1_185' title='bbox 1236 1258 1400 1288; x_wconf 88' lang='lat' dir='ltr'>eorum.</span> <span class='ocrx_word' id='word_1_186' title='bbox 1427 1241 1464 1269; x_wconf 67' lang='lat'>24</span> <span class='ocrx_word' id='word_1_187' title='bbox 1482 1243 1509 1285; x_wconf 83' lang='lat' dir='ltr'>J</span> <span class='ocrx_word' id='word_1_188' title='bbox 1515 1241 1748 1296; x_wconf 84' lang='lat' dir='ltr'>uravitque</span> <span class='ocrx_word' id='word_1_189' title='bbox 1774 1238 1986 1284; x_wconf 85' lang='lat' dir='ltr'>Godolias</span> <span class='ocrx_word' id='word_1_190' title='bbox 2014 1237 2124 1295; x_wconf 91' lang='lat' dir='ltr'>ipsis</span> <span class='ocrx_word' id='word_1_191' title='bbox 2150 1240 2195 1280; x_wconf 87' lang='lat' dir='ltr'>et</span> <span class='ocrx_word' id='word_1_192' title='bbox 2224 1234 2353 1278; x_wconf 88' lang='lat' dir='ltr'>sociis</span> 
     </span>
     <span class='ocr_line' id='line_1_29' title="bbox 519 1296 2355 1366; baseline -0.01 -11"><span class='ocrx_word' id='word_1_193' title='bbox 519 1326 692 1366; x_wconf 79' lang='lat' dir='ltr'>eorum,</span> <span class='ocrx_word' id='word_1_194' title='bbox 727 1309 878 1353; x_wconf 89' lang='lat' dir='ltr'>dicens</span> <span class='ocrx_word' id='word_1_195' title='bbox 912 1325 921 1353; x_wconf 91' lang='lat'>:</span> <span class='ocrx_word' id='word_1_196' title='bbox 954 1306 1105 1350; x_wconf 79' lang='lat' dir='ltr'>Nolite</span> <span class='ocrx_word' id='word_1_197' title='bbox 1134 1305 1291 1348; x_wconf 87' lang='lat' dir='ltr'>timere</span> <span class='ocrx_word' id='word_1_198' title='bbox 1330 1302 1495 1346; x_wconf 88' lang='lat' dir='ltr'>servire</span> <span class='ocrx_word' id='word_1_199' title='bbox 1536 1300 1788 1354; x_wconf 89' lang='lat' dir='ltr'>Chaldaeis;</span> <span class='ocrx_word' id='word_1_200' title='bbox 1831 1302 2009 1341; x_wconf 88' lang='lat' dir='ltr'>manete</span> <span class='ocrx_word' id='word_1_201' title='bbox 2046 1296 2093 1339; x_wconf 90' lang='lat' dir='ltr'>in</span> <span class='ocrx_word' id='word_1_202' title='bbox 2135 1299 2271 1351; x_wconf 83' lang='lat' dir='ltr'>terra,</span> <span class='ocrx_word' id='word_1_203' title='bbox 2313 1298 2355 1337; x_wconf 86' lang='lat' dir='ltr'>et</span> 
     </span>
     <span class='ocr_line' id='line_1_30' title="bbox 519 1355 2361 1425; baseline -0.011 -10"><span class='ocrx_word' id='word_1_204' title='bbox 519 1371 681 1415; x_wconf 76' lang='lat' dir='ltr'>servite</span> <span class='ocrx_word' id='word_1_205' title='bbox 702 1369 795 1425; x_wconf 86' lang='lat' dir='ltr'>regi</span> <span class='ocrx_word' id='word_1_206' title='bbox 819 1366 1084 1424; x_wconf 77' lang='lat' dir='ltr'>Babylonis,</span> <span class='ocrx_word' id='word_1_207' title='bbox 1112 1370 1155 1408; x_wconf 91' lang='lat' dir='ltr'>et</span> <span class='ocrx_word' id='word_1_208' title='bbox 1179 1365 1292 1407; x_wconf 87' lang='lat' dir='ltr'>bene</span> <span class='ocrx_word' id='word_1_209' title='bbox 1319 1362 1401 1407; x_wconf 89' lang='lat' dir='ltr'>erit</span> <span class='ocrx_word' id='word_1_210' title='bbox 1422 1361 1562 1405; x_wconf 80' lang='lat' dir='ltr'>vobis.</span> <span class='ocrx_word' id='word_1_211' title='bbox 1589 1359 1626 1387; x_wconf 69' lang='lat'>²5</span> <span class='ocrx_word' id='word_1_212' title='bbox 1645 1361 1835 1403; x_wconf 83' lang='lat' dir='ltr'>Factum</span> <span class='ocrx_word' id='word_1_213' title='bbox 1861 1362 1927 1401; x_wconf 90' lang='lat' dir='ltr'>est</span> <span class='ocrx_word' id='word_1_214' title='bbox 1951 1361 2102 1400; x_wconf 88' lang='lat' dir='ltr'>autem</span> <span class='ocrx_word' id='word_1_215' title='bbox 2130 1355 2177 1397; x_wconf 89' lang='lat' dir='ltr'>in</span> <span class='ocrx_word' id='word_1_216' title='bbox 2206 1367 2361 1397; x_wconf 86' lang='lat' dir='ltr'>mense</span> 
     </span>
     <span class='ocr_line' id='line_1_31' title="bbox 519 1412 2358 1488; baseline -0.011 -13"><span class='ocrx_word' id='word_1_217' title='bbox 519 1431 730 1488; x_wconf 77' lang='lat' dir='ltr'>septimo,</span> <span class='ocrx_word' id='word_1_218' title='bbox 756 1428 879 1472; x_wconf 83' lang='lat' dir='ltr'>venit</span> <span class='ocrx_word' id='word_1_219' title='bbox 906 1425 1123 1481; x_wconf 85' lang='lat' dir='ltr'>Ismahel,</span> <span class='ocrx_word' id='word_1_220' title='bbox 1151 1424 1268 1467; x_wconf 87' lang='lat' dir='ltr'>filius</span> <span class='ocrx_word' id='word_1_221' title='bbox 1295 1421 1537 1466; x_wconf 84' lang='lat' dir='ltr'>Nathaniae</span> <span class='ocrx_word' id='word_1_222' title='bbox 1570 1419 1651 1462; x_wconf 89' lang='lat' dir='ltr'>filii</span> <span class='ocrx_word' id='word_1_223' title='bbox 1678 1419 1898 1473; x_wconf 86' lang='lat' dir='ltr'>Elisama,</span> <span class='ocrx_word' id='word_1_224' title='bbox 1931 1416 1986 1460; x_wconf 88' lang='lat' dir='ltr'>de</span> <span class='ocrx_word' id='word_1_225' title='bbox 2014 1414 2183 1459; x_wconf 89' lang='lat' dir='ltr'>semine</span> <span class='ocrx_word' id='word_1_226' title='bbox 2211 1412 2358 1469; x_wconf 76' lang='lat' dir='ltr'>regio,</span> 
     </span>
     <span class='ocr_line' id='line_1_32' title="bbox 520 1476 2358 1541; baseline -0.011 -6"><span class='ocrx_word' id='word_1_227' title='bbox 520 1496 565 1535; x_wconf 92' lang='lat' dir='ltr'>et</span> <span class='ocrx_word' id='word_1_228' title='bbox 589 1491 743 1534; x_wconf 87' lang='lat' dir='ltr'>decem</span> <span class='ocrx_word' id='word_1_229' title='bbox 767 1488 851 1530; x_wconf 83' lang='lat' dir='ltr'>viri</span> <span class='ocrx_word' id='word_1_230' title='bbox 886 1501 986 1531; x_wconf 88' lang='lat' dir='ltr'>cum</span> <span class='ocrx_word' id='word_1_231' title='bbox 1017 1500 1096 1540; x_wconf 69' lang='grc' dir='ltr'>θος</span> <span class='ocrx_word' id='word_1_232' title='bbox 1127 1486 1525 1541; x_wconf 84' lang='lat' dir='ltr'>percusseruntque</span> <span class='ocrx_word' id='word_1_233' title='bbox 1559 1478 1816 1533; x_wconf 82' lang='lat' dir='ltr'>Godoliam,</span> <span class='ocrx_word' id='word_1_234' title='bbox 1852 1476 1926 1533; x_wconf 89' lang='lat' dir='ltr'>qui</span> <span class='ocrx_word' id='word_1_235' title='bbox 1960 1480 2003 1520; x_wconf 93' lang='lat' dir='ltr'>et</span> <span class='ocrx_word' id='word_1_236' title='bbox 2036 1478 2236 1518; x_wconf 89' lang='lat' dir='ltr'>mortuus</span> <span class='ocrx_word' id='word_1_237' title='bbox 2270 1476 2358 1527; x_wconf 85' lang='lat' dir='ltr'>est,</span> 
     </span>
     <span class='ocr_line' id='line_1_33' title="bbox 521 1534 2358 1599; baseline -0.011 -5"><span class='ocrx_word' id='word_1_238' title='bbox 521 1550 598 1594; x_wconf 89' lang='lat' dir='ltr'>sed</span> <span class='ocrx_word' id='word_1_239' title='bbox 625 1556 667 1593; x_wconf 88' lang='lat' dir='ltr'>et</span> <span class='ocrx_word' id='word_1_240' title='bbox 693 1548 875 1593; x_wconf 80' lang='lat' dir='ltr'>Judaeos</span> <span class='ocrx_word' id='word_1_241' title='bbox 891 1552 934 1590; x_wconf 89' lang='lat' dir='ltr'>et</span> <span class='ocrx_word' id='word_1_242' title='bbox 949 1545 1185 1589; x_wconf 86' lang='lat' dir='ltr'>Chaldaeos</span> <span class='ocrx_word' id='word_1_243' title='bbox 1213 1542 1287 1599; x_wconf 91' lang='lat' dir='ltr'>qui</span> <span class='ocrx_word' id='word_1_244' title='bbox 1313 1545 1438 1585; x_wconf 87' lang='lat' dir='ltr'>erant</span> <span class='ocrx_word' id='word_1_245' title='bbox 1454 1555 1556 1584; x_wconf 91' lang='lat' dir='ltr'>cum</span> <span class='ocrx_word' id='word_1_246' title='bbox 1575 1554 1624 1583; x_wconf 89' lang='lat' dir='ltr'>eo</span> <span class='ocrx_word' id='word_1_247' title='bbox 1639 1539 1686 1582; x_wconf 91' lang='lat' dir='ltr'>in</span> <span class='ocrx_word' id='word_1_248' title='bbox 1699 1537 1903 1594; x_wconf 88' lang='lat' dir='ltr'>Maspha.</span> <span class='ocrx_word' id='word_1_249' title='bbox 1931 1534 1968 1562; x_wconf 71' lang='lat'>2⁶</span> <span class='ocrx_word' id='word_1_250' title='bbox 1987 1535 2358 1589; x_wconf 88' lang='lat' dir='ltr'>Consurgensque</span> 
     </span>
     <span class='ocr_line' id='line_1_34' title="bbox 522 1593 2360 1666; baseline -0.011 -13"><span class='ocrx_word' id='word_1_251' title='bbox 522 1610 664 1654; x_wconf 89' lang='lat' dir='ltr'>omnis</span> <span class='ocrx_word' id='word_1_252' title='bbox 690 1608 900 1666; x_wconf 84' lang='lat' dir='ltr'>populus,</span> <span class='ocrx_word' id='word_1_253' title='bbox 930 1621 956 1649; x_wconf 88' lang='lat' dir='ltr'>a</span> <span class='ocrx_word' id='word_1_254' title='bbox 981 1619 1117 1663; x_wconf 79' lang='lat' dir='ltr'>parvo</span> <span class='ocrx_word' id='word_1_255' title='bbox 1143 1616 1282 1658; x_wconf 90' lang='lat' dir='ltr'>usque</span> <span class='ocrx_word' id='word_1_256' title='bbox 1307 1602 1364 1645; x_wconf 89' lang='lat' dir='ltr'>ad</span> <span class='ocrx_word' id='word_1_257' title='bbox 1390 1614 1626 1656; x_wconf 84' lang='lat' dir='ltr'>magnum,</span> <span class='ocrx_word' id='word_1_258' title='bbox 1653 1603 1697 1642; x_wconf 90' lang='lat' dir='ltr'>et</span> <span class='ocrx_word' id='word_1_259' title='bbox 1721 1596 1944 1655; x_wconf 86' lang='lat' dir='ltr'>principes</span> <span class='ocrx_word' id='word_1_260' title='bbox 1979 1593 2195 1648; x_wconf 87' lang='lat' dir='ltr'>militum,</span> <span class='ocrx_word' id='word_1_261' title='bbox 2226 1605 2360 1635; x_wconf 84' lang='lat' dir='ltr'>vene-</span> 
     </span>
     <span class='ocr_line' id='line_1_35' title="bbox 522 1661 1500 1724; baseline -0.009 -12"><span class='ocrx_word' id='word_1_262' title='bbox 522 1675 624 1713; x_wconf 86' lang='lat' dir='ltr'>runt</span> <span class='ocrx_word' id='word_1_263' title='bbox 644 1669 692 1711; x_wconf 92' lang='lat' dir='ltr'>in</span> <span class='ocrx_word' id='word_1_264' title='bbox 716 1668 990 1724; x_wconf 80' lang='lat' dir='ltr'>AEgyptum,</span> <span class='ocrx_word' id='word_1_265' title='bbox 1018 1665 1226 1707; x_wconf 90' lang='lat' dir='ltr'>timentes</span> <span class='ocrx_word' id='word_1_266' title='bbox 1252 1661 1500 1705; x_wconf 76' lang='lat' dir='ltr'>Chaldaeos.</span> 
     </span>
    </p>

    <p class='ocr_par' dir='ltr' id='par_1_9' title="bbox 523 1711 2366 2260">
     <span class='ocr_line' id='line_1_36' title="bbox 581 1711 2361 1776; baseline -0.011 -4"><span class='ocrx_word' id='word_1_267' title='bbox 581 1728 616 1755; x_wconf 78' lang='lat'>&#39;27</span> <span class='ocrx_word' id='word_1_268' title='bbox 644 1729 835 1772; x_wconf 84' lang='lat' dir='ltr'>Factum</span> <span class='ocrx_word' id='word_1_269' title='bbox 872 1731 938 1769; x_wconf 87' lang='lat' dir='ltr'>est</span> <span class='ocrx_word' id='word_1_270' title='bbox 968 1738 1072 1768; x_wconf 84' lang='lat' dir='ltr'>vero</span> <span class='ocrx_word' id='word_1_271' title='bbox 1103 1723 1151 1766; x_wconf 91' lang='lat' dir='ltr'>in</span> <span class='ocrx_word' id='word_1_272' title='bbox 1182 1736 1299 1765; x_wconf 88' lang='lat' dir='ltr'>anno</span> <span class='ocrx_word' id='word_1_273' title='bbox 1329 1719 1557 1776; x_wconf 82' lang='lat' dir='ltr'>trigesimo</span> <span class='ocrx_word' id='word_1_274' title='bbox 1591 1718 1780 1775; x_wconf 90' lang='lat' dir='ltr'>septimo</span> <span class='ocrx_word' id='word_1_275' title='bbox 1814 1711 2222 1770; x_wconf 84' lang='lat' dir='ltr'>transmigrationis</span> <span class='ocrx_word' id='word_1_276' title='bbox 2254 1712 2361 1754; x_wconf 79' lang='lat' dir='ltr'>Joa-</span> 
     </span>
     <span class='ocr_line' id='line_1_37' title="bbox 525 1769 2361 1844; baseline -0.011 -12"><span class='ocrx_word' id='word_1_277' title='bbox 525 1789 648 1844; x_wconf 84' lang='lat' dir='ltr'>chin,</span> <span class='ocrx_word' id='word_1_278' title='bbox 671 1787 787 1843; x_wconf 85' lang='lat' dir='ltr'>regis</span> <span class='ocrx_word' id='word_1_279' title='bbox 806 1788 833 1830; x_wconf 79' lang='lat' dir='ltr'>J</span> <span class='ocrx_word' id='word_1_280' title='bbox 839 1786 948 1840; x_wconf 83' lang='lat' dir='ltr'>uda,</span> <span class='ocrx_word' id='word_1_281' title='bbox 971 1798 1123 1827; x_wconf 91' lang='lat' dir='ltr'>mense</span> <span class='ocrx_word' id='word_1_282' title='bbox 1146 1781 1430 1834; x_wconf 82' lang='lat' dir='ltr'>duodecimo,</span> <span class='ocrx_word' id='word_1_283' title='bbox 1452 1778 1671 1835; x_wconf 85' lang='lat' dir='ltr'>vigesima</span> <span class='ocrx_word' id='word_1_284' title='bbox 1696 1776 1887 1834; x_wconf 89' lang='lat' dir='ltr'>septima</span> <span class='ocrx_word' id='word_1_285' title='bbox 1910 1773 1981 1817; x_wconf 91' lang='lat' dir='ltr'>die</span> <span class='ocrx_word' id='word_1_286' title='bbox 2008 1771 2194 1826; x_wconf 87' lang='lat' dir='ltr'>mensis,</span> <span class='ocrx_word' id='word_1_287' title='bbox 2214 1769 2361 1813; x_wconf 87' lang='lat' dir='ltr'>suble-</span> 
     </span>
     <span class='ocr_line' id='line_1_38' title="bbox 523 1834 2364 1899; baseline -0.011 -8"><span class='ocrx_word' id='word_1_288' title='bbox 523 1848 649 1891; x_wconf 85' lang='lat' dir='ltr'>vavit</span> <span class='ocrx_word' id='word_1_289' title='bbox 674 1844 1074 1899; x_wconf 81' lang='lat' dir='ltr'>Evil-Merodach,</span> <span class='ocrx_word' id='word_1_290' title='bbox 1103 1857 1181 1886; x_wconf 76' lang='lat' dir='ltr'>rex</span> <span class='ocrx_word' id='word_1_291' title='bbox 1216 1840 1481 1897; x_wconf 79' lang='lat' dir='ltr'>BabyloniS,</span> <span class='ocrx_word' id='word_1_292' title='bbox 1507 1852 1623 1881; x_wconf 90' lang='lat' dir='ltr'>anno</span> <span class='ocrx_word' id='word_1_293' title='bbox 1657 1851 1741 1893; x_wconf 89' lang='lat' dir='ltr'>quo</span> <span class='ocrx_word' id='word_1_294' title='bbox 1766 1848 1952 1892; x_wconf 85' lang='lat' dir='ltr'>regnare</span> <span class='ocrx_word' id='word_1_295' title='bbox 1978 1836 2192 1889; x_wconf 86' lang='lat' dir='ltr'>coeperat,</span> <span class='ocrx_word' id='word_1_296' title='bbox 2227 1834 2364 1886; x_wconf 90' lang='lat' dir='ltr'>caput</span> 
     </span>
     <span class='ocr_line' id='line_1_39' title="bbox 525 1887 2363 1962; baseline -0.012 -10"><span class='ocrx_word' id='word_1_297' title='bbox 525 1907 738 1962; x_wconf 81' lang='lat' dir='ltr'>Joaohin,</span> <span class='ocrx_word' id='word_1_298' title='bbox 772 1906 888 1962; x_wconf 86' lang='lat' dir='ltr'>regis</span> <span class='ocrx_word' id='word_1_299' title='bbox 921 1904 1061 1959; x_wconf 80' lang='lat' dir='ltr'>Jnda,</span> <span class='ocrx_word' id='word_1_300' title='bbox 1094 1903 1148 1946; x_wconf 90' lang='lat' dir='ltr'>de</span> <span class='ocrx_word' id='word_1_301' title='bbox 1181 1914 1369 1945; x_wconf 83' lang='lat' dir='ltr'>carcere.</span> <span class='ocrx_word' id='word_1_302' title='bbox 1400 1897 1436 1925; x_wconf 68' lang='lat'>²8</span> <span class='ocrx_word' id='word_1_303' title='bbox 1456 1899 1513 1941; x_wconf 87' lang='lat' dir='ltr'>Et</span> <span class='ocrx_word' id='word_1_304' title='bbox 1545 1897 1721 1940; x_wconf 86' lang='lat' dir='ltr'>locutus</span> <span class='ocrx_word' id='word_1_305' title='bbox 1746 1900 1813 1939; x_wconf 90' lang='lat' dir='ltr'>est</span> <span class='ocrx_word' id='word_1_306' title='bbox 1838 1894 1877 1937; x_wconf 91' lang='lat' dir='ltr'>ei</span> <span class='ocrx_word' id='word_1_307' title='bbox 1907 1892 2122 1948; x_wconf 85' lang='lat' dir='ltr'>benigne,</span> <span class='ocrx_word' id='word_1_308' title='bbox 2146 1895 2189 1934; x_wconf 91' lang='lat' dir='ltr'>et</span> <span class='ocrx_word' id='word_1_309' title='bbox 2214 1887 2363 1946; x_wconf 86' lang='lat' dir='ltr'>posuit</span> 
     </span>
     <span class='ocr_line' id='line_1_40' title="bbox 525 1947 2362 2022; baseline -0.012 -11"><span class='ocrx_word' id='word_1_310' title='bbox 525 1969 733 2011; x_wconf 87' lang='lat' dir='ltr'>thronum</span> <span class='ocrx_word' id='word_1_311' title='bbox 774 1966 871 2022; x_wconf 81' lang='lat' dir='ltr'>ejus</span> <span class='ocrx_word' id='word_1_312' title='bbox 911 1978 1042 2020; x_wconf 91' lang='lat' dir='ltr'>super</span> <span class='ocrx_word' id='word_1_313' title='bbox 1081 1963 1291 2005; x_wconf 88' lang='lat' dir='ltr'>thronum</span> <span class='ocrx_word' id='word_1_314' title='bbox 1330 1973 1488 2014; x_wconf 83' lang='lat' dir='ltr'>regum</span> <span class='ocrx_word' id='word_1_315' title='bbox 1528 1956 1602 2012; x_wconf 89' lang='lat' dir='ltr'>qui</span> <span class='ocrx_word' id='word_1_316' title='bbox 1639 1959 1764 1999; x_wconf 90' lang='lat' dir='ltr'>erant</span> <span class='ocrx_word' id='word_1_317' title='bbox 1802 1968 1904 1998; x_wconf 91' lang='lat' dir='ltr'>cum</span> <span class='ocrx_word' id='word_1_318' title='bbox 1944 1966 1993 1995; x_wconf 93' lang='lat' dir='ltr'>eo</span> <span class='ocrx_word' id='word_1_319' title='bbox 2030 1951 2077 1993; x_wconf 90' lang='lat' dir='ltr'>in</span> <span class='ocrx_word' id='word_1_320' title='bbox 2116 1947 2362 2005; x_wconf 84' lang='lat' dir='ltr'>Babylone.</span> 
     </span>
     <span class='ocr_line' id='line_1_41' title="bbox 526 2008 2363 2078; baseline -0.012 -8"><span class='ocrx_word' id='word_1_321' title='bbox 526 2026 562 2053; x_wconf 72' lang='lat'>29</span> <span class='ocrx_word' id='word_1_322' title='bbox 576 2028 637 2070; x_wconf 87' lang='lat' dir='ltr'>Et</span> <span class='ocrx_word' id='word_1_323' title='bbox 661 2025 854 2069; x_wconf 83' lang='lat' dir='ltr'>mutavit</span> <span class='ocrx_word' id='word_1_324' title='bbox 876 2029 1020 2067; x_wconf 85' lang='lat' dir='ltr'>vestes</span> <span class='ocrx_word' id='word_1_325' title='bbox 1043 2022 1140 2078; x_wconf 85' lang='lat' dir='ltr'>ejus</span> <span class='ocrx_word' id='word_1_326' title='bbox 1167 2034 1275 2077; x_wconf 88' lang='lat' dir='ltr'>quas</span> <span class='ocrx_word' id='word_1_327' title='bbox 1300 2019 1518 2062; x_wconf 89' lang='lat' dir='ltr'>habuerat</span> <span class='ocrx_word' id='word_1_328' title='bbox 1543 2016 1590 2058; x_wconf 90' lang='lat' dir='ltr'>in</span> <span class='ocrx_word' id='word_1_329' title='bbox 1615 2029 1810 2070; x_wconf 87' lang='lat' dir='ltr'>carcere,</span> <span class='ocrx_word' id='word_1_330' title='bbox 1839 2018 1882 2056; x_wconf 88' lang='lat' dir='ltr'>et</span> <span class='ocrx_word' id='word_1_331' title='bbox 1912 2008 2176 2055; x_wconf 88' lang='lat' dir='ltr'>comedebat</span> <span class='ocrx_word' id='word_1_332' title='bbox 2199 2020 2363 2065; x_wconf 86' lang='lat' dir='ltr'>panem</span> 
     </span>
     <span class='ocr_line' id='line_1_42' title="bbox 526 2071 2366 2143; baseline -0.012 -13"><span class='ocrx_word' id='word_1_333' title='bbox 526 2101 698 2143; x_wconf 86' lang='lat' dir='ltr'>semper</span> <span class='ocrx_word' id='word_1_334' title='bbox 728 2086 776 2127; x_wconf 90' lang='lat' dir='ltr'>in</span> <span class='ocrx_word' id='word_1_335' title='bbox 809 2087 1049 2140; x_wconf 90' lang='lat' dir='ltr'>conspectu</span> <span class='ocrx_word' id='word_1_336' title='bbox 1079 2081 1176 2138; x_wconf 81' lang='lat' dir='ltr'>ejus</span> <span class='ocrx_word' id='word_1_337' title='bbox 1203 2078 1374 2123; x_wconf 88' lang='lat' dir='ltr'>cunctis</span> <span class='ocrx_word' id='word_1_338' title='bbox 1406 2077 1562 2121; x_wconf 88' lang='lat' dir='ltr'>diebus</span> <span class='ocrx_word' id='word_1_339' title='bbox 1586 2075 1693 2117; x_wconf 79' lang='lat' dir='ltr'>vitae</span> <span class='ocrx_word' id='word_1_340' title='bbox 1727 2089 1832 2118; x_wconf 75' lang='lat' dir='ltr'>suae.</span> <span class='ocrx_word' id='word_1_341' title='bbox 1867 2072 1904 2099; x_wconf 85' lang='lat'>3⁰</span> <span class='ocrx_word' id='word_1_342' title='bbox 1921 2071 2163 2114; x_wconf 88' lang='lat' dir='ltr'>Annonam</span> <span class='ocrx_word' id='word_1_343' title='bbox 2189 2079 2366 2123; x_wconf 88' lang='lat' dir='ltr'>quoque</span> 
     </span>
     <span class='ocr_line' id='line_1_43' title="bbox 527 2124 2366 2194; baseline -0.012 -5"><span class='ocrx_word' id='word_1_344' title='bbox 527 2145 758 2190; x_wconf 90' lang='lat' dir='ltr'>constituit</span> <span class='ocrx_word' id='word_1_345' title='bbox 790 2144 829 2187; x_wconf 91' lang='lat' dir='ltr'>ei</span> <span class='ocrx_word' id='word_1_346' title='bbox 862 2143 956 2187; x_wconf 89' lang='lat' dir='ltr'>sine</span> <span class='ocrx_word' id='word_1_347' title='bbox 984 2139 1332 2194; x_wconf 88' lang='lat' dir='ltr'>intermissione,</span> <span class='ocrx_word' id='word_1_348' title='bbox 1368 2151 1466 2193; x_wconf 87' lang='lat' dir='ltr'>quae</span> <span class='ocrx_word' id='word_1_349' title='bbox 1499 2141 1542 2179; x_wconf 93' lang='lat' dir='ltr'>et</span> <span class='ocrx_word' id='word_1_350' title='bbox 1576 2134 1765 2178; x_wconf 82' lang='lat' dir='ltr'>dabatur</span> <span class='ocrx_word' id='word_1_351' title='bbox 1797 2133 1836 2177; x_wconf 86' lang='lat' dir='ltr'>ei</span> <span class='ocrx_word' id='word_1_352' title='bbox 1870 2147 1896 2174; x_wconf 91' lang='lat' dir='ltr'>a</span> <span class='ocrx_word' id='word_1_353' title='bbox 1929 2144 2034 2186; x_wconf 87' lang='lat' dir='ltr'>rege</span> <span class='ocrx_word' id='word_1_354' title='bbox 2062 2142 2140 2186; x_wconf 88' lang='lat' dir='ltr'>per</span> <span class='ocrx_word' id='word_1_355' title='bbox 2163 2124 2366 2182; x_wconf 87' lang='lat' dir='ltr'>singulos</span> 
     </span>
     <span class='ocr_line' id='line_1_44' title="bbox 527 2200 1319 2260; baseline -0.01 -11"><span class='ocrx_word' id='word_1_356' title='bbox 527 2205 642 2260; x_wconf 88' lang='lat' dir='ltr'>dies,</span> <span class='ocrx_word' id='word_1_357' title='bbox 666 2203 870 2247; x_wconf 88' lang='lat' dir='ltr'>omnibus</span> <span class='ocrx_word' id='word_1_358' title='bbox 898 2201 1053 2245; x_wconf 88' lang='lat' dir='ltr'>diebus</span> <span class='ocrx_word' id='word_1_359' title='bbox 1079 2200 1185 2243; x_wconf 84' lang='lat' dir='ltr'>vitae</span> <span class='ocrx_word' id='word_1_360' title='bbox 1212 2212 1319 2242; x_wconf 87' lang='lat' dir='ltr'>suae.</span> 
     </span>
    </p>
   </div>
   <div class='ocr_carea' id='block_1_8' title="bbox 1155 2667 1741 3127">
    <p class='ocr_par' dir='ltr' id='par_1_10' title="bbox 1155 2667 1741 3127">
     <span class='ocr_line' id='line_1_45' title="bbox 1155 2667 1741 3127; baseline 0 734"><span class='ocrx_word' id='word_1_361' title='bbox 1155 2667 1741 3127; x_wconf 95' lang='lat' dir='ltr'> </span> 
     </span>
    </p>
   </div>
   <div class='ocr_carea' id='block_1_9' title="bbox 2367 281 2456 3861">
    <p class='ocr_par' dir='ltr' id='par_1_11' title="bbox 2367 281 2456 3861">
     <span class='ocr_line' id='line_1_46' title="bbox 2367 281 2456 3861; baseline 0 0"><span class='ocrx_word' id='word_1_362' title='bbox 2367 281 2456 3861; x_wconf 95' lang='lat' dir='ltr'> </span> 
     </span>
    </p>
   </div>
  </div>
 </body>
</html>
