2456 3861
669 139 796 182 NUM.
830 139 955 193 XVI,
993 141 1044 183 18
1078 166 1136 173 -—-
1167 140 1327 195 XVII,
1361 141 1400 183 2.
1865 144 1946 186 139

185 308 216 334 ¹⁸
239 306 363 357 Quod
384 321 488 349 cum
515 307 749 362 fecissent,
778 309 999 351 stantibus
1029 309 1181 365 Moyse
1210 315 1252 352 et
1282 309 1453 363 Aaron,
1480 309 1512 335 ¹⁹
1540 315 1584 354 et
1615 317 1948 355 coacervassent

121 366 356 409 adversum
397 379 469 408 eos
511 380 686 409 omnem
728 367 1059 410 multitudinem
1099 367 1155 410 ad
1196 368 1358 411 ostium
1399 368 1701 424 tabernaculi,
1742 370 1948 426 apparuit

79 467 81 470 .
121 424 291 467 cunctis
314 424 455 479 gloria
479 425 673 468 Domini.
697 425 733 451 20
757 426 1035 481 Locutusque
1060 426 1274 469 Dominus
1296 427 1352 469 ad
1382 427 1565 483 Moysen
1588 433 1631 471 et
1652 428 1824 482 Aaron,
1845 428 1909 471 ait
1935 445 1944 472 :

122 482 157 509 ”²¹
177 483 453 539 Separamini
476 483 528 526 de
551 483 695 526 medio
717 485 1072 537 congregationis
1102 485 1256 539 hujus,
1296 491 1342 527 ut
1371 500 1442 528 eos
1473 492 1650 543 repente
1678 486 1944 543 disperdam.

121 541 157 567 ‘2'2
177 541 259 591 Qui
283 542 536 585 ceciderunt
564 542 689 599 proni
718 542 764 585 in
786 543 971 596 faciem,
994 549 1126 598 atque
1148 543 1355 587 dixerunt
1384 561 1392 588 ε
1423 545 1680 588 Fortissime
1712 546 1830 589 Deus
1860 546 1945 602 spi-
1981 584 1987 597 χ

118 600 283 642 rituum
305 601 522 643 universae
546 601 710 654 carnis,
734 615 836 643 nun]
871 615 954 643 uno
985 608 1216 657 peccante,
1246 608 1399 645 contra
1430 617 1579 648 omnes
1607 604 1673 646 ira
1702 610 1779 647 tua
1806 604 1946 648 desae-

120 658 241 701 viet‘?
266 658 303 686 '²³
324 661 380 701 Et
401 659 464 701 ait
489 659 704 701 Dominus
725 659 782 701 ad
805 659 987 714 Moysen
1017 676 1026 703 :
1048 659 1083 685 ²³
1109 660 1305 717 Praecipe
1328 661 1530 705 universo
1553 662 1716 719 populo
1746 668 1794 707 ut
1821 677 1946 720 sepa-

119 724 236 760 retur
256 732 281 760 a
305 717 600 760 tabernaculis
622 717 752 771 Core,
776 723 819 759 et
843 718 1022 759 Dathan
1045 723 1087 760 et
1110 718 1292 761 Abiron.
1316 718 1351 745 “²⁵
1371 720 1655 776 Surrexitque
1684 722 1878 778 Moyses,
1904 728 1948 766 et

117 777 228 818 abiit
249 777 306 819 ad
329 776 508 819 Dathan
531 780 574 818 et
595 775 789 829 Abiron;
814 781 857 818 et
877 776 1162 831 sequentibus
1185 790 1285 819 eum
1306 778 1549 821 senioribus
1573 780 1732 835 Israel,
1764 780 1800 808 ”²ss
1833 781 1947 824 dixit

116 835 173 877 ad
195 835 372 877 turbam
397 849 408 877 :
445 833 654 877 Recedite
682 848 708 875 a
737 834 1036 877 tabernaculis
1065 834 1295 878 hominum
1324 835 1580 892 impiorum,
1617 844 1658 881 et
1692 840 1828 883 nolite
1850 845 1945 883 tan-

117 907 219 949 gere
241 907 339 949 quae
360 893 416 935 ad
440 906 511 935 eos
533 892 774 949 pertinent,
806 906 859 936 ne
881 892 1172 936 involvamini
1202 893 1247 936 in
1278 895 1472 950 peccatis
1504 910 1666 939 eorum.
1690 896 1725 923 “2⁷
1749 898 1947 954 Cumque

116 952 397 996 recessissent
424 965 451 993 a
479 951 679 994 tentoriis
712 965 861 994 eorum
891 966 966 1008 per
995 952 1250 1007 circuitum,
1287 953 1466 996 Dathan
1499 961 1543 998 et
1575 955 1745 997 Abirou
1784 958 1946 1012 egressi

115 1011 294 1054 stabant
314 1011 360 1052 in
381 1010 566 1053 introitu
587 1010 863 1066 papilionum
884 1024 1082 1066 suorum,
1107 1025 1209 1054 cum
1238 1012 1447 1055 uxoribus
1473 1019 1517 1057 et
1538 1013 1687 1056 liberis
1700 1048 1709 1068 ,
1743 1016 1948 1070 omnique

115 1069 380 1125 frequentia.
403 1068 439 1095 28
466 1069 522 1112 Et
551 1069 615 1111 ait
643 1069 818 1125 Moyses
847 1085 856 1113 t
887 1070 941 1112 In
971 1070 1053 1113 hoc
1084 1070 1254 1125 scietis,
1285 1071 1401 1126 quod
1432 1072 1649 1115 Dominus
1682 1072 1852 1117 miserit
1878 1089 1948 1117 me

116 1134 163 1171 ut
184 1130 381 1171 facerem
403 1128 606 1171 universa
629 1143 727 1184 quac
751 1128 950 1184 cernitis,
973 1134 1015 1171 et
1037 1143 1124 1172 non
1146 1144 1199 1172 ex
1221 1130 1394 1186 proprio
1423 1145 1475 1174 ea
1501 1131 1631 1174 corde
1651 1132 1910 1189 protulerim
1939 1150 1946 1176 :

115 1187 151 1214 ‘2⁹
172 1188 208 1230 si
239 1194 448 1230 consueta
474 1187 706 1230 hominum
728 1193 866 1231 morte
887 1187 1155 1243 interierint,
1179 1194 1221 1231 et
1247 1188 1496 1232 visitaverit
1516 1204 1589 1234 eos
1612 1191 1766 1247 plaga,
1794 1206 1879 1247 qua
1904 1197 1948 1235 et

114 1246 247 1290 ceteri
278 1246 449 1288 visitari
477 1246 643 1301 solent,
673 1260 760 1288 non
791 1247 912 1289 misit
947 1261 1015 1291 me
1046 1247 1288 1302 Dominus;
1321 1247 1357 1274 3⁰
1384 1248 1454 1291 sin
1483 1254 1633 1292 autem
1663 1264 1827 1293 novam
1854 1265 1948 1294 rem

114 1306 272 1349 fecerit
303 1306 540 1360 Dominus,
567 1311 614 1348 ut
643 1306 843 1362 aperiens
873 1311 987 1349 terra
1017 1320 1064 1350 os
1096 1321 1227 1349 suum
1257 1306 1475 1362 deglutiat
1508 1322 1579 1351 eos
1611 1314 1653 1352 et
1676 1309 1823 1352 omnia
1850 1324 1947 1365 quae

113 1365 169 1407 ad
203 1365 302 1408 illos
336 1365 578 1421 pertinent,
613 1364 1007 1420 descenderintque
1044 1365 1243 1409 viventes
1280 1366 1326 1408 in
1362 1366 1612 1422 infernum,
1650 1368 1797 1411 scietis
1832 1369 1947 1424 quod

114 1423 522 1480 blasphemaverint
543 1423 798 1466 Dominum.
822 1423 856 1450 3¹
884 1423 1133 1467 Confestim
1161 1424 1300 1480 igitur
1324 1430 1372 1468 ut
1394 1426 1585 1468 cessavit
1606 1426 1746 1482 loqui,
1771 1427 1947 1484 dirupta

114 1489 179 1526 est
201 1488 316 1525 terra
338 1483 419 1524 sub
445 1482 631 1538 pedibus
657 1495 829 1536 eorum,
852 1481 889 1508 3‘2
917 1488 960 1525 et
981 1483 1182 1539 aperiens
1209 1497 1254 1526 os
1284 1498 1434 1538 suum,
1458 1484 1688 1528 devoravit
1712 1486 1812 1528 illos
1847 1501 1948 1528 cum

114 1541 412 1585 tabernaculis
441 1540 530 1583 suis
560 1546 603 1584 et
633 1540 837 1584 universa
870 1541 1121 1584 substantia
1154 1556 1328 1598 eorum3
1357 1543 1394 1569 33
1418 1543 1826 1600 descenderuntque
1856 1545 1947 1587 vivi

112 1600 160 1643 in
183 1600 412 1643 infernum
433 1599 573 1656 operti
597 1599 754 1655 humo,
777 1605 820 1643 et
842 1600 1066 1656 perierunt
1096 1600 1151 1644 de
1181 1601 1326 1644 medio
1359 1602 1674 1646 multitudinis.
1701 1603 1739 1630 34
1758 1605 1820 1647 At
1845 1618 1947 1647 vero

113 1659 255 1703 omn-is
281 1658 442 1714 Israel,
467 1659 542 1714 qui
563 1659 712 1702 stabat
736 1673 813 1715 per
840 1673 1020 1715 gyrum,
1050 1659 1172 1715 fugit
1199 1660 1258 1703 ad
1288 1660 1526 1704 clamorem
1555 1663 1855 1718 pereuntium,
1883 1663 1948 1705 di-

113 1732 215 1762 cens
248 1735 257 1761 :
280 1719 348 1761 Ne
369 1718 486 1761 forte
508 1723 552 1762 et
572 1731 651 1761 nos
673 1724 788 1761 terra
814 1718 1047 1773 deglutiat.
1071 1718 1107 1745 35
1128 1719 1212 1762 Sed
1242 1725 1285 1763 et
1317 1719 1434 1775 ignis
1461 1735 1664 1776 egressus
1684 1736 1710 1764 a
1734 1722 1946 1777 Domino,

111 1777 338 1820 interfecit
361 1777 574 1820 ducentos
596 1777 920 1833 quinquaginta
941 1778 1058 1821 viros
1084 1778 1158 1834 qui
1184 1778 1432 1822 offerebant
1453 1780 1698 1824 incensum.

169 1836 206 1863 33
231 1837 512 1892 Locutusque
541 1842 607 1880 est
641 1836 858 1880 Dominus
886 1837 943 1880 ad
977 1837 1183 1894 Moysen,
1217 1838 1369 1881 dicens
1403 1856 1412 1882 ε
1446 1838 1480 1866 3⁷
1509 1839 1706 1896 Praecipe
1737 1840 1948 1884 Eleazaro

110 1896 199 1939 filio
237 1896 389 1938 Aaron
425 1895 664 1951 sacerdoti,
703 1901 752 1938 ut
789 1895 918 1939 tollat
954 1896 1181 1940 thuribula
1219 1912 1317 1953 quae
1359 1898 1510 1954 jacent
1549 1899 1595 1943 in
1636 1898 1864 1954 incendio,
1907 1905 1949 1943 et

109 1954 261 2011 ignem
289 1955 377 1997 huc
404 1954 600 2011 illucque
630 1955 877 2012 dispergat,
916 1956 1126 2011 quoniam
1154 1956 1433 2000 sanctificata
1462 1963 1566 2001 sunt
1595 1958 1632 1984 38
1657 1957 1702 2000 in
1732 1959 1948 2002 mortibus

110 2019 417 2071 peccatorum;
448 2014 751 2071 producatque
780 2029 831 2058 ea
859 2015 905 2057 in
935 2015 1146 2071 laminas,
1182 2021 1225 2059 et
1245 2016 1406 2071 affigat
1427 2017 1580 2073 altari,
1608 2031 1658 2061 eo
1685 2017 1800 2073 quod
1827 2018 1946 2061 obla-

110 2079 204 2116 tum
237 2073 295 2115 sit
323 2073 370 2115 in
403 2074 466 2116 eis
493 2073 726 2116 incensum
756 2074 970 2129 Domino,
1002 2079 1044 2117 et
1074 2075 1352 2118 sanctificata
1374 2075 1485 2131 sint,
1508 2081 1556 2119 ut
1585 2082 1768 2120 cernant
1795 2092 1845 2121 ea
1871 2092 1947 2134 pro

110 2132 239 2188 signo
267 2138 310 2175 et
338 2132 613 2176 monimento
641 2132 720 2175 filii
751 2133 903 2176 Israel.
927 2133 964 2159 39
985 2133 1107 2176 Tulit
1136 2148 1240 2190 ergo
1275 2135 1460 2178 Eleazar
1488 2136 1691 2179 sacerdos
1721 2137 1947 2180 thuribula

112 2206 253 2247 aenea,
275 2192 322 2234 in
345 2192 506 2248 quibus
531 2192 782 2235 obtulerant
811 2192 856 2235 hi
891 2207 997 2248 quos
1025 2193 1284 2236 incendium
1311 2194 1562 2250 devoravit,
1589 2200 1632 2239 et
1658 2196 1867 2252 produxit
1895 2211 1946 2239 ea

108 2251 155 2293 in
179 2250 391 2307 laminas,
416 2251 608 2307 affigens
629 2251 782 2306 altari,
805 2251 842 2278 4⁰
862 2257 911 2294 ut
932 2252 1146 2295 haberent
1171 2258 1324 2309 postea
1348 2253 1428 2296 filii
1461 2254 1623 2308 Israel,
1647 2254 1804 2310 quibus
1828 2270 1944 2298 com-

109 2315 412 2366 monerentur,
437 2325 492 2354 ne
515 2310 611 2366 quis
636 2311 822 2354 accedat
843 2311 1116 2367 alienigena,
1141 2318 1184 2355 et
1210 2312 1284 2368 qui
1306 2326 1393 2355 non
1416 2318 1482 2356 est
1508 2313 1561 2356 de
1583 2314 1751 2357 semine
1773 2315 1944 2369 Aaron,

109 2369 166 2412 ad
189 2369 467 2413 offerendum
496 2370 729 2413 incensum
759 2370 973 2425 Domino,
1003 2385 1058 2414 ne
1086 2371 1282 2427 patiatur
1313 2372 1428 2414 sicut
1460 2386 1615 2429 passus
1644 2378 1710 2416 est
1740 2373 1870 2429 Core,
1904 2379 1947 2417 et

109 2428 250 2472 omnis
277 2429 563 2485 congregatio
589 2429 707 2485 ejus,
732 2429 940 2485 loquente
966 2430 1158 2473 Domino
1181 2430 1239 2474 ad
1264 2431 1462 2487 Moysen.

167 2487 201 2514 4¹
224 2488 521 2531 Murmuravit
541 2494 692 2532 autem
715 2489 857 2531 omnis
884 2488 1123 2532 multitudo
1143 2489 1336 2532 filiorum
1360 2491 1499 2535 Israel
1522 2491 1722 2547 sequenti
1749 2491 1821 2534 die
1844 2505 1945 2534 con-

109 2551 175 2589 tra
196 2547 382 2604 Moysen
403 2553 446 2591 et
467 2548 639 2603 Aaron,
655 2548 808 2591 dicens
838 2565 847 2592 :
869 2548 961 2591 Vos
982 2548 1272 2592 interfecistis
1295 2549 1509 2606 populum
1533 2550 1727 2594 Domini.
1750 2549 1787 2576 4⁹²
1814 2550 1946 2593 Cum-

108 2620 192 2662 que
225 2607 410 2650 on'retur
442 2606 623 2663 seditio,
654 2612 698 2650 et
726 2607 945 2650 tumultus
977 2606 1262 2663 incresceret,
1289 2608 1327 2635 43
1354 2609 1530 2665 Moyses
1561 2614 1604 2653 et
1636 2609 1786 2652 Aaron
1816 2609 1944 2665 fuge-

107 2671 209 2708 runt
240 2666 297 2708 ad
330 2666 670 2709 tabernaculum
701 2666 900 2709 foederis.
935 2666 1080 2721 Quod,
1116 2672 1351 2723 postquam
1386 2667 1574 2724 ingressi
1611 2673 1736 2723 sunt,
1775 2669 1945 2725 operuit

107 2724 265 2780 nubes,
311 2731 354 2768 et
389 2725 595 2782 apparuit
636 2725 777 2782 gloria
816 2725 1011 2769 Domini.
1050 2725 1086 2752 44
1125 2726 1338 2782 Dixitque
1375 2727 1592 2772 Dominus
1625 2727 1683 2771 ad
1718 2728 1904 2784 Moysen
1937 2744 1945 2772 :

107 2783 144 2810 45
170 2784 379 2828 Recedite
404 2785 458 2828 de
483 2785 630 2828 medio
651 2785 784 2841 hujus
810 2784 1132 2839 multitudinis,
1155 2785 1290 2828 etiam
1312 2800 1430 2829 nunc
1457 2786 1613 2830 delebo
1636 2801 1721 2830 eos.
1746 2787 1946 2843 Cumque

106 2842 305 2898 jacerent
325 2843 372 2886 in
393 2849 530 2899 terra,
551 2843 590 2870 46
611 2844 724 2887 dixit
746 2844 922 2900 Moyses
950 2844 1008 2886 ad
1037 2845 1187 2887 Aaron
1216 2861 1224 2888 :
1250 2845 1376 2888 Tolle
1396 2846 1695 2900 thuribulum,
1718 2851 1762 2890 et
1787 2846 1946 2889 hausto

105 2902 209 2957 igne
234 2902 289 2946 de
312 2903 464 2958 altari,
491 2903 620 2946 mitte
643 2903 877 2947 incensum
907 2902 1113 2960 desuper,
1145 2918 1332 2961 pergens
1362 2905 1450 2948 cito
1475 2905 1532 2948 ad
1558 2905 1772 2962 populum
1798 2910 1846 2948 ut
1878 2920 1943 2949 ro-

105 2974 182 3016 ges
204 2975 281 3018 pro
299 2962 362 3005 eis
380 2979 389 3017 3
411 2962 506 3018 jam
526 2962 646 3005 enim
667 2977 842 3018 egressa
860 2967 926 3005 est
949 2962 1015 3005 ira
1039 2977 1066 3005 a
1093 2963 1305 3019 Domino,
1328 2970 1372 3007 et
1393 2964 1526 3021 plaga
1549 2965 1748 3008 desaevit.
1769 2964 1804 2992 47
1819 2964 1943 3015 Quod

106 3033 208 3062 cum
229 3021 411 3064 fecisset
435 3022 607 3076 Aaron,
638 3027 682 3065 et
703 3021 967 3065 cucurrisset
990 3021 1048 3065 ad
1079 3022 1274 3066 mediam
1307 3023 1662 3080 multitudinem,
1689 3038 1822 3080 quarn
1850 3023 1943 3079 jam

106 3079 312 3122 vastabat
336 3080 615 3136 incendium,
654 3081 816 3124 obtulit
848 3081 1117 3137 thymiama,
1144 3081 1181 3108 4⁸
1207 3087 1252 3125 et
1283 3087 1404 3126 stans
1437 3083 1552 3127 inter
1582 3088 1776 3126 mortuos
1801 3097 1852 3126 ac
1875 3082 1939 3126 vi-

106 3144 281 3194 ventes,
304 3153 381 3196 pro
413 3139 576 3196 populo
606 3139 866 3197 deprecatus
899 3146 986 3195 est,
1021 3146 1064 3184 et
1100 3141 1234 3198 plaga
1268 3142 1471 3185 cessavit.
1496 3142 1533 3168 ‘¹9
1566 3143 1764 3186 Fuerunt
1792 3147 1942 3185 autem

107 3196 180 3252 qui
205 3198 400 3254 percussi
422 3204 545 3254 sunt,
573 3199 908 3255 quatuordecim
929 3199 1071 3243 millia
1096 3200 1350 3255 hominum,
1378 3205 1421 3244 et
1453 3201 1745 3258 septingenti,
1777 3201 1942 3255 absque

105 3255 173 3298 his
196 3256 269 3312 qui
295 3258 516 3313 perierant
535 3258 582 3300 in
603 3258 821 3302 seditione
846 3258 968 3302 Core.
995 3258 1032 3286 5⁰
1059 3260 1362 3315 Reversusque
1395 3265 1461 3303 est
1485 3261 1636 3304 Aaron
1669 3260 1726 3303 ad
1757 3261 1940 3314 Moysen

105 3314 162 3357 ad
188 3315 350 3358 ostium
376 3317 652 3360 tabernaculi
674 3317 880 3373 foederis,
902 3323 1138 3375 postquam
1160 3319 1328 3374 quievit
1351 3319 1570 3363 interitus.

165 3374 271 3417 CAP.
295 3375 449 3418 XVII.
471 3402 530 3408 —
550 3376 564 3402 ¹
589 3378 647 3419 Et
671 3376 845 3420 locutus
866 3382 932 3420 est
951 3377 1168 3421 Dominus
1190 3378 1247 3421 ad
1269 3378 1475 3434 Moysen,
1496 3378 1647 3422 dicens
1669 3394 1677 3421 :
1704 3376 1721 3403 2
1744 3378 1940 3432 Loquere

107 3432 162 3475 ad
188 3433 301 3477 filios
327 3434 487 3490 Israel,
511 3440 554 3478 et
574 3435 728 3492 accipe
752 3435 808 3478 ab
835 3435 897 3479 eis
930 3437 1079 3492 virgas
1109 3437 1308 3492 singulas
1341 3451 1418 3493 per
1451 3436 1736 3492 cognationes
1765 3450 1887 3490 suas,
1907 3451 1933 3478 a

110 3492 278 3534 cunctis
301 3492 575 3550 principibus
604 3494 824 3546 tribuum,
854 3495 1003 3549 virgas
1033 3495 1290 3548 duodecim,
1324 3501 1366 3539 et
1399 3494 1746 3550 uniuscujusque
1778 3508 1939 3537 nomen

110 3633 158 3666 31]
181 3633 280 3662 Deut.
296 3634 358 3670 XI,
374 3638 400 3664 6.
423 3636 477 3664 ΡΞ.
494 3637 558 3671 CV,
573 3639 666 3666 17-18.
685 3652 719 3657 —
733 3639 782 3671 46]
799 3637 872 3670 Sap.
891 3638 1021 3669 XVIII,
1038 3639 1082 3664 21·

2046 322 2217 352 Juuicium

2042 366 2171 395 Domini
2188 368 2233 396 de·

2039 410 2232 440 rebellibus.

2014 1851 2140 1880 «Iudicii
2151 1851 2266 1886 huJus

2070 1903 2204 1929 Slgnum

2030 1943 2239 1974 perpetuum.

2046 2501 2148 2534 Plaga
2165 2499 2224 2528 Dei

2042 2545 2075 2573 in
2094 2546 2223 2578 plebem

2031 2596 2239 2618 murmuran-

2094 2636 2172 2662 tem.

2047 3382 2210 3411 Miraculo

2076 3427 2180 3460 virgae

2016 3473 2246 3500 confirmatur<

2056 3515 2197 3544 Aaronis

2046 3559 2206 3593 dignitas.
