2423 3861
779 134 919 176 ins-11.
956 133 1050 186 111,
1089 134 1139 173 12
1173 157 1230 162 -
1266 130 1315 185 v,
1350 132 1388 171 s.
1883 127 1993 171 1019

173 302 458 360 judicabant,
481 308 524 346 et
547 303 799 346 sacerdotes
825 302 920 357 ejus
946 302 990 344 in
1022 301 1222 344 mercede
1248 299 1486 353 docebant,
1514 303 1558 341 et
1584 298 1806 355 prophetae
1833 297 1929 351 ejus
1950 297 1996 338 in

174 361 363 418 pecunia
388 361 675 415 divinabant3
707 367 751 404 et
779 375 909 417 super
941 360 1178 403 Dominum
1212 358 1566 414 requiescebant,
1597 356 1792 399 dicentes
1820 372 1828 399 z
1860 355 1997 397 Num-

174 420 280 476 quid
318 434 403 462 non
443 420 658 463 Dominus
695 420 740 462 in
781 419 926 462 medio
964 422 1201 462 nostrum?
1240 419 1338 461 Non
1377 416 1555 460 venient
1587 429 1716 472 super
1750 428 1829 457 nos
1865 413 1996 455 mala.

175 478 211 505 ¹²
230 479 412 535 Propter
436 479 539 534 hoc,
567 493 700 522 causa
722 478 877 533 vestri,
906 478 1008 521 Sion
1035 477 1157 533 quasi
1185 491 1290 531 ager
1309 476 1518 530 arabitur,
1539 480 1582 518 et
1603 473 1851 517 Jerusalem
1873 471 1998 528 quasi

174 552 358 581 acervus
383 537 582 595 lapidum
604 537 706 592 erit,
733 542 776 580 et
799 551 923 579 1110115
946 536 1098 593 templi
1121 536 1165 578 in
1193 535 1367 578 excelsa
1389 534 1614 576 silvarum.

733 658 757 714 ξ
791 658 854 700 ΙΙ.
887 682 944 689 -
977 657 1083 700 Sion
1112 656 1446 712 ylorificabz'tur.

234 775 341 816 (ΑΡ.
370 773 449 815 IV.
471 797 530 805 -
552 772 563 797 '¹
594 773 650 813 Et
675 772 787 815 erit:
817 772 863 814 in
898 771 1136 813 novissimo
1171 771 1338 814 dierum
1371 771 1451 813 erit
1482 784 1604 812 mons
1636 769 1791 812 domus
1822 766 2000 811 Domini

176 838 448 887 praeparatus
477 831 523 872 in
555 830 717 873 vertice
752 830 990 885 montium,
1025 835 1068 872 ct
1106 829 1307 872 sublimis
1344 843 1474 885 snper
1506 828 1667 881 colles3
1704 833 1747 870 et
1777 826 1913 870 fluent
1944 825 2002 868 ad

175 904 276 933 eum
303 889 474 946 populi,
501 889 518 914 ²³
535 896 578 932 et
604 889 900 945 properabunt
929 893 1084 943 gentes
1115 888 1289 943 multae,
1314 893 1357 930 ct
1382 888 1558 930 dicent:
1584 887 1762 940 Venite,
1789 885 2000 928 ascenda-

176 963 271 991 mus
296 948 352 991 ad
376 953 570 990 montem
598 948 798 1003 Domini,
823 953 866 991 et
890 948 946 990 ad
974 947 1152 990 domum
1181 947 1262 990 Dei
1285 946 1453 1001 Jacob3
1481 951 1525 989 ct
1550 945 1727 989 docebit
1747 959 1826 988 nos
1848 944 1902 987 de
1920 943 2002 986 viis

174 1007 285 1063 suis,
310 1012 354 1050 et
384 1007 547 1049 ibimus
580 1007 625 1049 in
659 1007 829 1050 semitis
863 1006 980 1062 ejus,
1007 1006 1109 1062 quia
1136 1006 1189 1049 de
1223 1006 1325 1049 Sion
1351 1005 1603 1061 egredietur
1630 1004 1724 1059 lex,
1750 1010 1793 1047 et
1817 1003 2003 1045 verbum

176 1066 357 1110 Domini
392 1066 446 1108 de
479 1065 742 1109 Jerusalem.
769 1065 786 1092 3
812 1067 869 1108 Et
896 1065 1118 1121 judicabit
1146 1063 1262 1107 inter
1295 1064 1477 1121 populos
1509 1063 1691 1118 multos,
1723 1069 1766 1105 et
1799 1061 2005 1117 corripiet

175 1131 331 1182 gentes
353 1125 492 1168 fortes
515 1139 651 1180 usque
675 1125 720 1166 in
743 1124 1062 1180 longinquum;
1089 1128 1134 1167 et
1155 1124 1388 1166 concident
1410 1123 1583 1178 gladios
1605 1136 1704 1164 suos
1726 1121 1771 1164 in
1791 1134 2002 1174 vomeres,

176 1189 221 1228 et
249 1184 399 1226 hastas
425 1198 525 1226 suas
551 1183 596 1226 in
624 1183 822 1239 ligones:
851 1197 936 1226 non
967 1188 1112 1226 sumet
1141 1197 1249 1238 gens
1278 1182 1488 1225 adversus
1515 1186 1692 1235 gentem
1715 1179 1935 1236 gladium,
1962 1184 2005 1222 et

175 1257 263 1287 11011
286 1243 456 1286 discent
482 1243 596 1285 ultra
622 1243 897 1298 belligerare.
921 1242 938 1268 4
958 1243 1014 1285 Et
1034 1241 1206 1285 sedebit
1228 1242 1294 1283 vir
1315 1241 1470 1283 subtus
1489 1240 1622 1283 vitem
1644 1254 1767 1282 suam
1789 1245 1831 1282 et
1849 1238 2004 1280 subtus

174 1304 308 1346 ficum
330 1316 477 1357 suam,
501 1308 544 1345 et
570 1316 654 1344 non
681 1302 764 1344 erit
786 1302 857 1357 qui
878 1301 1107 1356 deterreat,
1128 1300 1230 1356 quia
1249 1315 1295 1343 os
1319 1299 1497 1342 Domini
1519 1299 1788 1342 exercituum
1808 1298 2006 1340 locutum

176 1367 255 1405 est.
279 1362 295 1387 ⁵¹
314 1361 424 1412 Quia
448 1375 598 1404 omnes
624 1361 775 1417 populi
796 1360 1092 1402 ambulabunt
1116 1359 1415 1414 unusquisque
1438 1358 1484 1400 in
1510 1358 1687 1401 nomine
1710 1357 1779 1400 dei
1804 1356 1899 1410 sui3
1928 1370 2005 1399 nos

176 1429 325 1464 autem
351 1420 678 1462 ambulabimus
703 1419 750 1461 in
783 1419 961 1462 nomine
991 1418 1169 1461 Domini
1200 1418 1281 1460 Dei
1308 1417 1464 1471 nostri,
1491 1417 1537 1460 in
1566 1422 1776 1460 aeternum
1804 1420 1847 1458 et
1879 1415 2004 1457 ultra.

177 1480 196 1506 6
219 1481 274 1522 111
311 1479 381 1522 die
414 1479 512 1533 illa,
544 1478 653 1520 dicit
688 1478 924 1531 Dominus,
963 1477 1242 1532 congregabo
1279 1476 1629 1530 claudicantem,
1668 1480 1711 1518 et
1744 1488 1837 1517 eam
1875 1488 2007 1529 quam

177 1539 396 1594 ejeceram
423 1537 653 1592 colligam,
681 1542 725 1579 et
746 1550 879 1591 quam
904 1536 1175 1588 afflixeram3
1202 1535 1216 1560 ⁷
1236 1540 1279 1578 et
1304 1549 1464 1590 ponam
1492 1534 1817 1576 claudicantem
1841 1533 1886 1574 in
1909 1532 2007 1575 reli-

178 1597 323 1653 quias,
347 1603 389 1639 et
411 1610 507 1639 eam
531 1610 629 1650 quae
651 1595 950 1648 laboraverat,
970 1594 1015 1635 in
1035 1600 1214 1649 gentem
1232 1594 1457 1636 robustam
1476 1609 1484 1644 ς
1510 1597 1553 1635 et
1570 1591 1775 1647 regnabit,
1796 1591 2008 1634 Dominus

177 1670 306 1712 super
331 1669 403 1698 eos
424 1655 470 1697 in
492 1660 641 1697 monte
667 1653 791 1707 Sion,
816 1667 870 1696 ex
895 1653 978 1696 hoc
1003 1667 1120 1695 nunc
1142 1658 1186 1695 et
1210 1666 1345 1707 usque
1371 1652 1414 1693 in
1445 1656 1672 1693 aeternnm.

236 1714 253 1741 ὃ
277 1716 334 1757 Et
359 1720 426 1769 tu,
454 1713 585 1756 turris
607 1713 754 1769 gregis
779 1712 992 1755 nebulosa
1023 1711 1128 1753 filiae
1156 1711 1280 1765 Sion,
1303 1725 1441 1766 usque
1463 1710 1520 1753 ad
1546 1718 1589 1752 te
1609 1709 1780 1764 veniet,
1802 1715 1846 1752 et
1864 1709 2010 1752 veniet

177 1779 372 1832 potestas
402 1773 565 1830 prima,
601 1786 789 1828 regnum
821 1773 925 1814 filiae
960 1771 1222 1815 Jerusalem.
1256 1770 1273 1796 ⁰
1299 1770 1428 1812 Nunc
1461 1783 1595 1824 quare
1625 1782 1810 1812 moerore
1839 1773 2011 1811 contra-

176 1832 328 1877 heris?
356 1832 582 1888 Numquid
608 1846 685 1874 rex
711 1845 796 1874 non
814 1840 887 1878 est
912 1830 1014 1886 tibi,
1041 1834 1118 1872 aut
1151 1828 1428 1872 consiliarius
1460 1833 1562 1871 tuus
1591 1828 1741 1885 periit,
1765 1827 1867 1883 quia
1894 1841 2010 1870 com-

178 1892 412 1952 prehendit
433 1897 477 1935 te
502 1891 626 1934 dolor
649 1891 764 1934 sicut
785 1889 1104 1947 parturientem
1121 1888 1142 1931 ⁴?
1170 1888 1201 1915 ¹⁰
1218 1889 1328 1931 Dole
1353 1892 1397 1931 et
1420 1892 1594 1943 satage,
1622 1887 1713 1929 filia
1737 1887 1861 1941 Sion,
1888 1885 2011 1942 quasi

178 1951 446 2010 parturiens,
474 1951 576 2007 quia
605 1964 722 1994 nunc
752 1949 989 2006 egredieris
1024 1949 1078 1991 de
1109 1948 1312 2004 civitate,
1340 1952 1384 1990 et.
1408 1946 1634 1990 habitabis
1662 1946 1707 1988 in
1738 1945 1937 2001 regione,
1970 1950 2012 1988 et

179 2012 331 2055 venies
353 2025 489 2066 usque
513 2010 570 2053 ad
601 2010 904 2066 Babylonem:
933 2008 995 2051 ibi
1026 2007 1303 2062 liberaberis,
1330 2006 1393 2049 ibi
1418 2007 1606 2049 redimet
1630 2009 1674 2049 te
1709 2004 1925 2048 Dominus
1958 2004 2012 2047 de

180 2085 315 2113 manu
344 2070 625 2113 inimicorum
658 2074 847 2112 tuorum.
882 2067 913 2094 1¹
941 2069 998 2110 Et
1028 2082 1145 2110 1111110
1176 2070 1457 2122 congregatae
1485 2069 1588 2108 sunt
1620 2078 1750 2120 super
1781 2069 1824 2106 te
1858 2069 2012 2118 gentes

180 2130 356 2185 multae,
384 2143 481 2185 quae
509 2129 690 2172 dicunt:
722 2128 976 2184 Lapidetur,
1001 2132 1044 2170 et
1069 2126 1258 2183 aspiciat
1287 2125 1331 2167 in
1360 2125 1460 2168 Sion
1490 2124 1640 2167 oculus
1669 2128 1829 2166 noster.
1862 2121 1897 2148 12
1919 2121 2012 2178 Ipsi

181 2194 330 2232 autem
351 2203 438 2231 non
465 2192 768 2244 cognoverunt
794 2186 1085 2242 cogitat-iones
1112 2185 1318 2238 Domini;
1343 2190 1387 2227 et
1412 2198 1499 2226 non
1527 2182 1845 2226 intellexerunt
1871 2181 2011 2224 consi-

180 2248 290 2290 lium
320 2248 436 2303 ejus,
465 2247 567 2303 quia
597 2246 887 2302 congregavit
920 2259 993 2288 eos
1026 2245 1150 2301 quasi
1183 2244 1355 2286 foenum
1386 2257 1513 2285 areae.
1541 2242 1577 2268 '¹3
1603 2242 1740 2297 Surge
1770 2247 1812 2284 et
1834 2240 2011 2295 tritura,

180 2307 272 2350 filia
299 2307 416 2361 Sion,
437 2307 540 2362 quia
565 2320 699 2349 cornu
720 2310 846 2348 tuum
869 2319 1030 2361 ponam
1051 2305 1258 2358 ferreum,
1279 2309 1322 2346 et
1340 2301 1528 2357 ungulas
1551 2307 1648 2344 tuas
1670 2314 1831 2357 ponam
1853 2313 2009 2352 aereas3

183 2372 226 2410 et
259 2366 531 2410 comminues
564 2365 748 2422 populos
774 2364 957 2419 multos,
993 2369 1035 2407 et
1066 2362 1305 2405 interficies
1340 2360 1529 2404 Domino
1562 2360 1740 2417 rapinas
1770 2373 1940 2414 eorum,
1971 2364 2014 2400 et

181 2425 494 2469 fortitudinem
520 2438 667 2467 eorum
696 2423 885 2467 Domino
911 2423 1128 2466 universae
1151 2428 1293 2465 terra).

244 2485 352 2528 CAP.
387 2484 440 2527 V.
474 2509 533 2516 —
570 2484 733 2527 1Nunc
777 2483 1043 2537 vastaberis,
1085 2482 1176 2524 filia
1220 2481 1418 2524 latronis.
1454 2479 1740 2524 Obsidionem
1777 2483 2015 2535 posuerunt

183 2559 314 2602 super
335 2558 434 2600 nOS,
459 2544 506 2586 in
524 2543 650 2599 virga
671 2542 920 2600 percutient
946 2541 1177 2584 maxillam
1198 2540 1362 2597 judicis
1382 2539 1535 2583 Israel.
1558 2538 1576 2564 ‘²
1594 2540 1651 2581 Et
1671 2543 1732 2594 tu,
1754 2537 2016 2581 Bethlehem

183 2605 403 2661 Ephrata,
431 2603 640 2660 parvulus
670 2617 714 2646 es
740 2602 785 2645 in
811 2601 1007 2644 millibus
1034 2600 1178 2653 Juda3
1206 2614 1261 2643 ex
1289 2604 1333 2642 te
1358 2599 1465 2641 mihi
1491 2597 1742 2654 egredietur
1763 2597 1837 2653 qui
1862 2596 1919 2639 sit
1940 2595 2015 2639 do-

184 2663 377 2706 minator
401 2663 447 2705 in
473 2662 633 2718 Israel,
665 2667 709 2705 et
734 2675 933 2717 egressus
959 2661 1054 2717 ejus
1080 2660 1137 2702 ab
1166 2658 1316 2713 initio,
1340 2673 1366 2700 a
1391 2658 1544 2701 diebus
1572 2656 1845 2700 aeternitatis.
1873 2655 1891 2682 3
1913 2656 2015 2698 Pro-

184 2728 281 2780 pter
306 2723 388 2765 hoc
416 2722 539 2765 dabit
565 2735 637 2765 eos
659 2735 797 2776 usque
821 2720 877 2763 ad
904 2725 1078 2776 tempus
1103 2719 1150 2762 in
1176 2733 1259 2774 quo
1286 2717 1533 2775 parturiens
1558 2715 1722 2773 pariet3
1751 2720 1795 2758 et
1818 2713 2016 2770 reliquiae

183 2782 377 2825 fratrum
404 2782 500 2837 ejus
526 2785 838 2824 convertentur
859 2779 916 2823 ad
937 2779 1050 2822 filios
1076 2778 1229 2822 Israel.

243 2841 261 2867 4
288 2842 345 2883 Et
378 2840 534 2896 stabit,
566 2846 608 2883 et
641 2844 793 2897 pascet
824 2839 871 2882 in
904 2838 1170 2882 fortitudine
1203 2837 1405 2893 Domini,
1438 2837 1484 2879 in
1517 2834 1793 2878 sublimitate
1825 2832 2016 2876 nominis

188 2900 369 2944 Domini
394 2900 476 2943 Dei
502 2899 592 2954 sui,
621 2904 665 2942 et
693 2902 1017 2952 convertentur,
1041 2897 1144 2953 quia
1169 2911 1286 2939 nunc
1312 2894 1673 2952 magnificabitur
1693 2907 1831 2948 usque
1855 2891 1913 2935 ad
1933 2897 2017 2934 ter-

187 2960 328 3002 minos
356 2966 497 3003 terrae.
521 2959 538 2986 5
556 2960 613 3002 Et
638 2959 720 3003 erit
745 2958 828 3001 iste
852 2973 953 3015 pax.
982 2958 1094 3000 Cum
1115 2956 1287 2999 venerit
1308 2955 1516 3011 Assyrius
1541 2953 1587 2996 in
1612 2958 1775 2996 terram
1799 2956 2016 3006 nostram,

187 3024 232 3062 et
250 3019 426 3075 quando
446 3019 685 3063 calcaverit
706 3018 753 3060 in
775 3017 978 3061 domibus
997 3015 1170 3071 nostris,
1189 3019 1235 3058 et
1251 3013 1564 3058 suscitabimus
1583 3026 1713 3068 super
1730 3025 1831 3054 eum
1849 3016 2018 3066 septem

188 3084 386 3137 pastores
412 3085 455 3122 et
477 3085 574 3122 octo
600 3078 810 3135 primates
832 3076 1030 3119 homines
1048 3093 1057 3130 3
1081 3075 1098 3101 ⁶
1115 3080 1158 3117 et
1179 3078 1362 3131 pascent
1385 3078 1545 3116 terram
1566 3072 1706 3114 Assur
1725 3070 1771 3112 in
1793 3069 1956 3125 gladio,
1972 3074 2013 3112 et

190 3144 353 3181 terram
389 3138 585 3183 Nemrod
621 3138 667 3180 in
701 3136 866 3179 lanceis
900 3135 1020 3191 ejus,
1056 3140 1099 3177 et
1131 3132 1339 3176 liberabit
1377 3132 1434 3174 ab
1467 3132 1607 3174 Assur
1639 3144 1739 3172 cum
1771 3128 1941 3172 venerit
1971 3128 2012 3171 in

189 3203 353 3241 terram
381 3203 598 3254 nostram,
626 3202 669 3240 et
699 3210 799 3239 cum
825 3193 1065 3238 calcaverit
1088 3193 1134 3235 in
1164 3192 1324 3235 finibus
1351 3191 1524 3236 nostris.
1551 3190 1566 3216 7
1586 3191 1643 3233 Et
1672 3193 1801 3232 erunt
1820 3187 2019 3243 reliquiae

191 3258 334 3301 Jacob
358 3257 403 3300 in
430 3257 576 3301 medio
601 3255 864 3314 populorum
889 3253 1128 3296 multorum
1151 3251 1274 3307 quasi
1296 3266 1365 3295 ros
1390 3265 1416 3293 a
1435 3249 1646 3304 Domino,
1673 3253 1716 3291 et
1738 3246 1862 3303 quasi
1888 3246 2019 3289 stillae

191 3331 322 3373 super
350 3317 554 3373 herbam,
579 3331 675 3372 quae
704 3329 790 3357 non
826 3317 1032 3369 expectat
1061 3311 1224 3366 virum,
1251 3315 1295 3354 et
1323 3325 1411 3354 non
1439 3308 1721 3367 praestolatur
1742 3306 1855 3350 filios
1879 3305 2020 3348 homi-

192 3390 312 3419 num.
334 3376 351 3404 8
370 3378 427 3419 Et
451 3381 578 3430 erunt
599 3374 798 3430 reliquiae
824 3372 965 3416 Jacob
990 3371 1036 3413 in
1065 3370 1293 3427 gentibus,
1323 3370 1369 3412 in
1396 3369 1540 3412 medio
1570 3367 1832 3424 populorum
1861 3364 2020 3408 multo-

193 3449 311 3490 rum,
334 3436 458 3491 quasi
483 3436 550 3478 leo
575 3435 623 3477 in
648 3432 862 3490 jumentis
892 3431 1124 3485 silvarum,
1151 3435 1194 3473 et
1220 3429 1342 3485 quasi
1373 3427 1546 3471 catulus
1571 3425 1710 3469 leonis
1738 3425 1785 3467 in
1811 3423 2021 3481 gregibus

196 3595 242 3628 12]
261 3595 329 3622 Jer.
346 3595 476 3629 XXVI,
493 3597 537 3623 18.
555 3609 590 3613 -
609 3595 636 3628 1]
658 3594 701 3622 Is.
722 3595 754 3621 ΙΙ
771 3613 776 3627 ,
793 3596 818 3620 2.
839 3607 872 3611 -
889 3593 914 3625 T]
935 3589 1032 3622 Sopn.
1053 3589 1182 3623 111,19.
1206 3588 1286 3616 Dan.
1304 3587 1382 3622 VII,
1402 3588 1444 3614 14.
1467 3585 1546 3612 Luc.
1568 3585 1601 3619 Ι,
1623 3586 1667 3612 32.
1681 3597 1717 3603 -
1737 3584 1766 3617 2]
1786 3582 1906 3610 Matth.
1927 3582 2021 3617 11‚6.

195 3638 292 3666 Joan.
310 3639 396 3670 VII,
412 3641 457 3666 42.

2087 787 2133 814 De
2163 784 2289 814 montis

2123 828 2257 858 Domini

2078 871 2298 902 exaltatione.

2128 1718 2166 1744 111
2185 1715 2262 1744 Sion

2113 1769 2131 1788 a
2144 1759 2280 1788 Christo

2149 1811 2228 1837 rege
2237 1826 2245 1838 ,

2124 1848 2270 1878 devictis

2109 1891 2286 1927 hostibus,

2087 1936 2307 1966 renovabitur

2102 1979 2290 2015 imperium.

2139 2478 2265 2507 Christi

2094 2522 2258 2552 nativitas
2276 2521 2310 2550 in

2093 2567 2289 2596 Bethlehem
2301 2587 2308 2601 ‚

2131 2834 2273 2869 ejusque

2133 2885 2275 2912 regnum

2084 2923 2261 2957 pacificum
2286 2929 2325 2951 ae

2105 2966 2301 3001 gloriosum.
