2456 3861
771 158 818 200 11
852 158 963 201 Pin.
997 156 1219 210 XXXVI,
1255 154 1387 198 7-23.
1905 153 1990 195 443

169 330 369 372 vinctum
396 329 562 373 catenis
585 329 713 372 duxit
734 328 779 371 in
804 328 1098 384 Babylonem,
1126 326 1141 352 ⁷
1159 326 1215 369 ad
1239 339 1371 382 quam
1393 329 1436 368 et
1462 338 1568 367 vasa
1595 323 1774 367 Domini
1803 328 1992 367 transtu-

170 387 241 443 lit,
264 394 306 432 et
332 388 477 445 posuit
501 380 553 431 'ea
574 388 619 430 in
642 387 806 444 templo
832 401 922 430 suo.

224 447 240 473 ⁸
264 446 449 503 Reliqua
475 453 623 490 autem
647 447 875 490 verborum
903 446 930 487 J
935 445 1104 500 oakim,
1135 450 1178 488 et
1203 443 1582 486 abominationum
1616 442 1733 497 ejus,
1761 456 1867 497 quas
1894 456 1993 498 ope-

170 512 289 550 ratus
312 512 396 561 est,
421 512 464 550 et
489 521 586 561 quae
612 506 792 548 inventa
814 509 916 546 sunt
940 504 982 545 in
1008 518 1078 558 eo,
1103 503 1383 546 continentur
1408 501 1453 544 111
1478 501 1609 544 Libro
1636 515 1788 557 regum
1811 502 1837 544 J
1845 500 1928 543 uda
1952 505 1994 543 et

172 566 322 608 Israel.
348 565 568 620 Regnavit
593 570 739 607 autem
767 562 979 615 Joachin,
1003 562 1118 603 tilius
1144 562 1260 616 ejus,
1284 575 1359 617 pro
1386 575 1449 603 60.

229 624 246 650 9
265 625 373 667 Octo
396 638 610 666 annorum
633 628 725 666 erat
747 622 774 664 J
779 621 937 664 oachin
961 634 1060 663 cum
1083 634 1265 675 regnare
1288 619 1491 675 coepisset
1511 636 1518 672 ;
1544 625 1586 662 ct
1608 619 1747 662 tribus
1770 618 1994 662 mensibus

171 698 222 726 ac
256 683 407 726 decem
443 682 597 725 diebus
630 679 834 736 regnavit
862 679 906 720 in
937 678 1213 729 Jerusalem3
1246 678 1443 732 fecitque
1481 678 1642 719 malum
1680 679 1722 720 in
1758 683 1995 734 conspectu

173 742 365 785 Domini.
393 741 425 767 ¹⁰
442 741 640 795 Cumque
667 738 771 781 anni
806 738 995 780 circulus
1025 737 1286 791 volveretur,
1311 736 1431 777 misit
1462 737 1867 779 Nabuchodonosor
1900 751 1996 791 rex,

173 801 244 856 qui
275 801 557 843 adduxerunt
579 812 679 841 eum
704 797 749 839 111
778 795 1075 851 Babylonem,
1101 794 1339 851 asportatis
1369 794 1501 836 simul
1524 795 1850 850 pretiosissimis
1881 795 1997 837 vasis

173 860 328 902 domus
362 857 570 910 Domini;
610 870 759 912 regem
797 868 898 897 vero
936 853 1167 897 constituit
1195 852 1447 908 Sedeciam,
1482 858 1687 909 patruum
1721 854 1837 909 ejus,
1872 868 2000 910 super

173 919 338 961 Judam
363 922 406 960 et
430 915 691 959 Jerusalem.

237 977 265 1003 ¹¹
286 974 459 1031 Viginti
490 979 532 1018 et
561 974 691 1017 unius
716 974 821 1017 anni
852 979 943 1017 erat
975 973 1179 1018 Sedecias
1206 987 1307 1016 cum
1335 985 1519 1027 regnare
1541 970 1766 1026 coepisset,
1798 976 1841 1014 et
1866 972 2001 1015 unde-

175 1037 260 1081 cim
292 1034 419 1077 annis
452 1033 656 1089 regnavit
688 1033 734 1075 in
768 1033 1030 1076 Jerusalem.
1065 1031 1100 1058 ¹⁹²
1126 1032 1338 1087 Fecitque
1370 1030 1538 1073 malum
1568 1030 1615 1072 in
1648 1029 1786 1072 oculis
1822 1030 2000 1073 Domini

175 1095 255 1138 Dei
290 1093 378 1148 sui,
414 1107 493 1136 1166
528 1091 702 1136 erubuit
731 1092 897 1135 faciem
923 1092 1130 1135 Jeremiae
1161 1090 1406 1148 prophetae,
1438 1087 1657 1146 loquentis
1687 1088 1743 1131 ad
1772 1103 1818 1132 se
1844 1102 1897 1131 ex
1931 1102 2002 1131 ore

176 1152 368 1197 Domini.
401 1152 437 1178 ¹3
454 1152 494 1194 A
515 1165 618 1207 rege
643 1165 814 1207 quoque
837 1150 1245 1194 Nabuchodonosor
1266 1148 1466 1204 recessit,
1494 1148 1567 1204 qui
1592 1147 1878 1204 adjuraverat
1903 1161 2003 1191 eum

175 1227 250 1270 per
284 1213 455 1265 Deum;
495 1216 538 1255 et
569 1210 797 1254 induravit
831 1210 1048 1254 cervicem
1085 1224 1211 1253 suam
1244 1214 1287 1252 et
1320 1222 1394 1251 cor
1425 1212 1474 1250 ut
1506 1222 1593 1251 11011
1625 1211 1916 1250 reverteretur
1947 1206 2003 1249 ad

176 1271 437 1326 Dominum,
464 1271 607 1313 Deum
637 1269 788 1312 Israel.
821 1269 856 1295 ¹4
875 1269 958 1313 Sed
985 1274 1027 1312 et
1050 1268 1242 1311 universi
1268 1267 1488 1325 principes
1519 1266 1818 1323 sacerdotum,
1854 1271 1897 1310 et
1930 1280 2004 1323 po-

175 1331 324 1388 pulus,
359 1329 637 1387 praevaricati
671 1334 773 1371 sunt
801 1328 950 1384 inique
979 1328 1107 1384 juxta
1142 1328 1368 1370 universas
1401 1326 1752 1368 abominationes
1783 1325 2003 1382 gentium,

176 1396 219 1433 et
252 1389 504 1446 polluerunt
537 1388 718 1431 domum
752 1387 952 1443 Domini,
990 1401 1123 1443 quam
1155 1386 1512 1428 sanctificaverat
1545 1385 1629 1428 sibi
1662 1384 1709 1426 in
1742 1384 2001 1428 Jerusalem.

179 1449 213 1475 ¹5
230 1449 439 1491 Mittebat
471 1453 621 1490 autem
655 1446 892 1502 Dominus,
921 1448 1038 1489 Deus
1068 1450 1244 1502 patrum
1277 1459 1475 1500 suorum,
1502 1444 1559 1487 ad
1592 1444 1692 1487 illos
1717 1458 1793 1500 per
1825 1457 2006 1485 manum

179 1507 432 1550 nuntiorum
453 1520 643 1561 suorum,
668 1505 722 1549 de
744 1510 872 1548 nocte
898 1518 1179 1559 consurgens,
1207 1508 1250 1546 et
1272 1503 1469 1559 quotidie
1496 1516 1791 1558 commonens,
1819 1516 1868 1545 60
1892 1500 2007 1557 quod

178 1571 375 1624 parceret
407 1565 567 1622 populo
598 1570 641 1608 et
673 1564 929 1607 habitaculo
961 1577 1053 1606 5110.
1087 1563 1121 1589 16
1138 1563 1200 1605 At
1230 1562 1297 1604 illi
1330 1561 1666 1604 subsannabant
1699 1561 1877 1603 nuntios
1904 1559 2007 1615 Dei,

179 1632 222 1670 et
249 1623 631 1682 parvipendebant
659 1637 880 1667 sermones
910 1623 1031 1679 ejus,
1057 1621 1394 1677 illudebantque
1423 1621 1668 1679 prophetis.
1697 1619 1835 1663 donec
1858 1634 2008 1662 ascen-

179 1685 300 1728 deret
332 1684 457 1726 furor
490 1682 669 1726 Domini
702 1683 748 1725 in
781 1682 995 1739 populum
1027 1681 1149 1738 ejus,
1178 1685 1222 1724 et
1246 1687 1361 1725 esset
1393 1681 1517 1723 nulla
1543 1680 1725 1724 curatio.
1753 1678 1787 1705 ¹⁷
1805 1678 2010 1722 Adduxit

180 1744 297 1788 6111111
319 1757 449 1799 super
471 1757 542 1785 eos
567 1756 718 1798 regem
744 1741 1068 1797 Chaldaeorum,
1092 1744 1135 1783 et
1155 1740 1385 1784 interfecit
1407 1741 1591 1796 juvenes
1617 1754 1767 1783 eorum
1793 1738 1942 1794 gladio
1964 1737 2010 1779 in

181 1803 310 1846 domo
336 1801 577 1845 sanctuarii
603 1801 698 1855 sui3
726 1815 814 1844 11011
840 1805 906 1843 est
935 1800 1140 1843 misertus
1163 1799 1479 1855 adolescentis,
1504 1804 1547 1843 et
1568 1798 1774 1855 virginis,
1802 1803 1845 1841 et
1873 1796 2009 1849 561115,

181 1876 260 1905 1166
295 1861 507 1917 decrepiti
538 1860 736 1916 quidem,
770 1860 847 1903 sed
877 1875 1028 1904 omnes
1054 1858 1240 1902 tradidit
1268 1859 1315 1901 in
1349 1859 1554 1902 manibus
1580 1858 1689 1914 ejus.
1718 1857 1753 1884 ¹⁶
1773 1856 2011 1901 Universa-

182 1935 265 1977 que
289 1935 396 1962 vasa
419 1920 574 1962 domus
598 1919 799 1968 Domini,
826 1924 920 1962 tam
942 1919 1112 1975 majora
1139 1933 1272 1974 quam
1297 1919 1486 1974 minora,
1514 1922 1557 1962 et
1585 1918 1810 1961 thesauros
1836 1914 2010 1972 templi.

182 1985 225 2023 et
256 1980 393 2035 regis,
428 1984 471 2022 et
500 1978 771 2036 principum,
801 1978 1030 2021 transtulit
1062 1978 1109 2020 in
1141 1977 1431 2034 Babylonem.
1466 1976 1501 2003 11)
1526 1976 1828 2021 Incenderunt
1866 1975 2012 2017 hostes

183 2039 364 2082 domum
395 2038 498 2093 Dei,
531 2037 928 2094 destruxeruntque
961 2052 1136 2080 murum
1171 2037 1436 2095 Jerusalem,
1470 2036 1698 2079 universas
1727 2040 1867 2078 turres
1897 2047 2014 2076 com-

182 2097 430 2152 busserunt,
454 2103 497 2140 et
519 2097 733 2152 quidquid
759 2098 999 2154 pretiosum
1024 2097 1186 2152 fuerat,
1211 2095 1411 2139 demoliti
1436 2101 1555 2138 sunt.
1579 2091 1618 2121 ²⁰
1631 2094 1674 2139 Si
1698 2094 1794 2150 quis
1816 2096 2016 2136 evaserat

184 2156 405 2212 gladium,
433 2156 591 2199 ductus
616 2155 662 2198 in
688 2156 982 2213 Babylonem,
1009 2156 1193 2200 servivit
1214 2155 1307 2211 regi
1330 2160 1373 2198 et
1394 2154 1496 2197 filiis
1522 2154 1639 2210 ejus,
1667 2153 1806 2196 donec
1827 2152 2014 2207 impera-

185 2222 249 2258 ret
277 2230 354 2258 rex
387 2216 642 2270 Persarum,
673 2214 706 2241 ²¹
734 2221 777 2258 et
809 2215 1102 2272 compleretur
1134 2229 1275 2258 sermo
1311 2213 1491 2257 Domini
1525 2228 1578 2257 ex
1611 2227 1683 2256 ore
1713 2210 1940 2265 Jeremiae,
1975 2214 2018 2252 et

187 2275 428 2318 celebraret
458 2279 571 2317 terra
601 2275 788 2318 sabbata
818 2289 924 2329 sua3
957 2274 1128 2318 cunctis
1159 2273 1278 2317 enim
1308 2273 1462 2316 diebus
1494 2271 1780 2316 desolationis
1802 2270 1895 2326 egit
1920 2268 2018 2311 sab-

187 2333 361 2389 batum,
384 2348 522 2389 usque
547 2334 653 2376 dum
679 2334 1003 2391 complerentur
1024 2333 1306 2390 septuaginta
1328 2332 1446 2375 anni.

247 2391 284 2418 “22
301 2393 432 2436 Anno
462 2398 611 2436 autem
641 2393 782 2450 primo
808 2393 931 2449 Cyri,
960 2393 1077 2448 regis
1104 2392 1357 2448 Persarum,
1391 2391 1448 2434 ad
1475 2391 1745 2448 explendum
1773 2403 2019 2433 sermonem

189 2452 390 2507 Domini,
418 2466 546 2507 quem
573 2452 746 2496 locutus
768 2453 916 2495 fuerat
950 2466 1026 2508 per
1055 2466 1101 2495 os
1136 2450 1366 2507 Jeremiae,
1395 2451 1628 2493 suscitavit
1655 2449 1871 2493 Dominus
1893 2447 2019 2504 spiri-

189 2517 283 2554 tum
317 2511 440 2567 Cyri,
472 2512 586 2567 regis
618 2512 871 2559 Persarum,
906 2510 979 2567 qui
1009 2510 1141 2566 jussit
1165 2509 1400 2566 praedicari
1433 2509 1479 2551 in
1509 2509 1713 2552 universo
1747 2522 1882 2563 regno
1920 2520 2018 2561 5110,

190 2572 324 2614 etiam
345 2585 422 2627 per
446 2571 723 2627 scripturam,
752 2570 902 2614 dicens
934 2587 942 2614 :
969 2568 1006 2596 ²3
1024 2570 1136 2613 Haec
1160 2569 1269 2612 dicit
1291 2570 1443 2625 Cyrus,
1467 2583 1544 2611 rex
1567 2569 1799 2610 Persarum
1824 2583 1833 2610 ε
1860 2564 2020 2610 Omnia

189 2630 325 2684 regna
357 2634 485 2673 terrae
520 2630 643 2673 dedit
676 2630 785 2672 mihi
820 2628 1057 2685 Dominus,
1093 2630 1211 2672 Deus
1247 2628 1364 2683 caeli,
1396 2632 1439 2671 et
1466 2627 1562 2684 ipse
1590 2625 1802 2683 praecepit
1831 2624 1940 2667 mihi
1973 2628 2022 2666 ut

194 2688 458 2732 aedificarem
484 2689 523 2732 ei
554 2689 735 2732 domum
756 2689 802 2732 in
825 2688 1094 2743 Jerusalem,
1119 2702 1217 2743 quae
1244 2692 1309 2730 est
1330 2687 1374 2729 in
1398 2687 1425 2730 J
1430 2686 1574 2729 udaea.
1599 2685 1703 2736 Quis
1729 2699 1783 2728 ex
1804 2684 1930 2727 vobis
1957 2687 2023 2727 est

190 2747 238 2789 in
262 2747 382 2790 omni
404 2748 565 2804 populo
591 2748 725 2804 ejus?
747 2748 805 2791 sit
832 2747 1049 2791 Dominus
1073 2748 1191 2789 Deus
1215 2760 1318 2789 suus
1345 2760 1445 2788 cum
1467 2760 1538 2801 60,
1566 2750 1609 2789 et
1629 2743 1855 2788 ascendat.

194 2891 240 2925 10]
263 2892 307 2918 {V
330 2892 409 2925 Reg.
431 2893 555 2927 XXIV,
574 2896 617 2921 17.
638 2894 706 2921 Jer.
725 2892 900 2924 XXXVII.
928 2895 951 2919 1.
969 2907 1004 2910 —
1021 2892 1068 2924 22]
1090 2891 1104 2918 1
1122 2890 1217 2918 Esdr.
1237 2891 1270 2925 Ι,
1289 2892 1302 2918 1
1321 2892 1356 2918 et
1373 2890 1439 2924 VI,
1457 2892 1483 2918 3.
1504 2890 1572 2917 Jer.
1590 2889 1696 2924 XXV,
1714 2891 1748 2916 12
1769 2890 1803 2915 et
1827 2887 1962 2921 XXIX,
1981 2889 2024 2916 10.

2117 626 2249 657 ngnat

2103 668 2256 697 Joacnin.

2133 975 2243 1004 Ruina

2083 1020 2176 1053 regni
2202 1018 2289 1047 -Juda

2067 1065 2129 1092 sub
2160 1061 2306 1091 sedecia.

2165 2387 2241 2421 Cyri

2110 2432 2283 2460 decretum
2293 2450 2301 2466 ,

2099 2476 2180 2504 dans
2205 2473 2309 2503 exilio

2150 2520 2260 2547 finem.
