2423 3861
168 519 272 550 rogat.
297 525 374 546 cum

204 559 337 589 fiducia.

192 1241 244 1284 Tit
250 1242 336 1270 111115.

177 1321 352 1349 Horrenda

177 1364 351 1393 hominum

171 1408 356 1442 corruptio.

194 2216 330 2245 Poenam

195 2260 325 2289 dabunt

208 2311 314 2340 11111111.

189 3060 332 3090 Titulus.

181 3139 229 3173 Qu
235 3146 337 3167 aenam

182 3182 332 3211 virtutes

189 3226 328 3261 dignum

171 3278 308 3300 accessu
314 3279 345 3299 m

175 3316 215 3343 ad
237 3316 342 3344 Deum

193 3362 323 3391 parent.

485 96 542 139 54
1067 101 1141 146 ΡΞ.
1175 101 1290 157 ΧΠ,
1325 103 1351 143 2
1383 128 1443 134 -
1473 103 1600 147 xiv,
1634 104 1674 145 4.

750 286 974 328 usquequo
999 272 1164 314 avertis
1188 272 1355 315 faciem
1377 278 1501 315 tuam
1522 287 1548 315 a
1574 273 1678 316 me‘?

607 355 609 357 >
652 329 669 356 2
686 331 904 381 Quamdiu
928 346 1091 386 ponam
1114 331 1299 373 consilia
1319 331 1366 374 in
1391 332 1543 374 anima
1567 346 1686 388 mea,

751 390 947 433 dolorem
968 390 1016 432 in
1042 390 1172 433 corde
1197 405 1296 434 meo
1314 405 1394 462 per
1419 391 1537 434 diem
1554 392 1574 433 ἱ)

710 449 728 475 3
749 450 990 506 Usquequo
1018 451 1322 499 exaltabitur
1310 451 1520 494 inimicus
1548 466 1670 495 meus
1697 465 1827 508 super
1850 449 1953 493 me‘?

653 509 672 536 4
688 511 896 567 Respice
922 516 966 554 et
987 511 1148 554 exaudi
1173 526 1264 567 me,
1293 512 1483 554 Domine
1511 512 1630 554 Deus
1653 525 1790 553 mens.

663 617 666 622 ,
754 570 968 613 Illumina
993 570 1142 614 oculos
1164 585 1306 625 meos,
1334 585 1388 613 ne
1414 584 1609 625 unquam
1632 569 1947 612 obdormiam
1936 584 1982 612 in
2009 562 2177 626 morte,
2166 586 2178 597 ·

711 629 728 656 ⁵
745 644 800 673 ne
822 629 996 685 quando
1020 629 1175 673 dicat
1164 630 1373 673 inimicus
1401 644 1523 672 menS
1550 646 1558 672 ς
1587 629 1808 672 Piaevalui
1834 628 2046 672 adversus
2071 643 2188 675 eum.

692 689 774 740 Qui
801 688 1019 732 tribulant
1040 704 1110 732 me
1137 688 1404 732 exultabunt
1426 689 1462 731 si
1486 694 1631 743 motus
1653 688 1782 731 fuero
1801 706 1810 744 3

710 750 728 776 6
745 763 827 804 ego
850 754 1002 791 autem
1026 748 1071 791 in
1098 749 1399 792 misericordia
1425 753 1502 791 tua
1528 747 1717 804 speravi.

692 808 928 852 Exultabit
950 822 1023 851 001·
1048 823 1196 851 meum
1220 808 1268 850 in
1293 808 1477 850 salutari
1501 814 1591 850 tuo.

751 867 951 911 Cantabo
975 868 1166 911 Domino
1193 868 1408 922 qui-bona
1433 867 1591 909 tribuit
1613 866 1752 922 mihi;

749 932 793 970 ct
816 926 1005 984 psallam
1028 927 1197 970 nomini
1225 926 1407 969 Domini
1432 925 1652 978 altissimi.

1187 1043 1402 1084 PSALMUS
1435 1041 1557 1083 XIII

1022 1137 1186 1179 Mundi
1218 1137 1479 1193 depravatio
1505 1137 1716 1192 pessima.

512 1231 598 1275 '¹In
624 1233 778 1279 finem,
804 1232 1007 1275 Psalmus
1035 1231 1195 1275 David.

690 1312 817 1355 Dixit
837 1312 1052 1368 insipiens
1073 1311 1120 1354 in
1148 1312 1278 1355 corde
1304 1327 1382 1355 suo
1405 1328 1414 1355 :
1442 1313 1544 1356 Non
1566 1318 1632 1356 est
1659 1313 1793 1355 Deus.

689 1371 892 1428 Corrupti
919 1376 1042 1427 sunt,
1069 1376 1114 1415 et
1134 1371 1461 1415 abominabiles
1485 1371 1601 1415 facti
1626 1377 1731 1414 sunt
1752 1371 1799 1414 in
1820 1372 1979 1416 studiis
2003 1372 2125 1430 suis;

747 1445 837 1475 non
859 1436 925 1475 est
947 1431 1021 1488 qui
1047 1431 1191 1474 faciat
1215 1432 1402 1488 bonum,
1427 1446 1515 1475 non
1538 1436 1606 1475 est
1630 1446 1768 1487 usque
1789 1432 1847 1474 ad
1874 1446 2023 1476 unum.

647 1489 665 1516 ²
682 1491 900 1534 Dominus
927 1491 981 1534 de
1007 1491 1117 1534 caelo
1142 1491 1369 1548 prospexit
1394 1505 1525 1548 super
1549 1491 1664 1534 filios
1686 1491 1941 1546 hominum,

746 1556 795 1593 ut
819 1551 972 1594 videat
997 1551 1033 1593 si
1060 1555 1127 1593 est
1148 1550 1426 1606 intelligens,
1454 1557 1532 1593 aut
1556 1550 1782 1606 requirens
1806 1553 1964 1602 Deum,

646 1610 665 1636 3
682 1610 846 1654 Omnes
874 1610 1234 1664 declinaverunt,
1261 1611 1393 1653 simul
1417 1610 1599 1653 inutiles
1622 1610 1737 1652 facti
1759 1617 1874 1654 sunt.

747 1671 847 1712 Non
869 1675 935 1712 est
957 1670 1032 1725 qui
1056 1669 1200 1712 faciat
1222 1669 1410 1725 bonum,
1437 1684 1526 1713 non
1549 1675 1616 1712 05ῖ
1638 1683 1776 1725 usque
1800 1669 1857 1712 ad
1880 1684 2030 1714 unum.

687 1729 946 1785 Sepulcrum
973 1735 1131 1785 patens
1156 1734 1223 1772 est
1248 1734 1402 1785 guttur
1428 1744 1578 1772 eorum
1599 1747 1607 1784 3

746 1788 912 1844 linguis
938 1788 1027 1831 suis
1055 1788 1204 1831 dolose
1227 1789 1452 1843 agebant3

745 1862 967 1890 venenum
994 1847 1198 1904 aspidum
1225 1847 1306 1889 Sub
1333 1847 1465 1890 labiis
1491 1862 1655 1891 eornm.

685 1907 879 1959 Quorum
906 1921 952 1949 os
974 1907 1290 1950 maledictione
1316 1912 1361 1949 οῖ
1385 1907 1685 1950 amaritudine
1708 1906 1891 1964 plenum
1914 1912 2008 1963 θεῖς

746 1967 920 2010 veloces
944 1967 1079 2023 pedes
1106 1980 1258 2009 eorum
1279 1966 1337 2009 ad
1363 1966 1688 2010 effundendum
1713 1966 1992 2022 sanguinem.

685 2026 903 2070 Contritio
929 2032 973 2069 et
998 2025 1242 2069 infelicitas
1268 2026 1316 2068 in
1341 2026 1425 2069 viis
1452 2040 1624 2081 eorum,

746 2092 789 2128 et
814 2085 935 2128 viam
957 2086 1080 2152 pacis
1102 2100 1192 2129 non
1218 2090 1553 2142 cognoverunt,
1544 2103 1552 2110 ·

744 2159 832 2189 non
857 2150 924 2188 est
947 2145 1081 2188 timei
1104 2145 1188 2188 Dei
1213 2151 1318 2188 ante
1346 2145 1494 2188 oculos
1520 2159 1686 2189 00111111.

646 2203 675 2230 4
680 2205 838 2248 Nonne
862 2209 1132 2259 cognoscent
1155 2219 1307 2248 omnes
1329 2205 1403 2261 qui
1427 2209 1666 2261 operantm
1689 2205 1997 2261 iniquitatem,

745 2265 817 2320 qui
842 2239 940 2306 devo
930 2269 1056 2306 01311ῖ
1078 2264 1256 2320 plebem
1283 2279 1429 2308 meam
1455 2264 1570 2307 sicut
1591 2278 1740 2307 escam
1761 2263 1924 2321 panis?

647 2323 665 2350 5
681 2324 925 2366 Dominum
946 2338 1035 2367 11011
1060 2323 1138 2365 inv
1141 2338 1251 2366 0031*
1255 2339 1300 2367 01·
1305 2330 1412 2379 1111ῖ;
1668 2359 1672 2362 .
1917 2344 1923 2350 ·

743 2383 836 2425 11110
859 2383 1194 2439 trepidaverunt
1221 2383 1399 2439 timore,
1424 2383 1500 2426 ubi
1523 2398 1612 2427 non
1639 2390 1733 2427 erat
1753 2384 1901 2428 timor,

647 2442 665 2468 6
679 2442 897 2493 Quoniam
924 2442 1179 2485 Dominus
1167 2457 1214 2485 in
1242 2443 1530 2499 generatione
1551 2443 1673 2499 justa
1696 2448 1781 2499 est,

743 2502 978 2544 consilium
1003 2502 1149 2558 inopis
1176 2503 1446 2545 confudistis
1467 2539 1475 2558 ,

744 2561 954 2617 quoniam
980 2561 1199 2605 Dominus
1225 2576 1324 2618 spes
1350 2562 1448 2618 ejus
1471 2567 1548 2607 est.

645 2618 660 2645 ⁷
678 2621 782 2671 Quis
797 2620 930 2663 'dabit
952 2635 1007 2664 ex
1031 2621 1134 2665 Sion
1161 2620 1355 2664 salutare
1381 2622 1557 2665 Israel?

683 2680 794 2723 Cum
816 2680 1026 2723 averterit
1050 2680 1267 2724 Dominus
1290 2680 1603 2738 captivitatem
1627 2680 1772 2738 plebis
1793 2695 1903 2737 suae,

742 2739 965 2783 exultabit-
991 2740 1156 2795 Jacob,
1185 2745 1229 2783 et
1255 2740 1486 2783 laetabitur
1512 2739 1667 2784 Israel.

1186 2857 1401 2900 PSALMUS
1434 2856 1549 2900 XIV

895 2953 1002 3004 Quis
1035 2953 1194 3008 diynus
1227 2953 1286 2995 sit
1316 2952 1490 3008 inqredi
1520 2953 1697 2995 domum
1730 2951 1828 2994 Dei.

505 3045 518 3072 ¹
539 3045 742 3090 Psalmus
770 3047 930 3090 David.

685 3127 895 3184 Domine,
918 3127 1015 3184 quis
1041 3127 1266 3171 habitabit
1290 3128 1337 3170 in
1360 3126 1651 3171 tabernaculo
1671 3131 1748 3169 ‘tuo
1763 3125 1785 3169 ‘?

741 3192 819 3228 aut
844 3187 940 3242 quis
962 3187 1208 3243 requiescet
1230 3187 1276 3230 in
1300 3192 1449 3231 monte
1476 3190 1631 3229 sancto
1654 3184 1765 3228 tuo?

641 3243 660 3270 2
675 3245 758 3295 Qui
778 3245 1026 3300 ingreditur
1047 3247 1140 3290 sine
1165 3247 1360 3303 macula,

743 3310 787 3347 et
813 3312 1018 3361 operatur
1039 3307 1260 3362 justitiam
1280 3324 1289 3361 3

643 3363 661 3390 3
677 3364 750 3420 qui
778 3364 971 3431 loquitur
991 3366 1233 3409 'veritatem
1258 3366 1304 3409 in
1328 3366 1457 3409 corde
1483 3379 1561 3407 suo
1581 3381 1590 3411 z

743 3423 816 3479 qui
842 3438 929 3467 non
957 3425 1049 3480 egit
1075 3425 1260 3468 dolum
1249 3441 1296 3468 in
1322 3426 1476 3481 lingua
1502 3438 1577 3466 5113
1599 3441 1607 3477 ς

682 3497 764 3526 nec
789 3483 902 3526 fecit
925 3484 1126 3540 proximo
1147 3498 1225 3527 suo
1252 3485 1440 3539 malum,

741 3546 785 3585 et
811 3542 1092 3599 opprobiium
1114 3558 1201 3585 non
1228 3543 1401 3600 acc-enit
1425 3543 1637 3586 3111015115
1663 3544 1888 3600 proximos
1912 3558 2026 3588 suos.

641 3599 659 3626 4
656 3600 747 3643 Ad
769 3601 961 3643 nihilum
987 3600 1201 3644 deductus
1227 3608 1293 3645 est
1317 3602 1364 3644 in
1387 3607 1626 3658 conspectu
1649 3603 1744 3659 ejus
1772 3602 2024 3658 malignus3
