2456 3861
648 122 794 166 Dssu'r.
826 122 1012 175 XXIII,
1047 122 1072 165 7
1105 147 1164 154 —
1194 121 1364 174 XXIV,
1402 122 1468 163 13.
1890 124 1970 165 183

141 285 282 327 facies
313 298 413 327 curn
440 285 503 328 eis
540 299 715 343 pacem,
743 300 823 329 nec
849 300 1020 341 quaeras
1047 285 1108 329 eis
1142 285 1256 328 bona
1286 283 1458 327 cunctis
1491 283 1647 327 diebus
1674 283 1780 326 vitae
1807 288 1897 326 tuae
1923 283 1968 325 in

141 343 474 400 sempiternum.
499 343 628 388 7Non
663 344 991 388 abominaberis
1029 345 1306 399 Idumaeum,
1334 343 1436 400 quia
1468 344 1610 387 frater
1638 349 1738 387 tuus
1773 347 1862 396 est3
1891 357 1970 386 nec

140 402 423 459 AEgyptium,
443 404 545 460 quia
563 404 740 449 advena
756 404 885 448 fuisti
912 405 955 447 in
984 410 1098 448 terra
1116 404 1227 459 ejus.
1243 403 1353 454 ⁸Qui
1375 402 1467 446 nati
1486 401 1655 446 fuerint
1672 416 1728 446 ex
1745 401 1822 458 eis,
1838 401 1969 445 tertia

139 461 426 516 generatione
448 463 680 506 intrabunt
705 464 750 507 in
773 464 1008 508 ecclesiam
1035 463 1230 507 Domini.

203 522 220 548 ¹³
244 521 427 572 Quando
451 536 650 578 egressus
679 522 817 564 fueris
845 522 1055 565 adversus
1085 522 1230 565 hostes
1255 527 1352 565 tuos
1373 522 1418 564 in
1441 535 1657 579 pugnam,
1681 519 1900 563 custodies
1922 524 1965 563 te

143 580 200 623 ab
230 581 349 624 omni
379 595 424 624 re
454 581 584 624 mala.
608 580 644 607 '¹0
661 580 705 624 Si
735 580 871 623 fuerit
899 580 1014 622 inter
1038 595 1115 623 vos
1148 581 1299 636 1101110,
1330 581 1403 636 (1111
1437 586 1650 623 nocturno
1682 578 1875 635 pollutus
1908 578 1965 621 sit

144 639 336 693 somnio,
360 640 609 695 egredietur
634 644 757 682 extra
781 644 946 693 castra,
969 638 998 664 ¹¹
1015 644 1058 681 et
1079 653 1165 681 non
1187 644 1440 693 revertetur,
1464 639 1718 695 priusquam
1739 636 1796 680 ad
1814 651 1964 693 vespe-

144 711 239 740 ram
268 698 440 741 lavetur
459 712 594 753 aqua,
617 702 660 740 et
681 702 779 753 post
804 696 908 739 solis
929 710 1135 739 occasum
1165 697 1435 752 regredietur
1456 697 1500 739 111
1523 702 1678 739 castra.
1707 694 1742 722 ¹2
1765 695 1965 738 Habebis

145 755 292 799 locum
326 762 448 799 extra
486 761 650 809 castra,
680 754 737 797 ad
772 769 902 810 quem
935 755 1174 810 egrediaris
1207 755 1264 797 ad
1297 755 1505 810 requisita
1531 760 1725 810 naturae,
1754 754 1789 781 ¹3
1809 768 1966 810 gerens

145 815 362 871 paxillum
382 814 428 857 in
450 814 597 857 balteo
615 829 623 867 ;
646 827 834 868 cumque
856 812 1038 866 sederis,
1055 813 1200 856 fodies
1222 828 1298 870 per
1319 814 1573 867 circuitum,
1593 818 1636 856 et
1658 818 1806 868 egesta
1832 813 1965 856 humo

78 896 81 903 ·
145 873 311 930 operies
336 873 369 899 ¹⁴
388 886 472 929 quo
493 873 714 916 relevatus
741 886 785 915 es
813 871 1062 928 (Dominus
1091 871 1209 915 enim
1241 873 1360 914 Deus
1389 875 1490 914 tuus
1518 871 1719 913 ambulat
1746 871 1791 913 111
1822 871 1965 915 11101110

145 938 388 975 castrorum
420 937 469 974 ut
501 936 626 974 eruat
654 937 717 986 te,
748 936 791 974 et
820 930 967 973 tradat
995 930 1077 973 tibi
1105 929 1310 973 inimicos
1337 931 1492 987 tuos);
1525 934 1569 972 et
1596 929 1686 971 sint
1714 934 1857 972 castra
1890 936 1966 972 tua

144 995 318 1045 sancta,
345 996 388 1034 et
410 990 522 1033 nihil
542 990 589 1032 in
611 989 673 1033 eis
695 995 906 1046 appareat
927 988 1167 1043 foeditatis,
1190 1003 1244 1032 ne
1271 989 1546 1045 derelinquat
1567 993 1623 1031 te.

205 1049 240 1076 ¹5
259 1050 358 1093 Non
388 1049 534 1092 trades
567 1063 743 1092 servum
777 1048 956 1091 domino
988 1062 1087 1104 suo,
1121 1048 1195 1104 qui
1224 1047 1281 1090 ad
1307 1053 1350 1090 te
1380 1046 1645 1103 confugerit.
1676 1046 1711 1072 ¹⁶
1729 1046 1968 1089 Habitabit

144 1113 293 1152 tecum
320 1108 367 1151 in
397 1107 514 1163 1000,
546 1107 619 1163 qui
646 1107 685 1150 ei
707 1107 942 1164 placuerit,
966 1112 1010 1150 et
1031 1106 1076 1149 in
1106 1106 1398 1161 una-urbium
1427 1111 1603 1149 tuarum
1627 1104 1891 1160 requiescet,
1914 1119 1968 1148 ne

146 1167 376 1211 contristes
406 1181 520 1210 eum.
545 1166 578 1193 ¹⁷
599 1167 699 1210 Non
728 1166 810 1209 erit
838 1165 1046 1209 meretrix
1079 1165 1132 1210 de
1165 1164 1340 1208 filiabus
1374 1165 1532 1221 Israel,
1563 1178 1643 1207 1100
1673 1168 1886 1207 scortator
1915 1164 1968 1207 de

144 1225 247 1268 filiis
281 1226 434 1270 Israel.
468 1225 504 1253 ¹⁸
523 1227 622 1269 Non
655 1225 814 1269 offeres
847 1225 1094 1268 mercedem
1127 1224 1381 1281 prostibuli,
1415 1239 1495 1268 nec
1524 1222 1714 1281 pretium
1747 1222 1889 1278 canis,
1922 1222 1968 1265 in

145 1284 275 1328 domo
306 1285 486 1329 Domini
517 1284 600 1328 Dei
632 1284 716 1340 tui,
740 1283 955 1340 quidquid
982 1283 1094 1326 illud
1124 1289 1190 1327 est
1218 1282 1334 1338 quod
1356 1283 1550 1338 voveris,
1573 1281 1675 1338 quia
1695 1281 1968 1325 abominatio

145 1349 211 1387 est
231 1350 466 1400 utrumque
486 1343 604 1401 apud
629 1343 870 1387 Dominum
893 1344 1038 1386 Deum
1063 1348 1202 1385 tuum.

206 1402 240 1430 ¹⁹
259 1404 359 1447 Non
382 1402 623 1446 foenerabis
644 1402 773 1444 fratri
795 1406 870 1444 tuo
888 1401 944 1444 ad
964 1416 1141 1444 usuram
1159 1401 1414 1458 pecuniam,
1433 1414 1513 1443 nec
1531 1400 1698 1455 fruges,
1718 1413 1798 1443 nec
1817 1414 1968 1455 quam-

145 1461 254 1505 libet
285 1462 421 1505 aliam
453 1476 566 1516 rem,
593 1460 630 1487 ²0
650 1460 727 1504 sed
759 1460 918 1504 alieno.
953 1460 1098 1502 Fratri
1127 1466 1278 1504 autem
1311 1466 1386 1503 tuo
1419 1459 1586 1514 absque
1621 1472 1752 1500 usura
1783 1457 1850 1514 id,
1885 1473 1968 1514 quo

144 1521 337 1577 indiget,
364 1519 687 1575 commodabis,
711 1524 759 1562 ut
780 1519 1015 1562 benedicat
1039 1519 1121 1561 tibi
1143 1519 1358 1562 Dominus
1382 1519 1501 1561 Deus
1523 1522 1622 1560 tuus
1639 1516 1686 1558 in
1704 1516 1823 1559 omni
1841 1531 1969 1573 opere

145 1585 219 1623 tuo
244 1580 291 1622 in
313 1585 447 1635 terra,
469 1579 526 1622 ad
549 1593 681 1634 quam
701 1577 961 1634 ingredieris
986 1577 1311 1634 possidendam.

203 1637 237 1664 2¹
261 1639 374 1682 Cum
406 1643 560 1681 votum
589 1637 762 1681 voveris
801 1637 992 1680 Domino
1028 1638 1120 1680 Deo
1154 1642 1250 1692 tuo,
1284 1650 1372 1679 non
1404 1634 1600 1678 tardabis
1632 1634 1833 1690 reddere,
1869 1635 1970 1690 quia

144 1697 334 1754 requiret
355 1697 467 1740 illud
491 1697 709 1740 Dominus
733 1698 852 1740 Deus
874 1701 998 1750 tuus;
1021 1701 1063 1739 et
1084 1696 1120 1739 si
1140 1701 1334 1739 moratus
1355 1693 1508 1749 fueris,
1529 1693 1805 1750 reputabitur
1821 1693 1904 1736 tibi
1924 1693 1970 1736 in

144 1761 391 1814 peccatum,
406 1756 444 1782 2⁹²
457 1757 501 1801 Si
520 1756 714 1799 nolueris
732 1755 950 1813 polliceri,
970 1755 1136 1811 absque
1154 1760 1336 1812 peccato
1355 1753 1463 1808 eris,
1485 1752 1522 1779 23
1535 1752 1650 1808 quod
1667 1758 1817 1795 autem
1835 1752 1970 1795 semel

144 1830 370 1872 egressum
392 1820 458 1860 est
480 1815 533 1859 de
555 1815 685 1858 labiis
711 1815 819 1871 tuis,
842 1814 1118 1871 observabis,
1143 1819 1186 1857 et
1210 1814 1351 1857 facies
1378 1812 1493 1855 sicut
1517 1811 1756 1868 promisisti
1781 1811 1970 1854 Domino

146 1875 239 1918 Deo
261 1880 358 1930 tuo,
382 1880 425 1918 et
445 1875 621 1932 propria
642 1874 892 1930 voluntate,
915 1878 959 1917 et
979 1887 1052 1917 ore
1073 1879 1148 1918 tuo
1174 1873 1348 1917 locutus
1369 1886 1427 1916 es,

204 1933 240 1960 ‘24
258 1934 490 1990 Ingressus
511 1933 690 1977 vineam
718 1933 908 1991 proximi
934 1933 1019 1990 tui,
1047 1933 1227 1977 comede
1249 1946 1358 1975 uvas
1381 1935 1596 1987 quantum
1618 1930 1699 1973 tibi
1730 1930 1967 1987 placuerit,

144 1992 265 2036 foras
285 1999 437 2036 autem
458 2008 513 2037 ne
530 1993 690 2037 efferas
708 1999 868 2036 tecum.
888 1992 925 2019 ‘²5
939 1992 984 2037 Si
1002 1992 1236 2035 intraveris
1254 1992 1302 2034 in
1318 1995 1514 2046 segetem
1532 1989 1664 2032 amici
1684 1990 1770 2045 tui,
1790 1989 1970 2044 franges

144 2052 309 2109 spicas,
333 2058 375 2096 et
397 2067 532 2095 manu
554 2058 776 2107 conteres3
800 2052 919 2096 falce
943 2057 1094 2095 autem
1114 2066 1201 2095 non
1228 2056 1379 2094 metes.

205 2112 313 2156 CAP.
345 2112 517 2155 XXIV.
542 2138 602 2143 --
622 2111 635 2137 ¹
655 2111 700 2155 Si
729 2111 950 2168 acceperit
977 2111 1108 2155 homo
1138 2125 1341 2166 uxorem,
1365 2116 1408 2154 et
1437 2109 1641 2153 habuerit
1670 2124 1789 2165 eam,
1811 2113 1855 2152 et
1884 2123 1971 2152 non

143 2170 364 2214 invenerit
392 2171 585 2227 gratiam
613 2176 717 2214 ante
750 2171 900 2214 oculos
933 2170 1030 2227 ejus
1063 2175 1238 2227 propter
1271 2170 1468 2225 aliquam
1501 2167 1781 2223 foeditatem,
1810 2167 1970 2211 scribet

144 2229 348 2273 libellum
369 2230 562 2287 repudii,
586 2235 629 2273 et
654 2229 779 2273 dabit
802 2229 849 2272 in
878 2244 1013 2273 manu
1040 2229 1182 2286 illius,
1214 2234 1256 2273 et
1286 2228 1483 2271 dimittet
1511 2242 1609 2271 eam
1639 2227 1692 2271 de
1719 2227 1848 2271 domo
1878 2240 1970 2269 sua.

145 2287 163 2314 ²
180 2289 380 2345 Cumque
409 2304 583 2345 egressa
612 2289 802 2332 alterum
830 2289 1040 2332 maritum
1070 2288 1265 2344 duxerit,
1289 2288 1307 2314 3
1324 2293 1367 2331 et
1391 2287 1468 2330 ille
1494 2301 1664 2343 quoque
1686 2286 1826 2330 oderit
1851 2300 1969 2340 eam,

146 2347 402 2404 dederitque
429 2348 468 2392 ei
494 2347 697 2392 libellum
724 2347 918 2404 repudii,
949 2353 992 2391 et
1022 2347 1240 2391 dimiserit
1268 2346 1321 2391 de
1351 2346 1480 2390 domo
1507 2361 1605 2402 sua,
1628 2345 1699 2389 vel
1722 2350 1837 2389 certe
1860 2358 1972 2387 mor-

145 2412 247 2450 tuus
279 2408 437 2464 fuerit,
467 2407 485 2434 4
505 2422 593 2451 11011
622 2407 783 2464 poterit
815 2407 932 2463 prior
966 2406 1150 2450 maritus
1182 2406 1377 2463 recipere
1418 2420 1517 2449 eam
1551 2405 1598 2448 in
1634 2419 1836 2460 uxorem,
1871 2403 1972 2460 quia

145 2466 315 2523 polluta
345 2473 430 2523 est,
458 2472 501 2510 et
532 2466 846 2510 abominabilis
872 2466 996 2509 facta
1023 2471 1087 2509 est
1118 2480 1266 2509 coram
1297 2464 1510 2518 Domin03
1536 2478 1591 2507 ne
1620 2477 1802 2520 peccare
1829 2462 1972 2506 facias

144 2530 308 2568 terram
330 2531 475 2582 tuam,
499 2541 632 2582 quam
659 2525 876 2569 Dominus
900 2526 1019 2568 Deus
1041 2530 1141 2567 tuus
1164 2524 1396 2567 tradiderit
1417 2523 1498 2566 tibi
1521 2522 1846 2580 possidendam.

204 2585 221 2611 5
239 2585 352 2629 Cum
381 2585 603 2643 acceperit
627 2585 759 2628 homo
788 2599 927 2641 nuper
955 2599 1157 2640 uxorem,
1184 2597 1272 2626 non
1297 2581 1503 2639 procedet
1531 2581 1588 2624 ad
1613 2581 1800 2637 bellum,
1827 2595 1908 2625 nec
1934 2581 1973 2625 ei

146 2644 374 2701 quippiam
396 2644 674 2688 necessitatis
696 2644 957 2700 injungetur
978 2643 1194 2700 publicae;
1220 2641 1297 2685 sed
1319 2640 1497 2684 vacabit
1518 2641 1684 2696 absque
1706 2640 1835 2697 culpa
1854 2640 1973 2684 domi

145 2716 258 2756 suae,
281 2710 330 2747 ut
351 2718 437 2747 uno
459 2719 575 2747 anno
602 2703 777 2746 laetetur
802 2717 903 2746 cum
925 2717 1059 2746 uxore
1084 2717 1177 2745 sua.

205 2763 222 2789 ⁶
243 2764 343 2807 Non
376 2763 569 2820 accipies
606 2764 703 2807 loco
742 2761 939 2819 pignoris
979 2762 1237 2805 inferiorem
1273 2766 1316 2805 et
1351 2760 1620 2818 superiorem
1653 2760 1838 2816 molam,
1873 2759 1974 2816 quia

145 2822 343 2865 animam
364 2838 491 2866 suam
516 2822 721 2880 opposuit
746 2821 842 2864 tibi.
870 2820 885 2846 7
904 2820 949 2864 Si
972 2820 1269 2877 deprehensus
1294 2820 1432 2863 fuerit
1460 2820 1591 2863 homo
1613 2819 1858 2863 sollicitans
1883 2819 1974 2862 fra-

146 2887 257 2925 trem
283 2896 413 2924 suum
436 2882 489 2925 de
515 2882 618 2925 filiis
641 2881 801 2936 Israel,
829 2886 871 2924 et
896 2879 1076 2923 vendito
1107 2894 1157 2923 eo
1186 2879 1407 2936 acceperit
1436 2878 1648 2936 pretium,
1672 2878 1973 2934 interficietur,

146 2945 190 2983 et
209 2942 386 2985 auferes
409 2941 578 2984 malum
603 2941 658 2984 de
679 2941 824 2984 medio
846 2939 924 2983 tui.

204 2999 221 3026 ⁸
240 3000 436 3044 Observa
459 3000 696 3057 diligenter
717 3015 772 3043 ne
793 3000 991 3042 incurras
1017 2999 1197 3056 plagam
1222 2999 1379 3056 leprae3
1408 2998 1485 3042 sed
1514 2998 1654 3042 facies
1685 3010 1975 3054 quaecumque

146 3058 376 3102 docuerint
397 3065 440 3102 te
459 3059 708 3103 sacerdotes
727 3058 895 3102 levitici
918 3059 1104 3114 generis,
1124 3059 1252 3115 juxta
1270 3057 1316 3101 id
1337 3057 1453 3113 quod
1471 3057 1662 3114 praecepi
1685 3056 1760 3113 eis,
1780 3061 1823 3100 et
1839 3055 1975 3112 imple

146 3118 349 3162 sollicite.
368 3118 670 3162 9Mementote
693 3133 792 3175 quae
814 3117 979 3160 fecerit.
995 3118 1213 3161 Dominus
1236 3118 1356 3160 Deus
1374 3121 1518 3160 vester
1534 3116 1688 3159 Mariae
1705 3115 1751 3158 in
1769 3115 1855 3171 via,
1875 3128 1975 3157 cum

147 3177 467 3233 egrederemini
494 3178 547 3221 de
568 3178 784 3235 AEgypto.

207 3236 243 3262 ¹⁰
260 3237 373 3281 Cum
393 3242 564 3294 repetes
587 3252 612 3280 a
634 3237 834 3294 proximo
859 3241 934 3279 tuo
953 3251 1047 3280 rem
1067 3236 1278 3292 aliquam,
1300 3250 1434 3292 quam
1456 3234 1588 3278 debet
1609 3234 1703 3290 tibi,
1723 3249 1809 3277 non
1831 3232 1976 3288 ingre-

148 3295 279 3338 dieris
309 3295 491 3339 domum
514 3296 610 3352 ejus
636 3300 685 3338 ut
712 3296 873 3352 pignus
899 3295 1098 3351 auferas,
1123 3294 1155 3321 ¹¹
1175 3294 1252 3338 sed
1280 3294 1420 3338 stabis
1445 3294 1576 3349 foris,
1599 3299 1642 3337 et
1666 3293 1742 3335 ille
1771 3291 1852 3334 tibi
1879 3305 1973 3347 pro-

148 3354 262 3397 feret
292 3354 407 3411 quod
436 3355 655 3398 habuerit.
687 3354 723 3381 ¹2
745 3355 820 3399 Sin
853 3347 1003 3397 auam
1035 3368 1202 3411 pauper
1235 3359 1320 3409 est,
1354 3368 1442 3396 non
1475 3351 1752 3410 pernoctabit
1782 3349 1900 3406 apud
1932 3354 1978 3392 te

149 3413 334 3469 pignus3
361 3413 398 3440 ¹3
414 3413 492 3457 sed
520 3414 674 3456 statim
701 3413 857 3457 reddes
888 3413 927 3456 ei
955 3418 1058 3456 ante
1080 3413 1185 3456 solis
1208 3427 1434 3467 occasum,
1462 3417 1510 3454 ut
1532 3410 1751 3454 dormiens
1775 3409 1822 3451 in
1843 3407 1975 3450 vesti-

150 3477 298 3515 mento
327 3486 426 3528 suo,
455 3472 693 3516 benedicat
715 3472 819 3528 tibi,
850 3477 893 3516 et
920 3472 1084 3515 habeas
1113 3472 1335 3528 justitiam
1365 3484 1511 3514 coram
1543 3468 1732 3512 Domino
1763 3468 1855 3510 Deo
1885 3471 1976 3509 tuo.

152 3599 186 3633 1]
208 3603 328 3631 Matth.
346 3604 386 3639 V,
405 3607 437 3632 31
457 3608 492 3632 ot
509 3605 606 3639 XIX,
627 3608 652 3633 .·.
670 3605 771 3632 Marc.
792 3604 838 3638 X,
862 3607 886 3631 4.
906 3619 939 3623 —
957 3604 985 3636 ει]
1005 3603 1100 3631 Num.
1120 3603 1208 3636 XII,
1224 3605 1265 3629 10.
1282 3616 1317 3621 —-
1335 3601 1382 3634 11]
1404 3601 1465 3628 Ex.
1485 3599 1666 3632 XX11,26.

2067 528 2232 558 Munditla

2053 578 2249 601 castrorum.

2083 1055 2223 1092 Quinam

2076 1099 2108 1127 in
2126 1100 2228 1128 Israel

2071 1143 2235 1171 tolerandi

2097 1194 2208 1217 necne.

2098 1409 2123 1435 U
2128 1414 2166 1435 SU
2170 1414 2214 1435 ra.

2088 1646 2221 1673 Votum.

2069 1934 2246 1966 Ingressus

2106 1984 2213 2005 Vlneae

2061 2024 2095 2050 et
2114 2021 2249 2055 segetis¹

2052 2122 2097 2148 De
2119 2119 2258 2153 repudio

2075 2590 2108 2615 ct
2138 2593 2243 2619 nuper

2053 2632 2264 2663 desponsam.

2059 2763 2261 2792 Humanitas

2054 2808 2088 2837 in
2104 2815 2266 2842 pauperes

2088 2857 2121 2881 et
2141 2859 2230 2885 pere-

2094 2896 2229 2930 grinos;

2070 2941 2124 2969 lex
2142 2940 2248 2973 leproe.
