2423 3861
363 113 452 158 540
825 114 914 156 -JOB
946 112 1170 168 xxxvii,
1206 113 1263 156 32
1296 79 1356 145 -’
1386 112 1638 166 XXXVII,
1672 113 1742 155 24.

663 296 704 328 et
732 285 809 327 dat
835 299 956 328 escas
980 285 1134 327 multis
1161 284 1436 328 mortalibus.

543 343 579 370 32
598 345 652 386 In
679 343 885 386 manibus
911 343 1149 387 abscondit
1172 344 1341 397 lucem,

665 414 707 445 et-
732 402 937 459 praecipit
963 403 1003 446 ei
1025 408 1073 446 ut
1097 418 1246 446 rursus
1267 402 1491 446 adveniat.

542 462 579 489 33
597 462 850 507 Annuntiat
876 461 929 504 de
952 477 1004 506 ea
1028 463 1175 506 amico
1200 477 1300 517 suo,
1328 461 1443 518 quod
1470 462 1690 518 possessio
1716 462 1814 518 ejus
1838 461 1922 520 sit,

661 530 704 564 et
728 522 784 564 ad
811 536 910 564 eam
932 523 1073 578 possit
1096 523 1350 566 ascendere.

422 581 530 626 CAP.
557 581 800 626 XXXVII.
823 607 883 615 --
903 580 917 607 1
943 582 1082 640 Super
1106 582 1189 625 hoc
1215 581 1398 639 expavit
1419 594 1492 623 cor
1516 594 1685 636 meum,

662 645 705 683 et
730 646 928 684 emotum
951 648 1018 685 est
1043 642 1098 685 de
1122 642 1220 686 loco
1245 656 1336 685 suo.

563 698 579 724 '2
597 699 765 743 Audite
790 700 1068 745 auditionem
1092 702 1136 744 in
1161 706 1326 745 terrore
1350 701 1473 744 vocis
1499 700 1618 756 ejus,

661 764 703 802 et
726 773 886 802 sonum
911 761 966 804 de
988 776 1061 804 ore
1085 761 1208 804 illius
1233 760 1559 818 procedente-m.

568 817 756 862 2Subter
778 834 932 863 omnes
955 822 1086 864 caelos
1111 821 1205 877 ipse
1232 819 1504 871 considerat,

663 883 707 921 et
733 879 885 922 lumen
909 880 1030 923 illius
1053 883 1183 937 super
1207 878 1421 922 terminos
1445 883 1588 922 terrae.

568 937 584 966 ‘²
599 938 705 980 Post
731 953 833 982 eum
853 940 1000 995 rugiet
1025 940 1216 995 sonitus,

665 998 841 1041 tonabit
862 1013 971 1042 voce
994 998 1320 1054 magnitudinis
1347 1012 1464 1051 suae3

665 1062 709 1100 et
733 1072 821 1101 non
845 1058 1214 1115 investigabitur,
1238 1072 1340 1101 oum
1364 1057 1520 1100 audita
1545 1057 1684 1101 fuerit
1708 1071 1796 1100 vox
1821 1058 1934 1114 effus.

564 1115 581 1142 ὅ
599 1117 794 1159 Tonabit
817 1119 938 1161 Deus
962 1118 1008 1160 in
1034 1131 1143 1161 voce
1168 1132 1249 1161 sua
1270 1116 1555 1172 mirabiliter,

664 1176 739 1231 qui
761 1176 877 1219 facit
902 1191 1069 1233 magna
1094 1183 1137 1221 et
1161 1176 1491 1232 inscrutabilia,

563 1234 581 1261 ‘³
599 1235 672 1290 qui
698 1236 903 1293 praecipit
928 1237 1024 1279 nivi
1049 1244 1098 1280 ut
1124 1236 1368 1280 descendat
1392 1235 1439 1278 in'
1463 1241 1652 1291 terram,

667 1300 710 1337 et
734 1295 894 1339 hiemis
917 1296 1102 1354 pluviis,
1131 1302 1174 1340 et
1195 1295 1327 1339 imbri
1352 1294 1634 1339 fortitudinis
1655 1308 1776 1352 suae3
2419 1313 2423 1358 Ι

566 1352 581 1378 ⁷
600 1353 746 1408 quiin
772 1370 909 1398 manu
933 1356 1133 1399 omnium
1154 1355 1389 1399 hominum
1410 1354 1577 1410 signat,
1724 1368 1727 1371 ·
2418 1365 2423 1418 ,g

666 1419 715 1455 ut
740 1415 946 1458 noverint
971 1416 1139 1472 singuli
1163 1430 1296 1472 opera
1318 1429 1410 1458 sua.
1457 1469 1460 1473 ⁵

563 1471 580 1500 8
599 1473 885 1528 Ingredietur
908 1475 1052 1518 bestia
1078 1475 1339 1530 latibulum,

666 1538 710 1575 et
734 1533 781 1575 in
802 1541 929 1577 antro
952 1549 1031 1578 suo
1055 1534 1312 1579 morabitur.

566 1590 583 1617 ⁰
601 1591 672 1634 Ab
698 1590 983 1636 interioribus
1011 1594 1264 1650 egredietur
1287 1598 1549 1650 tempestas,

665 1656 710 1694 et
734 1651 792 1694 ab
815 1652 1007 1697 Arcturo
1033 1653 1194 1709 frigus.

550 1709 584 1736 ¹0
602 1710 764 1754 Flante
793 1713 908 1767 Deo,
936 1712 1180 1756 concrescit
1201 1713 1325 1768 gelu,
1370 1718 1373 1721 '

668 1776 711 1813 et
735 1786 910 1814 rursum
936 1772 1168 1815 latissimae
1194 1772 1447 1815 funduntur
1468 1786 1608 1828 aquae.

548 1828 580 1855 11
602 1829 897 1873 Frumentum
925 1830 1148 1874 desiderat
1173 1832 1334 1886 nubeS,

669 1896 711 1931 et
737 1890 878 1933 nubes
904 1895 1121 1947 spargunt
1141 1891 1295 1933 lumen
1316 1904 1457 1933 sunm.

551 1947 584 1974 ¹2
603 1948 709 1998 Quae
735 1949 927 1992 lustrant
949 1963 1027 2006 per
1050 1949 1307 2006 circuitum,

667 2023 947 2065 quocumque
970 2023 1044 2052 eas
1069 2009 1275 2052 voluntas
1299 2009 1593 2065 gubernantis
1618 2009 1817 2064 duxerit,
1848 2047 1856 2067 ¹

666 2068 723 2111 ad
754 2083 884 2112 omne
913 2069 1031 2125 quod
1061 2068 1323 2126 praeceperit
1351 2068 1441 2111 illis
1467 2082 1599 2125 super
1630 2069 1799 2112 faciem
1831 2068 1949 2112 orbis
1974 2074 2219 2115 terrarum:

549 2126 584 2153 ¹3
601 2127 694 2170 sive
717 2128 761 2171 in
790 2143 877 2171 una
904 2128 1046 2184 tribu⁷
1073 2128 1168 2171 sive
1189 2128 1235 2171 in
1252 2132 1377 2171 'terra
1402 2142 1502 2174 sua.

667 2187 761 2231 sive
785 2188 831 2230 in
850 2203 1130 2244 quocumque
1147 2187 1245 2230 loco
1266 2187 1580 2231 misericordiae
1603 2202 1695 2231 suae
1715 2202 1790 2231 eas
1811 2188 1995 2245 jusserit
2011 2186 2215 2231 inveniri.

98 2256 264 2305 perduras
549 2245 582 2272 ¹4
600 2248 821 2291 Ausculta
843 2247 962 2303 haec,
986 2248 1075 2292 Job
1096 2265 1104 2304 ;

104 2307 261 2329 ¹⁴0³¹¹¹¹²²³⁴
665 2313 754 2363 sta,
780 2318 824 2350 et
851 2307 1083 2351 considera
1105 2307 1330 2351 mirabilia
1357 2308 1455 2351 Dei.

554 2366 586 2392 15
605 2367 835 2423 Numquid
865 2367 951 2410 scis
979 2368 1155 2423 quando
1177 2367 1442 2425 praeceperit
1469 2368 1588 2411 Deus
1614 2366 1798 2423 pluviis.

668 2432 715 2469 ut
739 2427 1024 2471 ostenderent
1051 2428 1198 2471 lucem
1223 2427 1412 2470 nubium
1433 2425 1562 2483 ejus?

552 2485 584 2511 16
602 2486 832 2542 Numquid
859 2487 976 2530 nosti
1001 2487 1184 2530 semitas
1210 2486 1398 2530 nubium
1421 2499 1631 2542 magnas,

667 2551 709 2589 et
735 2548 960 2603 perfectas
987 2546 1233 2590 scientias?

551 2604 581 2630 ¹7
602 2605 761 2649 Nonne
787 2606 1057 2650 vestimenta
1079 2611 1157 2650 tua
1184 2605 1330 2650 calida
1356 2611 1479 2661 sunt,

491 2711 495 2714 ,
667 2679 767 2707 cum
794 2666 978 2722 perflata
1000 2665 1140 2709 fuerit
1164 2671 1282 2710 terra
1306 2665 1489 2708 austro?

550 2724 583 2750 18
603 2726 667 2768 Tu
694 2724 885 2768 forsitan
912 2740 1013 2768 cum
1040 2740 1090 2768 eo
1116 2725 1370 2768 fabricatus
1395 2739 1440 2768 es
1467 2723 1622 2783 caelos,

667 2783 742 2839 qui
766 2783 1025 2828 solidissimi
1052 2785 1178 2841 quasi
1203 2799 1288 2828 aere
1310 2784 1402 2827 fusi
1428 2789 1543 2827 sunt.

551 2843 583 2868 11·
602 2844 797 2888 Ostende
823 2844 951 2888 nobis
977 2845 1083 2900 quid
1111 2844 1313 2888 dicamus
1337 2844 1430 2899 illi3

665 2917 744 2947 nos
771 2903 934 2961 quippe
955 2904 1230 2947 involvimur
1254 2903 1464 2947 tenebris.

547 2960 583 2986 '2⁰
609 2962 715 3012 Quis
737 2963 938 3006 narrabit
958 2963 1002 3006 ei
1029 2977 1128 3019 quae
1151 2963 1336 3019 loquor?

667 3023 816 3065 Etiam
843 3022 879 3065 si
905 3022 1080 3065 locutus
1106 3023 1245 3067 fuerit
1271 3023 1424 3078 homo,
1453 3020 1751 3066 devorabitur.

548 3078 580 3104 2¹
602 3081 663 3122 At
689 3096 806 3124 nunc
832 3096 919 3125 non
946 3082 1101 3126 vident
1127 3082 1304 3138 lucem3

668 3141 814 3184 subito
840 3156 915 3184 aer
937 3147 1123 3197 cogetur
1145 3141 1192 3184 in
1218 3142 1381 3197 nubes,

668 3205 711 3243 et
735 3207 895 3244 ventus
921 3201 1142 3244 transiens
1167 3201 1349 3257 fugabit
1376 3215 1461 3244 eas.

550 3259 587 3286 ‘22
605 3261 675 3303 Ab
701 3259 909 3315 aquilone
931 3275 1089 3303 aurum
1114 3261 1260 3315 venit,

669 3324 711 3362 et
735 3319 793 3361 ad
822 3320 966 3361 Deum
993 3319 1286 3363 formidolosa
1308 3319 1520 3364 laudatio.

551 3377 588 3405 ²3
605 3379 752 3435 Digne
777 3392 878 3420 eum
900 3378 1098 3422 invenire
1121 3393 1208 3422 non
1234 3393 1492 3436 possumus3

670 3450 859 3492 magnus
884 3437 1171 3494 fortitudine,
1195 3444 1238 3481 et
1262 3439 1453 3496 judiciO,
1480 3441 1524 3481 et
1548 3437 1750 3493 Justitia3

670 3502 713 3540 et
740 3496 933 3540 enarrari
958 3511 1046 3539 non
1066 3502 1230 3552 potest.

553 3554 588 3581 9²
607 3555 716 3599 Ideo
742 3555 965 3598 timebunt
991 3569 1092 3598 eum
1117 3556 1223 3611 viri,
1947 3558 2212 3615 [sapientes.

672 3620 715 3659 et
748 3629 836 3657 non
868 3613 1099 3657 audebunt
1133 3614 1425 3671 contemplari
1458 3628 1610 3657 omnes
1645 3615 1717 3671 qui
1753 3615 1840 3659 sibi
1875 3615 2084 3660 videntur
2120 3629 2214 3660 esse
