2423 3861
194 635 296 662 Porta

159 675 331 705 orientalis

160 722 333 748 reservata

166 763 320 797 srincipi.

130 992 364 1022 incircumcisi

177 1037 312 1066 arcendi

136 1083 177 1109 ab
194 1082 349 1115 ingressu

149 1126 343 1156 sanctuarii.

176 1888 317 1923 Regulae

157 1931 197 1959 de
213 1931 331 1960 levitis

141 1978 175 2003 et
198 1976 348 2005 sacerdo-

193 2019 299 2052 tibus.

431 105 517 148 968
959 106 1033 146 En.
1068 103 1252 157 XLIII,
1285 103 1341 145 25
1374 128 1432 134 —
1464 103 1631 157 XLIV,
1667 104 1735 146 22.

432 289 505 317 605
526 275 832 318 holocaustum
852 272 1057 316 Domino.
1077 271 1112 298 2⁵
1126 273 1306 328 Septem
1328 272 1483 315 diebus
1500 271 1642 314 facies
1664 272 1838 315 hircum
1860 287 1938 329 pro
1955 280 2140 330 peccato
2158 288 2265 330 quo-

431 334 564 387 tidie3
590 339 632 376 et
650 332 841 374 vitulum
868 331 922 374 de
944 336 1164 386 armento,
1191 336 1235 373 et
1255 331 1441 374 arietem
1475 330 1529 374 de
1557 331 1790 387 pecoribus
1819 331 2130 377 immaculatos
2157 333 2266 377 offe·
2325 373 2332 378 .

430 399 539 435 rent.
564 392 600 418 '2⁶
618 392 799 447 Septem.
814 390 973 433 diebus
999 390 1245 447 expiabunt
1266 389 1407 433 altare
1428 394 1472 433 et
1498 390 1780 433 mundabunt
1799 390 1925 446 illud,
1950 396 1994 434 et
2014 391 2267 448 implebunt

432 465 612 493 manum
646 450 756 505 ejus.
783 449 818 475 ‘²7
846 449 1048 505 Expletis
1081 454 1233 492 autem
1266 449 1441 505 diebus,
1471 449 1516 491 in
1552 449 1623 492 die
1655 455 1814 493 octava
1847 454 1892 493 et
1924 450 2060 506 ultra,
2094 451 2268 496 facient

430 509 680 552 sacerdotes
713 524 843 565 super
867 509 1008 552 altare
1036 509 1297 552 holocausta
1323 513 1490 564 vestra,
1521 514 1564 551 et
1593 523 1692 564 quae
1718 523 1796 566 pro
1825 523 1935 566 pace
1969 509 2190 566 offerunt3
2225 515 2268 554 et

429 568 631 625 placatus
657 582 728 611 ero
751 568 897 621 vobis,
923 568 987 610 ait
1012 568 1226 611 Dominus
1250 569 1382 611 Deus.

489 628 595 672 CAP.
619 628 785 671 XLIV.
807 652 867 660 —-—
889 626 901 653 ¹
923 629 980 670 Et
1006 628 1225 670 convertit
1254 642 1324 670 me
1353 628 1410 670 ad
1436 628 1557 670 viam
1583 632 1722 683 portae
1749 629 1990 671 sanctuarii
2016 629 2262 684 exterioris,

429 701 528 742 quae
553 687 820 743 respiciebat
845 686 901 730 ad
927 687 1167 742 orientem3
1193 691 1236 729 et
1261 691 1356 730 erat
1378 687 1541 729 clausa.
1569 686 1587 711 ‘2
1605 688 1662 729 Et
1688 686 1802 730 dixit
1829 688 2046 731 Dominus
2072 689 2130 731 ad
2159 703 2231 731 -me
2257 705 2266 732 z

429 747 564 790 Porta
589 746 687 789 haec
713 746 866 790 clausa
891 746 998 801 erit3
1027 760 1115 789 non
1144 745 1379 802 aperietur,
1407 751 1452 789 et
1473 745 1541 788 vir
1561 759 1650 789 non
1675 747 1884 789 transibit
1908 761 1986 803 per
2015 761 2134 803 eam,
2162 762 2268 803 quo-

428 806 551 849 niam
578 805 796 849 Dominus
828 807 947 849 Deus
974 806 1114 849 Israel
1145 806 1370 861 ingressus
1396 811 1462 849 est
1486 820 1564 863 per
1585 820 1709 860 eam;
1735 806 1903 862 eritque
1934 806 2084 850 clausa
2106 806 2124 834 3
2148 807 2268 864 prin-

429 865 531 922 cipi.
559 865 771 922 Princeps
796 865 890 921 ipse
917 865 1090 908 sedebit
1113 865 1160 907 in
1183 880 1254 921 ea,
1279 871 1328 908 ut
1353 865 1558 909 comedat
1583 879 1746 922 panem
1771 879 1920 909 coram
1948 866 2164 922 Domin0;
2193 880 2269 923 per

427 925 546 968 viam
571 930 710 982 portae
731 924 941 968 vestibuli
964 925 1251 980 ingredietur,
1279 930 1323 968 et
1343 940 1420 982 per
1442 925 1563 967 viam
1589 925 1687 981 ejus
1711 925 1974 981 egredietur.

487 984 505 1011 4
522 984 582 1027 Et
602 984 791 1027 adduxit
816 999 886 1027 me
908 999 985 1041 per
1006 984 1127 1026 viam
1152 990 1289 1041 portae
1313 985 1533 1040 aquilonis
1558 985 1605 1026 in
1628 990 1868 1040 conspectu
1895 985 2076 1041 domus3
2097 990 2141 1030 et
2158 985 2265 1041 vidi,

428 1048 472 1089 et
508 1058 610 1088 6666
641 1043 848 1101 implevit
884 1044 1025 1100 gloria
1062 1044 1243 1087 Domini
1281 1044 1464 1086 domum
1502 1044 1710 1099 Domini3
1749 1049 1792 1086 et
1833 1044 1972 1087 cecidi
2011 1045 2059 1087 in
2099 1045 2267 1088 faciem

427 1119 588 1147 meam.
611 1104 628 1130 5
647 1105 705 1146 Et
734 1103 848 1146 dixit
872 1103 928 1146 ad
960 1118 1030 1146 me
1057 1103 1300 1146 Dominus:
1334 1103 1421 1146 Fili
1446 1103 1660 1159 hominis,
1683 1117 1798 1160 pone
1824 1118 1898 1146 cor
1922 1109 2068 1160 tuum,
2093 1110 2137 1148 et
2161 1105 2266 1147 vide

428 1162 567 1207 oculis
593 1163 702 1218 tuis,
726 1169 769 1206 et
789 1163 970 1205 auribus
992 1163 1080 1205 tuis
1105 1163 1210 1205 audi
1234 1163 1383 1206 onmia
1409 1178 1509 1219 quae
1535 1177 1617 1218 ego
1644 1163 1797 1218 loquor
1817 1163 1874 1205 ad
1900 1168 1942 1206 te
1969 1164 2023 1207 de
2049 1164 2268 1207 universis

428 1222 690 1267 ceremoniis
715 1222 871 1265 domus
895 1222 1098 1278 Domini,
1123 1227 1167 1265 et
1189 1222 1243 1265 de
1266 1223 1438 1265 cunctis
1466 1222 1640 1278 legibus
1662 1222 1784 1278 ejus3
1814 1228 1858 1265 et
1882 1237 2017 1279 pones
2045 1238 2118 1266 601
2139 1230 2267 1266 tuum

425 1287 472 1329 in
492 1286 576 1329 viis
599 1284 755 1342 templi
773 1298 850 1341 per
869 1297 1021 1327 omnes
1044 1283 1191 1326 exitus
1214 1282 1472 1326 sanctuarii.
1493 1285 1510 1308 ‘³'
1529 1284 1587 1325 Et
1613 1282 1735 1325 dices
1758 1281 1815 1324 ad
1840 1285 2179 1338 exasperantem
2202 1295 2273 1324 1116

428 1347 611 1391 domum
636 1346 777 1389 Israel
796 1360 805 1389 τ
827 1346 941 1389 Haec
965 1345 1074 1388 dicit
1100 1344 1320 1388 Dominus
1344 1345 1465 1388 Deus
1487 1361 1495 1388 :
1524 1344 1763 1388 Sufficiant
1781 1343 1908 1386 vobis
1931 1344 2079 1387 onmia
2100 1344 2269 1387 scelera

428 1412 596 1461 vestra,
635 1406 791 1449 domus
832 1405 997 1461 Israe13
1034 1404 1049 1430 7
1080 1419 1129 1448 60
1172 1404 1288 1460 quod
1324 1404 1538 1447 inducitis
1574 1404 1688 1447 filios
1725 1403 1895 1446 alienos
1932 1403 2269 1446 incircumcisos

429 1466 559 1510 corde
574 1503 583 1518 ,
610 1471 654 1509 et
677 1465 1011 1508 incircumcisos
1035 1479 1185 1520 carne,
1211 1469 1259 1506 ut
1283 1464 1373 1507 sint
1397 1464 1442 1506 in
1465 1463 1719 1506 sanctuario
1745 1476 1863 1518 meo,
1888 1468 1931 1505 et
1956 1463 2159 1519 polluant
2192 1462 2268 1506 do-

428 1541 551 1568 mum
573 1540 744 1579 meam3
771 1530 814 1568 et
837 1525 1007 1567 offertis
1035 1538 1172 1580 panes
1203 1538 1344 1578 meos,
1371 1524 1550 1580 adipem
1577 1529 1620 1566 et
1645 1522 1931 1578 sanguinem,
1955 1528 1998 1565 et
2024 1521 2268 1565 dissolvitis

427 1591 610 1642 pactum
631 1599 779 1627 meum
804 1584 851 1626 in
877 1584 1083 1628 omnibus
1112 1583 1350 1626 sceleribus
1376 1583 1546 1625 vestris.
1574 1582 1590 1608 3
1610 1583 1667 1625 Et
1696 1596 1785 1624 non
1810 1581 2019 1624 servastis
2042 1586 2269 1638 praecepta

428 1644 669 1688 sanctuarii
697 1644 803 1699 mei,
823 1650 867 1686 et
891 1642 1101 1699 posuistis
1123 1642 1327 1686 custodes
1347 1641 1707 1685 observationum
1730 1655 1929 1684 mearum
1949 1640 1996 1683 in
2014 1640 2268 1684 sanctuario

426 1718 526 1747 meo
551 1703 894 1760 vobismetipsis.
921 1703 939 1728 9
965 1703 1078 1745 Haec
1105 1702 1215 1745 dicit
1241 1701 1458 1745 Dominus
1490 1702 1609 1744 Deus
1635 1718 1643 1745 :
1669 1701 1823 1744 Omnis
1855 1700 2110 1756 alienigena
2135 1700 2267 1743 incir-

429 1764 650 1807 cumcisus
689 1762 843 1818 corde,
883 1768 926 1806 et
961 1762 1296 1805 incircumcisus
1335 1776 1490 1813 carne,
1526 1776 1615 1804 non
1650 1759 1926 1816 ingredietur
1962 1760 2265 1803 sanctuarium

429 1838 602 1878 meum;
632 1822 774 1866 omnis
800 1822 916 1865 filius
942 1821 1112 1865 alienus
1134 1821 1207 1877 qui
1231 1826 1296 1864 est
1320 1820 1366 1863 in
1393 1820 1537 1863 medio
1562 1820 1751 1863 filiorum
1775 1819 1928 1862 Israel.

490 1882 526 1909 ‘¹⁰
544 1883 629 1927 Sed
656 1887 700 1926 et
724 1882 872 1925 levitae
896 1882 969 1938 qui
996 1881 1129 1937 longe
1149 1885 1426 1924 recesserunt
1447 1895 1473 1922 a
1495 1894 1565 1923 me
1585 1880 1632 1921 in
1658 1893 1800 1922 errore
1826 1878 2018 1921 filiorum
2042 1879 2201 1933 Israel,
2226 1884 2269 1921 et

430 1948 686 1988 erraverunt
707 1957 733 1985 a
759 1957 829 1985 me
854 1946 953 1998 post
973 1941 1095 1984 idola
1119 1955 1218 1996 sua,
1246 1945 1290 1983 et
1310 1944 1599 1996 portaverunt
1623 1939 1909 1994 iniquitatem
1930 1952 2070 1990 suam,
2092 1937 2125 1963 ¹¹
2142 1943 2269 1981 erunt

428 2004 476 2046 in
501 2002 754 2047 sanctuario
780 2016 876 2045 meo
913 2000 1088 2056 aeditui,
1117 2006 1160 2043 et
1187 1999 1402 2056 janitores
1435 2004 1661 2056 portarum
1693 1998 1871 2053 domus,
1902 2002 1946 2040 et
1974 1997 2166 2040 ministri
2194 1998 2268 2041 do-

430 2077 553 2119 mus,
581 2063 664 2120 ipsi
695 2062 957 2105 mactabunt
985 2060 1265 2115 holocausta,
1294 2064 1337 2102 et
1366 2059 1573 2101 victimas
1603 2058 1779 2115 populi,
1815 2063 1858 2101 et
1890 2057 1976 2114 ipsi
2009 2057 2192 2100 stabunt
2224 2057 2271 2100 in
2320 2099 2322 2101 .

430 2127 670 2180 conspectu
703 2136 853 2165 60111111
881 2126 931 2163 ut
964 2120 1218 2163 ministrent
1251 2119 1327 2162 eis.
1355 2118 1388 2144 ¹⁸²
1422 2119 1507 2161 Pro
1544 2133 1594 2162 eo
1632 2118 1748 2174 quod
1782 2117 2146 2160 ministraverunt
2177 2111 2268 2160 11115

428 2183 475 2225 111
501 2186 740 2239 conspectu
762 2180 982 2224 idolorum
1004 2194 1195 2235 suorum,
1216 2184 1260 2222 et
1279 2179 1393 2222 facti
1420 2183 1524 2222 sunt
1546 2178 1696 2221 domui
1716 2177 1856 2220 Israel
1876 2176 1923 2219 in
1946 2176 2270 2219 offendiculum

428 2241 703 2298 iniquitatis3
731 2241 897 2284 idcirco
920 2239 1068 2284 levavi
1093 2254 1276 2283 manum
1298 2253 1445 2282 meam
1469 2252 1599 2295 super
1621 2252 1715 2293 eos,
1742 2237 1806 2280 ait
1829 2235 2049 2279 Dominus
2071 2237 2205 2292 Deus,
2226 2240 2271 2279 et

429 2302 670 2359 portabunt
693 2300 977 2357 iniquitatem
1003 2315 1142 2343 suam.
1167 2299 1204 2326 ¹3
1221 2301 1280 2342 Et
1309 2313 1397 2342 non
1426 2297 1849 2356 appropinquabunt
1873 2295 1931 2339 ad
1960 2310 2031 2339 me
2056 2301 2106 2339 ut
2127 2310 2270 2339 sacer-

430 2361 550 2405 dotio
571 2361 821 2417 fungantur
842 2360 973 2416 mihi,
1000 2374 1142 2416 neque
1167 2358 1382 2403 accedent
1407 2358 1464 2402 ad
1490 2372 1620 2402 omne
1645 2356 1950 2400 sanctuarium
1972 2370 2120 2399 meum
2141 2355 2272 2412 juxta

429 2426 584 2464 sancta
605 2426 887 2475 sanctorum;
913 2420 990 2463 sed
1019 2420 1260 2477 portabunt
1285 2418 1595 2462 confusionem
1622 2431 1768 2472 suam,
1796 2422 1840 2460 et
1872 2415 2039 2459 scelera
2064 2429 2143 2458 sua
2169 2429 2269 2470 quae

429 2481 647 2524 fecerunt.
682 2480 715 2507 ¹4
741 2481 799 2522 Et
829 2479 944 2523 dabo
973 2494 1046 2523 eos
1075 2479 1291 2536 janitores
1317 2478 1474 2522 domus
1507 2477 1554 2520 in
1585 2476 1704 2519 omni
1739 2474 1984 2519 ministerio
2010 2474 2127 2531 ejus,
2155 2483 2198 2517 et
2222 2474 2271 2516 in

430 2539 645 2583 universis
671 2554 770 2596 quae
797 2539 903 2583 fient
927 2539 974 2582 in
997 2554 1060 2583 ea.

491 2599 526 2626 '¹5
545 2600 803 2644 Sacerdotes
828 2604 980 2642 autem
1006 2604 1049 2642 et
1074 2599 1243 2654 levitae,
1267 2598 1347 2641 filii
1372 2598 1541 2654 Sadoc,
1569 2596 1644 2653 qui
1666 2595 1970 2640 custodierunt
1996 2594 2271 2638 ceremonias

431 2659 672 2702 sanctuarii
705 2659 813 2714 mei,
841 2673 942 2702 cum
975 2664 1171 2702 errarent
1200 2658 1281 2701 filii
1314 2657 1453 2701 Israel
1486 2672 1512 2700 a
1543 2671 1634 2712 me,
1665 2655 1751 2713 ipsi
1784 2654 2000 2697 accedent
2028 2654 2085 2697 ad
2119 2668 2190 2698 me
2223 2657 2272 2696 ut.

430 2718 684 2762 ministrent
717 2718 851 2772 mihi3
881 2724 925 2761 et
948 2718 1132 2760 stabunt
1156 2718 1204 2760 in
1229 2722 1468 2774 conspectu
1494 2731 1614 2772 meo,
1642 2721 1692 2758 ut
1720 2714 1913 2759 offerant
1947 2713 2057 2756 mihi
2091 2712 2272 2770 adipem

432 2783 476 2821 et
500 2778 784 2834 sanguinem,
809 2778 873 2820 ait
892 2777 1110 2821 Dominus
1134 2779 1266 2820 Deus.
1290 2777 1324 2804 ¹⁶
1341 2776 1435 2834 Ipsi
1457 2776 1764 2832 ingredientur
1782 2773 2085 2817 sanctuarium
2107 2786 2270 2826 meum,

431 2844 475 2881 et
500 2837 583 2895 ipsi
609 2838 826 2881 accedent
850 2837 907 2880 ad
934 2851 1134 2880 mensam
1160 2851 1327 2892 meam,
1350 2842 1398 2880 ut
1423 2836 1679 2879 ministrent
1704 2833 1835 2889 mihi,
1859 2836 1903 2875 et
1925 2831 2178 2876 custodiant
2202 2845 2272 2875 ce-

430 2911 652 2941 remomas
681 2911 814 2941 meas.

492 2956 526 2983 ¹⁷
546 2958 744 3013 Cumque
776 2956 1082 3013 ingredientur
1111 2962 1260 3014 portas
1289 2957 1391 3000 atrii
1425 2957 1667 3013 interioris,
1695 2954 1892 2999 vestibus
1922 2953 2051 2997 lineis
2086 2953 2271 2998 induen-

432 3021 524 3070 tur3
564 3031 645 3059 nec
681 3017 894 3060 ascendet
929 3031 1059 3074 super
1095 3030 1168 3060 eos
1204 3017 1448 3074 quidquam
1485 3017 1687 3072 laneum,
1723 3014 1899 3071 quando
1937 3013 2192 3057 ministrant
2223 3014 2271 3056 in

432 3075 569 3131 portis
605 3075 707 3118 atrii
744 3075 965 3119 interioris
1004 3081 1048 3119 et
1082 3076 1362 3120 intrinsecus.
1397 3076 1430 3103 ¹8
1457 3077 1597 3120 Vittae
1630 3075 1762 3119 lineae
1801 3078 1928 3116 erunt
1963 3072 2010 3116 in
2047 3072 2270 3130 capitibus

432 3148 603 3190 eorum,
631 3140 674 3177 et
694 3135 930 3178 feminalia
956 3136 1074 3180 linea
1103 3141 1231 3179 erunt
1254 3137 1302 3179 in
1327 3136 1491 3180 lumbis
1520 3149 1691 3190 eorum,
1718 3138 1762 3177 et
1787 3147 1875 3176 non
1904 3132 2196 3188 accingentur
2223 3131 2272 3176 in
2327 3172 2330 3176 .

433 3193 603 3237 sudore.
640 3193 675 3219 ¹9
700 3193 898 3249 Cumque
932 3195 1215 3251 egredientur
1243 3196 1407 3238 atrium
1445 3195 1636 3239 exterius
1668 3192 1725 3236 ad
1758 3192 1992 3249 populum,
2027 3196 2192 3235 exuent
2223 3205 2270 3234 se

432 3252 710 3297 vestimentis
743 3253 852 3309 suis,
887 3253 934 3296 in
968 3254 1126 3310 quibus
1160 3255 1543 3310 ministraverant,
1579 3259 1622 3297 et
1650 3257 1865 3308 reponent
1898 3266 1950 3295 ea
1975 3251 2020 3294 in
2045 3251 2270 3307 gazophy-

432 3312 547 3356 lacio
575 3312 842 3367 sanctuarii3
876 3318 919 3356 et
951 3314 1143 3357 vestient
1179 3329 1224 3357 56
1253 3313 1533 3357 vestimentis
1565 3312 1687 3368 aliis,
1723 3317 1767 3355 et
1799 3325 1888 3354 non
1924 3310 2271 3354 sanctificabunt

432 3372 645 3429 populum
662 3371 716 3414 'in
737 3371 935 3415 vestibus
957 3373 1059 3415 suis.
1081 3371 1118 3399 2⁰
1135 3374 1279 3430 Caput
1299 3380 1450 3416 autem
1472 3386 1601 3415 suum
1623 3386 1711 3415 non
1733 3371 1904 3426 radent,
1927 3383 2069 3425 neque
2095 3382 2270 3412 comam

433 3432 654 3488 nutrient3
681 3431 760 3475 sed
781 3431 1016 3474 tondentes
1037 3433 1274 3475 attondent
1292 3432 1440 3489 capita
1456 3445 1548 3474 sua.
1569 3429 1602 3456 ‘2¹
1624 3432 1681 3473 Et
1700 3430 1856 3473 vinum
1875 3444 1964 3473 non
1982 3428 2108 3472 bibet
2124 3427 2268 3472 omnis

433 3491 657 3547 sacerdos,
684 3490 861 3547 quando
892 3489 1171 3546 ingressurus
1204 3496 1270 3534 est
1298 3491 1463 3533 atrium
1491 3489 1691 3533 interius
1720 3488 1756 3515 22
1776 3491 1834 3533 Et
1858 3488 2042 3531 viduam
2059 3491 2113 3546 ‘et
2140 3501 2268 3543 repu-

435 3636 481 3668 22]
500 3636 579 3664 ch.
598 3637 691 3671 XXI,
709 3639 752 3666 14.
