2423 3861
794 118 939 160 Parus.
974 117 1116 170 xxv,
1155 117 1285 158 1-22.
1436 127 1439 131 ·
1866 111 1950 154 oss

480 345 680 390 SEc'rio
724 345 794 387 ΙΙ.
828 371 887 376 -
925 343 1242 387 COLLEc'rro
1285 351 1601 385 REan'rmR

612 466 637 523 ξ
672 466 707 509 Ι.
740 492 800 497 -—
839 465 978 508 Varia
1003 470 1227 521 praecepta
1262 463 1468 506 moralia.

182 583 288 626 CAP.
319 582 464 625 XXV.
486 609 545 613 —
578 581 590 607 ¹
617 582 702 624 Hae
736 594 908 636 quoque
938 578 1161 636 parabolae
1193 578 1461 633 Salomonis,
1493 591 1599 633 quas
1634 573 1953 618 transtulerunt
2067 585 2209 614 rituum.

123 641 206 684 viri
235 640 460 696 Ezechiae,
487 640 604 695 regis
630 641 654 682 «Ι
664 639 764 681 uda.
2202 689 2207 694 ἢ

318 699 335 724 '-‘
357 699 510 743 Gloria
538 699 618 741 Dei
645 704 710 741 est
736 698 878 741 celare
903 697 1110 751 verbum,
2049 691 2226 739 Prot-prmo

417 764 462 801 et
487 757 628 813 gloria
650 771 803 812 regum
826 755 1095 809 investigare
1118 768 1380 797 sermonem„
2041 741 2240 770 pmmmcua.

317 817 336 844 3
356 817 527 860 Caelum
551 830 744 871 sursum,
771 821 815 858 et
841 820 956 857 terra
986 814 1211 868 deorsum,

419 880 462 919 et
488 889 562 918 cor
583 889 735 931 regum
761 873 1066 917 inscrutabile.

318 934 336 962 ⁴
352 935 498 978 Aufer
517 935 769 990 rubiginem
796 933 850 977 de
871 938 1078 989 argento,

416 998 462 1038 ct
482 993 733 1050 egredietur
753 1008 833 1036 vas
857 992 1155 1049 purissimum.

320 1054 336 1080 ὗ
357 1055 500 1096 Aufer
524 1053 804 1109 impietatem
830 1052 884 1096 de
910 1052 1036 1095 vultu
1058 1052 1196 1108 regis,

417 1118 461 1155 et
482 1112 730 1155 firmabitur
750 1111 927 1168 justitia
955 1112 1137 1154 thronus
1163 1111 1275 1168 ejus.

309 1172 337 1200 ’6
355 1172 424 1215 Ne
449 1172 666 1228 gloriosus
691 1185 908 1229 appareas
934 1185 1083 1214 coram
1103 1185 1227 1226 rege,

418 1231 529 1274 etin
554 1231 650 1275 loco
678 1245 941 1287 magnorum
971 1245 1026 1274 ne
1056 1230 1243 1274 steteris.

318 1291 332 1318 7
355 1291 515 1335 Melius
541 1296 607 1334 est
633 1291 752 1334 enim
753 1264 828 1333 out
849 1290 1023 1333 dicatm
1044 1290 1157 1334 tibi:
1184 1289 1390 1333 Ascende
1411 1290 1517 1344 huc,

417 1365 550 1407 quam
575 1356 624 1394 ut
644 1349 891 1393 humilieris
916 1364 1063 1393 coram
1089 1349 1303 1406 principe.

317 1410 334 1437 8
355 1410 462 1461 Quae
488 1410 697 1453 viderunt
722 1409 837 1453 oculi
863 1409 928 1452 tui
955 1423 1011 1451 ne
1032 1408 1260 1465 profer‘as
1249 1423 1297 1450 111
1318 1407 1465 1464 jurgio
1489 1406 1597 1463 cito,

417 1484 472 1514 ne
495 1474 649 1526 postea
671 1469 907 1512 emendare
934 1483 1021 1511 non
1046 1467 1206 1524 possiS,

416 1543 518 1571 cum
540 1527 900 1572 dehonestaveris
927 1527 1122 1570 amicum
1147 1532 1287 1576 tuum.

319 1589 336 1614 9
355 1588 548 1631 Causam
570 1593 693 1630 tuam
719 1592 863 1630 tracta
890 1602 989 1630 cum
1012 1586 1155 1629 amico
1177 1591 1274 1641 tuo,

415 1653 460 1690 et
485 1652 704 1690 secretum
727 1652 937 1690 extraneo
960 1661 1014 1689 ne
1039 1645 1231 1700 reveles,

298 1706 334 1734 1⁰
355 1721 409 1750 ne
434 1707 552 1750 forte
578 1706 765 1750 insultet
784 1706 866 1749 tibi
895 1721 996 1749 cuin
1017 1705 1228 1761 audierit,

416 1772 460 1809 et
481 1766 746 1834 exprobrare
767 1780 856 1808 non
883 1771 1034 1809 cesset.

358 1825 514 1869 Gratia
537 1831 580 1869 et
604 1825 804 1868 amicitia
831 1825 1052 1868 liberant:

420 1899 528 1941 quas
553 1885 635 1928 tibi
659 1899 806 1939 serva,
835 1899 890 1928 ne
913 1883 1237 1940 exprobrabilis
1262 1883 1358 1926 fias.

301 1944 333 1970 ¹¹
358 1945 478 1987 Mala
504 1959 635 1988 aurea
659 1945 706 1987 in
733 1944 862 1988 lectis
882 1943 1125 2011 argenteis,

419 2004 492 2060 qui
514 2004 709 2060 loquitur
732 2004 953 2047 verbum
942 2018 989 2045 in
1011 2009 1208 2060 tempore
1229 2016 1328 2048 suo.

305 2063 338 2089 ¹'2
359 2064 534 2106 Inauris
559 2078 692 2107 aurea
719 2069 762 2107 et
788 2063 1081 2119 margaritum
1105 2062 1288 2118 fulgens

419 2123 492 2179 qui
514 2123 663 2179 arguit
687 2123 935 2180 sapientem
963 2128 1005 2166 et
1026 2136 1179 2165 aurem
1205 2120 1500 2164 obedientem.

302 2182 338 2208 ¹²3
359 2183 482 2226 Sicut
503 2182 650 2238 frigus
670 2183 787 2225 nivis
806 2182 853 2224 in
880 2183 952 2226 die
973 2181 1148 2236 messis,

418 2243 483 2284 ita
508 2242 684 2298 legatus
706 2242 850 2285 fidelis
876 2242 916 2285 ei
939 2241 1013 2297 qui
1038 2241 1161 2283 misit
1187 2255 1287 2283 eum
1309 2257 1317 2284 :

421 2301 620 2344 animam
639 2301 778 2358 ipsius
803 2301 1076 2358 requiescere
1097 2300 1226 2343 facit.

303 2360 337 2386 '¹4
361 2361 512 2404 Nubes
539 2365 583 2403 et
608 2366 787 2415 ventus,
812 2366 857 2403 et
876 2360 1042 2417 pluviae
1067 2374 1156 2402 non
1182 2364 1435 2414 sequentes,

418 2420 487 2462 vir
512 2420 728 2476 gloriosus
754 2424 799 2462 et
815 2420 1030 2476 promissa
1056 2433 1146 2462 non
1171 2418 1412 2474 complens.

303 2479 338 2506 ¹5
361 2479 585 2522 Patientia
611 2479 802 2523 lenietur
827 2479 1054 2536 princeps,

422 2544 466 2582 et
491 2539 647 2594 lingua
670 2539 816 2581 mollis
841 2539 1096 2594 confringet
1122 2538 1346 2581 duritiam.

303 2599 338 2625 16
358 2599 451 2642 Mel
475 2598 687 2641 invenisti
711 2615 720 2641 :
744 2598 925 2640 comede
952 2597 1067 2653 quod
1091 2597 1260 2640 sufficit
1286 2596 1388 2651 tibi,

421 2673 477 2701 ne
501 2658 619 2700 forte
644 2657 832 2700 satiatus
859 2671 1038 2700 evomas
1062 2656 1189 2699 illud.
1242 2696 1245 2697 ⁷

304 2717 338 2744 ¹7
362 2717 580 2762 Subtrahe
607 2717 767 2774 pedem
792 2722 919 2759 tuum
945 2716 998 2758 de
1028 2716 1157 2758 domo
1183 2714 1374 2771 proximi
1400 2713 1483 2767 tui,

423 2776 658 2832 nequando
684 2776 871 2818 satiatus
894 2775 1038 2818 oderit
1060 2780 1118 2817 te.

305 2836 340 2863 ¹8
362 2836 595 2892 Jaculum,
623 2841 666 2879 et
692 2835 889 2891 gladius,
919 2840 963 2877 et
984 2834 1165 2900 sagitta·
1175 2838 1328 2888 acuta,

421 2897 552 2939 homo
573 2895 646 2952 qui
665 2895 859 2951 loquitur
873 2899 1026 2937 contra
1043 2892 1295 2949 proximum
1310 2905 1440 2935 suum
1457 2890 1625 2934 :falsum
1642 2889 1960 2934 testimonium.

304 2954 341 2981 ¹9
362 2956 483 2999 Dens
508 2954 735 3012 putridus,
764 2959 808 2997 et
828 2968 906 3010 pes
932 2953 1093 3007 lassus,

373 3015 497 3102 qui
522 3019 671 3082 sperat
696 3028 826 3071 super
850 3012 1056 3055 infideli
1044 3027 1092 3054 111
1117 3011 1188 3055 die
1214 3011 1453 3067 angustiae,

373 3073 468 3117 ²⁰et
492 3074 662 3117 amittit
686 3073 872 3141 pallium
897 3072 943 3114 in
969 3071 1040 3114 die
1064 3070 1259 3126 frigoris.

367 3133 595 3176 Acetum
583 3148 630 3176 m
660 3133 798 3188 nitro,

423 3192 498 3248 qui
523 3197 677 3236 cantat
702 3192 900 3235 carmina
927 3190 1047 3233 cordi
1071 3190 1277 3246 pessimo.

365 3251 488 3294 Sicut
513 3252 635 3295 tinea
660 3252 948 3305 vestimento,
976 3255 1019 3293 et
1043 3249 1206 3293 vermis
1232 3249 1375 3306 ligno,

422 3311 487 3353 ita
511 3311 694 3354 tristitia
722 3311 803 3353 viri
830 3315 960 3352 nocet
985 3309 1118 3353 cordi.

305 3369 339 3396 ²¹
364 3369 408 3413 Si
433 3370 636 3414 esurierit
660 3371 866 3413 inimicus
889 3374 1009 3424 tuus,
1034 3368 1134 3411 ciba
1157 3368 1311 3423 illum,

423 3429 460 3472 si
487 3429 668 3485 sitierit,
697 3430 753 3472 da
779 3429 816 3472 ei
841 3442 1002 3485 aquam
1027 3427 1178 3472 bibere
1200 3445 1209 3472 ε

307 3487 344 3513 22
364 3503 527 3546 prunas
549 3488 670 3531 enim
692 3487 985 3544 congregabis
1010 3501 1140 3543 super
1165 3491 1297 3543 caput
1320 3486 1437 3542 ejus,

130 3635 179 3668 15]
201 3634 278 3667 sup.
291 3634 366 3670 XV,
383 3637 407 3662 1.
425 3649 462 3653 -—
480 3636 538 3668 21].
550 3636 646 3663 Rom.
666 3636 754 3669 XII,
770 3638 813 3662 20.

1698 3657 1759 3732 44
