2456 3861
503 136 589 179 294
1058 135 1107 177 Π
1143 137 1252 177 ΒΕΘ.
1290 135 1405 189 VII,
1440 135 1495 176 26
1528 161 1587 166 —
1618 136 1708 191 IX,
1741 137 1782 179 5.

2249 244 2359 254 ——aer-

502 310 546 348 et
570 306 645 347 fac
669 304 783 347 sicut
808 304 982 346 locutus
1006 317 1072 359 es,
1099 302 1135 329 26
1162 307 1209 345 ut
1235 303 1547 358 magnificetur
1578 317 1742 347 nomen
1766 308 1894 347 tuum
1925 318 2063 360 usque
2092 305 2140 348 in
2176 307 2351 364 sempi-⁴
2378 305 2380 307 ’

501 369 695 417 ternum,
723 368 854 417 atque
881 361 1055 404 dicatur
1077 378 1085 405 :
1117 361 1332 404 Dominus
1358 361 1652 417 exercituum,
1685 363 1805 405 Deus
1839 377 1970 419 super
1994 364 2159 420 Israe13
2186 370 2231 409 et
2261 367 2338 410 do—

502 436 599 464 mus
623 421 736 463 servi
774 421 838 463 tui
876 420 1021 463 David
1055 421 1137 463 erit
1173 420 1374 463 stabilita
1411 435 1559 464 coram
1597 421 1804 465 Domino.
1839 420 1874 448 2⁷
1901 422 2012 472 Quia
2044 427 2113 478 tu,
2148 424 2338 469 Domine

501 480 797 535 exercituum,
822 480 937 523 Deus
963 480 1127 535 Israel,
1145 479 1354 522 revelasti
1377 494 1531 523 aurem
1556 480 1673 524 servi
1693 481 1779 537 tui,
1804 481 1956 524 dicens
1978 498 1988 525 ι
2012 481 2208 524 Domum
2233 484 2343 527 aedi-

500 538 641 581 ficabo
666 538 773 593 tibi;
801 543 1033 595 propterea
1058 539 1231 581 invenit
1255 553 1407 582 servus
1432 543 1535 582 tuus
1561 553 1634 582 cor
1658 554 1785 582 suum
1819 545 1868 583 ut
1893 545 2037 583 oraret
2065 545 2109 583 te
2143 541 2364 586 oratione>

499 598 595 640 hac.
623 597 659 624 23
686 599 816 640 Nunc
843 612 966 654 ergo,
997 598 1186 641 Domine
1214 599 1352 654 Deus,
1380 603 1429 641 tu
1455 613 1499 641 es
1535 599 1674 654 Deus,
1703 603 1745 642 et
1777 599 1913 642 verba
1946 603 2023 641 tua
2055 605 2184 643 erunt
2207 615 2336 656 vera3

499 657 672 700 locutus
699 672 743 700 es
769 657 887 700 enim
919 657 977 700 ad
1003 672 1181 701 servum
1209 662 1337 700 tuum
1364 657 1483 701 bona
1519 658 1630 702 haec.
1665 657 1702 683 2⁹
1727 658 1885 715 Incipe
1918 672 2043 714 ergo,
2075 663 2120 702 et
2152 659 2341 703 benedic

501 715 651 759 domui
677 716 791 759 servi
818 717 882 760 tui
909 721 959 759 ut
983 717 1041 760 sit
1064 718 1111 759 in
1134 716 1456 774 sempiternum
1483 731 1631 760 coram
1649 723 1723 772 te,
1751 717 1855 773 quia
1880 722 1950 773 tu,
1979 718 2170 762 Domine
2196 720 2359 776 Deus,

499 775 671 819 locutus
705 790 770 832 es,
805 781 850 819 et
879 775 1190 820 benedictione
1223 782 1299 820 tua
1333 775 1623 820 benedicetur
1660 776 1818 820 domus
1850 776 1966 820 servi
2000 777 2069 820 tui
2098 776 2146 820 in
2178 777 2360 833 scrupi--

498 839 687 878 ternum.

717 953 741 1010 §
776 954 857 996 IV.
890 980 950 985 —
980 954 1182 1010 Refflzum
1215 954 1374 1001 ,David
1407 954 1530 998 bellis
1551 955 1765 1010 firmatur
1797 961 1836 997 et
1866 955 2125 1011 ampliatur.

230 1085 400 1133 Bellorum
559 1074 667 1119 OAP.
687 1074 822 1118 VIII.
842 1099 900 1108 —-
917 1074 929 1100 1
947 1074 1138 1117 Factum
1157 1079 1222 1117 est
1243 1079 1393 1117 autem
1412 1079 1511 1131 post
1528 1075 1645 1130 haec,
1665 1074 1882 1131 percussit
1901 1075 2048 1119 David
2068 1075 2358 1122 Philisthiimz·

261 1130 368 1187 ¹³²²*'¹}.¹
501 1138 544 1179 et
575 1131 831 1178 humiliavit
860 1147 954 1189 eos,
985 1139 1027 1177 et
1060 1133 1164 1176 tulit
1198 1133 1346 1179 David
1381 1134 1562 1176 frenum
1594 1133 1750 1176 tributi
1787 1133 1841 1177 de
1878 1148 2014 1176 manu
2051 1134 2340 1181 Philisthiim.

204 1180 434 1202 summanum
500 1191 517 1218 2
534 1193 593 1236 Et
617 1192 834 1250 percussit
858 1192 992 1235 Moab
1015 1197 1058 1236 et
1079 1206 1261 1235 mensus
1284 1197 1351 1236 est
1372 1207 1446 1237 eos
1469 1192 1697 1249 funiculo,
1720 1207 1956 1250 coaequans
1979 1198 2134 1249 terra-33
2162 1208 2342 1242 mensus

500 1258 565 1295 est
589 1258 739 1295 autem
774 1251 883 1294 duos
911 1251 1160 1308 funiculos,
1193 1266 1334 1295 unum
1364 1252 1423 1295 ad
1456 1252 1747 1298 occidendum
1783 1256 1827 1295 et
1855 1266 1995 1295 unum
2023 1252 2080 1295 ad
2109 1252 2341 1299 vivifican-

500 1311 606 1354 dum
622 1328 633 1366 ;
651 1311 888 1367 factusque
912 1316 977 1354 est
995 1311 1128 1354 Moab
1153 1311 1303 1355 David
1323 1310 1519 1355 serviens
1540 1312 1621 1354 sub
1640 1311 1821 1355 tributo.
1844 1311 1862 1337 3
1879 1313 1937 1354 Et
1957 1311 2176 1369 percussit
2194 1311 2361 1360 David.

498 1370 734 1425 Adarezer,
764 1370 908 1413 filium
942 1370 1118 1426 Rohob,
1148 1385 1301 1426 regem
1333 1371 1469 1427 Soba,
1497 1370 1673 1427 quando
1704 1371 1932 1428 profectus
1958 1375 2025 1414 est
2056 1376 2106 1414 ut
2138 1370 2342 1416 dom-ina-

497 1434 618 1476 retur
653 1444 784 1486 super
818 1429 986 1474 flumen
1023 1430 1294 1487 Euphraten.
1329 1429 1346 1456 4
1367 1430 1428 1473 Et
1463 1429 1605 1488 captis
1640 1429 1787 1473 David
1826 1444 1880 1473 ex
1916 1435 2043 1487 parte
2082 1430 2181 1487 ejus
2219 1430 2363 1474 mille·

498 1487 792 1546 septingentis
829 1489 1052 1546 equitibus
1090 1494 1133 1536 et
1164 1489 1328 1545 viginti
1365 1489 1565 1532 millibus
1605 1489 1833 1547 pedi-tum,
1868 1487 2158 1535 subnervavit
2190 1503 2350 1534 omnes

497 1547 673 1604 jugales
704 1563 932 1603 curruum,
957 1548 1194 1604 dereliquit
1217 1554 1369 1593 autem
1399 1563 1454 1591 ex
1479 1549 1541 1592 eis
1575 1554 1755 1593 centum
1784 1563 1949 1595 currus.
1974 1549 1990 1575 ⁵
2008 1548 2147 1593 Venit
2171 1563 2361 1606 quoque

497 1607 624 1664 Syria
663 1607 873 1651 Damasci
911 1613 960 1650 ut
999 1607 1258 1663 praesidium
1290 1608 1430 1651 ferret
1461 1608 1696 1663 Adarezer,
1731 1608 1823 1663 regi
1861 1608 2003 1664 Soba3
2042 1613 2086 1653 et
2126 1608 2345 1666 percussit

498 1666 647 1709 David
674 1666 727 1710 de
751 1666 878 1723 Syria
900 1665 1062 1722 viginti
1088 1666 1173 1711 duo
1204 1666 1347 1713 millia
1372 1666 1579 1711 virorum.
1607 1667 1626 1694 ⁶
1647 1667 1705 1710 Et
1730 1667 1877 1724 posuit
1908 1667 2056 1711 David
2081 1667 2343 1724 praesidium

497 1726 544 1769 in
568 1725 696 1782 Syria
724 1726 960 1781 Damasci,
983 1725 1196 1782 factaque
1219 1731 1285 1770 est
1310 1726 1436 1782 Syria
1467 1726 1614 1776 David
1644 1725 1840 1770 serviens
1873 1726 1955 1770 sub
1981 1726 2162 1771 tributo.
2185 1727 2342 1772 Serva·

497 1785 650 1842 vitque
678 1785 895 1829 Dominus
923 1785 1071 1828 David
1097 1784 1142 1827 in
1165 1785 1370 1828 omnibus
1391 1785 1448 1828 ad
1472 1800 1763 1842 quaecumque
1780 1786 2010 1842 profectus
2028 1790 2107 1829 est.
2127 1785 2142 1812 ⁷
2159 1787 2217 1829 Et
2238 1786 2344 1832 tulit

500 1843 650 1888 David
675 1859 799 1887 arma
824 1858 956 1887 aurea
987 1851 1100 1900 quae·
1118 1844 1346 1888 habebant
1377 1845 1492 1888 servi
1519 1845 1764 1898 Adarezer,
1793 1850 1836 1888 et
1869 1844 2032 1888 detulit
2063 1859 2115 1889 ea
2139 1845 2187 1888 in
2212 1846 2340 1889 ‹Jeru-

498 1903 651 1948 salem.
678 1903 695 1930 8
714 1905 772 1947 Et
805 1903 858 1947 de
893 1904 1002 1948 Bete
1031 1908 1074 1946 et
1103 1903 1157 1947 de
1188 1904 1374 1959 Beroth,
1401 1903 1661 1950 civitatibus
1690 1903 1933 1958 Adarezer,
1960 1904 2065 1947 tulit
2088 1918 2167 1947 rex
2193 1904 2360 1948 David,

499 1978 560 2007 aes
584 1962 776 2007 multum
810 1962 956 2006 nimis.
980 1961 996 1988 9
1014 1962 1204 2006 Audivit
1228 1968 1382 2006 autem
1405 1963 1552 2019 Thou,
1579 1977 1657 2006 rex
1684 1963 1871 2018 Emathi,
1905 1963 2021 2019 quod
2054 1963 2344 2020 percussisset

500 2021 648 2068 David
674 2036 804 2066 omne
836 2022 968 2064 robur
998 2022 1241 2077 Adarezer,
1270 2021 1306 2048 10
1324 2027 1368 2065 et
1401 2022 1524 2065 misit
1555 2022 1682 2067 Thou
1716 2023 1892 2078 Joram,
1926 2021 2071 2065 filium
2101 2036 2253 2078 suum,
2285 2023 2346 2066 ad

498 2095 647 2138 regem
675 2080 825 2131 David
854 2086 903 2123 ut
931 2080 1147 2125 salutaret
1175 2096 1277 2126 eum
1311 2081 1648 2137 congratulans,
1683 2086 1726 2126 et
1759 2082 1925 2138 gratias
1957 2086 2110 2138 ageret
2143 2096 2195 2126 eo
2226 2082 2345 2138 quod.

499 2145 800 2197 expugnasset
825 2140 1047 2184 Adarezer
1074 2145 1116 2184 et
1137 2141 1427 2197 percussisset
1449 2156 1575 2196 eum3
1599 2141 1738 2190 hostis
1764 2141 1928 2198 quippe
1953 2146 2048 2185 erat
2067 2141 2195 2190 Thou
2221 2141 2343 2188 Ada-

497 2214 642 2255 rezer,
671 2204 714 2244 et
742 2199 789 2242 in
814 2214 949 2242 manu
975 2199 1073 2255 ejus
1099 2205 1223 2246 erant
1248 2215 1355 2243 vasa
1384 2215 1518 2244 aurea
1544 2206 1586 2244 et
1611 2215 1718 2243 vasa
1750 2206 1962 2258 argentea
1992 2205 2034 2245 et
2062 2215 2170 2245 vasa
2206 2215 2342 2256 aerea,

499 2257 532 2284 11
553 2273 651 2316 quae
676 2264 720 2305 et
744 2247 842 2315 ipsa
867 2259 1167 2303 sanctificavit
1191 2274 1268 2304 rex
1295 2259 1442 2302 David
1467 2259 1680 2316 Domino,
1705 2270 1807 2303 cum
1831 2264 2016 2316 argento
2043 2264 2087 2303 et
2106 2274 2213 2307 611110
2244 2274 2361 2317 quae-

499 2317 857 2363 sanctificaverat
876 2317 930 2362 de
949 2318 1166 2362 universis
1183 2318 1392 2374 gentibus
1416 2333 1524 2376 quas
1546 2319 1804 2376 subegerat,
1824 2318 1860 2344 ¹2
1879 2318 1932 2362 de
1950 2319 2099 2375 Syria,
2119 2323 2165 2362 et
2183 2319 2343 2373 Moab,

499 2382 543 2420 et
564 2376 668 2424 filiis
690 2378 908 2431 Ammon,
931 2382 974 2420 et
997 2377 1292 2434 Philisthiim,
1313 2383 1357 2421 et
1380 2378 1592 2433 Amalec,
1615 2384 1658 2422 et
1684 2378 1738 2423 de
1759 2377 1982 2424 manubiis
2001 2378 2247 2434 Adarezer,
2261 2377 2342 2427 filii

500 2436 679 2492 Rohob,
714 2436 831 2494 regis
865 2436 994 2482 Soba..
1023 2436 1058 2463 13
1076 2437 1204 2480 Fecit
1233 2452 1405 2493 quoque
1430 2437 1514 2481 sibi
1543 2437 1693 2482 David
1716 2451 1900 2492 nomeu,
1923 2451 2025 2484 cum
2049 2442 2344 2481 rever-teretur

499 2500 630 2552 capta
658 2495 782 2551 Syria
806 2495 853 2538 111
874 2496 991 2538 valle
1019 2496 1290 2551 Salinarum,
1315 2496 1441 2540 caesis
1465 2497 1619 2540 decem
1641 2501 1685 2541 et
1707 2502 1804 2541 octo
1827 2495 2039 2544 millibus.
2060 2495 2096 2522 ¹4
2113 2494 2173 2545 Et
2194 2496 2346 2554 posu-it

498 2554 544 2597 in
571 2554 773 2599 Idumaea
799 2555 1003 2600 custodes
1029 2556 1273 2612 statuitque
1299 2555 1578 2612 praesidium,
1602 2562 1645 2600 et
1669 2556 1794 2605 facta
1816 2560 1881 2599 est
1905 2555 2112 2600 universa
2137 2556 2342 2602 Idumaea

499 2613 695 2662 serviens
723 2613 883 2657 David.
912 2615 970 2656 Et
995 2615 1189 2659 servavit
1219 2615 1438 2658 Dominus
1473 2615 1620 2667 David
1653 2615 1700 2660 in
1731 2614 1935 2662 omnibus
1964 2614 2020 2657 ad
2051 2629 2363 2672 quaecumque:

530 2673 726 2720 rofectus
748 2679 826 2718 est.

277 2745 359 2779 Ejus
499 2687 527 2729 P
561 2731 597 2759 15
615 2734 673 2776 Et
694 2732 899 2789 regnavit
924 2734 1072 2777 David
1094 2748 1225 2792 super
1250 2749 1427 2778 omnem
1449 2733 1588 2779 Israel
1605 2752 1613 2789 3
1633 2733 1833 2780 faciebat
1855 2748 2026 2790 quoque
2051 2734 2198 2777 David
2223 2733 2341 2790 judi-

239 2789 390 2847 OffiCJMfi
503 2791 626 2841 cium
654 2797 697 2835 et
729 2792 952 2848 justitiam
985 2793 1105 2838 omni
1138 2793 1301 2851 populo
1335 2808 1427 2837 suo.
1455 2794 1490 2821 16
1508 2793 1625 2839 Joab
1657 2798 1828 2849 autem,
1863 2791 1982 2837 filius
2019 2792 2210 2849 Sarviae,
2248 2798 2343 2837 erat

205 2838 435 2862 smmum*
502 2864 631 2907 super
668 2851 937 2907 exercitum,
978 2866 1105 2909 porro
1142 2852 1382 2910 Josaphat,
1420 2853 1536 2905 filius
1573 2852 1763 2908 Ahilusds,
1798 2857 1893 2898 erat
1923 2866 1948 2899 a
1979 2852 2340 2906 commentariis;

503 2908 537 2935 17
556 2915 599 2953 et
626 2910 788 2965 Sadoc,
822 2910 938 2956 filius
973 2911 1193 2966 Achitob,
1225 2918 1267 2955 et
1299 2912 1612 2968 Achimeleeh,
1639 2911 1755 2963 filius
1784 2911 2018 2967 Abiathar,
2045 2916 2172 2954 erant
2198 2925 2340 2958 sacer-

503 2968 652 3024 dotes;
685 2974 728 3012 et
755 2970 927 3013 Saraias
953 2969 1124 3025 scriba3
1149 2970 1185 2997 18
1205 2971 1399 3014 Banaias
1427 2977 1600 3027 autem,
1630 2968 1748 3018 filius
1777 2969 1974 3026 Joiadae,
2001 2984 2132 3027 super
2164 2970 2342 3020 Cenethi

259 3080 264 3085 .
353 3081 358 3085 ι
503 3032 546 3071 et
572 3027 802 3083 Phelethi3
828 3029 907 3071 filii
929 3035 1080 3073 autem
1103 3029 1250 3083 David
1272 3031 1523 3080 sacerdotes
1549 3035 1686 3074 erant.
2311 3085 2314 3088 ,

198 3082 310 3152 ῙΡΒᾞῇ
329 3084 437 3153 {uffa-⁵
563 3086 671 3131 CAP.
700 3087 780 3131 IX.
805 3114 864 3120 --
889 3088 902 3114 ‘¹
924 3089 980 3132 Et
1007 3089 1120 3132 dixit
1155 3089 1300 3133 David
1328 3107 1336 3134 :
1372 3089 1567 3139 Putasne
1596 3094 1663 3141 est
1692 3087 1853 3145 aliquis
1887 3088 1962 3145 qui
1992 3088 2255 3139 remanserit
2287 3089 2362 3138 de·
2431 3119 2435 3127 ‚

212 3131 246 3152 ω
264 3133 413 3198 sssffl’o
504 3146 635 3190 domo
666 3145 793 3200 Saul,
828 3152 876 3190 ut
908 3147 1077 3191 faciam
1111 3163 1213 3192 cum
1242 3163 1291 3192 eo
1322 3148 1671 3200 misericordiam
1704 3154 1880 3206 propter
1905 3148 2165 3200 Jonathan?
2195 3147 2212 3174 ²
2234 3144 2345 3198 Erat

503 3210 656 3248 autem
677 3204 731 3248 de
757 3205 886 3249 domo
915 3207 1017 3249 Saul
1047 3222 1198 3251 servus
1223 3208 1403 3254 nomine
1428 3203 1546 3258 Siba.
1575 3208 1714 3265 Quem
1741 3221 1843 3251 cum
1864 3212 2066 3257 vocasset
2090 3221 2168 3256 rex,
2189 3206 2250 3256 ad·
2271 3221 2345 3263 se,

505 3264 619 3308 dixit
640 3264 679 3308 ei
706 3281 714 3308 :
741 3264 866 3309 Tune
891 3279 935 3308 es
959 3265 1094 3310 Siba‘?
1123 3267 1180 3309 Et
1203 3266 1280 3311 ille
1307 3268 1535 3325 respoudit
1557 3284 1567 3311 :
1596 3267 1692 3324 Ego
1717 3279 1823 3311 sum⁴
1841 3281 1995 3317 servus
2018 3272 2133 3317 tuus.
2160 3265 2178 3293 3
2194 3265 2257 3315 Et
2276 3262 2355 3333 ait,
2422 3270 2456 3313 ἐν’

504 3338 582 3367 rex
603 3340 611 3368 :
639 3323 867 3380 Numquid
893 3330 1090 3381 superest
1111 3326 1274 3382 aliquis
1299 3327 1353 3372 de
1379 3325 1513 3370 domo
1539 3325 1665 3381 Saul,
1691 3330 1740 3368 ut
1764 3325 1939 3374 faciam,
1964 3340 2074 3376 011111,
2092 3339 2143 3373 eo
2172 3325 2360 3381 misen--
2427 3356 2430 3361 ,

506 3383 702 3426 cordiam
731 3382 846 3426 Dei?
866 3381 1080 3439 Dixitque
1099 3385 1203 3428 Siba
1224 3386 1317 3442 regi
1341 3403 1349 3430 :
1371 3387 1576 3444 Superest
1596 3384 1713 3428 filius
1731 3384 1941 3432 Jonathae
1960 3380 2121 3436 debilis
2139 3382 2355 3442 pedibus..
2425 3394 2428 3399 ’
2454 3402 2456 3407 ·

506 3441 522 3468 ¹¹
546 3442 656 3498 Ubi,
681 3436 847 3499 inquit,
874 3442 972 3486 est?
1008 3442 1066 3485 Et
1097 3443 1203 3486 Siba
1236 3444 1292 3487 ad
1326 3459 1475 3501 regem
1499 3462 1507 3489 :
1541 3445 1680 3498 Ecce,
1716 3443 1800 3498 ait,
1826 3444 1871 3487 in
1899 3443 2028 3490 domo
2055 3449 2125 3494 est,
2146 3438 2340 3498 Machir,
2420 3461 2422 3468 ·

505 3500 584 3543 filii
615 3501 832 3557 Ammiel,
859 3501 904 3543 in
931 3501 1149 3544 Lodabar.
1177 3502 1194 3528 5
1211 3501 1336 3544 Misit
1365 3518 1468 3557 ergo
1492 3518 1568 3546 rex
1600 3502 1766 3558 David,
1794 3508 1837 3545 et
1866 3502 1969 3545 tulit
1998 3516 2099 3545 eum
2125 3501 2179 3545 de
2207 3500 2360 3544 domo*
2426 3527 2435 3536 ν

507 3647 542 3679 e,
561 3645 589 3678 1]
608 3645 622 3671 1
643 3644 713 3672 Par.
737 3646 866 3680 xvur,
886 3649 908 3674 1.
