2456 3861
185 933 291 978 CAP.
315 933 414 977 XX.
440 957 500 965 —
528 930 536 956 ¹
559 927 843 986 Respondens
868 931 1019 968 autem
1040 923 1210 979 Sophar
1236 920 1569 974 Naamathites,
1594 917 1708 961 dixit
1735 935 1747 962 :

323 990 340 1016 9
358 991 530 1033 Idcirco
558 987 849 1044 cogitationes
874 998 985 1028 meae
1011 982 1148 1025 variae
1170 979 1415 1024 succedunt
1439 978 1545 1032 sibi,

691 111 778 155 Jon
810 111 944 157 xix,
979 110 1032 151 ‘27
1066 134 1124 140 -
1155 107 1262 160 xx,
1296 106 1365 148 23.

298 284 334 311 97
351 286 489 336 Quem
511 282 683 326 visurus
708 295 805 324 sum
832 294 913 335 ego
937 279 1050 335 ipsc,

418 350 460 387 et
485 341 598 386 oculi
626 340 711 383 mei
734 337 1010 394 conspecturi
1034 341 1155 390 sunt,
1183 340 1227 378 et
1247 349 1334 377 non
1359 333 1501 386 alius3

418 400 608 458 reposita
630 404 696 442 est
716 398 814 440 haec
835 411 934 452 spcs
960 410 1058 439 mea
1079 395 1124 436 in
1149 394 1248 437 sinu
1274 407 1383 435 meo.

299 460 335 488 98
354 462 493 512 Quare
519 472 621 514 ergo
643 470 758 500 nunc
785 455 932 498 dicitis
964 470 971 497 :
1000 455 1318 508 Persequamur
1341 465 1460 504 eum,

418 526 461 563 et
485 518 676 562 radicem
701 515 824 558 verbi
846 513 1126 556 inveniamus
1153 516 1304 553 contra
1327 510 1460 552 eum?

302 579 338 605 99
357 578 517 635 Fugite
541 589 644 631 ergo
668 589 695 617 a
719 573 838 616 facie
865 571 1025 628 gladii,

419 635 626 692 quoniam
647 634 762 677 ultor
786 631 1072 686 iniquitatum
1096 627 1272 683 gladius
1299 632 1392 679 est3

422 701 464 738 et
484 694 639 738 scitote
665 706 762 735 esse
783 689 1016 746 judicium.

753 815 775 867 ξ
800 811 854 854 V.
877 835 937 844 --
961 809 1110 853 Sermo
1133 807 1321 863 Sophar.

423 1055 466 1092 et
489 1062 612 1091 mens
637 1047 684 1089 in
706 1045 880 1090 diversa
901 1043 1083 1099 rapitur.

323 1108 341 1135 3
360 1108 619 1151 Doctrinam
641 1119 726 1162 qua
748 1118 817 1147 me
839 1102 988 1159 arguis
1014 1101 1214 1154 audiam,

423 1173 466 1210 et
488 1167 666 1223 spiritus
690 1161 1001 1230 intelligentiae
1024 1174 1135 1203 meae
1158 1155 1440 1214 respondebit
1463 1154 1583 1207 mihi.

322 1226 341 1253 4
359 1227 458 1269 Hoc
481 1225 571 1269 scio
594 1239 620 1267 a
641 1223 880 1280 principio,

425 1299 479 1328 ex
505 1298 588 1340 quo
614 1283 782 1339 positus
803 1286 869 1325 est
893 1281 1025 1324 homo
1047 1292 1176 1334 super
1196 1282 1378 1330 terram,

326 1345 343 1371 5
360 1344 474 1400 quod
496 1343 591 1386 laus
616 1342 852 1397 impiorum
873 1339 1020 1382 brevis
1041 1337 1119 1392 sit,

425 1408 470 1446 et
494 1401 706 1459 gaudium
734 1399 981 1456 hypocritae
1007 1396 1063 1439 ad
1088 1396 1230 1438 instar
1251 1392 1418 1451 puncti.

324 1461 344 1490 ⁶
359 1462 405 1506 Si
427 1459 677 1505 ascenderit
699 1473 833 1514 usque
858 1457 915 1499 ad
940 1456 1099 1499 caelum
1125 1452 1329 1510 superbia
1352 1450 1469 1507 ejus,

428 1526 471 1564 et
496 1524 628 1576 caput
653 1518 750 1573 ejus
771 1517 909 1560 nubes
936 1514 1153 1569 tetigerit,
1473 1509 1478 1514 ’

280 1627 283 1630 ,
327 1579 344 1607 ⁷
361 1579 485 1636 quasi
511 1576 837 1633 sterquilinium
862 1575 907 1617 in
930 1574 1017 1617 fine
1041 1573 1260 1629 perdetur,

428 1643 471 1682 et
492 1637 564 1694 qui
589 1651 696 1680 eum·
714 1635 939 1689 viderant,
969 1632 1120 1675 dicent
1149 1642 1160 1674 ⁷:
1188 1629 1278 1673 Ubi
1301 1629 1398 1672 est‘?

327 1698 346 1726 8
362 1697 498 1742 Velut
519 1696 739 1740 somnium
764 1693 948 1737 avolans
970 1706 1057 1734 non
1079 1689 1340 1741 invenietur,

427 1756 612 1799 transiet
634 1755 749 1797 sicut
770 1753 883 1797 visio
906 1757 1135 1795 nocturna.
1284 1758 1286 1761 '

329 1816 348 1844 9
364 1815 527 1860 Oculus
553 1815 626 1871 qui
652 1828 754 1857 eum
781 1812 953 1856 viderat
978 1825 1066 1853 non
1091 1808 1282 1862 videbit,

429 1889 572 1930 neque
596 1873 713 1916 ultra
735 1871 979 1914 intuebitur
1005 1883 1107 1912 eum
1129 1868 1249 1911 locus
1275 1880 1390 1909 suus.

315 1934 351 1961 ¹⁰
367 1934 472 1978 Filii
498 1934 595 1990 ejus
620 1936 865 1976 atterentur
887 1934 1106 1986 egestate,

432 1998 476 2036 et
496 2006 653 2035 manus
676 1991 798 2034 illius
818 1989 1007 2034 reddent
1030 1987 1070 2031 ei
1093 1987 1288 2030 dolorem
1313 1999 1456 2029 suum.

316 2052 349 2079 11
370 2052 480 2096 Ossa
501 2051 596 2107 ejus
620 2050 924 2107 implebuntur
945 2047 1066 2090 vitiis
1093 2044 1405 2089 adolescentiae
1428 2043 1544 2099 ejus,

366 2153 371 2157 ,
437 2116 482 2154 61
506 2124 608 2154 611111
633 2124 684 2154 eo
704 2109 752 2152 in
774 2108 954 2165 pulvere
981 2106 1215 2151 dormient.

318 2170 354 2198 19
371 2171 482 2215 Cum
508 2170 627 2212 6111111
650 2168 778 2211 dulce
803 2167 944 2211 fuerit
965 2165 1011 2208 in
1032 2180 1106 2209 ore
1128 2164 1222 2220 ejus
1245 2163 1430 2218 malum,

436 2227 679 2271 abscondet
698 2226 811 2269 illud
831 2225 911 2268 sub
937 2225 1090 2280 lingua
1116 2238 1208 2266 sua.

319 2289 355 2316 13
373 2289 531 2331 Parcet
556 2286 636 2342 illi,
661 2290 705 2329 et
728 2298 816 2328 non
843 2283 1118 2339 derelinquet
1137 2282 1271 2336 illud,

438 2352 480 2390 et
506 2345 670 2389 celabit
695 2345 743 2387 111
763 2349 942 2400 gutture
969 2355 1059 2385 suo.

322 2406 358 2434 14
379 2406 514 2450 Panis
537 2406 633 2462 ejus
656 2404 702 2447 111
725 2408 850 2446 utero
869 2402 989 2445 illius

439 2470 635 2508 vertetur
660 2464 704 2506 in
727 2462 791 2506 fel
815 2461 1021 2518 aspidum
1047 2459 1321 2502 intrinsecus.

322 2526 358 2553 ¹5
378 2525 571 2568 Divitias
597 2537 705 2580 quas
732 2520 963 2564 devoravit
986 2523 1182 2573 evomet,

440 2589 484 2627 et
509 2584 563 2627 de
591 2587 742 2626 ventre
766 2581 885 2622 illius
909 2578 1113 2622 extrahet
1138 2591 1212 2620 eas
1239 2578 1370 2619 Deus.

324 2644 360 2671 16
376 2644 521 2700 Caput
542 2642 749 2699 aspidum
775 2644 926 2695 suget,

442 2707 487 2746 et
509 2701 682 2745 occidet
709 2714 810 2743 eum
832 2698 988 2754 lingua
1010 2697 1188 2752 viperae.

326 2762 357 2788 ¹⁷
376 2763 476 2805 Non
501 2761 654 2804 videat
678 2759 843 2802 rivulos
868 2755 1085 2810 fluminis,

440 2825 656 2864 torrentes
678 2817 824 2861 mellis
849 2822 894 2860 61
914 2814 1077 2871 butyri.

325 2881 360 2908 18
379 2882 494 2924 Luet
515 2894 614 2936 quae
637 2878 749 2921 fecit
772 2876 943 2930 omnia,
968 2888 1049 2917 nec
1070 2882 1222 2916 tamen
1245 2876 1555 2926 consumetur3

1358 214 1361 216 .
1388 212 1442 217 -,-
1485 206 1795 217 ’,ἐ-..ψ
1817 205 1844 213 μ-

1857 97 1946 141 523

443 2940 573 2996 juxta
599 2936 933 2982 multitudinem
956 2932 1324 2976 adinventionum
1348 2944 1547 2984 suarum,
1574 2928 1637 2972 sic
1661 2932 1705 2974 61
1730 2923 1979 2970 sustinebit.

328 2999 363 3026 19
380 2999 600 3051 Quoniam
621 2996 911 3051 confringens
934 2992 1122 3036 nudavit
1142 3003 1357 3048 pauperes
1377 3006 1386 3044 3
1429 3001 1432 3004 ·

446 3058 628 3101 domum
648 3054 816 3112 rapuit,
845 3059 890 3097 et
910 3066 997 3096 non
1023 3050 1264 3095 aedificavit
1288 3063 1399 3091 eam.

327 3115 365 3144 90
381 3119 474 3162 Nec
500 3122 567 3160 est
591 3116 779 3159 satiatus
805 3118 960 3156 venter
981 3111 1078 3166 ejus
1098 3127 1107 3164 3

447 3182 491 3220 et
515 3190 616 3222 cum
640 3173 846 3217 habuerit
868 3186 966 3228 quae
993 3168 1292 3225 concupierat,
1315 3166 1538 3224 possidere
1561 3178 1648 3207 non
1673 3163 1847 3220 poterit.

331 3235 365 3262 91
386 3237 487 3279 Non
508 3233 723 3278 remansit
749 3232 803 3275 de
831 3232 928 3274 cibo
951 3229 1048 3285 ejus
1069 3246 1078 3284 3

449 3299 494 3338 61
513 3298 746 3350 propterea
770 3290 883 3334 nihil
905 3287 1184 3346 permanebit
1208 3286 1262 3329 de
1288 3284 1416 3328 bonis
1437 3284 1546 3340 ejus.

331 3351 369 3380 99
386 3354 499 3397 Cum
519 3353 706 3396 satiatus
728 3350 885 3404 fuerit,
911 3347 1155 3391 arctabitur
1173 3363 1182 3400 3

454 3412 680 3466 aestuabit,
704 3408 748 3454 et
770 3409 912 3467 omnis
935 3407 1058 3450 dolor
1074 3406 1210 3448 irruet
1228 3417 1358 3461 super
1377 3416 1490 3445 eum.

335 3469 373 3497 93
390 3471 578 3515 Utinam
600 3469 838 3526 impleatur
858 3472 1013 3510 venter
1037 3465 1154 3520 ejus,

377 3534 381 3536 ’
455 3535 505 3573 111
525 3530 704 3572 emittat
728 3528 773 3570 in
800 3542 900 3571 eum
921 3526 1032 3568 iram
1054 3523 1216 3566 furoris
1241 3522 1328 3577 sui,

455 3594 500 3632 et
520 3588 646 3645 pluat
667 3601 796 3643 super
819 3586 947 3628 illum
969 3582 1137 3626 bellum
1161 3580 1311 3624 suum!

2041 923 2090 951 Ad
2110 930 2245 955 respon-

2069 967 2214 996 (lendum

2065 1014 2216 1044 urgetur.

2029 1454 2107 1490 Quae
2124 1451 2170 1480 sit
2183 1447 2270 1484 apua

2101 1497 2206 1524 Deum

2056 1548 2133 1575 pars
2152 1539 2245 1573 impii

2068 1591 2235 1618 exponere

2093 1628 2217 1664 pergit.
