<?xml version="1.0" encoding="UTF-8"?>
<!DOCTYPE html PUBLIC "-//W3C//DTD XHTML 1.0 Transitional//EN"
    "http://www.w3.org/TR/xhtml1/DTD/xhtml1-transitional.dtd">
<html xmlns="http://www.w3.org/1999/xhtml" xml:lang="en" lang="en">
 <head>
  <title>
</title>
<meta http-equiv="Content-Type" content="text/html;charset=utf-8" />
  <meta name='ocr-system' content='tesseract 3.04.00' />
  <meta name='ocr-capabilities' content='ocr_page ocr_carea ocr_par ocr_line ocrx_word'/>
</head>
<body>
  <div class='ocr_page' id='page_1' title='image "./bibliasacrajuxta00fill_0147.png"; bbox 0 0 2456 3861; ppageno 0'>
   <div class='ocr_carea' id='block_1_1' title="bbox 735 180 1968 234">
    <p class='ocr_par' dir='ltr' id='par_1_1' title="bbox 735 180 1968 234">
     <span class='ocr_line' id='line_1_1' title="bbox 735 180 1968 234; baseline 0.001 -12"><span class='ocrx_word' id='word_1_1' title='bbox 735 181 860 224; x_wconf 79' lang='lat' dir='ltr'>NUM.</span> <span class='ocrx_word' id='word_1_2' title='bbox 894 180 1035 234; x_wconf 79' lang='lat' dir='ltr'>VIII,</span> <span class='ocrx_word' id='word_1_3' title='bbox 1069 182 1125 224; x_wconf 73' lang='lat'>25</span> <span class='ocrx_word' id='word_1_4' title='bbox 1158 206 1212 213; x_wconf 93' lang='lat'>—</span> <span class='ocrx_word' id='word_1_5' title='bbox 1248 181 1309 232; x_wconf 88' lang='lat' dir='ltr'>X,</span> <span class='ocrx_word' id='word_1_6' title='bbox 1342 181 1383 223; x_wconf 80' lang='lat'>2.</span> <span class='ocrx_word' id='word_1_7' title='bbox 1890 182 1968 223; x_wconf 84' lang='lat'>131</span> 
     </span>
    </p>
   </div>
   <div class='ocr_carea' id='block_1_2' title="bbox 147 349 1975 584">
    <p class='ocr_par' dir='ltr' id='par_1_2' title="bbox 147 349 1975 584">
     <span class='ocr_line' id='line_1_2' title="bbox 152 349 1970 406; baseline -0.002 -11"><span class='ocrx_word' id='word_1_8' title='bbox 152 350 436 395; x_wconf 80' lang='lat' dir='ltr'>tabernaculo</span> <span class='ocrx_word' id='word_1_9' title='bbox 469 350 679 403; x_wconf 67' lang='lat' dir='ltr'>foederis,</span> <span class='ocrx_word' id='word_1_10' title='bbox 714 350 751 376; x_wconf 75' lang='lat'>2⁵</span> <span class='ocrx_word' id='word_1_11' title='bbox 777 364 964 406; x_wconf 86' lang='lat' dir='ltr'>cumque</span> <span class='ocrx_word' id='word_1_12' title='bbox 997 350 1411 406; x_wconf 81' lang='lat' dir='ltr'>quinquagesimum</span> <span class='ocrx_word' id='word_1_13' title='bbox 1441 364 1607 392; x_wconf 80' lang='lat' dir='ltr'>annum</span> <span class='ocrx_word' id='word_1_14' title='bbox 1642 350 1786 392; x_wconf 62' lang='lat' dir='ltr'>{etatis</span> <span class='ocrx_word' id='word_1_15' title='bbox 1819 349 1970 405; x_wconf 80' lang='lat' dir='ltr'>imple-</span> 
     </span>
     <span class='ocr_line' id='line_1_3' title="bbox 149 408 1970 464; baseline -0.002 -11"><span class='ocrx_word' id='word_1_16' title='bbox 149 410 312 464; x_wconf 83' lang='lat' dir='ltr'>verint,</span> <span class='ocrx_word' id='word_1_17' title='bbox 340 410 502 452; x_wconf 82' lang='lat' dir='ltr'>servire</span> <span class='ocrx_word' id='word_1_18' title='bbox 529 409 792 463; x_wconf 69' lang='lat' dir='ltr'>cessal&gt;11nt3</span> <span class='ocrx_word' id='word_1_19' title='bbox 828 408 864 435; x_wconf 72' lang='lat'>‘²⁶</span> <span class='ocrx_word' id='word_1_20' title='bbox 886 415 1098 464; x_wconf 85' lang='lat' dir='ltr'>eruntque</span> <span class='ocrx_word' id='word_1_21' title='bbox 1125 409 1314 451; x_wconf 84' lang='lat' dir='ltr'>ministri</span> <span class='ocrx_word' id='word_1_22' title='bbox 1341 410 1531 451; x_wconf 77' lang='lat' dir='ltr'>fratrum</span> <span class='ocrx_word' id='word_1_23' title='bbox 1553 423 1730 451; x_wconf 84' lang='lat' dir='ltr'>suorum</span> <span class='ocrx_word' id='word_1_24' title='bbox 1756 409 1800 450; x_wconf 86' lang='lat' dir='ltr'>in</span> <span class='ocrx_word' id='word_1_25' title='bbox 1831 408 1970 451; x_wconf 85' lang='lat' dir='ltr'>taber-</span> 
     </span>
     <span class='ocr_line' id='line_1_4' title="bbox 149 466 1975 523; baseline -0.002 -12"><span class='ocrx_word' id='word_1_26' title='bbox 149 469 308 511; x_wconf 81' lang='lat' dir='ltr'>naculo</span> <span class='ocrx_word' id='word_1_27' title='bbox 333 468 534 523; x_wconf 73' lang='lat' dir='ltr'>foederis,</span> <span class='ocrx_word' id='word_1_28' title='bbox 555 474 602 510; x_wconf 88' lang='lat' dir='ltr'>ut</span> <span class='ocrx_word' id='word_1_29' title='bbox 628 467 880 510; x_wconf 85' lang='lat' dir='ltr'>custodiant</span> <span class='ocrx_word' id='word_1_30' title='bbox 903 481 1000 522; x_wconf 65' lang='grc'><strong>(11110</strong></span> <span class='ocrx_word' id='word_1_31' title='bbox 1026 467 1109 509; x_wconf 74' lang='lat' dir='ltr'>sibi</span> <span class='ocrx_word' id='word_1_32' title='bbox 1129 468 1297 510; x_wconf 72' lang='lat' dir='ltr'>fuerint</span> <span class='ocrx_word' id='word_1_33' title='bbox 1315 466 1649 523; x_wconf 81' lang='lat' dir='ltr'>commendata3</span> <span class='ocrx_word' id='word_1_34' title='bbox 1679 481 1807 523; x_wconf 82' lang='lat' dir='ltr'>opera</span> <span class='ocrx_word' id='word_1_35' title='bbox 1825 473 1975 510; x_wconf 87' lang='lat' dir='ltr'>autem</span> 
     </span>
     <span class='ocr_line' id='line_1_5' title="bbox 147 526 1501 584; baseline -0.001 -14"><span class='ocrx_word' id='word_1_36' title='bbox 147 527 243 584; x_wconf 83' lang='lat' dir='ltr'>ipsa</span> <span class='ocrx_word' id='word_1_37' title='bbox 268 542 354 569; x_wconf 88' lang='grc'><strong>11011</strong></span> <span class='ocrx_word' id='word_1_38' title='bbox 381 527 567 570; x_wconf 76' lang='lat' dir='ltr'>faciant.</span> <span class='ocrx_word' id='word_1_39' title='bbox 596 526 664 570; x_wconf 83' lang='lat' dir='ltr'>Sic</span> <span class='ocrx_word' id='word_1_40' title='bbox 688 526 892 582; x_wconf 75' lang='lat' dir='ltr'>dispones</span> <span class='ocrx_word' id='word_1_41' title='bbox 919 526 1064 569; x_wconf 77' lang='lat' dir='ltr'>levitis</span> <span class='ocrx_word' id='word_1_42' title='bbox 1089 526 1134 568; x_wconf 87' lang='lat' dir='ltr'>in</span> <span class='ocrx_word' id='word_1_43' title='bbox 1162 526 1372 569; x_wconf 81' lang='lat' dir='ltr'>custodiis</span> <span class='ocrx_word' id='word_1_44' title='bbox 1398 526 1501 570; x_wconf 81' lang='lat' dir='ltr'>suis.</span> 
     </span>
    </p>
   </div>
   <div class='ocr_carea' id='block_1_3' title="bbox 571 645 1553 703">
    <p class='ocr_par' dir='ltr' id='par_1_3' title="bbox 571 645 1553 703">
     <span class='ocr_line' id='line_1_6' title="bbox 571 645 1553 703; baseline 0.003 -16"><span class='ocrx_word' id='word_1_45' title='bbox 571 646 594 703; x_wconf 67' lang='grc' dir='ltr'>ξ</span> <span class='ocrx_word' id='word_1_46' title='bbox 630 646 719 688; x_wconf 90' lang='grc' dir='ltr'>ΙΙΙ.</span> <span class='ocrx_word' id='word_1_47' title='bbox 745 670 805 678; x_wconf 87' lang='lat'>—</span> <span class='ocrx_word' id='word_1_48' title='bbox 842 645 1029 701; x_wconf 76' lang='lat' dir='ltr'>Tempus</span> <span class='ocrx_word' id='word_1_49' title='bbox 1061 645 1361 689; x_wconf 70' lang='lat' dir='ltr'><em>celebrationis</em></span> <span class='ocrx_word' id='word_1_50' title='bbox 1392 647 1553 690; x_wconf 73' lang='lat' dir='ltr'>Phase.</span> 
     </span>
    </p>
   </div>
   <div class='ocr_carea' id='block_1_4' title="bbox 132 747 1976 2104">
    <p class='ocr_par' dir='ltr' id='par_1_4' title="bbox 144 747 1975 1158">
     <span class='ocr_line' id='line_1_7' title="bbox 218 747 1973 810; baseline 0.002 -16"><span class='ocrx_word' id='word_1_51' title='bbox 218 750 323 794; x_wconf 82' lang='lat' dir='ltr'>CAP.</span> <span class='ocrx_word' id='word_1_52' title='bbox 361 748 443 791; x_wconf 83' lang='lat' dir='ltr'>IX.</span> <span class='ocrx_word' id='word_1_53' title='bbox 483 772 542 780; x_wconf 90' lang='lat'>—-</span> <span class='ocrx_word' id='word_1_54' title='bbox 583 747 593 773; x_wconf 68' lang='lat'><strong>¹</strong></span> <span class='ocrx_word' id='word_1_55' title='bbox 633 748 832 791; x_wconf 85' lang='lat' dir='ltr'>Locutus</span> <span class='ocrx_word' id='word_1_56' title='bbox 869 755 933 791; x_wconf 60' lang='lat' dir='ltr'>est·</span> <span class='ocrx_word' id='word_1_57' title='bbox 972 749 1189 792; x_wconf 80' lang='lat' dir='ltr'>Dominus</span> <span class='ocrx_word' id='word_1_58' title='bbox 1228 750 1282 792; x_wconf 91' lang='lat' dir='ltr'>ad</span> <span class='ocrx_word' id='word_1_59' title='bbox 1319 751 1508 807; x_wconf 78' lang='lat' dir='ltr'><strong>Moysen</strong></span> <span class='ocrx_word' id='word_1_60' title='bbox 1545 753 1591 796; x_wconf 89' lang='lat' dir='ltr'>in</span> <span class='ocrx_word' id='word_1_61' title='bbox 1628 754 1798 798; x_wconf 80' lang='lat' dir='ltr'>desert-o</span> <span class='ocrx_word' id='word_1_62' title='bbox 1833 755 1973 810; x_wconf 80' lang='grc'><strong>811101,</strong></span> 
     </span>
     <span class='ocr_line' id='line_1_8' title="bbox 145 807 1973 869; baseline 0.003 -19"><span class='ocrx_word' id='word_1_63' title='bbox 145 823 262 851; x_wconf 82' lang='lat' dir='ltr'>anno</span> <span class='ocrx_word' id='word_1_64' title='bbox 286 808 479 852; x_wconf 87' lang='lat' dir='ltr'>secundo</span> <span class='ocrx_word' id='word_1_65' title='bbox 505 812 739 864; x_wconf 83' lang='lat' dir='ltr'>post-quam</span> <span class='ocrx_word' id='word_1_66' title='bbox 765 807 928 862; x_wconf 80' lang='lat' dir='ltr'>egressi</span> <span class='ocrx_word' id='word_1_67' title='bbox 958 813 1062 850; x_wconf 88' lang='lat' dir='ltr'>sunt</span> <span class='ocrx_word' id='word_1_68' title='bbox 1094 808 1148 852; x_wconf 89' lang='lat' dir='ltr'>de</span> <span class='ocrx_word' id='word_1_69' title='bbox 1173 815 1288 852; x_wconf 78' lang='lat' dir='ltr'>terra</span> <span class='ocrx_word' id='word_1_70' title='bbox 1314 811 1525 867; x_wconf 61' lang='lat' dir='ltr'>Aigypti,</span> <span class='ocrx_word' id='word_1_71' title='bbox 1550 826 1699 856; x_wconf 82' lang='lat' dir='ltr'>mense</span> <span class='ocrx_word' id='word_1_72' title='bbox 1725 814 1884 869; x_wconf 78' lang='lat' dir='ltr'>primo,</span> <span class='ocrx_word' id='word_1_73' title='bbox 1911 814 1973 856; x_wconf 83' lang='lat' dir='ltr'>di-</span> 
     </span>
     <span class='ocr_line' id='line_1_9' title="bbox 146 866 1975 925; baseline 0.003 -15"><span class='ocrx_word' id='word_1_74' title='bbox 146 881 279 910; x_wconf 81' lang='lat' dir='ltr'>cens:</span> <span class='ocrx_word' id='word_1_75' title='bbox 310 866 326 892; x_wconf 73' lang='lat'>&#39;2</span> <span class='ocrx_word' id='word_1_76' title='bbox 352 867 540 909; x_wconf 83' lang='lat' dir='ltr'>Faciant</span> <span class='ocrx_word' id='word_1_77' title='bbox 573 866 653 908; x_wconf 85' lang='lat' dir='ltr'>filii</span> <span class='ocrx_word' id='word_1_78' title='bbox 692 866 830 908; x_wconf 84' lang='lat' dir='ltr'>Israel</span> <span class='ocrx_word' id='word_1_79' title='bbox 868 866 1011 910; x_wconf 83' lang='lat' dir='ltr'>Phase</span> <span class='ocrx_word' id='word_1_80' title='bbox 1046 867 1092 909; x_wconf 91' lang='lat' dir='ltr'>in</span> <span class='ocrx_word' id='word_1_81' title='bbox 1126 872 1323 924; x_wconf 83' lang='lat' dir='ltr'>tempore</span> <span class='ocrx_word' id='word_1_82' title='bbox 1363 883 1462 924; x_wconf 86' lang='lat' dir='ltr'>suo,</span> <span class='ocrx_word' id='word_1_83' title='bbox 1497 870 1514 895; x_wconf 68' lang='lat'>³³</span> <span class='ocrx_word' id='word_1_84' title='bbox 1539 871 1869 925; x_wconf 80' lang='lat' dir='ltr'>quartadecima</span> <span class='ocrx_word' id='word_1_85' title='bbox 1904 873 1975 915; x_wconf 86' lang='lat' dir='ltr'>die</span> 
     </span>
     <span class='ocr_line' id='line_1_10' title="bbox 146 925 1974 986; baseline 0.003 -19"><span class='ocrx_word' id='word_1_86' title='bbox 146 927 309 968; x_wconf 79' lang='lat' dir='ltr'>mensis</span> <span class='ocrx_word' id='word_1_87' title='bbox 327 925 461 980; x_wconf 81' lang='lat' dir='ltr'>hujus</span> <span class='ocrx_word' id='word_1_88' title='bbox 478 925 535 967; x_wconf 87' lang='lat' dir='ltr'>ad</span> <span class='ocrx_word' id='word_1_89' title='bbox 558 938 808 981; x_wconf 71' lang='lat' dir='ltr'>vesperam,</span> <span class='ocrx_word' id='word_1_90' title='bbox 828 925 957 980; x_wconf 76' lang='lat' dir='ltr'>juxta</span> <span class='ocrx_word' id='word_1_91' title='bbox 976 939 1126 969; x_wconf 88' lang='lat' dir='ltr'>omnes</span> <span class='ocrx_word' id='word_1_92' title='bbox 1150 927 1420 969; x_wconf 71' lang='lat' dir='ltr'>ceremonias</span> <span class='ocrx_word' id='word_1_93' title='bbox 1443 933 1486 970; x_wconf 90' lang='lat' dir='ltr'>et</span> <span class='ocrx_word' id='word_1_94' title='bbox 1503 928 1840 984; x_wconf 79' lang='lat' dir='ltr'>justificationes</span> <span class='ocrx_word' id='word_1_95' title='bbox 1865 932 1974 986; x_wconf 81' lang='lat' dir='ltr'>ejus.</span> 
     </span>
     <span class='ocr_line' id='line_1_11' title="bbox 145 983 1972 1042; baseline 0.003 -16"><span class='ocrx_word' id='word_1_96' title='bbox 145 983 162 1010; x_wconf 80' lang='lat'>⁴</span> <span class='ocrx_word' id='word_1_97' title='bbox 188 984 491 1040; x_wconf 72' lang='lat' dir='ltr'>praecepitque</span> <span class='ocrx_word' id='word_1_98' title='bbox 515 984 690 1039; x_wconf 76' lang='lat' dir='ltr'>Moyses</span> <span class='ocrx_word' id='word_1_99' title='bbox 713 983 814 1026; x_wconf 87' lang='lat' dir='ltr'>filiis</span> <span class='ocrx_word' id='word_1_100' title='bbox 842 984 981 1027; x_wconf 82' lang='lat' dir='ltr'>Israel</span> <span class='ocrx_word' id='word_1_101' title='bbox 1006 990 1054 1027; x_wconf 92' lang='lat' dir='ltr'>ut</span> <span class='ocrx_word' id='word_1_102' title='bbox 1082 986 1283 1028; x_wconf 75' lang='lat' dir='ltr'>facerent</span> <span class='ocrx_word' id='word_1_103' title='bbox 1305 986 1448 1029; x_wconf 83' lang='lat' dir='ltr'>Phase</span> <span class='ocrx_word' id='word_1_104' title='bbox 1469 1022 1477 1037; x_wconf 88' lang='lat'>,</span> <span class='ocrx_word' id='word_1_105' title='bbox 1497 987 1515 1013; x_wconf 77' lang='lat'>⁵</span> <span class='ocrx_word' id='word_1_106' title='bbox 1538 987 1611 1042; x_wconf 83' lang='lat' dir='ltr'>qui</span> <span class='ocrx_word' id='word_1_107' title='bbox 1637 989 1840 1031; x_wconf 66' lang='lat' dir='ltr'>fecerunt</span> <span class='ocrx_word' id='word_1_108' title='bbox 1865 996 1972 1032; x_wconf 86' lang='lat' dir='ltr'>tem-</span> 
     </span>
     <span class='ocr_line' id='line_1_12' title="bbox 144 1042 1975 1100; baseline 0.002 -14"><span class='ocrx_word' id='word_1_109' title='bbox 144 1057 247 1100; x_wconf 85' lang='lat' dir='ltr'>pore</span> <span class='ocrx_word' id='word_1_110' title='bbox 272 1057 370 1098; x_wconf 88' lang='lat' dir='ltr'>suo,</span> <span class='ocrx_word' id='word_1_111' title='bbox 395 1042 727 1098; x_wconf 83' lang='lat' dir='ltr'>quartadecima</span> <span class='ocrx_word' id='word_1_112' title='bbox 759 1043 829 1086; x_wconf 85' lang='lat' dir='ltr'>die</span> <span class='ocrx_word' id='word_1_113' title='bbox 864 1043 1026 1086; x_wconf 78' lang='lat' dir='ltr'>mensis</span> <span class='ocrx_word' id='word_1_114' title='bbox 1050 1043 1108 1086; x_wconf 77' lang='lat' dir='ltr'>ad</span> <span class='ocrx_word' id='word_1_115' title='bbox 1135 1058 1385 1100; x_wconf 77' lang='lat' dir='ltr'>vesperam,</span> <span class='ocrx_word' id='word_1_116' title='bbox 1412 1045 1458 1087; x_wconf 87' lang='grc'>111</span> <span class='ocrx_word' id='word_1_117' title='bbox 1492 1052 1640 1089; x_wconf 86' lang='lat' dir='ltr'>monte</span> <span class='ocrx_word' id='word_1_118' title='bbox 1674 1047 1808 1090; x_wconf 74' lang='grc'><strong>811101.</strong></span> <span class='ocrx_word' id='word_1_119' title='bbox 1836 1049 1975 1091; x_wconf 72' lang='lat' dir='ltr'>Juxta</span> 
     </span>
     <span class='ocr_line' id='line_1_13' title="bbox 144 1101 1683 1158; baseline 0.003 -14"><span class='ocrx_word' id='word_1_120' title='bbox 144 1102 292 1144; x_wconf 84' lang='lat' dir='ltr'>omnia</span> <span class='ocrx_word' id='word_1_121' title='bbox 318 1116 416 1157; x_wconf 80' lang='lat' dir='ltr'>quae</span> <span class='ocrx_word' id='word_1_122' title='bbox 444 1101 734 1144; x_wconf 84' lang='lat' dir='ltr'>mandaverat</span> <span class='ocrx_word' id='word_1_123' title='bbox 762 1101 978 1145; x_wconf 81' lang='lat' dir='ltr'>Dominus</span> <span class='ocrx_word' id='word_1_124' title='bbox 1003 1102 1169 1158; x_wconf 81' lang='lat' dir='ltr'>Moysi,</span> <span class='ocrx_word' id='word_1_125' title='bbox 1195 1104 1400 1146; x_wconf 73' lang='lat' dir='ltr'>fecerunt</span> <span class='ocrx_word' id='word_1_126' title='bbox 1424 1103 1504 1147; x_wconf 88' lang='lat' dir='ltr'>filii</span> <span class='ocrx_word' id='word_1_127' title='bbox 1533 1105 1683 1149; x_wconf 76' lang='lat' dir='ltr'>Israel.</span> 
     </span>
    </p>

    <p class='ocr_par' dir='ltr' id='par_1_5' title="bbox 132 1160 1976 2104">
     <span class='ocr_line' id='line_1_14' title="bbox 201 1160 1976 1222; baseline 0.003 -19"><span class='ocrx_word' id='word_1_128' title='bbox 201 1161 219 1187; x_wconf 68' lang='grc' dir='ltr'>ὓ</span> <span class='ocrx_word' id='word_1_129' title='bbox 244 1162 357 1204; x_wconf 84' lang='grc' dir='ltr'>Εο00</span> <span class='ocrx_word' id='word_1_130' title='bbox 382 1167 533 1204; x_wconf 85' lang='lat' dir='ltr'>autem</span> <span class='ocrx_word' id='word_1_131' title='bbox 556 1161 737 1215; x_wconf 85' lang='lat' dir='ltr'>quidam</span> <span class='ocrx_word' id='word_1_132' title='bbox 755 1160 976 1204; x_wconf 85' lang='lat' dir='ltr'>immundi</span> <span class='ocrx_word' id='word_1_133' title='bbox 1003 1175 1133 1218; x_wconf 85' lang='lat' dir='ltr'>super</span> <span class='ocrx_word' id='word_1_134' title='bbox 1149 1162 1300 1205; x_wconf 83' lang='lat' dir='ltr'>anima</span> <span class='ocrx_word' id='word_1_135' title='bbox 1326 1163 1540 1219; x_wconf 87' lang='lat' dir='ltr'>hominis,</span> <span class='ocrx_word' id='word_1_136' title='bbox 1564 1165 1637 1220; x_wconf 80' lang='lat' dir='ltr'>qui</span> <span class='ocrx_word' id='word_1_137' title='bbox 1661 1179 1747 1208; x_wconf 87' lang='lat' dir='ltr'>non</span> <span class='ocrx_word' id='word_1_138' title='bbox 1774 1172 1976 1222; x_wconf 74' lang='lat' dir='ltr'>poterant</span> 
     </span>
     <span class='ocr_line' id='line_1_15' title="bbox 142 1219 1974 1279; baseline 0.003 -17"><span class='ocrx_word' id='word_1_139' title='bbox 142 1221 290 1263; x_wconf 80' lang='lat' dir='ltr'>facere</span> <span class='ocrx_word' id='word_1_140' title='bbox 315 1220 458 1262; x_wconf 84' lang='lat' dir='ltr'>Phase</span> <span class='ocrx_word' id='word_1_141' title='bbox 484 1220 529 1261; x_wconf 88' lang='lat' dir='ltr'>in</span> <span class='ocrx_word' id='word_1_142' title='bbox 554 1219 625 1262; x_wconf 85' lang='lat' dir='ltr'>die</span> <span class='ocrx_word' id='word_1_143' title='bbox 651 1219 748 1274; x_wconf 87' lang='lat' dir='ltr'>illo,</span> <span class='ocrx_word' id='word_1_144' title='bbox 776 1220 1037 1263; x_wconf 83' lang='lat' dir='ltr'>accedentes</span> <span class='ocrx_word' id='word_1_145' title='bbox 1063 1220 1119 1262; x_wconf 86' lang='lat' dir='ltr'>ad</span> <span class='ocrx_word' id='word_1_146' title='bbox 1145 1221 1328 1277; x_wconf 75' lang='lat' dir='ltr'>Moysen</span> <span class='ocrx_word' id='word_1_147' title='bbox 1355 1227 1398 1265; x_wconf 92' lang='lat' dir='ltr'>et</span> <span class='ocrx_word' id='word_1_148' title='bbox 1423 1223 1626 1279; x_wconf 86' lang='lat' dir='ltr'>Aaron,7</span> <span class='ocrx_word' id='word_1_149' title='bbox 1646 1224 1853 1267; x_wconf 79' lang='lat' dir='ltr'>dixerunt</span> <span class='ocrx_word' id='word_1_150' title='bbox 1879 1225 1940 1268; x_wconf 88' lang='grc'>015</span> <span class='ocrx_word' id='word_1_151' title='bbox 1966 1242 1974 1269; x_wconf 88' lang='grc'>;</span> 
     </span>
     <span class='ocr_line' id='line_1_16' title="bbox 144 1279 1975 1335; baseline 0.003 -15"><span class='ocrx_word' id='word_1_152' title='bbox 144 1279 371 1321; x_wconf 86' lang='lat' dir='ltr'>Immundi</span> <span class='ocrx_word' id='word_1_153' title='bbox 398 1293 549 1321; x_wconf 87' lang='lat' dir='ltr'>sumus</span> <span class='ocrx_word' id='word_1_154' title='bbox 576 1293 706 1335; x_wconf 84' lang='lat' dir='ltr'>super</span> <span class='ocrx_word' id='word_1_155' title='bbox 730 1280 881 1321; x_wconf 88' lang='lat' dir='ltr'>anima</span> <span class='ocrx_word' id='word_1_156' title='bbox 899 1279 1116 1334; x_wconf 73' lang='lat' dir='ltr'>hominis,</span> <span class='ocrx_word' id='word_1_157' title='bbox 1145 1294 1277 1335; x_wconf 87' lang='lat' dir='ltr'>quare</span> <span class='ocrx_word' id='word_1_158' title='bbox 1296 1281 1558 1324; x_wconf 71' lang='lat' dir='ltr'>fraudamur</span> <span class='ocrx_word' id='word_1_159' title='bbox 1576 1287 1624 1324; x_wconf 91' lang='lat' dir='ltr'>ut</span> <span class='ocrx_word' id='word_1_160' title='bbox 1643 1297 1729 1325; x_wconf 87' lang='lat' dir='ltr'>non</span> <span class='ocrx_word' id='word_1_161' title='bbox 1748 1284 1975 1327; x_wconf 73' lang='lat' dir='ltr'>valeamus</span> 
     </span>
     <span class='ocr_line' id='line_1_17' title="bbox 132 1337 1975 1394; baseline 0.004 -15"><span class='ocrx_word' id='word_1_162' title='bbox 132 1338 413 1381; x_wconf 80' lang='lat' dir='ltr'>oblationem</span> <span class='ocrx_word' id='word_1_163' title='bbox 448 1337 604 1380; x_wconf 82' lang='lat' dir='ltr'>offerre</span> <span class='ocrx_word' id='word_1_164' title='bbox 632 1337 823 1380; x_wconf 88' lang='lat' dir='ltr'>Domino</span> <span class='ocrx_word' id='word_1_165' title='bbox 851 1338 898 1380; x_wconf 89' lang='grc'>111</span> <span class='ocrx_word' id='word_1_166' title='bbox 927 1343 1124 1394; x_wconf 87' lang='lat' dir='ltr'>tempore</span> <span class='ocrx_word' id='word_1_167' title='bbox 1153 1352 1252 1394; x_wconf 89' lang='lat' dir='ltr'>suo,</span> <span class='ocrx_word' id='word_1_168' title='bbox 1283 1339 1398 1383; x_wconf 89' lang='lat' dir='ltr'>inter</span> <span class='ocrx_word' id='word_1_169' title='bbox 1430 1340 1542 1383; x_wconf 92' lang='lat' dir='ltr'>filios</span> <span class='ocrx_word' id='word_1_170' title='bbox 1570 1342 1741 1386; x_wconf 81' lang='lat' dir='ltr'>Israel?</span> <span class='ocrx_word' id='word_1_171' title='bbox 1768 1343 1785 1369; x_wconf 76' lang='lat'>8</span> <span class='ocrx_word' id='word_1_172' title='bbox 1808 1343 1975 1392; x_wconf 79' lang='lat' dir='ltr'><strong>Quibus</strong></span> 
     </span>
     <span class='ocr_line' id='line_1_18' title="bbox 142 1397 1974 1455; baseline 0.004 -17"><span class='ocrx_word' id='word_1_173' title='bbox 142 1397 368 1453; x_wconf 86' lang='lat' dir='ltr'>respondit</span> <span class='ocrx_word' id='word_1_174' title='bbox 392 1398 566 1452; x_wconf 73' lang='lat' dir='ltr'>Moyses</span> <span class='ocrx_word' id='word_1_175' title='bbox 598 1413 606 1440; x_wconf 92' lang='lat'><strong>:</strong></span> <span class='ocrx_word' id='word_1_176' title='bbox 639 1398 760 1439; x_wconf 79' lang='lat' dir='ltr'>State</span> <span class='ocrx_word' id='word_1_177' title='bbox 787 1402 835 1438; x_wconf 91' lang='lat' dir='ltr'>ut</span> <span class='ocrx_word' id='word_1_178' title='bbox 864 1397 1093 1439; x_wconf 89' lang='lat' dir='ltr'>consulam</span> <span class='ocrx_word' id='word_1_179' title='bbox 1116 1398 1221 1452; x_wconf 86' lang='lat' dir='ltr'>quid</span> <span class='ocrx_word' id='word_1_180' title='bbox 1245 1399 1476 1455; x_wconf 83' lang='lat' dir='ltr'>praecipiat</span> <span class='ocrx_word' id='word_1_181' title='bbox 1508 1401 1723 1443; x_wconf 75' lang='lat' dir='ltr'>Dominus</span> <span class='ocrx_word' id='word_1_182' title='bbox 1755 1402 1809 1445; x_wconf 88' lang='lat' dir='ltr'>de</span> <span class='ocrx_word' id='word_1_183' title='bbox 1835 1402 1974 1446; x_wconf 75' lang='lat' dir='ltr'>vobis,</span> 
     </span>
     <span class='ocr_line' id='line_1_19' title="bbox 142 1455 1974 1514; baseline 0.003 -16"><span class='ocrx_word' id='word_1_184' title='bbox 142 1455 160 1482; x_wconf 72' lang='lat'>9</span> <span class='ocrx_word' id='word_1_185' title='bbox 181 1457 462 1511; x_wconf 86' lang='lat' dir='ltr'>Locutusque</span> <span class='ocrx_word' id='word_1_186' title='bbox 495 1461 560 1498; x_wconf 90' lang='lat' dir='ltr'>est</span> <span class='ocrx_word' id='word_1_187' title='bbox 589 1455 805 1498; x_wconf 83' lang='lat' dir='ltr'>Dominus</span> <span class='ocrx_word' id='word_1_188' title='bbox 838 1456 895 1498; x_wconf 81' lang='lat' dir='ltr'>ad</span> <span class='ocrx_word' id='word_1_189' title='bbox 919 1456 1124 1511; x_wconf 81' lang='lat' dir='ltr'>Moysen,</span> <span class='ocrx_word' id='word_1_190' title='bbox 1153 1456 1304 1500; x_wconf 88' lang='lat' dir='ltr'>dicens</span> <span class='ocrx_word' id='word_1_191' title='bbox 1335 1474 1344 1500; x_wconf 89' lang='lat'>:</span> <span class='ocrx_word' id='word_1_192' title='bbox 1379 1458 1415 1484; x_wconf 80' lang='lat'>10</span> <span class='ocrx_word' id='word_1_193' title='bbox 1439 1459 1635 1514; x_wconf 81' lang='lat' dir='ltr'>Loquere</span> <span class='ocrx_word' id='word_1_194' title='bbox 1667 1460 1770 1503; x_wconf 89' lang='lat' dir='ltr'>filiis</span> <span class='ocrx_word' id='word_1_195' title='bbox 1797 1461 1936 1504; x_wconf 78' lang='lat' dir='ltr'>Israel</span> <span class='ocrx_word' id='word_1_196' title='bbox 1966 1478 1974 1505; x_wconf 94' lang='lat'>:</span> 
     </span>
     <span class='ocr_line' id='line_1_20' title="bbox 143 1513 1973 1574; baseline 0.003 -18"><span class='ocrx_word' id='word_1_197' title='bbox 143 1515 290 1557; x_wconf 86' lang='lat' dir='ltr'>Homo</span> <span class='ocrx_word' id='word_1_198' title='bbox 317 1515 389 1570; x_wconf 89' lang='lat' dir='ltr'>qui</span> <span class='ocrx_word' id='word_1_199' title='bbox 413 1514 550 1557; x_wconf 79' lang='lat' dir='ltr'>fuerit</span> <span class='ocrx_word' id='word_1_200' title='bbox 572 1513 829 1556; x_wconf 88' lang='lat' dir='ltr'>immundus</span> <span class='ocrx_word' id='word_1_201' title='bbox 855 1529 985 1570; x_wconf 89' lang='lat' dir='ltr'>super</span> <span class='ocrx_word' id='word_1_202' title='bbox 1006 1515 1177 1570; x_wconf 84' lang='lat' dir='ltr'>anima,</span> <span class='ocrx_word' id='word_1_203' title='bbox 1204 1515 1298 1558; x_wconf 76' lang='lat' dir='ltr'>sive</span> <span class='ocrx_word' id='word_1_204' title='bbox 1322 1516 1368 1558; x_wconf 89' lang='lat' dir='ltr'>in</span> <span class='ocrx_word' id='word_1_205' title='bbox 1391 1517 1464 1559; x_wconf 83' lang='lat' dir='ltr'>via</span> <span class='ocrx_word' id='word_1_206' title='bbox 1490 1518 1642 1574; x_wconf 86' lang='lat' dir='ltr'>procul</span> <span class='ocrx_word' id='word_1_207' title='bbox 1668 1519 1714 1560; x_wconf 90' lang='lat' dir='ltr'>iu</span> <span class='ocrx_word' id='word_1_208' title='bbox 1745 1531 1876 1574; x_wconf 84' lang='lat' dir='ltr'>gente</span> <span class='ocrx_word' id='word_1_209' title='bbox 1902 1534 1973 1562; x_wconf 81' lang='lat' dir='ltr'>ve-</span> 
     </span>
     <span class='ocr_line' id='line_1_21' title="bbox 139 1572 1974 1631; baseline 0.003 -15"><span class='ocrx_word' id='word_1_210' title='bbox 139 1581 251 1628; x_wconf 83' lang='lat' dir='ltr'>stra,</span> <span class='ocrx_word' id='word_1_211' title='bbox 270 1573 412 1616; x_wconf 75' lang='lat' dir='ltr'>faciat</span> <span class='ocrx_word' id='word_1_212' title='bbox 434 1573 577 1615; x_wconf 88' lang='lat' dir='ltr'>Phase</span> <span class='ocrx_word' id='word_1_213' title='bbox 602 1573 793 1615; x_wconf 90' lang='lat' dir='ltr'>Domino</span> <span class='ocrx_word' id='word_1_214' title='bbox 822 1572 917 1615; x_wconf 81' lang='grc'>11111</span> <span class='ocrx_word' id='word_1_215' title='bbox 944 1588 1093 1617; x_wconf 87' lang='lat' dir='ltr'>mense</span> <span class='ocrx_word' id='word_1_216' title='bbox 1118 1574 1332 1630; x_wconf 89' lang='lat' dir='ltr'>secundO,</span> <span class='ocrx_word' id='word_1_217' title='bbox 1361 1576 1692 1631; x_wconf 86' lang='lat' dir='ltr'>quartadecima</span> <span class='ocrx_word' id='word_1_218' title='bbox 1716 1578 1786 1622; x_wconf 87' lang='lat' dir='ltr'>die</span> <span class='ocrx_word' id='word_1_219' title='bbox 1813 1579 1974 1621; x_wconf 80' lang='lat' dir='ltr'>mensis</span> 
     </span>
     <span class='ocr_line' id='line_1_22' title="bbox 140 1631 1975 1691; baseline 0.003 -17"><span class='ocrx_word' id='word_1_220' title='bbox 140 1632 196 1675; x_wconf 80' lang='lat' dir='ltr'>ad</span> <span class='ocrx_word' id='word_1_221' title='bbox 220 1646 477 1688; x_wconf 73' lang='lat' dir='ltr'>vesperam,</span> <span class='ocrx_word' id='word_1_222' title='bbox 511 1645 612 1674; x_wconf 92' lang='lat' dir='ltr'>cum</span> <span class='ocrx_word' id='word_1_223' title='bbox 642 1631 811 1688; x_wconf 84' lang='lat' dir='ltr'>azymis</span> <span class='ocrx_word' id='word_1_224' title='bbox 841 1637 884 1675; x_wconf 92' lang='lat' dir='ltr'>et</span> <span class='ocrx_word' id='word_1_225' title='bbox 913 1631 1101 1675; x_wconf 78' lang='lat' dir='ltr'>lactucis</span> <span class='ocrx_word' id='word_1_226' title='bbox 1124 1633 1373 1688; x_wconf 80' lang='lat' dir='ltr'>agrestibus</span> <span class='ocrx_word' id='word_1_227' title='bbox 1401 1635 1633 1678; x_wconf 88' lang='lat' dir='ltr'>comedent</span> <span class='ocrx_word' id='word_1_228' title='bbox 1658 1636 1799 1691; x_wconf 87' lang='lat' dir='ltr'>illud;</span> <span class='ocrx_word' id='word_1_229' title='bbox 1832 1636 1867 1662; x_wconf 70' lang='lat'>‘¹2</span> <span class='ocrx_word' id='word_1_230' title='bbox 1888 1651 1975 1679; x_wconf 90' lang='lat' dir='ltr'>non</span> 
     </span>
     <span class='ocr_line' id='line_1_23' title="bbox 140 1691 1974 1751; baseline 0.003 -18"><span class='ocrx_word' id='word_1_231' title='bbox 140 1691 389 1746; x_wconf 78' lang='lat' dir='ltr'>relinquent</span> <span class='ocrx_word' id='word_1_232' title='bbox 429 1705 482 1734; x_wconf 77' lang='lat' dir='ltr'>ex</span> <span class='ocrx_word' id='word_1_233' title='bbox 523 1705 573 1733; x_wconf 87' lang='lat' dir='ltr'>eo</span> <span class='ocrx_word' id='word_1_234' title='bbox 614 1691 843 1747; x_wconf 83' lang='lat' dir='ltr'>quippiam</span> <span class='ocrx_word' id='word_1_235' title='bbox 880 1706 1016 1747; x_wconf 90' lang='lat' dir='ltr'>usque</span> <span class='ocrx_word' id='word_1_236' title='bbox 1053 1706 1203 1748; x_wconf 88' lang='lat' dir='ltr'>mane,</span> <span class='ocrx_word' id='word_1_237' title='bbox 1239 1697 1282 1736; x_wconf 90' lang='lat' dir='ltr'>et</span> <span class='ocrx_word' id='word_1_238' title='bbox 1320 1707 1365 1735; x_wconf 90' lang='lat' dir='ltr'>os</span> <span class='ocrx_word' id='word_1_239' title='bbox 1403 1693 1499 1749; x_wconf 83' lang='lat' dir='ltr'>ejus</span> <span class='ocrx_word' id='word_1_240' title='bbox 1536 1708 1622 1736; x_wconf 88' lang='lat' dir='ltr'>non</span> <span class='ocrx_word' id='word_1_241' title='bbox 1661 1696 1974 1751; x_wconf 69' lang='lat' dir='ltr'>confringent:</span> 
     </span>
     <span class='ocr_line' id='line_1_24' title="bbox 139 1750 1975 1809; baseline 0.003 -17"><span class='ocrx_word' id='word_1_242' title='bbox 139 1764 315 1793; x_wconf 88' lang='lat' dir='ltr'>omnem</span> <span class='ocrx_word' id='word_1_243' title='bbox 340 1750 475 1792; x_wconf 87' lang='lat' dir='ltr'>ritum</span> <span class='ocrx_word' id='word_1_244' title='bbox 504 1750 646 1792; x_wconf 84' lang='lat' dir='ltr'>Phase</span> <span class='ocrx_word' id='word_1_245' title='bbox 680 1750 991 1793; x_wconf 86' lang='lat' dir='ltr'>observabunt.</span> <span class='ocrx_word' id='word_1_246' title='bbox 1020 1750 1056 1777; x_wconf 77' lang='lat'>¹3</span> <span class='ocrx_word' id='word_1_247' title='bbox 1079 1751 1122 1795; x_wconf 83' lang='lat' dir='ltr'>Si</span> <span class='ocrx_word' id='word_1_248' title='bbox 1149 1752 1245 1806; x_wconf 87' lang='lat' dir='ltr'>quis</span> <span class='ocrx_word' id='word_1_249' title='bbox 1275 1757 1426 1795; x_wconf 85' lang='lat' dir='ltr'>autem</span> <span class='ocrx_word' id='word_1_250' title='bbox 1452 1758 1495 1796; x_wconf 92' lang='lat' dir='ltr'>et</span> <span class='ocrx_word' id='word_1_251' title='bbox 1528 1754 1718 1796; x_wconf 85' lang='lat' dir='ltr'>mundus</span> <span class='ocrx_word' id='word_1_252' title='bbox 1746 1760 1830 1809; x_wconf 89' lang='lat' dir='ltr'>est,</span> <span class='ocrx_word' id='word_1_253' title='bbox 1858 1760 1901 1797; x_wconf 89' lang='lat' dir='ltr'>et</span> <span class='ocrx_word' id='word_1_254' title='bbox 1929 1755 1975 1797; x_wconf 89' lang='lat' dir='ltr'>in</span> 
     </span>
     <span class='ocr_line' id='line_1_25' title="bbox 137 1809 1976 1866; baseline 0.003 -15"><span class='ocrx_word' id='word_1_255' title='bbox 137 1809 294 1853; x_wconf 85' lang='lat' dir='ltr'>itinere</span> <span class='ocrx_word' id='word_1_256' title='bbox 319 1823 406 1851; x_wconf 83' lang='lat' dir='ltr'>non</span> <span class='ocrx_word' id='word_1_257' title='bbox 429 1809 538 1864; x_wconf 75' lang='lat' dir='ltr'>fuit,</span> <span class='ocrx_word' id='word_1_258' title='bbox 563 1814 610 1852; x_wconf 53' lang='lat' dir='ltr'>¹et</span> <span class='ocrx_word' id='word_1_259' title='bbox 635 1814 786 1852; x_wconf 83' lang='lat' dir='ltr'>tamen</span> <span class='ocrx_word' id='word_1_260' title='bbox 811 1823 899 1852; x_wconf 87' lang='lat' dir='ltr'>non</span> <span class='ocrx_word' id='word_1_261' title='bbox 922 1810 1036 1853; x_wconf 67' lang='lat' dir='ltr'>fecit</span> <span class='ocrx_word' id='word_1_262' title='bbox 1059 1811 1221 1866; x_wconf 87' lang='lat' dir='ltr'>Phase,</span> <span class='ocrx_word' id='word_1_263' title='bbox 1251 1812 1620 1856; x_wconf 75' lang='lat' dir='ltr'>exterminabitur</span> <span class='ocrx_word' id='word_1_264' title='bbox 1645 1813 1794 1856; x_wconf 86' lang='lat' dir='ltr'>anima</span> <span class='ocrx_word' id='word_1_265' title='bbox 1820 1814 1898 1856; x_wconf 88' lang='lat' dir='ltr'>illa</span> <span class='ocrx_word' id='word_1_266' title='bbox 1922 1814 1976 1856; x_wconf 84' lang='lat' dir='ltr'>de</span> 
     </span>
     <span class='ocr_line' id='line_1_26' title="bbox 138 1868 1973 1929; baseline 0.003 -19"><span class='ocrx_word' id='word_1_267' title='bbox 138 1868 310 1925; x_wconf 89' lang='lat' dir='ltr'>populis</span> <span class='ocrx_word' id='word_1_268' title='bbox 343 1868 454 1924; x_wconf 89' lang='lat' dir='ltr'>suis,</span> <span class='ocrx_word' id='word_1_269' title='bbox 483 1868 586 1924; x_wconf 78' lang='lat' dir='ltr'>quia</span> <span class='ocrx_word' id='word_1_270' title='bbox 618 1868 886 1911; x_wconf 65' lang='lat' dir='ltr'>sacrificium</span> <span class='ocrx_word' id='word_1_271' title='bbox 920 1869 1113 1913; x_wconf 85' lang='lat' dir='ltr'>Domino</span> <span class='ocrx_word' id='word_1_272' title='bbox 1137 1884 1225 1912; x_wconf 92' lang='lat' dir='ltr'>non</span> <span class='ocrx_word' id='word_1_273' title='bbox 1253 1870 1414 1913; x_wconf 83' lang='lat' dir='ltr'>obtulit</span> <span class='ocrx_word' id='word_1_274' title='bbox 1446 1876 1642 1928; x_wconf 84' lang='lat' dir='ltr'>tempore</span> <span class='ocrx_word' id='word_1_275' title='bbox 1677 1887 1784 1927; x_wconf 85' lang='lat' dir='ltr'>suo;</span> <span class='ocrx_word' id='word_1_276' title='bbox 1820 1887 1973 1929; x_wconf 81' lang='lat' dir='ltr'>pecca-</span> 
     </span>
     <span class='ocr_line' id='line_1_27' title="bbox 137 1927 1974 1988; baseline 0.003 -20"><span class='ocrx_word' id='word_1_277' title='bbox 137 1934 233 1970; x_wconf 79' lang='lat' dir='ltr'>tum</span> <span class='ocrx_word' id='word_1_278' title='bbox 256 1942 387 1971; x_wconf 87' lang='lat' dir='ltr'>suum</span> <span class='ocrx_word' id='word_1_279' title='bbox 411 1927 506 1984; x_wconf 86' lang='lat' dir='ltr'>ipse</span> <span class='ocrx_word' id='word_1_280' title='bbox 535 1927 744 1984; x_wconf 82' lang='lat' dir='ltr'>portabit.</span> <span class='ocrx_word' id='word_1_281' title='bbox 773 1927 808 1953; x_wconf 78' lang='lat'>14</span> <span class='ocrx_word' id='word_1_282' title='bbox 831 1928 1094 1984; x_wconf 81' lang='lat' dir='ltr'>Peregrinus</span> <span class='ocrx_word' id='word_1_283' title='bbox 1121 1943 1293 1985; x_wconf 83' lang='lat' dir='ltr'>quoque</span> <span class='ocrx_word' id='word_1_284' title='bbox 1323 1935 1367 1974; x_wconf 83' lang='lat' dir='ltr'>et</span> <span class='ocrx_word' id='word_1_285' title='bbox 1396 1930 1569 1974; x_wconf 85' lang='lat' dir='ltr'>advena</span> <span class='ocrx_word' id='word_1_286' title='bbox 1599 1931 1635 1974; x_wconf 90' lang='lat' dir='ltr'>si</span> <span class='ocrx_word' id='word_1_287' title='bbox 1663 1932 1830 1975; x_wconf 73' lang='lat' dir='ltr'>fuerint</span> <span class='ocrx_word' id='word_1_288' title='bbox 1855 1932 1974 1988; x_wconf 81' lang='lat' dir='ltr'>apud</span> 
     </span>
     <span class='ocr_line' id='line_1_28' title="bbox 137 1986 1971 2047; baseline 0.003 -19"><span class='ocrx_word' id='word_1_289' title='bbox 137 1999 233 2041; x_wconf 72' lang='lat' dir='ltr'>vos,</span> <span class='ocrx_word' id='word_1_290' title='bbox 261 1987 431 2029; x_wconf 76' lang='lat' dir='ltr'>facient</span> <span class='ocrx_word' id='word_1_291' title='bbox 457 1987 601 2030; x_wconf 78' lang='lat' dir='ltr'>Phase</span> <span class='ocrx_word' id='word_1_292' title='bbox 622 1986 814 2030; x_wconf 88' lang='lat' dir='ltr'>Domino</span> <span class='ocrx_word' id='word_1_293' title='bbox 835 1987 963 2043; x_wconf 79' lang='lat' dir='ltr'>juxta</span> <span class='ocrx_word' id='word_1_294' title='bbox 991 1988 1261 2031; x_wconf 79' lang='lat' dir='ltr'>ceremonias</span> <span class='ocrx_word' id='word_1_295' title='bbox 1289 1995 1333 2032; x_wconf 92' lang='lat' dir='ltr'>et</span> <span class='ocrx_word' id='word_1_296' title='bbox 1354 1989 1694 2045; x_wconf 66' lang='lat' dir='ltr'>justificationes</span> <span class='ocrx_word' id='word_1_297' title='bbox 1719 1991 1828 2047; x_wconf 80' lang='lat' dir='ltr'>ejus.</span> <span class='ocrx_word' id='word_1_298' title='bbox 1857 1992 1971 2034; x_wconf 84' lang='lat' dir='ltr'>Prae-</span> 
     </span>
     <span class='ocr_line' id='line_1_29' title="bbox 134 2045 1592 2104; baseline 0.003 -16"><span class='ocrx_word' id='word_1_299' title='bbox 134 2052 315 2102; x_wconf 83' lang='lat' dir='ltr'>ceptum</span> <span class='ocrx_word' id='word_1_300' title='bbox 338 2045 459 2089; x_wconf 85' lang='lat' dir='ltr'>idem</span> <span class='ocrx_word' id='word_1_301' title='bbox 485 2046 568 2089; x_wconf 88' lang='lat' dir='ltr'>erit</span> <span class='ocrx_word' id='word_1_302' title='bbox 592 2045 712 2102; x_wconf 84' lang='lat' dir='ltr'>apud</span> <span class='ocrx_word' id='word_1_303' title='bbox 738 2059 835 2102; x_wconf 84' lang='lat' dir='ltr'>vos,</span> <span class='ocrx_word' id='word_1_304' title='bbox 863 2051 957 2090; x_wconf 86' lang='lat' dir='ltr'>tam</span> <span class='ocrx_word' id='word_1_305' title='bbox 978 2047 1167 2090; x_wconf 67' lang='lat' dir='ltr'>advenae</span> <span class='ocrx_word' id='word_1_306' title='bbox 1195 2062 1329 2103; x_wconf 84' lang='lat' dir='ltr'>quam</span> <span class='ocrx_word' id='word_1_307' title='bbox 1353 2048 1592 2104; x_wconf 74' lang='lat' dir='ltr'>indigenae.</span> 
     </span>
    </p>
   </div>
   <div class='ocr_carea' id='block_1_5' title="bbox 284 2166 1824 2278">
    <p class='ocr_par' dir='ltr' id='par_1_6' title="bbox 284 2166 1824 2278">
     <span class='ocr_line' id='line_1_30' title="bbox 284 2166 1824 2219; baseline 0.003 -10"><span class='ocrx_word' id='word_1_308' title='bbox 284 2166 448 2209; x_wconf 71' lang='lat' dir='ltr'>Snorro</span> <span class='ocrx_word' id='word_1_309' title='bbox 481 2166 562 2209; x_wconf 75' lang='lat' dir='ltr'>IV.</span> <span class='ocrx_word' id='word_1_310' title='bbox 593 2191 653 2199; x_wconf 92' lang='lat'>-—</span> <span class='ocrx_word' id='word_1_311' title='bbox 685 2166 831 2210; x_wconf 71' lang='lat' dir='ltr'>SieuA</span> <span class='ocrx_word' id='word_1_312' title='bbox 864 2180 1255 2212; x_wconf 81' lang='lat' dir='ltr'><strong>DETERMINANTIA</strong></span> <span class='ocrx_word' id='word_1_313' title='bbox 1289 2181 1442 2212; x_wconf 70' lang='lat' dir='ltr'>Morus</span> <span class='ocrx_word' id='word_1_314' title='bbox 1478 2181 1824 2219; x_wconf 72' lang='lat' dir='ltr'>STATIounsoun</span> 
     </span>
     <span class='ocr_line' id='line_1_31' title="bbox 821 2236 1296 2278; baseline 0.004 -3"><span class='ocrx_word' id='word_1_315' title='bbox 821 2245 1078 2277; x_wconf 79' lang='lat' dir='ltr'>EXEROITUS</span> <span class='ocrx_word' id='word_1_316' title='bbox 1115 2236 1296 2278; x_wconf 81' lang='lat' dir='ltr'>DOMINI</span> 
     </span>
    </p>
   </div>
   <div class='ocr_carea' id='block_1_6' title="bbox 123 2347 1974 3529">
    <p class='ocr_par' dir='ltr' id='par_1_7' title="bbox 123 2347 1974 3412">
     <span class='ocr_line' id='line_1_32' title="bbox 195 2347 1974 2409; baseline 0.003 -19"><span class='ocrx_word' id='word_1_317' title='bbox 195 2348 230 2375; x_wconf 76' lang='lat'>¹5</span> <span class='ocrx_word' id='word_1_318' title='bbox 253 2347 399 2403; x_wconf 83' lang='lat' dir='ltr'>Igitur</span> <span class='ocrx_word' id='word_1_319' title='bbox 435 2348 506 2391; x_wconf 89' lang='lat' dir='ltr'>die</span> <span class='ocrx_word' id='word_1_320' title='bbox 544 2363 630 2404; x_wconf 86' lang='lat' dir='ltr'>qua</span> <span class='ocrx_word' id='word_1_321' title='bbox 658 2354 859 2392; x_wconf 85' lang='lat' dir='ltr'>erectum</span> <span class='ocrx_word' id='word_1_322' title='bbox 895 2354 961 2392; x_wconf 82' lang='lat' dir='ltr'>est</span> <span class='ocrx_word' id='word_1_323' title='bbox 997 2349 1356 2406; x_wconf 86' lang='lat' dir='ltr'>tabernaculum,</span> <span class='ocrx_word' id='word_1_324' title='bbox 1395 2351 1565 2409; x_wconf 82' lang='lat' dir='ltr'>operuit</span> <span class='ocrx_word' id='word_1_325' title='bbox 1598 2351 1711 2394; x_wconf 88' lang='lat' dir='ltr'>illud</span> <span class='ocrx_word' id='word_1_326' title='bbox 1745 2352 1897 2397; x_wconf 88' lang='lat' dir='ltr'>nubes.</span> <span class='ocrx_word' id='word_1_327' title='bbox 1932 2354 1974 2396; x_wconf 92' lang='lat' dir='ltr'>A</span> 
     </span>
     <span class='ocr_line' id='line_1_33' title="bbox 123 2408 1971 2466; baseline 0.002 -16"><span class='ocrx_word' id='word_1_328' title='bbox 123 2421 315 2464; x_wconf 65' lang='lat' dir='ltr'>‘vespere</span> <span class='ocrx_word' id='word_1_329' title='bbox 339 2413 489 2450; x_wconf 77' lang='lat' dir='ltr'>autem</span> <span class='ocrx_word' id='word_1_330' title='bbox 515 2421 645 2464; x_wconf 85' lang='lat' dir='ltr'>super</span> <span class='ocrx_word' id='word_1_331' title='bbox 666 2408 907 2451; x_wconf 80' lang='lat' dir='ltr'>tentorium</span> <span class='ocrx_word' id='word_1_332' title='bbox 933 2414 1026 2451; x_wconf 86' lang='lat' dir='ltr'>erat</span> <span class='ocrx_word' id='word_1_333' title='bbox 1044 2409 1168 2463; x_wconf 76' lang='lat' dir='ltr'>quasi</span> <span class='ocrx_word' id='word_1_334' title='bbox 1187 2409 1355 2465; x_wconf 79' lang='lat' dir='ltr'>species</span> <span class='ocrx_word' id='word_1_335' title='bbox 1378 2409 1496 2465; x_wconf 87' lang='lat' dir='ltr'>ignis</span> <span class='ocrx_word' id='word_1_336' title='bbox 1519 2424 1656 2466; x_wconf 87' lang='lat' dir='ltr'>usque</span> <span class='ocrx_word' id='word_1_337' title='bbox 1679 2425 1821 2455; x_wconf 86' lang='lat' dir='ltr'>mane.</span> <span class='ocrx_word' id='word_1_338' title='bbox 1850 2411 1883 2438; x_wconf 65' lang='lat'>¹6</span> <span class='ocrx_word' id='word_1_339' title='bbox 1902 2411 1971 2455; x_wconf 83' lang='lat' dir='ltr'>Sic</span> 
     </span>
     <span class='ocr_line' id='line_1_34' title="bbox 134 2466 1970 2527; baseline 0.003 -18"><span class='ocrx_word' id='word_1_340' title='bbox 134 2466 269 2509; x_wconf 85' lang='lat' dir='ltr'>fiebat</span> <span class='ocrx_word' id='word_1_341' title='bbox 294 2466 460 2522; x_wconf 81' lang='lat' dir='ltr'>jugit-er</span> <span class='ocrx_word' id='word_1_342' title='bbox 486 2483 494 2510; x_wconf 93' lang='lat'>:</span> <span class='ocrx_word' id='word_1_343' title='bbox 520 2481 598 2524; x_wconf 87' lang='lat' dir='ltr'>per</span> <span class='ocrx_word' id='word_1_344' title='bbox 623 2466 741 2510; x_wconf 82' lang='lat' dir='ltr'>diem</span> <span class='ocrx_word' id='word_1_345' title='bbox 769 2466 994 2524; x_wconf 83' lang='lat' dir='ltr'>operiebat</span> <span class='ocrx_word' id='word_1_346' title='bbox 1026 2467 1138 2510; x_wconf 77' lang='lat' dir='ltr'>illud</span> <span class='ocrx_word' id='word_1_347' title='bbox 1163 2468 1324 2524; x_wconf 78' lang='lat' dir='ltr'>nubes,</span> <span class='ocrx_word' id='word_1_348' title='bbox 1348 2473 1392 2511; x_wconf 91' lang='lat' dir='ltr'>et</span> <span class='ocrx_word' id='word_1_349' title='bbox 1417 2483 1494 2525; x_wconf 86' lang='lat' dir='ltr'>per</span> <span class='ocrx_word' id='word_1_350' title='bbox 1522 2475 1699 2513; x_wconf 84' lang='lat' dir='ltr'>noctem</span> <span class='ocrx_word' id='word_1_351' title='bbox 1729 2471 1853 2526; x_wconf 78' lang='lat' dir='ltr'>quasi</span> <span class='ocrx_word' id='word_1_352' title='bbox 1876 2485 1970 2527; x_wconf 83' lang='lat' dir='ltr'>spe-</span> 
     </span>
     <span class='ocr_line' id='line_1_35' title="bbox 135 2525 1969 2585; baseline 0.002 -17"><span class='ocrx_word' id='word_1_353' title='bbox 135 2525 224 2568; x_wconf 84' lang='grc'><strong>0105</strong></span> <span class='ocrx_word' id='word_1_354' title='bbox 248 2525 382 2582; x_wconf 86' lang='lat' dir='ltr'>ignis.</span> <span class='ocrx_word' id='word_1_355' title='bbox 407 2525 441 2552; x_wconf 73' lang='lat'>‘¹⁷</span> <span class='ocrx_word' id='word_1_356' title='bbox 460 2526 660 2582; x_wconf 84' lang='lat' dir='ltr'>Cumque</span> <span class='ocrx_word' id='word_1_357' title='bbox 681 2526 833 2568; x_wconf 81' lang='lat' dir='ltr'>ablata</span> <span class='ocrx_word' id='word_1_358' title='bbox 855 2526 1015 2569; x_wconf 77' lang='lat' dir='ltr'>fuisset</span> <span class='ocrx_word' id='word_1_359' title='bbox 1038 2526 1198 2581; x_wconf 89' lang='lat' dir='ltr'>nubes,</span> <span class='ocrx_word' id='word_1_360' title='bbox 1219 2541 1318 2582; x_wconf 83' lang='lat' dir='ltr'>quae</span> <span class='ocrx_word' id='word_1_361' title='bbox 1338 2528 1677 2571; x_wconf 75' lang='lat' dir='ltr'>tabernaculum</span> <span class='ocrx_word' id='word_1_362' title='bbox 1696 2530 1969 2585; x_wconf 75' lang='lat' dir='ltr'>protegebat,</span> 
     </span>
     <span class='ocr_line' id='line_1_36' title="bbox 135 2585 1968 2642; baseline 0.002 -15"><span class='ocrx_word' id='word_1_363' title='bbox 135 2591 241 2628; x_wconf 81' lang='lat' dir='ltr'>tunc</span> <span class='ocrx_word' id='word_1_364' title='bbox 267 2585 660 2641; x_wconf 76' lang='lat' dir='ltr'>proficiscebantur</span> <span class='ocrx_word' id='word_1_365' title='bbox 681 2585 760 2627; x_wconf 90' lang='lat' dir='ltr'>filii</span> <span class='ocrx_word' id='word_1_366' title='bbox 789 2585 947 2641; x_wconf 79' lang='lat' dir='ltr'>Israel,</span> <span class='ocrx_word' id='word_1_367' title='bbox 968 2590 1010 2628; x_wconf 87' lang='lat' dir='ltr'>et</span> <span class='ocrx_word' id='word_1_368' title='bbox 1032 2585 1082 2628; x_wconf 88' lang='lat' dir='ltr'>in</span> <span class='ocrx_word' id='word_1_369' title='bbox 1105 2585 1202 2628; x_wconf 89' lang='lat' dir='ltr'>loco</span> <span class='ocrx_word' id='word_1_370' title='bbox 1227 2586 1303 2628; x_wconf 90' lang='lat' dir='ltr'>ubi</span> <span class='ocrx_word' id='word_1_371' title='bbox 1326 2587 1522 2630; x_wconf 85' lang='lat' dir='ltr'>stetisset</span> <span class='ocrx_word' id='word_1_372' title='bbox 1540 2588 1700 2642; x_wconf 85' lang='lat' dir='ltr'>nubes,</span> <span class='ocrx_word' id='word_1_373' title='bbox 1718 2587 1782 2630; x_wconf 85' lang='lat' dir='ltr'>ibi</span> <span class='ocrx_word' id='word_1_374' title='bbox 1806 2594 1968 2631; x_wconf 82' lang='lat' dir='ltr'>castra-</span> 
     </span>
     <span class='ocr_line' id='line_1_37' title="bbox 135 2644 1970 2704; baseline 0.002 -18"><span class='ocrx_word' id='word_1_375' title='bbox 135 2644 431 2687; x_wconf 78' lang='lat' dir='ltr'>metabantur.</span> <span class='ocrx_word' id='word_1_376' title='bbox 469 2644 504 2671; x_wconf 66' lang='grc'>18</span> <span class='ocrx_word' id='word_1_377' title='bbox 530 2644 602 2687; x_wconf 88' lang='lat' dir='ltr'>Ad</span> <span class='ocrx_word' id='word_1_378' title='bbox 634 2644 871 2701; x_wconf 83' lang='lat' dir='ltr'>imperi-um</span> <span class='ocrx_word' id='word_1_379' title='bbox 905 2644 1085 2687; x_wconf 81' lang='lat' dir='ltr'>Domini</span> <span class='ocrx_word' id='word_1_380' title='bbox 1123 2645 1526 2701; x_wconf 78' lang='lat' dir='ltr'>proficiscebantur,</span> <span class='ocrx_word' id='word_1_381' title='bbox 1561 2651 1605 2690; x_wconf 85' lang='lat' dir='ltr'>et</span> <span class='ocrx_word' id='word_1_382' title='bbox 1636 2646 1693 2689; x_wconf 86' lang='lat' dir='ltr'>ad</span> <span class='ocrx_word' id='word_1_383' title='bbox 1735 2647 1970 2704; x_wconf 87' lang='lat' dir='ltr'>imperi-um</span> 
     </span>
     <span class='ocr_line' id='line_1_38' title="bbox 132 2703 1970 2763; baseline 0.002 -18"><span class='ocrx_word' id='word_1_384' title='bbox 132 2703 255 2745; x_wconf 85' lang='lat' dir='ltr'>illius</span> <span class='ocrx_word' id='word_1_385' title='bbox 283 2703 481 2758; x_wconf 88' lang='lat' dir='ltr'>figebant</span> <span class='ocrx_word' id='word_1_386' title='bbox 513 2703 863 2747; x_wconf 83' lang='lat' dir='ltr'>tabernaculum.</span> <span class='ocrx_word' id='word_1_387' title='bbox 898 2703 1081 2747; x_wconf 73' lang='lat' dir='ltr'>Cunctis</span> <span class='ocrx_word' id='word_1_388' title='bbox 1115 2703 1270 2747; x_wconf 84' lang='lat' dir='ltr'>diebus</span> <span class='ocrx_word' id='word_1_389' title='bbox 1304 2704 1461 2760; x_wconf 89' lang='lat' dir='ltr'>quibus</span> <span class='ocrx_word' id='word_1_390' title='bbox 1490 2705 1640 2748; x_wconf 77' lang='lat' dir='ltr'>stabat</span> <span class='ocrx_word' id='word_1_391' title='bbox 1669 2706 1807 2749; x_wconf 85' lang='lat' dir='ltr'>nubes</span> <span class='ocrx_word' id='word_1_392' title='bbox 1840 2721 1970 2763; x_wconf 72' lang='lat' dir='ltr'>super</span> 
     </span>
     <span class='ocr_line' id='line_1_39' title="bbox 132 2762 1966 2818; baseline 0.002 -14"><span class='ocrx_word' id='word_1_393' title='bbox 132 2762 493 2818; x_wconf 81' lang='lat' dir='ltr'>tabernaculum,</span> <span class='ocrx_word' id='word_1_394' title='bbox 520 2763 762 2806; x_wconf 85' lang='lat' dir='ltr'>manebant</span> <span class='ocrx_word' id='word_1_395' title='bbox 785 2762 833 2805; x_wconf 89' lang='lat' dir='ltr'>in</span> <span class='ocrx_word' id='word_1_396' title='bbox 859 2762 1014 2806; x_wconf 86' lang='lat' dir='ltr'>eodem</span> <span class='ocrx_word' id='word_1_397' title='bbox 1041 2762 1164 2817; x_wconf 86' lang='lat' dir='ltr'>loco;</span> <span class='ocrx_word' id='word_1_398' title='bbox 1191 2763 1226 2789; x_wconf 78' lang='lat'>&#39;19</span> <span class='ocrx_word' id='word_1_399' title='bbox 1248 2769 1292 2806; x_wconf 91' lang='lat' dir='ltr'>et</span> <span class='ocrx_word' id='word_1_400' title='bbox 1313 2763 1348 2806; x_wconf 88' lang='lat' dir='ltr'>si</span> <span class='ocrx_word' id='word_1_401' title='bbox 1375 2763 1595 2807; x_wconf 86' lang='lat' dir='ltr'>evenisset</span> <span class='ocrx_word' id='word_1_402' title='bbox 1621 2770 1670 2807; x_wconf 87' lang='lat' dir='ltr'>ut</span> <span class='ocrx_word' id='word_1_403' title='bbox 1691 2765 1831 2808; x_wconf 84' lang='lat' dir='ltr'>multo</span> <span class='ocrx_word' id='word_1_404' title='bbox 1858 2771 1966 2808; x_wconf 43' lang='lat' dir='ltr'>tem*</span> 
     </span>
     <span class='ocr_line' id='line_1_40' title="bbox 135 2821 1968 2880; baseline 0.002 -16"><span class='ocrx_word' id='word_1_405' title='bbox 135 2835 237 2878; x_wconf 87' lang='lat' dir='ltr'>pore</span> <span class='ocrx_word' id='word_1_406' title='bbox 264 2827 461 2865; x_wconf 83' lang='lat' dir='ltr'>maneret</span> <span class='ocrx_word' id='word_1_407' title='bbox 494 2836 623 2878; x_wconf 85' lang='lat' dir='ltr'>super</span> <span class='ocrx_word' id='word_1_408' title='bbox 653 2822 787 2877; x_wconf 88' lang='lat' dir='ltr'>illud,</span> <span class='ocrx_word' id='word_1_409' title='bbox 821 2826 947 2864; x_wconf 88' lang='lat' dir='ltr'>erant</span> <span class='ocrx_word' id='word_1_410' title='bbox 975 2821 1055 2864; x_wconf 64' lang='lat' dir='ltr'>filii</span> <span class='ocrx_word' id='word_1_411' title='bbox 1090 2822 1229 2865; x_wconf 84' lang='lat' dir='ltr'>Israel</span> <span class='ocrx_word' id='word_1_412' title='bbox 1260 2822 1307 2865; x_wconf 82' lang='lat' dir='ltr'>in</span> <span class='ocrx_word' id='word_1_413' title='bbox 1341 2823 1543 2866; x_wconf 83' lang='lat' dir='ltr'>excubiis·</span> <span class='ocrx_word' id='word_1_414' title='bbox 1576 2824 1776 2880; x_wconf 81' lang='lat' dir='ltr'>Domini,</span> <span class='ocrx_word' id='word_1_415' title='bbox 1804 2830 1849 2867; x_wconf 87' lang='lat' dir='ltr'>et</span> <span class='ocrx_word' id='word_1_416' title='bbox 1881 2838 1968 2867; x_wconf 83' lang='lat' dir='ltr'>non</span> 
     </span>
     <span class='ocr_line' id='line_1_41' title="bbox 135 2880 1968 2939; baseline 0.002 -16"><span class='ocrx_word' id='word_1_417' title='bbox 135 2881 528 2937; x_wconf 81' lang='lat' dir='ltr'>proficiscebantur</span> <span class='ocrx_word' id='word_1_418' title='bbox 563 2880 600 2907; x_wconf 67' lang='lat'>2⁰</span> <span class='ocrx_word' id='word_1_419' title='bbox 632 2887 737 2936; x_wconf 84' lang='lat' dir='ltr'>quot</span> <span class='ocrx_word' id='word_1_420' title='bbox 773 2881 929 2923; x_wconf 85' lang='lat' dir='ltr'>diebus</span> <span class='ocrx_word' id='word_1_421' title='bbox 965 2881 1126 2924; x_wconf 74' lang='lat' dir='ltr'>fuisset</span> <span class='ocrx_word' id='word_1_422' title='bbox 1166 2882 1306 2925; x_wconf 89' lang='lat' dir='ltr'>nubes</span> <span class='ocrx_word' id='word_1_423' title='bbox 1347 2895 1477 2939; x_wconf 81' lang='lat' dir='ltr'>super</span> <span class='ocrx_word' id='word_1_424' title='bbox 1510 2882 1857 2927; x_wconf 81' lang='lat' dir='ltr'>tabemaculum.</span> <span class='ocrx_word' id='word_1_425' title='bbox 1896 2884 1968 2927; x_wconf 80' lang='lat' dir='ltr'>Ad</span> 
     </span>
     <span class='ocr_line' id='line_1_42' title="bbox 132 2940 1966 2999; baseline 0.003 -18"><span class='ocrx_word' id='word_1_426' title='bbox 132 2940 370 2996; x_wconf 80' lang='lat' dir='ltr'>imperium</span> <span class='ocrx_word' id='word_1_427' title='bbox 394 2940 574 2982; x_wconf 90' lang='lat' dir='ltr'>Domini</span> <span class='ocrx_word' id='word_1_428' title='bbox 600 2940 836 2996; x_wconf 73' lang='lat' dir='ltr'>erigebant</span> <span class='ocrx_word' id='word_1_429' title='bbox 861 2940 1070 2995; x_wconf 80' lang='lat' dir='ltr'>tentoria,</span> <span class='ocrx_word' id='word_1_430' title='bbox 1090 2945 1139 2983; x_wconf 85' lang='lat' dir='ltr'>et</span> <span class='ocrx_word' id='word_1_431' title='bbox 1169 2940 1227 2983; x_wconf 89' lang='lat' dir='ltr'>ad</span> <span class='ocrx_word' id='word_1_432' title='bbox 1256 2941 1491 2998; x_wconf 86' lang='lat' dir='ltr'>imperium</span> <span class='ocrx_word' id='word_1_433' title='bbox 1525 2942 1645 2985; x_wconf 84' lang='lat' dir='ltr'>illius</span> <span class='ocrx_word' id='word_1_434' title='bbox 1671 2942 1966 2999; x_wconf 80' lang='lat' dir='ltr'>deponebant.</span> 
     </span>
     <span class='ocr_line' id='line_1_43' title="bbox 135 2998 1964 3056; baseline 0.002 -15"><span class='ocrx_word' id='word_1_435' title='bbox 135 2998 169 3024; x_wconf 73' lang='lat'>24</span> <span class='ocrx_word' id='word_1_436' title='bbox 193 2999 237 3042; x_wconf 80' lang='grc'>81</span> <span class='ocrx_word' id='word_1_437' title='bbox 262 2998 423 3042; x_wconf 74' lang='lat' dir='ltr'>fuisset</span> <span class='ocrx_word' id='word_1_438' title='bbox 447 2999 586 3042; x_wconf 87' lang='lat' dir='ltr'>nubes</span> <span class='ocrx_word' id='word_1_439' title='bbox 611 3014 637 3041; x_wconf 88' lang='lat' dir='ltr'>a</span> <span class='ocrx_word' id='word_1_440' title='bbox 670 3013 850 3056; x_wconf 85' lang='lat' dir='ltr'>vespere</span> <span class='ocrx_word' id='word_1_441' title='bbox 882 3013 1019 3055; x_wconf 90' lang='lat' dir='ltr'>usque</span> <span class='ocrx_word' id='word_1_442' title='bbox 1048 3013 1198 3055; x_wconf 78' lang='lat' dir='ltr'>mane,</span> <span class='ocrx_word' id='word_1_443' title='bbox 1229 3006 1273 3043; x_wconf 87' lang='lat' dir='ltr'>et</span> <span class='ocrx_word' id='word_1_444' title='bbox 1298 3001 1452 3043; x_wconf 85' lang='lat' dir='ltr'>statim</span> <span class='ocrx_word' id='word_1_445' title='bbox 1485 3001 1681 3044; x_wconf 81' lang='lat' dir='ltr'>diluculo</span> <span class='ocrx_word' id='word_1_446' title='bbox 1707 3002 1964 3044; x_wconf 73' lang='lat' dir='ltr'>tabernacu-</span> 
     </span>
     <span class='ocr_line' id='line_1_44' title="bbox 135 3057 1964 3116; baseline 0.002 -17"><span class='ocrx_word' id='word_1_447' title='bbox 135 3057 227 3100; x_wconf 88' lang='lat' dir='ltr'>lum</span> <span class='ocrx_word' id='word_1_448' title='bbox 252 3057 520 3114; x_wconf 88' lang='lat' dir='ltr'>reliquisset,</span> <span class='ocrx_word' id='word_1_449' title='bbox 548 3058 964 3115; x_wconf 77' lang='lat' dir='ltr'>proficiscebantur3</span> <span class='ocrx_word' id='word_1_450' title='bbox 992 3063 1054 3114; x_wconf 90' lang='lat' dir='ltr'>et,</span> <span class='ocrx_word' id='word_1_451' title='bbox 1081 3058 1118 3101; x_wconf 89' lang='lat' dir='ltr'>si</span> <span class='ocrx_word' id='word_1_452' title='bbox 1144 3065 1242 3116; x_wconf 87' lang='lat' dir='ltr'>post</span> <span class='ocrx_word' id='word_1_453' title='bbox 1276 3059 1394 3102; x_wconf 89' lang='lat' dir='ltr'>diem</span> <span class='ocrx_word' id='word_1_454' title='bbox 1420 3066 1463 3103; x_wconf 88' lang='lat' dir='ltr'>et</span> <span class='ocrx_word' id='word_1_455' title='bbox 1493 3066 1666 3103; x_wconf 86' lang='lat' dir='ltr'>noctem</span> <span class='ocrx_word' id='word_1_456' title='bbox 1692 3061 1964 3116; x_wconf 83' lang='lat' dir='ltr'>recessisset,</span> 
     </span>
     <span class='ocr_line' id='line_1_45' title="bbox 133 3116 1965 3175; baseline 0.002 -17"><span class='ocrx_word' id='word_1_457' title='bbox 133 3116 414 3173; x_wconf 77' lang='lat' dir='ltr'>dissipabant</span> <span class='ocrx_word' id='word_1_458' title='bbox 446 3118 649 3160; x_wconf 86' lang='lat' dir='ltr'>tentoria.</span> <span class='ocrx_word' id='word_1_459' title='bbox 675 3116 712 3143; x_wconf 70' lang='lat'>2²</span> <span class='ocrx_word' id='word_1_460' title='bbox 735 3117 778 3161; x_wconf 88' lang='grc'>81</span> <span class='ocrx_word' id='word_1_461' title='bbox 808 3131 911 3160; x_wconf 87' lang='lat' dir='ltr'>vero</span> <span class='ocrx_word' id='word_1_462' title='bbox 936 3117 1091 3174; x_wconf 89' lang='lat' dir='ltr'>biduo,</span> <span class='ocrx_word' id='word_1_463' title='bbox 1118 3124 1196 3161; x_wconf 68' lang='lat' dir='ltr'>aut</span> <span class='ocrx_word' id='word_1_464' title='bbox 1221 3133 1309 3161; x_wconf 89' lang='lat' dir='ltr'>uno</span> <span class='ocrx_word' id='word_1_465' title='bbox 1340 3133 1509 3175; x_wconf 84' lang='lat' dir='ltr'>mense,</span> <span class='ocrx_word' id='word_1_466' title='bbox 1534 3119 1605 3162; x_wconf 87' lang='lat' dir='ltr'>vel</span> <span class='ocrx_word' id='word_1_467' title='bbox 1634 3119 1822 3175; x_wconf 89' lang='lat' dir='ltr'>longiori</span> <span class='ocrx_word' id='word_1_468' title='bbox 1855 3125 1965 3162; x_wconf 89' lang='lat' dir='ltr'>tem-</span> 
     </span>
     <span class='ocr_line' id='line_1_46' title="bbox 135 3175 1966 3233; baseline 0.002 -16"><span class='ocrx_word' id='word_1_469' title='bbox 135 3189 259 3231; x_wconf 82' lang='lat' dir='ltr'>pore,</span> <span class='ocrx_word' id='word_1_470' title='bbox 283 3175 443 3219; x_wconf 75' lang='lat' dir='ltr'>fuisset</span> <span class='ocrx_word' id='word_1_471' title='bbox 467 3190 597 3233; x_wconf 88' lang='lat' dir='ltr'>super</span> <span class='ocrx_word' id='word_1_472' title='bbox 622 3176 978 3232; x_wconf 86' lang='lat' dir='ltr'>tabernaculum,</span> <span class='ocrx_word' id='word_1_473' title='bbox 999 3178 1240 3220; x_wconf 77' lang='lat' dir='ltr'>manebant</span> <span class='ocrx_word' id='word_1_474' title='bbox 1265 3178 1345 3220; x_wconf 88' lang='lat' dir='ltr'>filii</span> <span class='ocrx_word' id='word_1_475' title='bbox 1371 3178 1510 3222; x_wconf 86' lang='lat' dir='ltr'>Israel</span> <span class='ocrx_word' id='word_1_476' title='bbox 1531 3178 1578 3221; x_wconf 87' lang='lat' dir='ltr'>in</span> <span class='ocrx_word' id='word_1_477' title='bbox 1605 3179 1759 3221; x_wconf 86' lang='lat' dir='ltr'>eodem</span> <span class='ocrx_word' id='word_1_478' title='bbox 1782 3179 1898 3231; x_wconf 91' lang='lat' dir='ltr'>loco,</span> <span class='ocrx_word' id='word_1_479' title='bbox 1922 3184 1966 3221; x_wconf 91' lang='lat' dir='ltr'>et</span> 
     </span>
     <span class='ocr_line' id='line_1_47' title="bbox 134 3234 1965 3293; baseline 0.002 -17"><span class='ocrx_word' id='word_1_480' title='bbox 134 3248 222 3276; x_wconf 87' lang='lat' dir='ltr'>non</span> <span class='ocrx_word' id='word_1_481' title='bbox 249 3234 664 3291; x_wconf 68' lang='lat' dir='ltr'>proficiscebantur,</span> <span class='ocrx_word' id='word_1_482' title='bbox 692 3236 846 3278; x_wconf 85' lang='lat' dir='ltr'>statim</span> <span class='ocrx_word' id='word_1_483' title='bbox 870 3241 1020 3279; x_wconf 81' lang='lat' dir='ltr'>autem</span> <span class='ocrx_word' id='word_1_484' title='bbox 1038 3241 1086 3279; x_wconf 89' lang='lat' dir='ltr'>ut</span> <span class='ocrx_word' id='word_1_485' title='bbox 1106 3236 1369 3293; x_wconf 83' lang='lat' dir='ltr'>recessisset,</span> <span class='ocrx_word' id='word_1_486' title='bbox 1390 3237 1629 3280; x_wconf 76' lang='lat' dir='ltr'>movebant</span> <span class='ocrx_word' id='word_1_487' title='bbox 1648 3243 1803 3280; x_wconf 89' lang='lat' dir='ltr'>castra.</span> <span class='ocrx_word' id='word_1_488' title='bbox 1828 3236 1864 3263; x_wconf 69' lang='lat'>23</span> <span class='ocrx_word' id='word_1_489' title='bbox 1883 3238 1965 3279; x_wconf 82' lang='lat' dir='ltr'>Per</span> 
     </span>
     <span class='ocr_line' id='line_1_48' title="bbox 134 3293 1962 3353; baseline 0.001 -19"><span class='ocrx_word' id='word_1_490' title='bbox 134 3293 320 3336; x_wconf 81' lang='lat' dir='ltr'>verbum</span> <span class='ocrx_word' id='word_1_491' title='bbox 344 3294 524 3336; x_wconf 88' lang='lat' dir='ltr'>Domini</span> <span class='ocrx_word' id='word_1_492' title='bbox 554 3295 752 3350; x_wconf 85' lang='lat' dir='ltr'>figebant</span> <span class='ocrx_word' id='word_1_493' title='bbox 777 3295 988 3351; x_wconf 80' lang='lat' dir='ltr'>tentoria,</span> <span class='ocrx_word' id='word_1_494' title='bbox 1015 3300 1058 3338; x_wconf 91' lang='lat' dir='ltr'>et</span> <span class='ocrx_word' id='word_1_495' title='bbox 1083 3310 1159 3352; x_wconf 87' lang='lat' dir='ltr'>per</span> <span class='ocrx_word' id='word_1_496' title='bbox 1183 3296 1368 3338; x_wconf 88' lang='lat' dir='ltr'>verbum</span> <span class='ocrx_word' id='word_1_497' title='bbox 1396 3296 1516 3339; x_wconf 84' lang='lat' dir='ltr'>illius</span> <span class='ocrx_word' id='word_1_498' title='bbox 1547 3296 1962 3353; x_wconf 79' lang='lat' dir='ltr'>proficiscebantur3</span> 
     </span>
     <span class='ocr_line' id='line_1_49' title="bbox 135 3353 1889 3412; baseline 0.002 -19"><span class='ocrx_word' id='word_1_499' title='bbox 135 3358 346 3408; x_wconf 81' lang='lat' dir='ltr'>erantque</span> <span class='ocrx_word' id='word_1_500' title='bbox 369 3353 415 3395; x_wconf 90' lang='lat' dir='ltr'>in</span> <span class='ocrx_word' id='word_1_501' title='bbox 438 3353 636 3396; x_wconf 76' lang='lat' dir='ltr'>excubiis</span> <span class='ocrx_word' id='word_1_502' title='bbox 663 3353 865 3408; x_wconf 88' lang='lat' dir='ltr'>Domini,</span> <span class='ocrx_word' id='word_1_503' title='bbox 892 3354 1021 3409; x_wconf 80' lang='lat' dir='ltr'>juxta</span> <span class='ocrx_word' id='word_1_504' title='bbox 1045 3354 1282 3412; x_wconf 84' lang='lat' dir='ltr'>imperium</span> <span class='ocrx_word' id='word_1_505' title='bbox 1307 3355 1403 3411; x_wconf 84' lang='lat' dir='ltr'>ejus</span> <span class='ocrx_word' id='word_1_506' title='bbox 1429 3369 1505 3412; x_wconf 87' lang='lat' dir='ltr'>per</span> <span class='ocrx_word' id='word_1_507' title='bbox 1527 3369 1707 3397; x_wconf 87' lang='lat' dir='ltr'>manum</span> <span class='ocrx_word' id='word_1_508' title='bbox 1733 3354 1889 3409; x_wconf 69' lang='lat' dir='ltr'>Moysi.</span> 
     </span>
    </p>

    <p class='ocr_par' dir='ltr' id='par_1_8' title="bbox 127 3411 1963 3529">
     <span class='ocr_line' id='line_1_50' title="bbox 192 3411 1962 3470; baseline 0.001 -17"><span class='ocrx_word' id='word_1_509' title='bbox 192 3411 301 3456; x_wconf 84' lang='lat' dir='ltr'>CAP.</span> <span class='ocrx_word' id='word_1_510' title='bbox 326 3413 381 3455; x_wconf 89' lang='lat' dir='ltr'>X.</span> <span class='ocrx_word' id='word_1_511' title='bbox 403 3438 463 3445; x_wconf 93' lang='lat'>—</span> <span class='ocrx_word' id='word_1_512' title='bbox 491 3412 504 3438; x_wconf 82' lang='lat'><strong>¹</strong></span> <span class='ocrx_word' id='word_1_513' title='bbox 530 3413 810 3468; x_wconf 85' lang='lat' dir='ltr'>Locutusque</span> <span class='ocrx_word' id='word_1_514' title='bbox 838 3418 909 3456; x_wconf 69' lang='lat' dir='ltr'>est</span> <span class='ocrx_word' id='word_1_515' title='bbox 944 3413 1159 3456; x_wconf 85' lang='lat' dir='ltr'>Dominus</span> <span class='ocrx_word' id='word_1_516' title='bbox 1191 3414 1249 3457; x_wconf 82' lang='lat' dir='ltr'>ad</span> <span class='ocrx_word' id='word_1_517' title='bbox 1280 3414 1485 3470; x_wconf 88' lang='lat' dir='ltr'>Moysen,</span> <span class='ocrx_word' id='word_1_518' title='bbox 1512 3414 1662 3456; x_wconf 88' lang='lat' dir='ltr'>dicens</span> <span class='ocrx_word' id='word_1_519' title='bbox 1689 3430 1697 3456; x_wconf 94' lang='lat'>:</span> <span class='ocrx_word' id='word_1_520' title='bbox 1725 3412 1741 3437; x_wconf 73' lang='lat'><strong>2</strong></span> <span class='ocrx_word' id='word_1_521' title='bbox 1764 3413 1853 3455; x_wconf 85' lang='lat' dir='ltr'>Fac</span> <span class='ocrx_word' id='word_1_522' title='bbox 1881 3412 1962 3455; x_wconf 90' lang='lat' dir='ltr'>tibi</span> 
     </span>
     <span class='ocr_line' id='line_1_51' title="bbox 127 3468 1963 3529; baseline 0.002 -19"><span class='ocrx_word' id='word_1_523' title='bbox 127 3468 245 3512; x_wconf 83' lang='lat' dir='ltr'>-duas</span> <span class='ocrx_word' id='word_1_524' title='bbox 282 3470 412 3514; x_wconf 84' lang='lat' dir='ltr'>tubas</span> <span class='ocrx_word' id='word_1_525' title='bbox 445 3477 678 3527; x_wconf 88' lang='lat' dir='ltr'>argenteas</span> <span class='ocrx_word' id='word_1_526' title='bbox 720 3471 929 3528; x_wconf 86' lang='lat' dir='ltr'>ductiles,</span> <span class='ocrx_word' id='word_1_527' title='bbox 965 3472 1122 3528; x_wconf 77' lang='lat' dir='ltr'>quibus</span> <span class='ocrx_word' id='word_1_528' title='bbox 1169 3486 1410 3516; x_wconf 85' lang='lat' dir='ltr'>convocare</span> <span class='ocrx_word' id='word_1_529' title='bbox 1451 3472 1591 3529; x_wconf 84' lang='lat' dir='ltr'>possis</span> <span class='ocrx_word' id='word_1_530' title='bbox 1629 3471 1963 3514; x_wconf 85' lang='lat' dir='ltr'>multitudinem</span> 
     </span>
    </p>
   </div>
   <div class='ocr_carea' id='block_1_7' title="bbox 138 3630 1961 3702">
    <p class='ocr_par' dir='ltr' id='par_1_9' title="bbox 138 3630 1961 3702">
     <span class='ocr_line' id='line_1_52' title="bbox 138 3630 1961 3700; baseline 0.002 -43"><span class='ocrx_word' id='word_1_531' title='bbox 138 3630 245 3700; x_wconf 57' lang='lat' dir='ltr'>{gEL</span> <span class='ocrx_word' id='word_1_532' title='bbox 264 3630 344 3666; x_wconf 79' lang='lat' dir='ltr'>XII,</span> <span class='ocrx_word' id='word_1_533' title='bbox 364 3634 391 3660; x_wconf 88' lang='lat'>3.</span> <span class='ocrx_word' id='word_1_534' title='bbox 408 3646 445 3651; x_wconf 89' lang='grc'>--</span> <span class='ocrx_word' id='word_1_535' title='bbox 469 3633 516 3666; x_wconf 87' lang='grc'>12]</span> <span class='ocrx_word' id='word_1_536' title='bbox 531 3633 592 3661; x_wconf 83' lang='lat' dir='ltr'>Ex.</span> <span class='ocrx_word' id='word_1_537' title='bbox 610 3633 691 3668; x_wconf 82' lang='lat' dir='ltr'>XII,</span> <span class='ocrx_word' id='word_1_538' title='bbox 708 3636 753 3662; x_wconf 81' lang='lat'>46.</span> <span class='ocrx_word' id='word_1_539' title='bbox 775 3635 871 3662; x_wconf 84' lang='lat' dir='ltr'>Joan.</span> <span class='ocrx_word' id='word_1_540' title='bbox 894 3635 988 3670; x_wconf 85' lang='lat' dir='ltr'>XIX,</span> <span class='ocrx_word' id='word_1_541' title='bbox 1006 3638 1051 3663; x_wconf 85' lang='grc'>36.</span> <span class='ocrx_word' id='word_1_542' title='bbox 1070 3650 1104 3654; x_wconf 93' lang='grc'>-</span> <span class='ocrx_word' id='word_1_543' title='bbox 1126 3635 1172 3668; x_wconf 84' lang='grc'>15]</span> <span class='ocrx_word' id='word_1_544' title='bbox 1196 3636 1255 3662; x_wconf 78' lang='lat' dir='ltr'>Ex.</span> <span class='ocrx_word' id='word_1_545' title='bbox 1277 3634 1347 3669; x_wconf 83' lang='lat' dir='ltr'>XL,</span> <span class='ocrx_word' id='word_1_546' title='bbox 1366 3635 1459 3662; x_wconf 83' lang='lat'>16—32.</span> <span class='ocrx_word' id='word_1_547' title='bbox 1481 3633 1558 3665; x_wconf 84' lang='lat' dir='ltr'>Sup.</span> <span class='ocrx_word' id='word_1_548' title='bbox 1576 3633 1654 3667; x_wconf 78' lang='lat' dir='ltr'>VII,</span> <span class='ocrx_word' id='word_1_549' title='bbox 1678 3636 1702 3662; x_wconf 89' lang='lat'>1.</span> <span class='ocrx_word' id='word_1_550' title='bbox 1719 3648 1756 3652; x_wconf 87' lang='lat'>-——</span> <span class='ocrx_word' id='word_1_551' title='bbox 1776 3634 1823 3667; x_wconf 85' lang='grc'>18]</span> <span class='ocrx_word' id='word_1_552' title='bbox 1851 3634 1865 3661; x_wconf 93' lang='lat'>1</span> <span class='ocrx_word' id='word_1_553' title='bbox 1891 3634 1961 3662; x_wconf 84' lang='lat' dir='ltr'>Cor.</span> 
     </span>
     <span class='ocr_line' id='line_1_53' title="bbox 181 3676 233 3702; baseline 0.038 -2"><span class='ocrx_word' id='word_1_554' title='bbox 181 3694 187 3700; x_wconf 91' lang='lat'>.</span> <span class='ocrx_word' id='word_1_555' title='bbox 209 3676 233 3702; x_wconf 92' lang='lat' dir='ltr'>l.</span> 
     </span>
    </p>
   </div>
   <div class='ocr_carea' id='block_1_8' title="bbox 2048 757 2273 873">
    <p class='ocr_par' dir='ltr' id='par_1_10' title="bbox 2048 757 2273 873">
     <span class='ocr_line' id='line_1_54' title="bbox 2143 757 2187 784; baseline 0.023 -1"><span class='ocrx_word' id='word_1_556' title='bbox 2143 757 2187 784; x_wconf 80' lang='lat' dir='ltr'>Dc</span> 
     </span>
     <span class='ocr_line' id='line_1_55' title="bbox 2048 800 2273 830; baseline 0.013 -3"><span class='ocrx_word' id='word_1_557' title='bbox 2048 800 2273 830; x_wconf 72' lang='lat' dir='ltr'>celebratione</span> 
     </span>
     <span class='ocr_line' id='line_1_56' title="bbox 2074 844 2250 873; baseline 0.006 -1"><span class='ocrx_word' id='word_1_558' title='bbox 2074 844 2250 873; x_wconf 81' lang='lat' dir='ltr'>ordinaria.</span> 
     </span>
    </p>
   </div>
   <div class='ocr_carea' id='block_1_9' title="bbox 2067 1180 2255 1298">
    <p class='ocr_par' dir='ltr' id='par_1_11' title="bbox 2067 1180 2255 1298">
     <span class='ocr_line' id='line_1_57' title="bbox 2067 1180 2255 1209; baseline 0.005 -1"><span class='ocrx_word' id='word_1_559' title='bbox 2067 1180 2255 1209; x_wconf 72' lang='lat' dir='ltr'>celebratio</span> 
     </span>
     <span class='ocr_line' id='line_1_58' title="bbox 2105 1226 2216 1252; baseline 0 0"><span class='ocrx_word' id='word_1_560' title='bbox 2105 1226 2216 1252; x_wconf 84' lang='lat' dir='ltr'>extra-</span> 
     </span>
     <span class='ocr_line' id='line_1_59' title="bbox 2075 1268 2250 1298; baseline 0.011 -2"><span class='ocrx_word' id='word_1_561' title='bbox 2075 1268 2250 1298; x_wconf 81' lang='lat' dir='ltr'>ordinaria.</span> 
     </span>
    </p>
   </div>
   <div class='ocr_carea' id='block_1_10' title="bbox 2040 2364 2285 2531">
    <p class='ocr_par' dir='ltr' id='par_1_12' title="bbox 2040 2364 2285 2531">
     <span class='ocr_line' id='line_1_60' title="bbox 2090 2364 2231 2398; baseline 0 -6"><span class='ocrx_word' id='word_1_562' title='bbox 2090 2364 2231 2398; x_wconf 79' lang='lat' dir='ltr'>Signum</span> 
     </span>
     <span class='ocr_line' id='line_1_61' title="bbox 2076 2409 2285 2437; baseline 0 -1"><span class='ocrx_word' id='word_1_563' title='bbox 2076 2409 2210 2437; x_wconf 83' lang='lat' dir='ltr'>caeleste</span> <span class='ocrx_word' id='word_1_564' title='bbox 2227 2417 2236 2436; x_wconf 92' lang='grc'>·.</span> <span class='ocrx_word' id='word_1_565' title='bbox 2283 2423 2285 2425; x_wconf 83' lang='grc'><em>·</em></span> 
     </span>
     <span class='ocr_line' id='line_1_62' title="bbox 2046 2453 2272 2481; baseline 0 -1"><span class='ocrx_word' id='word_1_566' title='bbox 2046 2453 2201 2481; x_wconf 88' lang='lat' dir='ltr'>columna</span> <span class='ocrx_word' id='word_1_567' title='bbox 2213 2460 2272 2480; x_wconf 89' lang='lat' dir='ltr'>nu-</span> 
     </span>
     <span class='ocr_line' id='line_1_63' title="bbox 2040 2496 2284 2531; baseline 0.012 -7"><span class='ocrx_word' id='word_1_568' title='bbox 2040 2496 2108 2525; x_wconf 83' lang='lat' dir='ltr'>bila</span> <span class='ocrx_word' id='word_1_569' title='bbox 2120 2499 2155 2525; x_wconf 82' lang='lat' dir='ltr'>et</span> <span class='ocrx_word' id='word_1_570' title='bbox 2170 2496 2284 2531; x_wconf 61' lang='lat' dir='ltr'>ignea,</span> 
     </span>
    </p>
   </div>
   <div class='ocr_carea' id='block_1_11' title="bbox 2060 3419 2243 3584">
    <p class='ocr_par' dir='ltr' id='par_1_13' title="bbox 2060 3419 2243 3584">
     <span class='ocr_line' id='line_1_64' title="bbox 2082 3419 2220 3453; baseline 0 -6"><span class='ocrx_word' id='word_1_571' title='bbox 2082 3419 2220 3453; x_wconf 85' lang='lat' dir='ltr'>Signum</span> 
     </span>
     <span class='ocr_line' id='line_1_65' title="bbox 2060 3466 2243 3492; baseline 0.011 -2"><span class='ocrx_word' id='word_1_572' title='bbox 2060 3466 2220 3491; x_wconf 83' lang='lat' dir='ltr'>terrestre</span> <span class='ocrx_word' id='word_1_573' title='bbox 2235 3472 2243 3492; x_wconf 81' lang='lat' dir='ltr'><strong><em>z</em></strong></span> 
     </span>
     <span class='ocr_line' id='line_1_66' title="bbox 2105 3509 2197 3536; baseline 0.022 -2"><span class='ocrx_word' id='word_1_574' title='bbox 2105 3509 2197 3536; x_wconf 82' lang='lat' dir='ltr'>tubae</span> 
     </span>
     <span class='ocr_line' id='line_1_67' title="bbox 2060 3553 2237 3584; baseline 0.011 -6"><span class='ocrx_word' id='word_1_575' title='bbox 2060 3553 2237 3584; x_wconf 63' lang='lat' dir='ltr'>argenteae.</span> 
     </span>
    </p>
   </div>
  </div>
 </body>
</html>
