2456 3861
740 153 761 194 1
797 154 907 196 nm.
944 153 986 208 1,
1023 154 1075 196 17
1107 179 1166 186 -
1198 154 1266 208 11,
1300 155 1337 195 9.
1867 153 1953 195 253

131 327 175 364 ct
204 319 398 362 moeroris
422 320 507 362 mei
532 319 680 362 locuta
705 334 801 362 sum
834 334 966 375 usque
989 320 1036 362 in
1061 334 1270 377 praesens.
1298 319 1331 346 ‘¹⁷
1358 321 1482 363 Tunc
1512 319 1617 364 Heli
1643 319 1706 361 ait
1731 320 1771 362 ei
1794 336 1802 363 :
1830 320 1952 363 Vade

128 379 175 422 in
200 392 322 435 pace,
342 385 386 421 et
413 379 531 421 Deus
556 377 695 421 Israel
719 378 796 421 det
819 378 902 420 tibi
927 379 1188 435 petitionem
1211 385 1332 421 tuam
1357 393 1490 434 qnam
1511 378 1676 434 rogasti
1703 392 1816 421 eum.
1845 379 1876 404 ¹⁸
1900 381 1953 421 Et

127 437 206 480 illa
235 437 350 480 dixit
375 455 382 481 :
408 437 592 481 Utinam
617 437 820 480 inveniat
843 438 1008 480 ancilla
1036 443 1113 480 tua
1142 438 1332 494 gratiam
1366 438 1410 479 in
1444 437 1582 480 oculis
1610 437 1720 479 tuis!
1758 438 1814 479 Et
1843 437 1954 479 abiit

127 497 285 539 mulier
311 496 355 538 in
389 497 509 538 viam
541 511 687 552 suam,
717 501 762 538 et
787 496 1001 552 comedit,
1031 497 1266 552 vultusque
1292 496 1412 539 illius
1445 510 1532 539 non
1558 501 1660 539 sunt
1689 496 1878 552 amplius
1907 497 1953 538 in

128 555 301 598 diversa
327 555 499 598 mutati.

190 614 222 639 ¹⁰
254 615 311 656 Et
350 619 632 657 surrexerunt
668 628 820 668 mane,
853 619 898 656 et
938 614 1234 657 adoraverunt
1273 628 1422 656 coram
1460 615 1670 670 Domino,
1703 614 1952 669 reversique

125 678 248 727 sunt,
288 678 332 715 ct
366 677 581 716 venerunt
613 672 658 714 in
688 672 867 714 domum
904 686 1030 714 suam
1069 673 1301 715 Ramatha.
1337 673 1557 728 Cognovit
1595 678 1746 716 autem
1784 672 1953 715 Elcana

124 733 306 774 Annam
335 745 515 774 uxorem
545 744 692 785 suam,
718 735 763 772 et
786 730 1042 773 recordatus
1066 736 1132 775 est
1162 730 1260 786 ejus
1291 731 1520 774 Dominus.
1552 731 1588 757 ”²⁰
1612 733 1668 774 Et
1689 732 1862 775 factum
1888 736 1953 774 est

124 795 224 846 post
250 790 463 832 circulum
493 788 683 843 dierum,
710 788 914 845 concepit
939 791 1091 845 Anna,
1123 796 1168 833 et
1197 789 1369 845 peperit
1398 790 1559 846 filium,
1585 791 1847 846 vocavitque
1878 804 1952 833 no-

124 863 226 891 men
249 849 346 904 ejus
373 847 570 903 Samuel,
598 861 649 890 eo
675 847 791 902 quod
813 862 840 889 a
866 848 1057 891 Domino
1083 848 1351 904 postulasset
1376 863 1490 891 eum.

182 906 215 934 2¹
242 907 458 950 Ascendit
481 910 632 948 autem
657 906 725 948 vir
750 906 848 962 ejus
875 906 1064 962 Elcana,
1083 912 1128 950 et
1149 907 1292 950 omnis
1318 907 1472 950 domus
1495 907 1615 964 ejus,
1633 913 1680 950 ut
1702 908 1953 952 immolaret

125 966 316 1010 Domino
342 965 535 1008 hostiam
564 965 830 1021 solemnem,
859 971 904 1008 et
933 971 1088 1009 votum
1108 980 1248 1009 suum.
1283 964 1320 991 22
1346 967 1404 1008 Et
1435 968 1568 1008 Anna
1600 981 1688 1009 non
1721 968 1950 1021 ascendit3

123 1025 239 1068 dixit
263 1026 382 1069 enim
406 1024 501 1067 viro
525 1037 603 1066 suo
627 1040 638 1067 z
659 1024 760 1066 Non
785 1024 949 1067 vadam
974 1025 1113 1068 donec
1139 1025 1388 1068 ablactetur
1408 1025 1582 1081 infans,
1601 1030 1646 1068 et
1671 1025 1830 1068 ducam
1853 1040 1953 1068 eum

122 1090 171 1127 ut
195 1089 409 1142 appareat
432 1089 536 1126 ante
563 1088 851 1139 conspectum
879 1084 1080 1139 Domini,
1107 1089 1152 1126 et
1176 1089 1357 1127 maneat
1382 1084 1444 1126 ibi
1469 1084 1648 1140 jugiter.
1683 1083 1720 1111 23
1746 1085 1804 1126 Et
1829 1085 1892 1128 ait
1914 1086 1953 1128 ei

123 1144 313 1199 Elcana,
339 1143 409 1185 vir
430 1157 531 1185 suus
555 1158 564 1185 z
592 1143 683 1185 Fac
708 1142 824 1197 quod
848 1143 1014 1186 bonum
1039 1143 1122 1185 tibi
1147 1142 1333 1199 videtur,
1361 1148 1406 1186 et
1434 1157 1565 1186 mane
1590 1143 1730 1186 donec
1755 1143 1953 1188 ablactes

122 1217 250 1260 eum3
279 1216 519 1260 precorque
543 1207 592 1244 ut
617 1201 802 1257 impleat
832 1202 1049 1245 Dominus
1074 1202 1258 1245 verbum
1292 1217 1431 1246 suum.
1459 1202 1627 1245 Mansit
1653 1217 1756 1259 ergo
1782 1203 1950 1258 mulier,

121 1268 166 1305 et
191 1261 379 1305 lactavit
402 1261 542 1304 filium
568 1278 696 1306 suum
721 1264 861 1307 donec
892 1267 1120 1305 amoveret
1149 1275 1251 1304 eum
1279 1277 1305 1304 a
1335 1262 1464 1305 lacte.
1498 1261 1535 1288 ⁹4
1557 1263 1616 1304 Et
1640 1262 1828 1305 adduxit
1853 1277 1954 1305 eum

121 1336 291 1378 secum,
323 1327 558 1379 postquam
591 1322 916 1379 ablactaverat,
951 1320 998 1362 in
1023 1321 1176 1364 vitulis
1201 1321 1341 1364 tribus
1372 1326 1416 1364 et
1438 1321 1578 1363 tribus
1607 1321 1766 1364 modiis
1791 1321 1953 1365 farinae

122 1387 165 1423 et
190 1383 404 1439 amphora
426 1382 540 1437 vini,
564 1387 609 1425 et
629 1381 817 1424 adduxit
842 1397 943 1424 eum
965 1383 1022 1426 ad
1049 1381 1229 1424 domum
1258 1381 1438 1423 Domini
1459 1381 1507 1423 in
1534 1380 1635 1424 Silo.
1665 1381 1780 1423 Puer
1804 1386 1953 1423 autem

122 1445 214 1482 erat
236 1441 382 1484 adhuc
408 1441 672 1483 infantulus.
699 1439 736 1466 ‘2⁵
755 1441 813 1483 Et
835 1442 1179 1484 immolaverunt
1197 1440 1408 1495 vitulum,
1433 1445 1476 1482 et
1494 1439 1749 1482 obtulerunt
1770 1454 1954 1496 puerum

122 1498 243 1544 Heli.
276 1499 313 1526 2⁶
335 1501 392 1543 Et
422 1500 485 1541 ait
518 1501 651 1542 Anna
683 1516 691 1542 :
728 1499 941 1555 Obsecro,
969 1500 1030 1542 mi
1060 1500 1258 1555 domine,
1296 1499 1409 1541 vivit
1442 1499 1592 1541 anima
1620 1503 1716 1551 tua,
1744 1499 1951 1555 domine3

121 1573 201 1614 ego
220 1574 317 1603 sum
339 1559 420 1601 illa
446 1558 605 1601 mulier
627 1572 726 1614 quae
751 1558 856 1600 steti
881 1572 1030 1601 coram
1058 1564 1103 1601 te
1128 1558 1201 1601 hic
1232 1573 1359 1601 orans
1383 1557 1636 1602 Dominum.
1665 1555 1699 1582 2⁷
1719 1557 1803 1599 Pro
1821 1573 1954 1615 puero

119 1617 204 1660 isto
229 1617 371 1673 oravi,
391 1622 436 1660 et
457 1617 581 1660 dedit
606 1617 715 1659 mihi
744 1617 961 1660 Dominus
978 1617 1243 1674 petitionem
1267 1631 1414 1660 meam
1441 1630 1574 1671 quam
1597 1615 1820 1672 postulavi
1839 1632 1952 1662 eum.

119 1675 156 1702 2⁸
178 1676 351 1720 Idcirco
385 1681 430 1719 et
461 1690 544 1732 ego
577 1676 858 1719 commodavi
888 1691 989 1719 eum
1024 1676 1214 1719 Domino
1249 1676 1421 1719 cunctis
1454 1675 1610 1718 diebus
1635 1674 1792 1731 quibus
1818 1676 1955 1721 fuerit

119 1737 425 1780 commodatus
453 1735 659 1779 Domino.
685 1736 741 1778 Et
770 1735 1067 1778 adoraverunt
1090 1734 1155 1777 ibi
1182 1734 1453 1777 Dominum.‘

180 1796 239 1839 Et
263 1795 406 1838 oravit
425 1795 580 1851 Anna,
603 1800 647 1838 et
667 1794 732 1837 ait
756 1810 764 1838 :
1190 1824 1193 1825 ν

180 1860 285 1903 CAP.
314 1860 377 1902 Π.
400 1884 459 1890 -
612 1856 627 1882 ¹
647 1855 881 1899 Exultavit
908 1870 981 1898 cor
1001 1870 1151 1899 meum
1175 1854 1221 1897 in
1247 1853 1460 1909 Domino,

321 1912 323 1915 ’
497 1920 541 1958 et
565 1915 815 1958 exaltatum
840 1919 906 1957 est
933 1928 1068 1957 cornu
1089 1927 1238 1956 meum
1261 1913 1308 1955 in
1336 1913 1429 1955 Deo
1454 1925 1553 1955 meo
1574 1928 1584 1966 3

468 1974 706 2018 dilatatum
735 1978 802 2017 est
831 1987 877 2016 os
907 1988 1057 2016 meum
1083 1987 1212 2028 super
1235 1971 1441 2014 inimicos
1466 1984 1606 2028 meos,

638 2032 740 2088 quia
765 2033 921 2075 laetata
946 2047 1043 2075 sum
1067 2032 1114 2074 in
1138 2031 1320 2074 salutari
1346 2035 1435 2073 tuo.

603 2090 621 2118 ²
643 2093 743 2135 Non
766 2097 833 2135 est
853 2096 1033 2134 sanctus
1058 2096 1107 2134 ut
1128 2096 1195 2133 est
1223 2089 1466 2145 Dominus3

654 2165 798 2207 neque
822 2151 941 2194 enim
967 2156 1033 2194 est
1058 2150 1171 2192 alius
1197 2154 1323 2193 extra
1347 2154 1413 2203 te,

605 2216 650 2255 et
674 2225 763 2253 non
789 2215 855 2259 est
879 2209 1008 2252 fortis
1031 2209 1145 2252 sicut
1168 2210 1287 2251 Deus
1312 2212 1472 2252 noster.

434 2268 453 2297 3
471 2270 620 2315 Nolite
645 2269 943 2325 multiplicare
969 2268 1090 2324 loqui
1115 2267 1344 2323 sublimia,
1371 2268 1640 2324 gloriantes;

655 2328 867 2371 recedant
887 2333 1040 2370 vetera
1065 2327 1119 2370 de
1143 2341 1214 2370 ore
1240 2332 1386 2369 vestro
1409 2343 1418 2370 t

567 2388 671 2445 quia
698 2389 817 2430 Deus
842 2386 1148 2442 scientiarum,
1178 2386 1396 2429 Dominus
1425 2390 1506 2442 est,

634 2452 678 2490 et
699 2446 784 2502 ipsi
808 2450 1115 2503 praeparantur
1137 2444 1444 2500 cogitationes,

664 2506 682 2533 4
703 2508 846 2548 Arcus
867 2505 1053 2547 fortium
1075 2508 1306 2560 superatus
1330 2510 1414 2561 est,

643 2570 687 2609 et
716 2564 878 2607 infirmi
908 2564 1100 2606 accincti
1135 2567 1237 2605 sunt
1268 2563 1436 2607 robore.

512 2625 529 2652 ⁵
550 2624 727 2682 Repleti
751 2624 870 2680 prius
896 2637 974 2679 pro
998 2622 1188 2679 panibus
1213 2636 1258 2665 se
1289 2622 1566 2681 locaverunt,

717 2688 761 2726 et
789 2682 991 2725 famelici
1017 2681 1202 2724 saturati
1229 2687 1360 2737 sunt3

650 2743 788 2786 donec
814 2741 976 2786 sterilis
998 2740 1170 2798 peperit
1196 2740 1427 2797 plurimos,

501 2807 547 2846 et
570 2817 669 2859 quae
696 2802 858 2844 multos
889 2800 1084 2843 habebat
1110 2799 1224 2842 filios
1248 2800 1473 2844 infirmata
1498 2805 1577 2845 est.

619 2862 638 2888 ⁶
660 2861 876 2906 Dominus
902 2859 1141 2902 mortificat
1166 2864 1210 2902 et
1234 2859 1450 2916 vivificat,

671 2919 851 2964 deducit
876 2918 932 2961 ad
958 2918 1125 2961 inferos
1148 2924 1192 2962 et
1215 2919 1401 2963 reducit.

591 2979 606 3006 ⁷
629 2979 844 3024 Dominus
869 2991 1109 3036 pauperem
1133 2977 1248 3022 facit
1272 2982 1317 3022 et
1346 2978 1461 3022 ditat
1481 2997 1490 3036 3

783 3037 991 3082 humiliat
1015 3042 1060 3081 et
1085 3037 1302 3082 sublevat.

664 3099 682 3126 ⁸
703 3098 898 3143 Suscitat
924 3097 977 3139 de
1001 3096 1183 3154 pulvere
1210 3112 1420 3155 egenum,

626 3165 671 3203 et
700 3158 754 3202 de
787 3162 977 3199 stercore
1011 3155 1157 3198 elevat
1189 3171 1445 3215 pauperem,

718 3223 767 3260 ut
791 3216 944 3259 sedeat
968 3230 1069 3259 cum
1089 3217 1364 3284 principibus

747 3281 791 3320 et
813 3276 971 3318 solium
992 3275 1146 3332 gloriae
1166 3281 1330 3320 teneat.

616 3336 796 3383 Domini
822 3335 941 3378 enim
965 3340 1066 3378 sunt
1092 3335 1293 3379 cardines
1317 3341 1462 3393 terrae,

716 3403 760 3441 et
784 3394 932 3452 posuit
955 3408 1086 3451 super
1105 3409 1179 3438 eos
1204 3395 1367 3438 orbem.

588 3455 607 3482 ⁹
627 3457 768 3500 Pedes
793 3459 1046 3498 sanctorum
1073 3469 1249 3498 snorum
1274 3453 1487 3511 servabit,

621 3521 667 3559 et
690 3515 816 3572 impii
841 3513 886 3555 in
912 3513 1105 3556 tenebris
1133 3514 1452 3569 conticescent,

131 3667 160 3700 6]
181 3667 277 3693 Dent.
298 3661 448 3697 XXXII,
462 3664 504 3690 39.
526 3662 602 3689 Tob.
625 3660 767 3695 X111,2.
789 3659 861 3692 Sap.
879 3660 971 3695 XVI,
988 3662 1030 3688 13.

2056 625 2219 654 Samuelis
2253 626 2257 629 “

2054 669 2225 699 nativitas.

2019 917 2152 945 Samuel
2192 918 2264 946 Deo

2026 964 2253 989 consecratur.

2052 1793 2232 1823 Canticum

2085 1840 2198 1867 Annae.
