2456 3861
722 161 836 203 Luv.
871 161 1001 208 XVI,
1040 163 1090 204 14
1125 187 1180 196 -—-
1214 162 1371 215 XVII,
1404 164 1444 205 2.
1912 166 1991 208 107

169 353 319 382 eorum
345 344 387 382 et
416 352 552 394 vapor
583 338 751 395 operiat
783 338 1030 394 oraculum,
1065 339 1179 395 quod
1213 345 1279 382 est
1309 353 1439 396 supra
1473 338 1797 394 testimonium,
1833 346 1875 383 ct
1908 355 1992 383 non

170 397 393 440 moriatur.
422 396 455 423 ¹²
481 396 626 439 Tollet
659 411 756 452 quo(
777 410 829 440 ue
855 397 908 440 de
930 398 1145 453 sanguine
1174 397 1324 452 vituli,
1351 403 1393 441 et
1424 403 1628 455 asperget-
1661 398 1800 454 digito
1834 399 1992 456 septies

169 461 321 499 contra
341 455 697 521 propitiatorium
715 412 772 498 ati
795 456 1021 499 orientem.
1048 456 1081 482 Ν·
1102 457 1307 513 Cumque
1322 457 1583 500 mactaverit
1603 457 1774 500 hircum
1797 472 1872 514 pro
1895 472 1994 514 pec-

168 521 266 558 cato
292 514 464 571 populi,
489 514 654 558 inferet
678 515 941 570 sanguinem
966 515 1062 571 ejus
1088 515 1204 557 intra
1226 515 1394 570 velum,
1421 516 1540 559 sicut*
1556 522 1828 573 praeceptum
1854 522 1918 560 est
1941 517 1994 560 de

166 573 382 628 sauguine
408 573 558 627 vituli,
584 578 632 614 ut
663 578 870 629 aspergat
901 587 924 616 θ
957 574 1134 628 regione
1171 575 1356 629 oraculi,
1388 574 1421 601 ¹⁰
1446 579 1489 618 et
1514 575 1661 632 expiet
1691 575 1993 618 sanctuarium

166 633 222 675 ab
244 631 541 674 immunditiis
566 631 756 675 filiorum
780 631 939 686 Israel,
967 637 1010 674 et
1030 646 1055 673 a
1082 632 1521 687 praevaricationibus
1543 647 1713 690 eorum,
1738 633 1995 690 cunctisque

167 691 373 747 peccatis.
399 691 539 733 Juxta
564 690 681 733 hunc
705 689 839 731 ritum
865 690 1004 732 faciet
1030 691 1314 733 tabernaculo
1340 692 1603 747 testimonii,
1630 693 1744 748 quod
1771 693 1908 736 fixum
1930 701 1994 736 est

167 751 280 793 inter
304 763 376 793 eos
402 749 447 791 in
473 747 618 791 medio
644 747 839 791 sordium
866 747 1154 791 habitationis
1180 762 1343 792 eorum.
1374 749 1405 775 ¹7
1431 750 1591 794 Nullus
1617 751 1846 795 hominum
1871 751 1929 795 sit
1948 752 1994 795 in

168 807 473 862 tabernaculo,
501 806 675 862 quando
701 806 906 863 pontifex
930 807 1233 849 sanctuarium
1259 807 1526 863 ingreditur,
1559 815 1606 851 ut
1631 816 1755 866 roget
1778 826 1855 868 pro
1881 825 1926 854 se
1952 818 1994 854 et

167 881 242 924 pro
276 866 405 910 domo
434 879 534 920 sua,
569 871 611 909 et
647 879 723 922 pro
756 865 960 908 universo
994 870 1112 908 coetu
1147 865 1306 921 Israel,
1339 866 1478 910 donec
1517 868 1778 923 egrediatur.
1816 869 1849 895 ¹⁸
1883 870 1994 913 Cum

165 930 314 969 autem
340 925 495 969 exierit
515 925 572 967 ad
594 924 734 967 altare
756 924 870 979 quod
893 937 1041 967 coram
1065 924 1256 967 Domino
1278 930 1364 980 est,
1390 930 1484 969 oret
1508 940 1584 983 pro
1610 941 1675 982 se,
1702 933 1745 970 et
1770 934 1995 984 sumptum

165 984 427 1040 sanguinem
453 982 581 1026 vituli
606 989 738 1039 atque
763 983 873 1025 hirci
899 983 1062 1026 fundat
1087 996 1218 1040 super
1243 997 1411 1027 cornua
1431 985 1528 1040 ejus
1555 999 1631 1042 per
1659 999 1843 1042 gyrum3
1871 986 1903 1013 ¹9
1927 1002 1996 1030 as-

165 1055 436 1100 1‘»ergensque
459 1042 605 1098 digito·
619 1042 804 1099 septies,
828 1042 996 1099 expiet,
1019 1046 1062 1085 et
1083 1042 1331 1086 sanctificet
1351 1042 1463 1086 illud
1485 1044 1542 1087 ab
1563 1043 1859 1088 immunditiis
1886 1046 1996 1089 filio-

164 1116 261 1145 rum
286 1101 439 1145 Israel.
463 1100 500 1128 2⁰
525 1102 766 1157 Postquam
795 1099 1102 1144 emundaverit
1134 1101 1458 1158 sanctuarium,
1493 1107 1537 1147 et
1569 1103 1927 1159 tabernaculum,
1954 1113 1996 1148 et

164 1162 323 1216 altare,
357 1166 463 1204 tunc
496 1161 658 1205 offerat
687 1160 861 1204 hircum
892 1160 1143 1216 viventem3
1169 1160 1203 1187 2¹
1231 1166 1286 1204 et·
1307 1161 1450 1218 posita
1482 1167 1667 1218 utraque
1700 1177 1835 1205 manu
1868 1178 1998 1220 super

165 1226 298 1278 caput
322 1221 440 1277 ejus,
468 1221 730 1264 confiteatur
753 1233 904 1264 omnes
926 1219 1184 1275 iniquitates
1208 1220 1398 1264 filiorum
1430 1221 1589 1277 Israel,
1617 1226 1660 1265 et
1691 1222 1896 1266 universa
1923 1222 1996 1266 de-

164 1279 268 1323 licta
294 1285 426 1336 atque
449 1285 632 1337 pecca-ta
658 1293 833 1335 e01·um;
861 1293 959 1336 quae
986 1279 1235 1336 imprecans
1262 1279 1397 1336 capiti
1425 1280 1542 1337 ejus,
1570 1280 1744 1324 emittet
1767 1281 1896 1324 illum
1921 1296 2000 1338 per

164 1339 388 1383 homi-nem
411 1344 636 1396 paiatum,
662 1339 705 1381 in
735 1339 970 1382 desertum.
998 1338 1039 1364 Ἡ
1060 1338 1259 1394 Cumque
1284 1339 1526 1395 portaverit
1549 1339 1697 1383 hircus
1730 1355 1889 1384 omnes*
1913 1341 1997 1383 ini-

164 1398 353 1454 quitates
379 1411 530 1442 eorum
554 1398 600 1440 in
625 1404 791 1441 terram*
813 1397 1078 1453 solitariam,
1107 1403 1150 1440 et
1175 1398 1383 1441 dimissus
1408 1398 1546 1441 fuerit
1574 1398 1621 1440 in
1647 1399 1844 1454 deserto,
1871 1398 1908 1427 23
1931 1413 1994 1443 re-

163 1462 357 1501 vertetur
381 1458 531 1500 Aaron
556 1457 605 1499 in
628 1457 967 1500 tabernaculum
991 1457 1251 1513 testimonii,
1279 1462 1323 1500 et
1349 1457 1560 1514 depositis
1588 1458 1804 1513 vestibus,
1839 1459 1996 1514 quibus

162 1517 281 1573 prius
313 1516 495 1559 indutus
525 1521 618 1560 erat
651 1528 762 1558 cum·
784 1515 969 1559 intraret
1000 1516 1325 1571 sanctuarium,
1359 1516 1612 1572 relictisque
1641 1516 1725 1572 ibi,
1759 1516 1795 1543 2²¹
1828 1517 1999 1560 lavabit

162 1590 340 1619 carnem
380 1589 506 1618 suam
541 1575 588 1618 in
625 1574 722 1618 loco
759 1579 934 1630 sancto,
970 1574 1266 1631 indueturque
1303 1575 1501 1619 vestibus
1535 1576 1638 1619 suiS.
1674 1577 1732 1619 Et
1764 1582 1996 1633 postquam

162 1648 361 1690 egressus
387 1634 596 1678 obtulerit
621 1634 929 1677 holocaustum
951 1646 1102 1689 suum,
1122 1648 1175 1677 ae
1201 1634 1364 1691 plebis,
1386 1635 1562 1690 rogabit
1583 1639 1677 1678 tam
1699 1650 1776 1692 pro
1797 1649 1843 1678 se
1866 1649 1997 1691 quam

162 1708 238 1750 pro
271 1694 459 1751 popul03
494 1692 531 1720 25
556 1699 599 1737 et
631 1693 830 1750 adipem,
865 1693 938 1749 qui
972 1693 1146 1737 oblatus
1179 1698 1259 1737 est
1278 1707 1360 1750 pro-
1388 1693 1604 1751 peccatiS,
1639 1694 1837 1738 adolebit
1869 1709 1999 1752 super

161 1753 313 1796 altare.
339 1752 378 1780 ²⁶
402 1752 486 1796 Ille
511 1766 635 1808 vero,
662 1752 735 1808 qui
762 1751 985 1796 dimiserit⁴
1005 1767 1188 1809 caprum
1213 1752 1512 1808 emissarium,
1538 1753 1708 1796 lavabit
1733 1754 1997 1797 vestimenta

162 1826 239 1855 sua
265 1817 308 1855 et
334 1826 490 1869 corpus
515 1827 650 1868 aqua,
677 1811 808 1855 etsie
833 1812 1109 1867 ingredietur
1129 1812 1178 1854 in
1204 1817 1361 1855 castra.=
1386 1811 1420 1838 2⁷
1442 1812 1649 1856 Vitulum
1670 1818 1820 1856 autem
1847 1818 1891 1856 et
1910 1813 1998 1855 hjr-

162 1885 283 1927 cum,
311 1871 384 1927 qui
409 1885 486 1928 pro
511 1876 694 1929 peccato
719 1871 900 1914 fuerant
921 1871 1163 1927 immolati,
1191 1877 1234 1915 et
1258 1884 1448 1928 quorum
1469 1871 1650 1927 sanguis
1671 1872 1823 1915 illatus
1856 1877 1922 1916 est
1953 1872 1998 1914 in

162 1930 464 1974 sanctuarium
489 1936 538 1974 ut
563 1930 756 1988 expiatio
784 1930 1098 1988 compleretur,
1124 1930 1416 1988 asportabunt
1447 1931 1570 1974 foras
1604 1936 1769 1987 castra,
1804 1936 1848 1975 et
1881 1945 1996 1975 com-

161 1989 320 2034 burent
351 1990 446 2046 igni
479 1995 573 2033 tam
605 1989 743 2047 pelles
776 2004 910 2046 quam
943 2004 1096 2033 carnes
1128 2003 1278 2034 eorum
1308 2004 1360 2033 ac
1394 1990 1574 2046 fimum;
1607 1989 1646 2017 28·
1669 1995 1712 2034 et
1734 1990 1999 2047 quicumque

162 2049 454 2093 combusserit
474 2064 546 2105 ea,
567 2049 739 2092 lavabit
764 2049 1029 2093 vestimenta
1055 2063 1134 2092 sua
1157 2054 1201 2092 et
1221 2060 1402 2093 carnem
1423 2063 1537 2106 aqua
1549 2082 1558 2105 ,
1579 2054 1622 2093 et
1643 2048 1705 2093 sic
1727 2049 2002 2106 ingredietur

161 2107 207 2150 in
233 2113 390 2152 castra.

221 2167 258 2193 ‘2⁰
284 2168 465 2225 Eritque
490 2169 615 2213 vobis
648 2170 741 2213 hoc
760 2169 1013 2226 legitimum
1046 2169 1378 2226 sempiternum.
1414 2170 1567 2212 Mense
1592 2169 1802 2226 septimo,
1826 2168 1998 2213 decima

163 2227 233 2271 die
256 2228 440 2283 mensis,
466 2227 682 2284 affligetis
703 2229 876 2272 animas
903 2233 1093 2284 vestras,
1123 2227 1380 2284 nullumque
1406 2242 1514 2285 opus
1540 2228 1740 2284 facietis,
1767 2228 1859 2271 sive
1884 2227 1997 2270 indi-

161 2301 297 2342 gena,
323 2287 416 2330 sive
441 2287 621 2331 advena
642 2287 715 2344 qui
741 2287 1046 2345 peregrinatur
1077 2287 1193 2331 inter
1217 2302 1310 2331 vos.
1337 2287 1374 2314 3⁰
1399 2288 1455 2330 In
1480 2287 1564 2331 hac
1592 2287 1662 2331 die
1689 2287 1883 2344 expiatio
1917 2287 1998 2330 erit

162 2346 317 2402 vestri,
340 2351 473 2403 atque
498 2346 733 2391 munda-tio
752 2347 809 2390 ab
831 2346 1035 2390 omnibus
1057 2346 1259 2404 peccatis
1278 2346 1461 2402 vestris-3
1487 2361 1636 2390 coram
1659 2346 1850 2390 Domino
1873 2360 1999 2388 mun-

164 2405 394 2450 dabimini.
420 2405 454 2433 3¹
480 2405 727 2450 Sabbatum
752 2406 871 2449 enim
891 2405 1177 2461 requietionis
1202 2410 1289 2461 est,
1317 2410 1360 2449 et
1384 2405 1600 2462 affligetis
1624 2405 1797 2449 animas
1831 2411 1999 2449 vestras

161 2464 376 2520 religione
396 2470 620 2522 perpetua.
647 2464 684 2492 3²
705 2464 918 2522 Expiabit
940 2469 1091 2508 autem
1112 2462 1335 2520 sacerdos„
1350 2464 1424 2521 qui
1447 2469 1606 2508 unctus
1631 2464 1780 2518 fuerit,
1805 2469 1848 2508 et
1871 2464 1998 2521 cujus

163 2537 320 2567 manus
343 2524 534 2568 initiatae
559 2530 665 2568 sunt
692 2530 740 2568 ut
771 2523 1018 2568 sacerdotio
1050 2523 1268 2579 fungatur
1300 2538 1377 2580 pro
1411 2528 1535 2580 patre
1568 2538 1671 2579 suo;
1705 2523 1999 2579 indueturque

161 2582 275 2626 stola
300 2584 417 2627 linea
450 2589 494 2627 et
525 2584 723 2628 vestibus
756 2583 943 2639 sanctis,
970 2582 1007 2609 33
1032 2587 1076 2625 et
1100 2581 1299 2638 expiabit
1329 2582 1632 2626 sanctuarium
1665 2587 1708 2625 et
1737 2582 1997 2626 tabernacu-

162 2641 258 2684 lum
287 2643 531 2686 testimonii
563 2648 696 2699 atque
727 2643 888 2698 altare,
921 2641 1171 2685 sacerdotes
1205 2655 1376 2697 quoque
1409 2646 1453 2684 et
1483 2641 1738 2685 universum
1772 2640 1997 2699 populum.

162 2701 198 2727 3²¹
225 2701 409 2758 Eritque-
429 2701 555 2746 vobis
580 2702 664 2746 hoc
696 2702 948 2758 legitimum
981 2699 1318 2757 sempiternum,
1353 2704 1403 2743 ut
1427 2699 1558 2744 oretis
1592 2715 1668 2757 pro
1701 2700 1803 2743 filiis
1836 2699 1996 2745 Israel.

163 2766 206 2804 et
237 2776 314 2818 pro
347 2762 519 2806 cunctis
552 2761 748 2819 peccatis
776 2775 928 2805 eorum
960 2759 1096 2804 semel
1129 2758 1175 2802 in
1207 2773 1338 2804 anno.
1373 2758 1499 2803 Fecit
1531 2758 1667 2815 igitur
1695 2759 1809 2802 sicut
1834 2773 1996 2817 praece—

163 2826 287 2876 perat
314 2820 530 2864 Dominus
556 2821 716 2877 Moysi.

705 2931 920 2986 PARS
968 2929 1453 2986 POSTERIOR

251 3052 435 3092 LEGES
478 3050 723 3098 QUARUM
766 3049 1170 3091 OBSERVANTIA
1210 3047 1548 3090 AUGEBITUR
1591 3049 1903 3088 SANCTITAS

349 3124 614 3164 ISRAELIS
655 3126 724 3164 ET
765 3124 968 3164 FOEDUS
1011 3124 1130 3164 CUM
1171 3122 1287 3163 DEO
1331 3123 1809 3163 CONFIRMABITUR

270 3220 434 3264 Sucrio
476 3220 512 3263 Ι.
545 3244 604 3251 -
642 3220 797 3263 Ludus
836 3232 899 3262 An
938 3231 1264 3263 sAncrirA‘rEM
1307 3229 1531 3261 MORALEM
1574 3218 1885 3261 HEBRAEORUM

910 3297 1256 3330 PROGURANDAM

755 3386 778 3438 ξ
810 3383 846 3426 Ι.
872 3408 932 3414 —-
956 3382 1180 3426 Sanctitas
1204 3376 1412 3426 cimam.

223 3473 329 3516 CA-P.
360 3474 514 3517 XVII.
539 3499 599 3505 -—
630 3472 643 3498 ¹
675 3474 732 3515 Et
764 3471 937 3515 locutus
970 3477 1035 3515 est
1070 3471 1286 3514 Dominus
1318 3470 1376 3514 ad
1409 3471 1614 3526 Moysen,
1645 3469 1796 3512 dicens
1826 3486 1834 3513 ε
1869 3469 1886 3495 '²
1911 3471 1993 3513 Lo-

166 3544 295 3585 quere
320 3533 469 3575 Aaron
495 3537 539 3575 et
563 3531 665 3574 filiis
692 3531 809 3587 ejus,
837 3536 878 3573 et
901 3530 1072 3573 cunctis
1098 3529 1200 3573 filiis
1227 3529 1387 3584 Israel,
1415 3528 1565 3572 dicens
1588 3527 1644 3571 ad
1671 3541 1742 3571 eos·
1776 3545 1784 3572 :
1808 3528 1900 3572 Iste
1930 3534 1994 3571 est

167 3671 214 3703 17]
233 3670 311 3698 Luc.
330 3672 364 3705 Ι,
385 3674 428 3699 10.
446 3686 482 3690 -
498 3672 545 3704 27]
565 3672 667 3700 Hebl'.
685 3672 782 3705 XIII,
814 3674 857 3700 11.
876 3686 910 3691 —
931 3673 977 3705 2¹3]
998 3672 1062 3700 Inf.
1082 3672 1218 3706 XXIII,
1238 3673 1345 3700 25-28.

2090 2181 2134 2208 De
2153 2180 2297 2208 celebra-

2142 2224 2235 2252 tione

2083 2275 2194 2296 annua
2210 2267 2302 2296 testi.

2089 3476 2138 3503 Ad
2155 3475 2278 3504 ostium

2081 3518 2286 3548 tabernaculi

2075 3563 2298 3591 mactandum,
