2423 3861
729 116 860 157 lecton.
896 115 1036 169 VIII,
1073 115 1097 157 G
1130 141 1188 148 -——
1223 116 1306 164 IX,
1345 117 1411 158 12.
1900 118 1985 161 703

153 295 332 347 ceptum
366 303 452 332 non
481 287 730 345 experietur
755 285 996 341 quidquam
1023 286 1142 330 mali.
1170 286 1365 343 Tempus
1390 293 1435 330 et
1463 287 1794 344 responsionem
1819 301 1893 330 001·
1917 302 1984 330 80-

151 349 314 406 pientis
340 347 569 404 intelligit.

209 408 227 435 ⁶
245 408 377 451 Omni
403 406 582 463 negotio
604 411 776 462 tempus
802 409 889 459 est,
913 408 957 446 ct
983 406 1309 460 opportunitas,
1337 413 1383 448 et
1403 405 1544 448 multa
1562 405 1754 448 hominis
1779 404 1982 455 afflictio,

151 467 166 493 ⁷
183 467 288 523 quia
308 467 486 522 ignorat
507 465 755 522 praeterita,
782 468 826 507 et
851 463 1005 506 futura
1030 464 1150 507 nullo
1177 465 1288 507 scire
1319 470 1463 521 potest
1489 465 1658 510 nuntio.
1686 466 1703 491 ⁸
1722 465 1823 508 Non
1847 470 1914 508 est
1938 465 1982 507 in

149 526 340 570 hominis
363 530 583 582 potest-ate
601 523 832 581 prohibere
853 522 1059 579 spiritum
1076 540 1084 575 ς
1106 538 1187 566 nec
1207 523 1341 566 habet
1358 529 1627 580 potestatem
1645 524 1691 567 in
1709 524 1780 567 die
1801 523 1956 568 mortis
1975 542 1983 578 ;

148 599 228 629 nec
261 585 422 628 sinitur
451 585 675 640 quiescere
703 583 940 639 ingruente
974 581 1119 637 bello;
1156 597 1297 638 neque
1330 583 1524 626 salvabit
1548 583 1756 640 impietas
1781 583 1982 640 impium.

149 644 341 688 ⁰Omnia
381 644 478 686 haec
515 642 812 697 consideravi,
848 646 892 684 et
928 640 1030 684 dedi
1069 655 1142 684 001·
1176 656 1323 684 meum
1356 642 1402 683 111
1440 643 1611 685 cunctis
1648 643 1850 699 operibus
1883 657 1983 698 quae

147 703 259 745 fiunt
280 702 360 745 sub
387 703 492 745 sole.
513 701 746 745 Interdum
772 700 1026 744 dominatur
1046 701 1178 743 1101110
1204 701 1373 743 1101111111
1399 701 1445 743 111
1469 701 1636 744 1110111111
1661 716 1802 744 81111111.
1824 701 1859 728 10
1877 702 1983 745 Vidi

145 762 305 819 impios
338 761 554 818 sepultos,
586 760 659 817 qui
695 760 830 804 etiam
857 774 958 802 cum
989 759 1136 803 adhuc
1158 760 1362 803 viverent
1392 760 1439 802 in
1469 760 1564 803 1000
1590 766 1743 803 sancto
1768 766 1913 817 erant,
1939 768 1984 805 et

145 821 444 864 laudabantur
472 820 516 862 in
551 819 735 863 civitate
767 819 892 875 quasi
922 819 1144 875 justorum
1175 833 1370 876 operum.
1397 819 1484 862 Sed
1510 824 1554 862 et
1583 819 1665 863 hoc
1691 820 1867 863 vanitas
1901 827 1981 864 est.

148 880 178 906 ¹¹
200 880 379 923 Etenim
404 879 507 935 quia
533 894 620 922 non
651 879 874 936 profertur
904 878 992 921 cito
1018 884 1172 921 contra
1197 878 1337 922 malos
1368 878 1611 935 sententia,
1634 878 1800 935 absque
1828 879 1983 924 timore

143 938 234 982 ullo
253 939 333 981 filii
356 938 588 981 hominum
614 942 872 995 perpetrant
896 937 1028 981 mala.
1057 937 1093 963 ¹²
1110 938 1327 981 Attamen
1354 942 1560 995 peccator
1582 952 1637 981 ex
1663 952 1713 981 eo
1739 937 1855 994 quod
1882 953 1982 982 0011-

143 998 227 1041 ties
255 997 370 1040 facit
401 998 590 1054 malum,
622 1003 666 1040 et
691 1012 769 1055 per
793 997 1058 1055 patientiam
1094 1002 1389 1054 sustentatur,
1413 1011 1497 1054 ego
1530 997 1719 1053 cognovi
1752 997 1869 1053 quod
1902 998 1983 1040 erit

142 1057 308 1100 bonum
341 1057 603 1100 timentibus
638 1057 803 1113 Deum,
838 1056 912 1112 qui
946 1061 1154 1100 verentur
1187 1057 1355 1100 faciem
1384 1057 1496 1113 ejus.
1528 1056 1564 1083 '¹3
1593 1057 1693 1100 Non
1726 1056 1784 1099 sit
1816 1056 1982 1100 bonum

141 1116 300 1173 impio,
334 1130 415 1159 nec
448 1116 766 1172 prolongentur
794 1116 889 1158 dies
919 1115 1037 1171 ejus,
1068 1116 1145 1159 sed
1180 1116 1303 1172 quasi
1334 1116 1491 1159 umbra
1524 1120 1754 1159 transeant
1788 1116 1861 1172 qui
1895 1130 1982 1160 non

140 1175 302 1218 timent
331 1175 498 1218 faciem
526 1175 720 1218 Domini.
749 1174 785 1201 11
804 1176 885 1217 Est
910 1179 955 1218 et
979 1175 1069 1218 alia
1094 1176 1271 1218 vanitas
1302 1190 1402 1232 quae
1427 1176 1476 1218 fit
1501 1190 1632 1232 super
1657 1181 1821 1218 terram
1843 1193 1852 1221 :
1877 1181 1982 1218 sunt

139 1234 248 1290 justi
275 1234 433 1290 quibus
456 1233 575 1276 mala
597 1234 865 1290 proveniunt
886 1234 1010 1289 quasi
1035 1248 1165 1291 opera
1189 1235 1362 1291 egerint
1383 1235 1623 1291 impiorum
1640 1253 1648 1290 ;
1669 1240 1713 1278 et
1734 1239 1837 1278 sunt
1853 1234 1981 1291 impii

140 1293 214 1349 qui
240 1293 301 1336 ita
325 1293 468 1336 securi
494 1298 598 1336 sunt
623 1293 747 1348 quasi
773 1293 995 1349 justorum
1022 1294 1146 1336 facta
1169 1294 1378 1337 babeant.
1406 1294 1491 1337 Sed
1517 1299 1562 1337 et
1582 1295 1665 1337 hoc
1687 1294 1981 1337 vanissimum

138 1352 304 1409 judico.
341 1352 376 1378 ¹5
396 1351 598 1395 Laudavi
632 1352 770 1407 igitur
799 1352 1032 1407 laetitia.m;
1065 1353 1181 1408 quod
1216 1367 1303 1395 non
1341 1360 1456 1396 esset
1492 1353 1661 1396 homini
1699 1353 1866 1397 bonum
1898 1354 1980 1396 sub

138 1411 256 1467 sole,
298 1411 383 1454 nisi
425 1411 541 1467 quod
579 1411 856 1467 comederet,
896 1416 941 1454 et
973 1411 1166 1468 biberet,
1205 1418 1337 1468 atque
1377 1412 1613 1468 gauderet,
1648 1417 1692 1455 et
1724 1413 1806 1455 hoc
1838 1412 1981 1456 solum

138 1484 286 1514 secum
312 1470 510 1512 auferret
536 1469 591 1512 de
613 1469 764 1512 labore
790 1483 889 1525 8110,
917 1470 963 1511 111
992 1469 1146 1513 diebus
1166 1471 1271 1513 vitae
1293 1485 1384 1514 suae
1408 1485 1516 1527 quos
1542 1471 1666 1514 dedit
1689 1472 1728 1514 ei
1755 1472 1876 1514 Deus
1900 1472 1981 1515 sub

137 1529 239 1572 sole.

245 1636 409 1680 SEOTIO
446 1636 526 1678 IV.
552 1662 612 1668 —-
644 1636 701 1678 IN
737 1648 860 1678 VERA
894 1649 1143 1679 SAPIENTIA
1178 1649 1282 1679 Sl'rA
1318 1649 1397 1679 EST
1432 1650 1541 1679 VITA
1574 1651 1695 1680 VERE
1726 1651 1877 1681 BEATA

193 1765 229 1792 16
248 1766 307 1808 Et
331 1764 517 1821 apposui
547 1778 621 1806 cor
651 1779 801 1807 meum
831 1770 881 1807 ut
910 1765 1069 1807 scirem
1095 1766 1384 1821 sapientiam,
1412 1770 1456 1808 et
1488 1765 1788 1820 intelligerem
1814 1767 1978 1810 disten-

134 1825 302 1868 tionem
329 1838 428 1879 quae
450 1828 653 1866 versatur
673 1823 722 1865 in
743 1829 874 1867 terra.
899 1825 981 1866 Est
1012 1824 1144 1867 homo
1178 1824 1253 1880 qui
1279 1824 1435 1867 diebus
1465 1830 1509 1868 et
1541 1825 1746 1868 noctibus
1775 1839 1980 1869 somnum

133 1898 222 1927 non
254 1883 376 1940 capit
401 1882 554 1926 oculis.
582 1881 616 1908 ¹⁷
636 1876 696 1925 Et
720 1882 925 1926 intellexi
951 1883 1069 1939 quod
1094 1883 1295 1926 omnium
1324 1898 1508 1940 operum
1534 1884 1619 1927 Dei
1643 1884 1816 1928 nullam
1841 1886 1980 1942 possit

133 1944 266 1986 homo
287 1941 489 1985 invenire
515 1941 748 1998 rationem,
768 1956 921 1985 eorum
944 1957 1042 1998 quae
1067 1942 1181 1985 fiunt
1202 1942 1283 1986 sub
1302 1944 1419 1999 801ος
1441 1948 1485 1987 et
1499 1948 1663 2000 quanto
1685 1943 1784 2001 plus
1806 1944 1979 1989 labora-

134 2002 248 2045 verit
272 2001 329 2044 ad
356 2001 665 2058 quaerendum,
695 2005 824 2044 tanto
853 2002 1000 2045 minus
1028 2002 1233 2045 inveniat
1260 2019 1270 2046 1
1297 2002 1435 2046 etiam
1464 2003 1501 2046 si
1528 2003 1691 2052 dixerit
1723 2003 1900 2060 sapiens
1933 2019 1979 2048 se

134 2075 283 2116 nosse,
311 2074 399 2102 non
426 2060 588 2116 poterit
611 2060 816 2116 reperire.

193 2122 300 2164 CAP.
328 2120 409 2162 IX.
435 2145 496 2152 —
520 2119 534 2145 1
555 2120 717 2163 Omnia
742 2120 837 2162 haec
868 2121 1057 2163 tractavi
1088 2121 1133 2163 in
1168 2123 1298 2165 corde
1329 2137 1448 2179 11100,
1475 2127 1524 2165 ut
1556 2123 1726 2166 curiose
1753 2122 1977 2179 intellige-

133 2194 239 2223 rem.
267 2179 379 2223 Sunt
410 2179 522 2235 justi
546 2184 680 2235 atque
706 2179 950 2236 sapientes,
978 2185 1023 2223 et
1052 2194 1184 2238 opera
1207 2196 1359 2225 eorum
1383 2181 1431 2224 in
1461 2196 1596 2224 manu
1622 2182 1732 2237 Dei;
1756 2187 1802 2225 et
1826 2187 1977 2227 tamen

134 2239 276 2281 nescit
301 2238 433 2281 homo
456 2242 606 2280 utrum
631 2252 781 2281 amore
801 2253 860 2281 011
883 2239 985 2282 odio
1004 2239 1166 2296 dignus
1188 2240 1260 2285 sit.
1282 2240 1301 2267 2
1320 2241 1405 2284 Sed
1428 2241 1577 2284 onmia
1598 2241 1645 2283 in
1663 2241 1868 2284 futurum
1887 2255 1977 2285 ser-

134 2303 295 2340 vantur
319 2297 515 2353 incerta,
542 2312 593 2341 eo
615 2297 732 2354 quod
754 2298 960 2341 universa
991 2313 1115 2354 aeque
1142 2301 1352 2343 eveniant
1380 2300 1502 2356 justo
1533 2305 1576 2343 et
1600 2298 1761 2357 impio,
1787 2300 1902 2344 bono
1933 2306 1976 2344 et

133 2357 272 2413 malo,
297 2356 462 2400 mundo
485 2362 529 2400 et
548 2357 804 2413 immundo,
827 2358 1081 2401 immolanti
1108 2359 1316 2403 victimas
1347 2365 1392 2402 et
1416 2359 1634 2402 sacrificia
1657 2361 1973 2404 contemnenti.

134 2416 257 2460 Sicut
280 2416 444 2473 bonus,
471 2416 535 2459 810
565 2421 609 2459 et
637 2421 869 2472 peccator3
903 2422 952 2459 ut
984 2418 1212 2475 perjurus,
1239 2419 1302 2462 ita
1326 2423 1370 2462 et
1393 2419 1470 2462 ille
1504 2418 1579 2474 qui
1603 2433 1759 2462 verum
1789 2419 1973 2476 dejerat.

132 2475 150 2502 3
169 2476 268 2518 Hoc
290 2480 357 2518 est
381 2476 626 2531 pessimum
651 2476 768 2518 inter
797 2476 947 2519 omnia
977 2491 1074 2533 quae
1100 2478 1181 2521 sub
1207 2478 1300 2522 sole
1328 2478 1460 2534 fiunt,
1493 2478 1595 2534 quia
1621 2478 1778 2522 eadem
1803 2480 1975 2523 cunctis

132 2534 358 2578 eveniunt.
378 2534 509 2578 Unde
528 2540 573 2578 et
591 2535 724 2578 corda
742 2535 935 2578 filiorum
953 2536 1186 2580 hominum
1202 2538 1445 2594 implentur
1462 2537 1635 2580 malitia
1653 2541 1698 2580 et
1716 2542 1974 2595 contemptu

132 2594 180 2636 in
201 2594 295 2636 vita
320 2608 421 2650 sua,
448 2599 493 2637 et
519 2599 618 2651 post
643 2595 740 2637 haec
763 2595 820 2637 ad
841 2595 1010 2638 inferos
1034 2595 1320 2640 deducentur.

191 2653 209 2679 4
227 2654 370 2697 Nemo
397 2659 464 2697 est
486 2653 560 2710 qui
582 2668 758 2711 semper
783 2654 929 2710 vivat,
957 2659 1000 2697 et
1021 2655 1096 2711 qui
1121 2655 1257 2712 hujus
1281 2657 1344 2699 rei
1367 2656 1532 2699 habeat
1557 2656 1791 2713 fiduciam3
1820 2658 1977 2702 melior

132 2718 199 2756 est
225 2713 348 2756 canis
387 2712 516 2757 vivus
555 2713 684 2757 leone
709 2719 896 2757 mortuo.
923 2714 940 2741 ⁵
958 2714 1174 2758 Viventes
1201 2715 1321 2758 enim
1346 2715 1492 2758 sciunt
1516 2730 1562 2759 se
1589 2730 1682 2759 esse
1709 2716 1941 2761 morituros
1962 2736 1971 2773 ς

132 2772 295 2815 mortui
324 2786 428 2816 vero
458 2772 573 2815 nihil
606 2778 826 2816 noverunt
857 2773 1070 2830 amplius,
1101 2788 1182 2817 nec
1217 2775 1386 2817 habent
1414 2775 1529 2817 ultra
1563 2775 1834 2833 mercedem,
1870 2776 1973 2832 quia

132 2831 348 2875 oblivioni
371 2831 538 2875 tradita
561 2837 629 2875 est
651 2833 864 2876 memoria
887 2847 1052 2876 eorum.
1071 2833 1242 2876 6Amor
1263 2848 1447 2890 quoque,
1475 2840 1519 2877 et
1541 2835 1705 2891 odium,
1725 2839 1770 2878 et
1791 2835 1973 2880 invidiae
2037 2861 2039 2863 >

131 2890 264 2933 simul
288 2891 542 2948 perierunt;
567 2906 649 2935 nec
676 2892 844 2935 habent
866 2897 1039 2949 partem
1061 2892 1108 2935 in
1129 2892 1213 2936 1100
1239 2893 1424 2949 saeculo,
1447 2898 1492 2936 et
1519 2894 1566 2936 in
1595 2908 1724 2951 opere
1749 2894 1866 2951 quod
1889 2895 1973 2939 sub

131 2949 222 2993 sole
245 2950 426 3006 geritur.
1860 2969 1862 2971 ’

190 3008 205 3035 ⁷
226 3009 352 3053 Vade
383 3024 510 3068 ergo,
538 3016 583 3055 et
616 3012 798 3055 comede
828 3012 874 3054 in
906 3011 1067 3055 laetitia
1095 3026 1259 3068 panem
1289 3017 1434 3068 tuum,
1468 3018 1513 3055 et
1544 3013 1647 3057 bibe
1677 3028 1778 3057 cum
1810 3015 1973 3071 gaudio

130 3067 286 3111 vinum
310 3073 459 3127 tuum,
486 3071 590 3127 quia
614 3073 708 3115 Deo
730 3071 911 3128 placent
933 3085 1065 3128 opera
1085 3076 1176 3114 tua.
1195 3071 1213 3097 8
1227 3071 1360 3115 0111111
1378 3076 1575 3129 tempore
1597 3073 1686 3116 sint
1703 3073 1972 3117 vestimenta

130 3132 208 3169 tua
234 3127 453 3185 candida3
488 3136 534 3174 et
567 3130 713 3174 oleum
746 3131 800 3174 de
834 3131 981 3187 capite
1014 3135 1089 3174 tuo
1119 3145 1208 3174 non
1237 3130 1428 3174 deficiat.
1452 3131 1837 3176 9Perfruere-vita
1870 3147 1971 3176 cum

131 3200 267 3230 uxore
293 3201 428 3243 quam
458 3189 632 3246 diligis,
663 3190 834 3233 cunctis
865 3190 1020 3233 diebus
1044 3190 1150 3233 vitae
1177 3189 1487 3234 instabilitatis
1511 3196 1622 3248 tuae,
1649 3192 1724 3248 qui
1749 3192 1842 3235 dati
1867 3198 1970 3236 sunt

131 3245 216 3288 tibi
237 3245 318 3289 sub
341 3247 432 3291 sole
456 3249 577 3292 omni
598 3254 798 3306 tempore
815 3249 1029 3292 vanitatis
1054 3253 1168 3305 tuae;
1191 3250 1289 3293 haec
1310 3255 1378 3293 est
1398 3249 1518 3293 enim
1542 3265 1643 3307 pars
1668 3252 1715 3294 in
1736 3251 1828 3294 vita
1854 3257 1898 3295 et
1922 3252 1970 3294 in

132 3303 283 3348 labore
307 3311 385 3350 tuo
411 3322 496 3363 quo
521 3308 697 3352 laboras
723 3309 803 3351 sub
826 3309 931 3352 sole.
958 3308 994 3335 ¹⁰
1011 3309 1326 3365 Quodcumque
1355 3309 1506 3353 facere
1536 3315 1682 3367 potest
1713 3325 1871 3353 manus
1893 3315 1968 3354 tua

131 3363 353 3408 instanter
377 3380 578 3424 operare,
603 3368 706 3424 quia
736 3383 818 3411 nec
844 3382 972 3425 opus,
1004 3382 1086 3411 nec
1117 3368 1252 3423 ratio,
1279 3383 1361 3412 nec
1393 3369 1632 3426 sapientia,
1668 3384 1750 3413 nec
1781 3369 1970 3413 scientia

133 3428 263 3466 erunt
287 3425 406 3481 apud
430 3426 598 3470 inferos
625 3441 709 3483 quo
735 3433 783 3470 tu
807 3441 1030 3484 properas.

193 3481 226 3508 ¹¹
246 3483 375 3527 Verti
401 3499 472 3529 me
501 3486 559 3529 ad
589 3486 732 3542 aliud,
760 3491 804 3529 et
828 3486 922 3529 vidi
950 3486 1030 3529 sub
1059 3487 1150 3530 sole
1180 3502 1262 3531 nec
1287 3489 1508 3532 velocium
1532 3503 1626 3532 esse
1656 3503 1852 3544 cursum,
1887 3504 1968 3533 nec

132 3540 321 3585 fortium
344 3543 533 3601 bellum,
561 3559 642 3588 nec
667 3545 938 3601 sapientium
958 3560 1140 3602 panem,
1169 3561 1251 3590 nec
1277 3547 1506 3591 doctorum
1535 3548 1734 3604 divitias,
1761 3563 1842 3593 nec
1863 3549 1967 3592 arti-

133 3597 268 3641 ficum
293 3602 511 3659 gratiam,
543 3603 619 3647 sed
645 3609 820 3659 tempus
842 3618 1080 3661 casumque
1107 3605 1156 3648 in
1187 3607 1403 3650 omnibus.
1430 3606 1465 3632 ¹2
1484 3607 1638 3650 Nescit
1669 3607 1800 3651 homo
1834 3608 1965 3651 finem

2075 417 2268 445 Consolatio

2091 459 2255 493 sapientis

2066 504 2155 534 inter
2168 505 2277 534 varias

2131 549 2213 579 vitae

2076 594 2270 624 anomalias.

2100 1777 2242 1804 Frustra

2047 1820 2238 1850 laboramus
2255 1821 2289 1850 in

2061 1864 2274 1894 administra-

2120 1909 2213 1938 tione

2046 1953 2107 1983 Dei
2137 1961 2288 1987 perscru-

2112 1999 2223 2027 tanda.

2058 2132 2137 2160 Sors
2153 2132 2191 2160 fu
2197 2134 2273 2162 tura

2093 2175 2222 2205 incerta
2233 2183 2243 2212 ;

2071 2671 2142 2699 sola
2159 2678 2250 2700 mors

2071 2718 2104 2743 et
2122 2714 2252 2744 oblivio

2085 2759 2242 2789 omnibus

2110 2807 2213 2833 certa.

2057 3026 2146 3059 Ergo
2167 3025 2253 3054 bonis

2108 3077 2127 3098 a
2144 3071 2213 3098 Deo

2075 3114 2245 3143 concessis

2062 3159 2250 3187 fruendum.

2064 3498 2248 3528 Successus

2096 3542 2211 3570 studio

2047 3593 2112 3614 non
2130 3591 2254 3620 semper

2054 3632 2247 3665 responden
