2423 3861
286 548 430 577 Titulus.

262 628 453 656 Gratiarum

282 672 372 700 :ictio
394 673 433 699 de.

269 715 449 748 praeterito.

245 1102 360 1130 suunt:
381 1108 468 1130 terra

267 1147 344 1174 huic
364 1146 452 1174 laudi

246 1190 471 1219 consociatur.

294 1550 422 1577 futuro.

287 2121 431 2149 Titulus.

278 2193 367 2223 Deus
385 2200 445 2221 nos

284 2237 432 2269 apprime

303 2289 365 2308 nux·
373 2281 396 2309 it
409 2302 415 2315 ,

263 2791 459 2818 semperque

237 2827 334 2855 nobis
363 2828 477 2861 adest,

546 123 631 166 652

967 124 1039 168 Ps.
1074 125 1360 180 CXXXVII,
1399 129 1418 168 1
1454 152 1511 158 ——
1544 127 1856 183 CXXXVIII,
1894 128 1960 170 12.

1207 331 1424 375 PsALMUS
1451 332 1715 375 CXXXVII

787 432 974 478 Gratias
1000 433 1095 476 Deo
1121 434 1174 476 cle
1201 433 1412 490 benficiis
1428 436 1682 491 111-(1316νὶἰὶ13,-
1697 436 1876 490 fiducia
1901 436 2140 490 defuturo.

604 534 616 560 ⁴¹
639 534 729 591 Ipsi
754 535 914 578 David.

774 617 1027 662 Confitebor
1048 619 1150 675 tibi,
1176 619 1386 676 Domine,
1414 620 1459 662 in
1486 624 1578 663 toto
1601 619 1731 662 corde
1758 634 1876 675 meo,

843 678 1053 733 quoniam
1075 679 1239 721 audisti
1262 680 1398 722 verba
1424 679 1509 722 oris
1536 678 1637 722 mei.

782 739 836 780 In
863 744 1103 794 conspeetu
1125 738 1384 794 angelorum
1410 738 1602 795 psallam
1624 737 1727 793 tibi,

803 796 820 822 ‘²
836 797 1032 840 adorabo
1057 798 1114 840 ad
1141 797 1360 854 templum
1386 803 1591 841 sanctum
1618 802 1765 853 tuum,

783 863 827 900 et
849 857 1092 900 confitebor
1117 857 1286 899 nomini
1312 863 1386 900 tuo
1409 872 1538 914 super
1565 856 1866 900 misericordia
1892 862 1969 900 tua
1995 863 2038 900 et
2063 856 2250 902 veritate
2272 865 2370 915 tua,

841 916 1050 972 quoniam
1077 916 1376 971 magnificasti
1404 931 1535 973 super
1562 931 1690 960 omne
1716 931 1877 959 nomen
1905 922 2108 959 sanctum
2131 922 2267 960 tuum.

739 975 757 1002 3
774 976 828 1018 In
851 990 1128 1031 quacumque
1152 975 1222 1018 die
1245 975 1509 1019 invocavero
1535 981 1597 1030 te,
1625 976 1786 1019 exaudi
1812 990 1882 1019 me
1902 993 1911 1031 3

843 1035 1166 1092 multiplicabis
1191 1035 1234 1076 in
1259 1035 1410 1078 anima
1436 1050 1535 1078 mea
1560 1035 1785 1078 virtutem.

740 1093 759 1120 4
776 1094 1081 1138 Confiteantur
1103 1094 1206 1149 tibi,
1232 1095 1443 1150 Domine,
1472 1109 1623 1137 01111165
1645 1108 1772 1149 reges
1794 1100 1944 1152 terrae,

844 1154 945 1209 quia
971 1154 1208 1197 audierunt
1235 1155 1384 1197 onmia
1408 1154 1545 1197 verba
1567 1153 1651 1196 oris
1676 1153 1741 1196 tui
1763 1171 1771 1209 3

747 1216 764 1240 ³²
779 1220 822 1258 et
848 1218 1029 1257 cantent
1054 1213 1100 1256 in
1126 1214 1210 1256 viis
1238 1214 1439 1270 Domini,

843 1274 1053 1329 quoniam
1076 1288 1242 1329 magna
1268 1280 1335 1316 est
1356 1274 1498 1329 gloria
1523 1273 1703 1317 Domini
1723 1290 1732 1327 3

746 1333 986 1389 “quoniam
1014 1333 1214 1376 excelsus
1241 1333 1479 1387 Dominus,
1510 1338 1554 1376 et
1575 1332 1762 1375 humilia
1788 1333 1989 1390 respicit,

843 1398 886 1435 et.
910 1393 1003 1435 alta
1023 1408 1050 1435 a
1074 1392 1206 1449 longe
1233 1393 1475 1449 cognoscit.

744 1451 759 1477 7
778 1452 819 1496 Si
843 1452 1130 1495 ambulavero
1155 1453 1201 1494 in
1228 1452 1374 1495 medio
1400 1452 1723 1509 tribulationis,
1747 1452 1997 1496 vivificabis
2022 1468 2121 1508 me3

843 1518 886 1555 et
912 1527 1041 1568 super
1064 1512 1176 1554 iram
1202 1512 1484 1555 inimicorum
1511 1526 1708 1555 meorum
1735 1512 1977 1555 extendisti
2004 1527 2186 1556 manum
2208 1518 2352 1570 tuam,

843 1576 887 1614 et
908 1572 1081 1614 salvum
1104 1586 1173 1614 me
1195 1572 1308 1614 fecit
1334 1571 1515 1614 dextera
1542 1577 1631 1614 tua.

741 1631 759 1657 8
777 1631 994 1674 Dominus
1020 1631 1235 1674 retribuet
1260 1645 1338 1687 pro
1361 1645 1443 1673 me.

845 1691 1053 1746 Domine,
1079 1690 1381 1733 misericordia
1407 1695 1482 1733 tua
1508 1690 1554 1732 in
1577 1690 1819 1745 saeculum3

841 1764 972 1804 opera
995 1764 1208 1792 manuum
1230 1755 1407 1792 tuarum
1430 1764 1484 1792 116
1507 1750 1740 1806 despicias.

1191 1881 1407 1923 PsALMUS
1441 1880 1734 1923 CXXXVIII

1011 1984 1284 2040 Conficlentz'a
1306 1985 1352 2026 in
1376 1983 1492 2037 Deo,
1516 1997 1645 2038 quem
1670 1983 1784 2025 nihil
1811 1983 1924 2026 latet.

610 2095 693 2137 1In
720 2095 872 2151 finem,
902 2095 1105 2138 Psalmus
1133 2094 1296 2137 David.

776 2177 986 2233 Domine,
1014 2178 1211 2234 probasti
1238 2192 1329 2232 me,
1353 2183 1396 2220 et
1419 2176 1668 2233 cognovisti
1693 2191 1762 2219 me
1783 2193 1792 2230 3

801 2236 818 2262 ‘²
835 2243 883 2279 tu
908 2237 1156 2292 cognovisti
1183 2237 1425 2280 sessionem
1447 2251 1591 2279 meam
1616 2241 1659 2279 et
1680 2235 2048 2279 resurrectionem
2074 2250 2233 2280 meam.

741 2296 758 2321 3
777 2296 1047 2340 Intellexisti
1074 2297 1368 2352 cogitationes
1395 2310 1514 2339 meas
1538 2296 1590 2339 de
1612 2295 1744 2351 longe
1764 2313 1772 2347 ς

840 2356 1046 2399 semitam
1072 2371 1218 2399 meam
1240 2363 1283 2399 et
1308 2355 1563 2399 funiculum
1589 2369 1736 2398 meum
1758 2354 2069 2411 investigasti3

740 2415 757 2440 ·'⁴
776 2421 817 2457 et
845 2430 997 2459 omnes
1023 2416 1118 2458 vias
1144 2430 1265 2458 meas
1292 2415 1562 2472 praevidisti,

842 2475 943 2531 quia
971 2490 1058 2518 non
1085 2481 1150 2518 est
1177 2490 1318 2518 sermo
1344 2475 1391 2517 in
1414 2475 1567 2530 lingua
1594 2489 1705 2518 mea.

741 2534 758 2560 5
778 2535 912 2590 Ε666,
942 2535 1151 2590 Domine,
1179 2540 1227 2577 tu
1251 2534 1499 2590 cognovisti
1521 2533 1690 2589 onmia,
1717 2534 1958 2576 novissima
1983 2538 2026 2577 et
2051 2532 2248 2589 antiqua.

841 2595 907 2637 Tu
929 2594 1133 2637 formasti
1157 2609 1248 2649 me,
1277 2599 1319 2637 et
1341 2593 1527 2650 posuisti
1553 2607 1683 2650 super
1709 2608 1778 2635 me
1802 2607 1984 2635 manum
2008 2597 2145 2635 tuam.

741 2654 760 2680 ὓ
777 2654 996 2697 Mirabilis
1018 2654 1143 2696 facta
1166 2660 1231 2697 651
1253 2654 1440 2696 scientia
1466 2659 1543 2696 tua
1565 2667 1618 2696 ex
1643 2666 1712 2695 me
1731 2669 1740 2706 3

840 2715 1094 2756 confortata
1117 2719 1202 2768 est,
1227 2720 1270 2756 et
1292 2727 1381 2756 non
1402 2718 1554 2769 potero
1577 2711 1634 2754 ad
1660 2725 1772 2756 eam.

739 2771 754 2798 7
778 2773 871 2823 Quo
892 2773 975 2816 ibo·
991 2788 1017 2815 a
1043 2772 1201 2830 spiritu
1226 2772 1335 2816 tuo?

839 2838 883 2875 et
909 2847 992 2889 quo
1019 2848 1043 2875 a
1065 2832 1185 2875 facie
1211 2838 1286 2874 tua
1312 2832 1520 2888 fugiam?

739 2891 757 2918 8
777 2892 823 2935 Si
845 2893 1084 2936 ascendero
1110 2891 1156 2934 111
1183 2891 1363 2947 caelum,
1390 2898 1438 2934 tu
1463 2892 1558 2934 illic
1584 2906 1654 2947 es3

840 2952 876 2994 si
900 2951 1168 2995 descendero
1194 2951 1241 2994 in
1267 2952 1517 3007 infernum,
1545 2951 1663 2994 ades.

739 3011 756 3037 9
776 3011 820 3054 Si
847 3025 1074 3068 sumpsero
1100 3025 1268 3068 pennas
1294 3025 1415 3054 111635
1448 3010 1661 3065 diluculo,

837 3076 881 3114 et
902 3071 1162 3114 habitavero
1187 3070 1234 3113 in
1257 3070 1467 3114 extremis
1490 3069 1644 3125 maris,

722 3129 758 3156 ¹⁰
779 3130 942 3173 etenim
964 3130 1072 3173 illuc
1095 3145 1252 3173 manus
1279 3135 1355 3172 tua
1379 3129 1568 3173 deducet
1590 3143 1679 3184 me,

838 3195 882 3232 et
903 3189 1072 3233 tenebit
1097 3204 1167 3232 me
1193 3189 1374 3233 dextera
1400 3195 1490 3233 tua.

721 3248 754 3275 ¹¹
779 3250 837 3292 Et
858 3248 951 3291 dixi
985 3266 993 3293 :
1022 3249 1226 3292 Forsitan
1248 3249 1444 3293 tenebrae
1472 3247 1797 3291 conculcabunt
1820 3262 1914 3302 meg

837 3314 881 3351 et
902 3321 989 3350 nox
1011 3307 1282 3351 illuminatio
1309 3323 1408 3351 mea
1429 3308 1474 3350 in
1497 3306 1669 3350 deliciis
1692 3307 1815 3350 meis.

722 3366 757 3393 ¹2
777 3367 890 3419 Quia
912 3367 1107 3410 tenebrae
1134 3382 1222 3409 non
1246 3367 1598 3410 obscurabuntur
1622 3380 1648 3408 3
1671 3372 1737 3421 16,

837 3432 881 3470 61
906 3440 995 3469 nox
1016 3426 1131 3469 sicut
1158 3426 1250 3470 dies
1271 3425 1600 3469 illuminabitur
1619 3443 1627 3480 3

836 3485 953 3529 sicut
973 3485 1169 3529 tenebrae
1193 3486 1310 3541 ejus,
1333 3485 1397 3528 ita
1420 3491 1462 3528 et
1484 3484 1634 3527 lumen
1657 3484 1767 3540 ejus.

543 3650 615 3683 138,
635 3648 665 3681 8]
684 3648 756 3676 Am.
777 3648 837 3683 IX,
855 3652 879 3676 2.
