2423 3861
664 125 814 167 Eccm.
849 122 981 165 XIX.
1020 122 1072 162 15
1105 147 1163 151 —
1197 120 1300 166 XX,
1342 120 1403 161 12¹.

1863 115 1946 157 753

301 297 336 323 ’ὅ
357 296 538 353 Corripe
563 294 778 347 amicum,
806 306 922 348 saepe
948 290 1066 334 enini
1095 291 1139 331 lit
1165 288 1415 332 commissio
1436 304 1443 339 ς

363 356 395 382 ¹⁶
417 361 462 399 et
486 368 574 398 non
600 352 720 397 omni
744 351 876 394 verbo
900 349 1066 392 eredas.

359 416 439 458 Est
464 414 537 470 qui
563 412 727 456 labitur
748 410 922 465 lingua,
946 408 1022 450 sed
1049 422 1135 450 non
1160 421 1214 450 cx
1235 406 1385 449 animo
1408 423 1416 449 :

358 474 392 500 ¹⁷
415 474 511 530 quis
537 477 603 516 est
628 470 746 514 enim
769 469 843 525 qui
867 481 955 510 non
982 466 1214 522 deliquerit
1242 466 1284 507 in
1311 465 1463 519 lingua-
1489 478 1565 506 sua
1583 464 1602 506 ἶ)

358 532 536 589 Corripe
557 530 807 588 proximum
828 532 1068 582 antequam
1092 524 1392 578 commineris,

358 592 392 618 ¹⁸
415 597 458 634 et
483 591 539 634 da
561 591 707 633 locum
732 587 879 631 timori
906 585 1143 629 Altissimi.

356 651 468 702 Quia
483 649 626 694 omnis
650 647 868 705 sapientia
889 645 1022 688 timor
1049 644 1151 691 Dei,
1176 648 1218 686 et
1242 643 1289 684 in
1313 641 1391 683 illa
1414 641 1566 684 timere
1592 643 1754 693 Deum,

417 715 462 754 et
483 709 530 752 in
555 707 675 752 omni
700 705 920 764 sapientia
946 702 1175 760 dispositio
1203 701 1325 756 legis.

302 769 337 795 ¹⁰
360 771 417 812 Et
442 783 529 813 non
556 773 622 812 est
642 765 861 824 sapientia
883 761 1093 819 nequitiae
1116 760 1371 817 disciplina,

416 834 459 872 et
486 842 572 871 non
598 832 664 871 est
686 825 907 881 cogitatus
932 827 1215 880 peccatorum
1241 816 1487 876 prudentia.

299 888 336 914 ‘²⁰
359 890 438 931 Est
463 886 660 943 nequitia
683 891 726 929 et
749 885 795 927 in
820 884 918 941 ipsa
942 879 1186 934 execratio,

417 953 460 991 et
486 952 552 990 est
577 945 789 1002 insipiens
816 943 889 999 qui
916 941 1129 984 minuitur
1153 938 1385 995 sapientia.

298 1006 331 1032 ‘2¹
357 1006 514 1050 Melior
539 1011 605 1049 est
625 1005 756 1047 homo
778 1003 852 1060 qui
880 1001 1094 1044 minuit-ur
1119 996 1360 1055 sapientia,

417 1070 461 1109 et
484 1064 691 1108 deficiens
714 1077 865 1117 sensu,
891 1061 937 1104 in
961 1061 1140 1114 timore,

418 1139 550 1181 quam
572 1123 646 1179 qui
667 1121 867 1166 abundat
892 1135 1042 1176 sensu,

417 1190 461 1227 et
486 1182 810 1238 transgreditur
834 1181 980 1237 legem
1004 1176 1240 1222 Altissimi.

300 1242 337 1270 2⁸²
359 1245 439 1286 Est
461 1242 641 1286 solertia
664 1247 804 1296 certa,
834 1246 876 1283 et
896 1240 994 1296 ipsa
1019 1238 1171 1293 iniqua
1191 1253 1199 1287 ς

360 1302 398 1330 “²3
418 1308 462 1346 et
487 1308 554 1346 est
579 1301 652 1357 qui
680 1300 845 1343 emittit
870 1299 1054 1342 verbum
1082 1305 1250 1339 certum
1277 1308 1484 1337 enarrans
1509 1295 1739 1335 veritatem

351 1364 439 1406 ·Est
461 1361 534 1417 qui
560 1360 762 1416 nequiter
786 1358 995 1401 humiliat
1017 1372 1083 1411 se,

420 1426 462 1464 et
487 1419 696 1463 interiora
719 1419 816 1474 eJ‘us
841 1418 974 1474 plena
999 1422 1101 1459 sunt
1126 1415 1226 1458 dolo
1249 1431 1259 1469 3

361 1480 397 1506 ‘24
418 1484 461 1523 et
483 1484 548 1522 est
574 1479 646 1534 qui
670 1492 715 1520 se
742 1477 930 1519 nimium
955 1474 1180 1518 submittit
1204 1488 1229 1515 a
1257 1472 1396 1514 multa
1422 1471 1692 1523 humilitate;

360 1545 402 1582 et
428 1544 494 1582 est
519 1537 593 1593 qui
618 1537 808 1579 inclinat
832 1535 1001 1578 faciem
1025 1547 1171 1588 suain,

417 1603 459 1641 et
484 1596 614 1652 fingit
639 1610 685 1639 se
710 1609 798 1638 non
821 1594 972 1637 videre
997 1592 1115 1650 quod
1136 1591 1389 1647 ignoratum
1415 1596 1508 1643 θεῖς

301 1657 336 1684 ²5
358 1663 401 1700 et
426 1657 462 1700 si
488 1656 545 1699 ab
569 1654 883 1698 imbecillitate
909 1653 1071 1696 virium
1093 1656 1268 1694 vetetur
1294 1664 1497 1706 peccare.

422 1716 458 1759 si
482 1714 705 1758 invenerit
730 1719 904 1770 tempus
932 1709 1274 1765 malefaciendi,
1302 1708 1572 1751 malefaciet,

301 1774 338 1802 ²6
359 1778 427 1819 Ex
449 1775 547 1818 visu
571 1774 853 1830 cognoscitur
878 1773 958 1828 vir,

422 1840 466 1878 et
489 1835 546 1877 ab
569 1848 753 1877 occursu
780 1832 916 1875 faciei
944 1831 1227 1888 cognoscitur
1251 1834 1467 1873 sensatus.

302 1894 336 1920 ⁶2⁷
360 1894 566 1937 Amictus
589 1893 803 1950 corporis,
830 1897 875 1935 et
894 1891 1007 1934 risus
1035 1890 1256 1945 dentium,

422 1958 465 1997 et
489 1954 714 2010 ingressus
739 1951 954 2006 hominis,
982 1950 1219 1994 enuntiant
1243 1950 1299 1992 de
1317 1949 1408 1992 illc.

304 2013 340 2040 ‘²8
363 2014 443 2056 Est
465 2012 679 2069 correptio
703 2011 895 2055 mendax
916 2011 964 2053 in
988 2010 1053 2053 ira
1080 2008 1410 2054 contumeliosi.

422 2077 464 2115 et
487 2078 554 2115 est
578 2071 800 2128 judicium
824 2070 940 2126 quod
965 2085 1056 2113 non
1080 2069 1293 2126 probatur
1318 2081 1413 2110 esse
1437 2067 1631 2120 bonum,

423 2137 466 2174 et
489 2137 555 2175 est
580 2137 753 2186 tacens,
780 2136 824 2174 et
848 2130 943 2186 ipse
968 2135 1035 2172 est
1055 2129 1264 2186 prudens.

186 2192 293 2236 CAP.
321 2193 421 2235 XX.
445 2218 504 2222 —
530 2190 542 2216 '¹
567 2191 709 2240 Quam
733 2190 900 2233 bonum
927 2195 992 2233 est
1017 2202 1222 2244 arguere,
1249 2202 1383 2243 quam
1404 2185 1555 2239 irasci,

423 2256 467 2294 et
492 2250 778 2293 confitentem
802 2249 849 2291 in
871 2248 1069 2292 oratione
1094 2262 1180 2290 non
1207 2246 1441 2303 prohibere
1462 2246 1468 2287 ἶ

327 2310 344 2336 ⁶³
364 2308 737 2366 Concupiscentia
762 2308 971 2365 spadonis
997 2306 1298 2363 devirginabit
1323 2304 1610 2361 juvenculam
1640 2319 1650 2347 :

385 2371 403 2397 3
424 2369 488 2412 sic
513 2369 587 2424 qui
611 2368 724 2411 facit
750 2383 826 2424 per
850 2368 942 2410 vim
967 2367 1188 2423 judicium
1211 2365 1428 2421 iniquum.

325 2429 343 2456 4
364 2430 506 2480 Quam
532 2428 698 2471 bonum
724 2433 790 2470 est
816 2432 1067 2483 correptum
1090 2425 1382 2468 manifestare
1403 2418 1744 2480 poenitentiam!

426 2489 490 2532 sic
517 2487 636 2531 enim
659 2487 850 2543 effugies
874 2486 1177 2529 voluntarium
1202 2489 1450 2541 peccatum.

327 2549 344 2576 5
366 2550 445 2591 Est
470 2554 623 2590 tacens
651 2546 724 2601 qui
745 2546 973 2589 invenitur
993 2546 1169 2602 sapiens
1190 2563 1198 2600 3

427 2613 471 2651 et
492 2612 559 2650 est
584 2605 762 2649 odibilis
789 2605 863 2661 qui
889 2619 1053 2661 procax
1078 2610 1144 2648 est
1169 2604 1226 2647 ad
1252 2603 1534 2659 loquendum.

328 2668 346 2695 6
367 2668 448 2710 Est
469 2673 621 2709 tacens
647 2679 734 2707 non
759 2664 930 2708 habens
955 2679 1135 2708 sensum
1157 2664 1343 2719 loquelae
1366 2680 1374 2717 3

426 2732 469 2770 et
494 2732 558 2769 est
584 2731 736 2767 tacens
759 2724 901 2767 sciens
927 2730 1102 2780 tempus
1127 2729 1294 2779 aptum.

325 2785 344 2813 '⁷
368 2787 516 2830 Homo
541 2785 718 2841 sapiens
739 2783 906 2827 tacebit
932 2798 1068 2838 usque
1093 2783 1151 2825 ad
1176 2788 1377 2838 tempus;

427 2844 622 2888 lascivus
649 2849 800 2887 autem
825 2847 868 2886 et
892 2842 1150 2899 imprudens
1176 2855 1264 2885 non
1289 2840 1528 2883 servabunt
1554 2844 1743 2897 tempus.

327 2906 345 2933 8
366 2905 448 2956 Qui
475 2903 629 2947 multis
655 2903 793 2946 utitur
817 2902 965 2945 verbis
986 2901 1121 2944 laedet
1145 2900 1343 2943 animam
1369 2914 1493 2941 suam
1514 2916 1521 2951 ς

429 2969 473 3008 et
494 2964 568 3020 qui
592 2967 860 3019 potestatem
885 2960 970 3004 sibi
991 2960 1127 3003 sumit
1151 2959 1340 3015 injuste,
1363 2958 1547 3002 odietur.

329 3024 347 3050 9
367 3024 450 3067 Est
474 3022 695 3080 processio
720 3022 765 3064 in
789 3020 920 3063 malis
945 3020 1038 3062 viro
1060 3018 1414 3075 indisciplinato,

427 3088 470 3126 et
493 3087 560 3126 est
583 3081 781 3124 inventio
807 3081 854 3122 in
876 3080 1205 3123 detrimentum.

312 3142 349 3169 ¹⁰
370 3144 450 3185 Est
476 3141 632 3184 datum
658 3140 774 3196 quod
801 3153 887 3182 non
914 3144 980 3182 est
1004 3138 1132 3194 utile,

427 3206 470 3245 et
496 3206 563 3244 est
585 3201 742 3244 datum
767 3199 893 3254 cujus
919 3197 1150 3241 retributio
1173 3197 1350 3255 dupleX.

315 3262 348 3288 ’Μ
373 3263 453 3304 Est
473 3265 652 3317 propter
678 3259 867 3316 gloriam
893 3256 1150 3313 minoratio,

431 3324 474 3363 et
500 3326 566 3363 est
590 3319 665 3376 qui
692 3318 748 3361 ab
773 3317 1028 3361 humilitate
1051 3315 1220 3360 levabit
1246 3320 1392 3373 caput.

312 3379 348 3406 12
370 3381 450 3422 Est
472 3379 545 3435 qui
572 3379 714 3422 multa
738 3377 927 3421 redimat
952 3375 1129 3419 modico
1150 3375 1310 3433 pretio,

430 3445 474 3481 et
498 3438 733 3482 restituens
757 3451 807 3481 ea
831 3437 877 3479 in
903 3435 1167 3492 septuplum.

137 3646 184 3680 17]
203 3646 274 3674 Jac.
292 3645 359 3680 III,
375 3648 401 3674 8.
424 3659 460 3663 —
477 3645 506 3678 52]
524 3645 621 3672 Prov.
640 3645 681 3679 X,
696 3646 739 3672 19.

1704 3699 1760 3742 48

2071 637 2115 664 lie
2137 641 2213 662 vcra

2076 686 2110 708 ct
2123 678 2222 706 falsa*

2056 722 2232 756 sapientia.

2046 1250 2246 1285 hypocrisis

2075 1300 2164 1324 notae
2182 1300 2216 1323 et

2092 1339 2198 1373 signa.

2030 2187 2079 2218 De
2093 2187 2277 2220 correptio.

2030 2239 2072 2261 ne
2097 2237 2131 2260 et
2158 2238 2271 2263 lulquo

2083 2274 2224 2311 judicio.

2055 2544 2101 2572 De
2124 2544 2257 2570 tacente

2035 2588 2072 2614 et
2104 2586 2273 2618 loquente.

2065 3012 2250 3042 proverbia

2058 3063 2261 3090 promiscua.
