2391 3861
376 703 774 823 LIBER
857 721 1484 838 QUARTUS
1563 720 2029 820 ESDRAE

1042 949 1377 973 —a—t—s—

1075 1120 1277 1163 SncTio
1317 1119 1339 1160 I

1169 1248 1250 1304 §1

463 1407 575 1433 iana
596 1399 728 1432 Esdrae
755 1398 948 1438 prophetae
978 1397 1179 1436 secundus,
1208 1397 1275 1428 filii
1301 1395 1419 1435 Sarei,
1440 1395 1506 1428 filii
1535 1395 1685 1435 Azarei,
1714 1394 1779 1426 filii
1806 1393 1966 1434 Helene,
1996 1395 2060 1427 filii
2087 1394 2275 1435 Sadaniae,

489 1452 555 1484 filii
577 1452 728 1491 Sadoch,
747 1451 814 1483 filii
835 1450 1004 1491 Achitob,
1031 1441 1047 1467 2
1066 1448 1133 1481 filii
1154 1448 1295 1488 Achiae,
1317 1447 1381 1479 filii
1401 1447 1568 1487 Phineas,
1592 1447 1656 1479 filii
1680 1446 1775 1486 Heli,
1796 1447 1864 1478 filii
1886 1448 2059 1487 Amerioe,
2080 1447 2146 1479 filii
2167 1447 2278 1490 Asiel,

487 1504 552 1536 filii
579 1503 799 1543 Marimoth,
820 1502 888 1534 filii
908 1506 1030 1542 Arna,
1047 1502 1112 1534 filii
1131 1500 1241 1541 Oziae‚
1262 1499 1332 1531 filii
1359 1500 1503 1540 Boriih,
1527 1499 1591 1531 filii
1615 1499 1763 1539 'Abisei,
1790 1500 1857 1531 filii
1884 1499 2061 1540 Phinees,
2081 1499 2148 1531 filii
2173 1499 2277 1533 Elea-

420 1574 428 1581 «
490 1565 573 1597 zar,
601 1548 618 1574 3
641 1557 711 1588 filii
736 1557 867 1588 Aaron
896 1564 940 1587 ex
969 1554 1073 1587 tribu
1098 1553 1208 1594 Levi,
1233 1553 1298 1593 qui
1320 1553 1395 1584 fuit
1423 1552 1597 1593 captivus
1622 1553 1661 1583 in
1690 1551 1842 1590 regione
1861 1550 2076 1592 Medorum,
2100 1552 2140 1584 in
2164 1559 2279 1592 regno

492 1608 734 1648 Artaxerxis,
759 1607 859 1647 regis·
880 1607 1089 1639 Per—arum.
1304 1633 1310 1640 .

544 1653 562 1679 ‘⁴
588 1661 638 1693 Et
663 1661 803 1692 factum
835 1663 891 1692 est
917 1660 1074 1704 verbum
1101 1657 1252 1691 Domini
1277 1657 1324 1689 ad
1349 1665 1428 1696 me,
1457 1657 1607 1689 dicens:
1633 1648 1650 1674 5
1670 1656 1792 1695 Vade,
1817 1657 1856 1688 et
1879 1655 2013 1688 nuntia
2037 1656 2173 1696 populo
2198 1663 2279 1688 meo

145 1719 311 1752 facinora
342 1717 527 1757 ipsorum,
557 1718 594 1746 et
622 1713 708 1745 filiis
734 1720 864 1745 eorum
890 1711 1109 1751 iniquitates
1134 1718 1226 1750 quas
1250 1709 1288 1741 in
1321 1717 1379 1741 me
1412 1708 1666 1747 admiserunt,
1690 1711 1735 1739 ut
1767 1708 1945 1740 nuntient
1977 1707 2062 1739 filiis
2093 1707 2278 1748 filiorum3

146 1763 162 1789 6
188 1771 275 1811 quia
306 1773 461 1810 peccata
485 1771 684 1807 parentum
716 1765 881 1805 ipsorum
914 1765 953 1796 in
977 1763 1049 1795 illis
1080 1764 1290 1795 creverunt.
1323 1761 1438 1794 Obliti
1467 1760 1566 1794 enim
1594 1761 1667 1791 mei
1696 1760 2001 1792 sacrificaverunt
2029 1758 2099 1791 dii-⁴
2131 1759 2279 1792 alienis.

145 1816 161 1842 7
180 1824 313 1856 Nonne
338 1829 405 1860 ego
429 1819 539 1853 eduxi
565 1827 625 1850 eos
649 1818 694 1849 de
715 1821 819 1849 terra
839 1816 1007 1856 AEgypti,
1027 1816 1070 1847 de
1087 1816 1195 1847 domo
1219 1813 1414 1846 servitutis
1427 1815 1443 1845 ⁴?
1462 1812 1537 1852 Ipsi
1558 1814 1683 1844 autem
1707 1811 1958 1844 irritaverunt
1979 1820 2048 1850 me,
2070 1812 2108 1843 et
2125 1811 2281 1844 consilia

146 1883 228 1908 mea
248 1876 482 1914 spreverunt.
508 1863 525 1889 ⁸
548 1871 604 1903 Tu
628 1872 755 1902 autem
779 1873 909 1901 excute
935 1876 1081 1901 comam
1103 1866 1234 1907 capitis
1255 1865 1329 1905 tui,
1354 1868 1393 1898 et
1419 1866 1556 1904 proiice
1577 1864 1702 1896 omnia
1726 1865 1828 1896 mala
1849 1871 1959 1903 super
1979 1863 2082 1902 illos,
2103 1864 2280 1902 quoniam

147 1936 222 1960 non
241 1926 464 1960 obedierunt
482 1924 555 1963 legi
580 1930 684 1954 meae.
706 1923 870 1961 Populus
888 1925 1015 1953 autem
1033 1922 1090 1952 est
1108 1917 1421 1957 indisciplinatus.
1449 1908 1466 1934 9
1482 1917 1681 1956 Usquequo
1698 1923 1758 1948 eos
1779 1915 1985 1955 sustinebo,
2008 1915 2143 1954 quibus
2170 1917 2280 1948 tanta

147 1980 326 2013 beneficia
350 1966 582 2010 cont-,ulmi1⁰
607 1975 725 2013 &ges
748 1974 885 2005 multos
918 1974 1071 2012 propter
1105 1979 1164 2003 eos
1198 1969 1386 2009 subverti;
1414 1969 1647 2001 Pharaonem
1675 1976 1758 2000 cum
1791 1967 1913 2008 pueris
1944 1970 2038 2008 suls,
2064 1970 2105 1999 et
2133 1975 2277 2000 omnem

147 2031 350 2065 exercitum
384 2037 461 2068 ejus
493 2025 669 2068 percussi.
698 2016 727 2043 1¹
757 2026 891 2058 Omnes
915 2027 1044 2064 gentes
1074 2031 1096 2055 a
1124 2023 1220 2055 facie
1248 2030 1374 2054 eorum
1396 2022 1559 2062 perdidi,
1592 2024 1630 2053 et
1653 2019 1692 2052 in
1721 2019 1864 2053 oriente
1888 2020 2167 2060 provinciarum
2192 2019 2278 2052 dua-

148 2093 231 2117 rum
254 2083 407 2124 populos
435 2081 523 2120 Tyri
552 2081 590 2112 et
611 2078 758 2111 Sidonis
782 2077 977 2117 dissipavi,
998 2078 1037 2109 et
1061 2084 1189 2108 omnes
1213 2074 1444 2107 adversarios
1468 2081 1597 2105 eorum
1622 2073 1804 2105 interfeci.

200 2127 232 2155 ¹⁶2
254 2137 308 2168 Tu
334 2142 424 2167 vero
448 2134 600 2172 loquere
619 2131 667 2163 ad
687 2138 760 2171 eOS,
785 2130 910 2162 dicens
932 2140 940 2162 ε
965 2129 1066 2161 Ηεὲσ
1080 2127 1172 2161 dicit
1198 2127 1380 2160 Dominus
1402 2136 1410 2158 :
1435 2117 1468 2145 13
1485 2125 1626 2165 Nempe
1644 2133 1711 2165 ego
1732 2133 1797 2157 vos
1822 2133 1889 2165 per
1913 2133 2016 2158 mare
2038 2123 2279 2164 transmeavi,

150 2190 186 2222 et
211 2189 353 2229 plateas
378 2186 482 2218 vobis
506 2184 615 2216 initio
640 2182 807 2216 munitas
831 2182 1003 2222 exhibui,
1033 2181 1164 2213 ducem
1192 2179 1296 2211 vobis
1325 2179 1408 2211 dedi
1434 2179 1587 2218 Moysen
1616 2179 1654 2209 et
1680 2180 1805 2209 Aaron
1834 2178 2088 2217 sacerdotem3
2110 2167 2143 2194 14
2163 2178 2279 2209 lucem

150 2241 253 2273 vobis
278 2248 344 2280 per
373 2239 585 2271 columnam
614 2235 710 2276 ignis
734 2235 913 2275 praestiti,
945 2239 984 2267 et
1009 2240 1146 2273 magna
1171 2232 1356 2264 mirabilia
1386 2231 1458 2263 feei
1486 2230 1526 2263 in
1550 2230 1679 2270 vobis;
1705 2238 1771 2262 vos
1794 2234 1919 2262 autem
1945 2231 2019 2263 mei
2044 2228 2152 2262 obiiti
2174 2229 2278 2268 estis,

152 2293 242 2326 dicit
266 2291 459 2324 Dominus.

203 2337 348 2377 ¹5‘Haec
372 2343 463 2376 dicit
490 2342 672 2374 Dominus
696 2340 932 2380 omnipotens
963 2349 972 2373 ι
997 2338 1181 2373 coturnix
1202 2337 1306 2370 vobis
1331 2336 1371 2369 in
1397 2336 1501 2376 signo
1523 2336 1616 2376 fuit,
1645 2337 1771 2368 castra
1794 2334 1898 2367 vobis
1922 2334 1969 2366 ad
1993 2333 2155 2365 tutelam
2179 2332 2281 2373 dedi,

153 2400 191 2431 et
210 2398 290 2429 illic
312 2393 605 2434 murmurastis;
630 2384 664 2411 16
689 2396 728 2425 et
754 2401 831 2424 non
855 2391 1118 2432 triumphastis
1146 2392 1184 2423 in
1209 2390 1358 2422 nomine
1379 2397 1461 2421 meo
1483 2391 1526 2421 (le
1551 2388 1762 2429 perditione
1786 2386 2023 2419 inimicorum
2047 2389 2261 2418 vestrorum
2271 2408 2291 2424 ,,

154 2451 218 2483 sed
245 2450 365 2482 adhuc
391 2455 489 2480 nunc
514 2454 630 2486 usque
655 2446 934 2478 murmurastis.
967 2436 999 2463 17
1027 2443 1098 2477 Ubi
1129 2445 1218 2476 sunt
1245 2440 1426 2474 beneficia
1450 2449 1533 2482 quae
1557 2439 1719 2481 praestiii
1747 2439 1882 2471 vobis?
1908 2439 2040 2470 Nonne
2068 2438 2108 2469 in
2136 2438 2281 2470 deserto

154 2511 238 2535 cum
262 2501 462 2540 esurii-etis,
486 2499 747 2540 proclamastis
769 2498 817 2529 ad
834 2505 905 2536 me,
929 2487 962 2515 ¹⁸
983 2497 1148 2529 dieentes
1175 2506 1183 2529 :
1207 2495 1260 2528 Ut
1277 2494 1368 2534 quid
1389 2502 1454 2526 nos
1476 2493 1513 2525 in
1535 2494 1723 2526 desertum
1745 2492 1847 2524 istud
1868 2490 2058 2523 adduxisti
2076 2489 2282 2522 interficere

154 2555 248 2587 nos?
268 2553 401 2586 melius
423 2551 527 2584 nobis
545 2552 672 2583 fuerat
692 2549 833 2583 servire
857 2548 1042 2589 AEgypiiis
1055 2574 1063 2588 ,
1084 2556 1197 2588 quam
1218 2547 1312 2579 mori
1330 2546 1370 2578 in
1391 2546 1537 2578 deserto
1560 2546 1641 2578 hoe.
1667 2536 1701 2563 19
1728 2545 1806 2584 Ego
1827 2542 1927 2576 doni
1949 2542 2109 2582 gemitus
2130 2546 2283 2581 vestros,

155 2611 193 2640 et
226 2606 309 2639 dedi
343 2605 445 2637 vobis
478 2611 615 2636 manna
647 2603 687 2635 in
718 2610 850 2635 escam.
888 2603 1025 2634 Panem
1061 2602 1278 2640 angelorum
1304 2598 1571 2631 manducastis.
1599 2589 1638 2616 ‘²⁰
1654 2597 1787 2629 Nonne
1815 2604 1899 2628 cum
1931 2594 2104 2634 sitiretis,
2136 2597 2282 2634 petram

155 2658 292 2699 excidi,
324 2661 363 2691 et
394 2658 586 2689 fluxerunt
614 2662 722 2694 aquae
755 2654 795 2686 in
826 2653 1062 2687 saturitate?
1099 2653 1258 2693 Propter
1281 2655 1396 2684 aestus
1422 2651 1525 2683 foliis
1556 2650 1735 2682 arborum
1767 2657 1831 2681 vos
1864 2646 1952 2680 texi.
1979 2638 2011 2665 '²¹
2031 2646 2149 2679 Divisi
2181 2646 2284 2678 vobis

157 2714 277 2745 terras
301 2710 456 2750 pingues
478 2719 486 2741 :
511 2708 747 2748 chananaeos,
773 2708 812 2739 et
838 2707 1070 2745 Pherezaeos,
1095 2707 1133 2738 et
1158 2704 1400 2737 Philisthaeos
1420 2711 1441 2735 a
1461 2702 1555 2735 facie
1576 2704 1701 2734 vestra
1726 2700 1888 2742 projeci3
1913 2700 2002 2739 quid
2030 2699 2165 2731 faciam
2181 2695 2283 2730 vobis

157 2763 309 2796 adhuc?
336 2762 429 2794 dicit
454 2761 643 2793 Dominus.

211 2807 250 2834 ‘²²
272 2816 359 2847 Haec
390 2813 480 2846 dicit
513 2813 693 2845 Dominus
721 2812 956 2851 omnipotens
983 2822 992 2845 τ
1023 2811 1068 2843 In
1096 2811 1244 2843 deserto
1269 2818 1353 2842 cum
1382 2808 1510 2842 essetis
1534 2808 1571 2840 in
1603 2806 1756 2839 flumine
1787 2805 2010 2838 Amorrhaeo
2034 2803 2222 2843 sitientes,
2243 2802 2284 2835 et

160 2867 461 2908 blasphemantes
493 2872 631 2897 nomen
663 2873 806 2904 meum,
840 2855 875 2882 23
901 2872 975 2896 non
1009 2863 1132 2902 ignem
1160 2863 1266 2894 vobis
1293 2870 1360 2902 pro
1389 2860 1625 2905 blasphemiis
1658 2859 1759 2901 dedi,
1790 2858 1853 2891 sed
1883 2857 2037 2889 mittens
2070 2856 2212 2894 lignum
2241 2852 2281 2885 in

161 2928 313 2960 aquam,
338 2920 445 2951 dulce
470 2916 541 2951 feci
564 2918 717 2950 flumen.
744 2908 779 2934 24
798 2916 891 2955 Quid
916 2916 985 2948 tibi
1010 2916 1166 2955 faciam,
1193 2914 1310 2946 Jacob
1325 2915 1340 2946 ?
1365 2912 1526 2946 Noluisti
1550 2911 1717 2950 obedire,
1741 2911 1851 2943 Juda.
1881 2909 2122 2941 Transferam
2151 2914 2208 2940 me
2234 2905 2280 2937 ad

160 2973 252 3005 alias
272 2977 412 3011 genteS,
429 2973 468 3003 et
491 2970 587 3002 dabo
615 2969 668 3002 eis
694 2977 829 3002 nomen
854 2976 989 3008 meum,
1011 2970 1055 3000 ut
1077 2967 1292 3000 custodiant
1317 2965 1485 3005 legitima
1508 2973 1600 2998 mea.
1625 2955 1664 2982 25
1679 2962 1860 3002 Quoniam
1885 2970 1942 2994 me
1967 2962 2010 2993 de
2033 2958 2224 3000 ‹aliquis-tis,
2241 2958 2280 2989 et

161 3033 229 3065 ego
256 3032 322 3056 vos
351 3023 618 3062 derelinquam.
645 3021 865 3054 Petentibus
891 3021 992 3053 vobis
1017 3028 1039 3052 a
1066 3028 1126 3053 me
1154 3018 1462 3057 misericordiam,
1487 3025 1561 3049 non
1588 3015 1799 3048 miserebor.
1829 3005 1867 3033 ²⁶
1885 3013 2038 3051 Quando
2069 3008 2280 3044 invocabitis

161 3085 239 3117 me,
266 3084 334 3115 ego
357 3083 433 3108 non
457 3075 659 3107 exaudiam
681 3082 757 3106 vos.
783 3073 1000 3106 Maculastis
1026 3073 1124 3104 enim
1149 3080 1282 3104 manus
1304 3073 1448 3103 vestras
1470 3069 1669 3108 sanguine,
1693 3070 1732 3100 et
1755 3067 1864 3107 pedes
1885 3064 2003 3098 vestri
2026 3064 2170 3104 impigri
2192 3062 2281 3094 sunt

164 3129 210 3161 ad
238 3128 510 3161 committenda
529 3125 737 3158 homicidia.
768 3117 803 3144 27
823 3125 906 3158 Non
930 3125 1040 3165 quasi
1063 3132 1122 3157 me
1146 3122 1417 3163 dereliquistis,
1441 3122 1504 3154 sed
1524 3130 1588 3153 vos
1613 3121 1728 3160 ipsos,
1749 3120 1839 3151 dicit
1861 3119 2049 3151 Dominus.

215 3173 252 3198 ²⁸
274 3181 366 3213 Haec
390 3180 482 3212 dicit
508 3179 689 3211 Dominus
715 3178 948 3217 omnipotens
972 3187 980 3210 ε
1004 3177 1136 3210 Nonne
1161 3184 1228 3216 ego
1253 3184 1316 3208 vos
1338 3174 1484 3214 rogavi,
1505 3176 1548 3206 ut
1570 3175 1679 3213 pater
1703 3172 1819 3211 filios,
1844 3174 1884 3203 et
1907 3174 1950 3202 ut
1972 3169 2089 3201 mater
2108 3165 2222 3201 filias,
2242 3165 2281 3196 et

163 3234 206 3265 ut
229 3235 365 3264 nutrix
386 3232 560 3271 parvulos
578 3239 672 3266 suos,
699 3222 738 3250 ²9
755 3235 799 3262 ut
820 3229 946 3262 essetis
968 3228 1059 3261 mihi
1078 3233 1116 3261 in
1141 3229 1330 3269 populum,
1350 3234 1388 3259 et
1413 3234 1479 3266 ego
1502 3225 1605 3258 vobis
1630 3225 1669 3257 in
1697 3225 1824 3264 Deum,
1848 3228 1887 3255 et
1910 3229 1974 3254 vos
1997 3217 2087 3251 mihi
2113 3216 2151 3248 in
2175 3215 2282 3256 filios,

162 3290 201 3317 et
228 3292 295 3324 ego
323 3284 428 3316 vobis
454 3283 492 3315 in
516 3284 698 3323 patrem?
725 3273 762 3301 30
780 3282 840 3315 Ita
864 3290 927 3314 vos
953 3281 1082 3320 collegi
1107 3283 1149 3314 ut
1174 3281 1315 3320 gallina
1336 3279 1457 3320 pullos
1484 3286 1568 3310 suos
1592 3277 1661 3309 sub
1685 3277 1762 3308 alas
1786 3283 1882 3308 suas,
1915 3271 2020 3305 Modo
2043 3272 2116 3301 aut*
2133 3277 2167 3300 m
2191 3277 2225 3308 q·
2243 3267 2282 3300 id

164 3336 296 3369 faciam
316 3336 448 3368 vobis?
466 3334 662 3374 PrOJiciam
684 3343 748 3367 vos
771 3343 793 3366 a
817 3335 911 3366 facie
929 3341 1020 3366 mea.
1041 3325 1072 3352 3¹
1091 3333 1323 3366 Oblationem
1349 3339 1430 3364 cum
1454 3330 1548 3362 mihi
1573 3328 1786 3367 attuleritis,
1806 3327 1975 3359 avertam
2004 3322 2136 3354 faeiem
2163 3327 2282 3352 meam

165 3395 186 3419 a
216 3389 333 3421 vobis.
364 3388 449 3420 Dies
478 3388 578 3419 enim
612 3388 727 3420 festos
756 3388 918 3425 vestros,
941 3393 980 3417 et
1009 3385 1239 3425 neomenias,
1263 3386 1302 3416 et
1322 3383 1618 3416 circumcisiones
1644 3380 1845 3420 repudiavi.
1879 3367 1914 3395 32
1929 3375 2007 3413 Ego
2035 3374 2119 3405 misi
2152 3379 2283 3412 pueros

166 3447 265 3471 meos
285 3441 489 3480 prophetas
513 3440 560 3472 ad
584 3447 661 3478 vos,
683 3447 772 3479 quos
793 3440 962 3478 acceptos
986 3436 1240 3476 interfecistis,
1259 3439 1298 3469 et
1324 3435 1496 3467 laniastis
1517 3440 1674 3474 corpora
1701 3439 1852 3470 eorum;
1877 3435 2035 3467 quorum
2064 3424 2282 3465 sanguinem

167 3491 377 3533 exquiram,
402 3491 491 3524 dicit
513 3492 705 3524 Dominus.
2156 3520 2159 3523 Δ

221 3534 257 3560 33
277 3543 366 3575 Haec
389 3543 479 3576 dicit
509 3544 687 3576 Dominus
712 3543 950 3583 omnipotens
977 3553 985 3576 z
1012 3542 1153 3574 Domus
1180 3542 1309 3573 vestra
1334 3540 1481 3572 deserta
1511 3540 1594 3577 est;
1619 3533 1807 3577 projiciam
1835 3540 1902 3563 vos
1932 3532 2030 3564 sic-ut
2060 3534 2198 3563 ventus
2220 3527 2282 3560 sti-

169 3595 307 3634 pulam.
338 3585 372 3612 3⁴
393 3595 440 3627 Et
472 3594 538 3627 filii
569 3595 866 3635 procreationem
906 3602 978 3626 non
1010 3593 1170 3632 facient,
1202 3593 1381 3633 quoniam
1413 3591 1634 3623 mandatum
1668 3593 1790 3619 meum
1821 3584 2087 3623 neglexerunt,
2113 3587 2152 3615 et
2186 3579 2285 3620 <1¹10d

171 3647 309 3678 malum
336 3649 394 3678 est
422 3654 544 3679 coram
577 3655 634 3679 me
669 3648 848 3680 fecerunt.
876 3638 914 3665 ³⁵
932 3646 1093 3678 Tradam
1123 3645 1250 3677 domos
1275 3648 1418 3676 vestras
1442 3642 1577 3682 populo
1603 3637 1789 3676 venienti,
1820 3636 1884 3675 qui
1909 3644 1969 3668 me
1995 3643 2071 3668 non
2091 3633 2285 3667 audientes

1969 3708 1984 3730 Ν
