2456 3861
174 444 381 478 Praeceptum

163 488 201 516 tle
219 488 386 517 divisione

225 535 332 562 terrae.

193 795 358 824 Recensio

180 839 246 868 levi
253 844 372 867 tarum.

176 1500 358 1534 Recapitn-

218 1544 312 1573 lat-io.

94 2026 98 2031 ,
162 1998 248 2026 Ordo
273 1999 366 2026 here-

142 2041 262 2070 ditatis
291 2043 382 2075 prole

188 2087 338 2115 mascula

170 2130 309 2159 deficien
315 2134 357 2159 te.

205 3005 311 3033 Josue

162 3046 361 3076 instituitur

173 3099 349 3120 successor

193 3135 329 3169 Moysis.

471 142 556 185 150
955 143 1082 185 Nm.
1116 143 1293 197 XXVI,
1327 144 1379 185 51
1416 169 1475 174 -
1505 142 1710 197 XXVII,
1748 144 1814 185 17.

465 311 606 354 millia
633 311 959 367 quadringenti.
984 310 1018 336 54
1039 311 1132 352 Ista
1159 314 1225 352 est
1246 324 1418 352 summa
1444 310 1635 352 filiorum
1657 311 1817 366 Israel,
1845 311 1919 366 qui
1945 314 2147 357 recensiti
2170 320 2292 371 sunt,

466 376 675 414 sexcenta
697 370 851 425 millia,
877 376 919 412 et
945 369 1066 411 mille
1087 367 1360 424 septingenti
1385 368 1585 424 triginta.

524 428 561 455 5⁶2
579 431 860 483 Locutusque
887 432 952 470 est
975 427 1193 470 Dominus
1218 426 1274 469 ad
1301 427 1500 483 Moysen,
1528 427 1680 470 dicens
1709 444 1718 471 ε
1745 427 1782 454 53
1804 427 1908 471 Istis
1935 428 2157 474 dividetur
2181 437 2295 476 terra

463 488 593 544 juxta·
624 501 855 530 numerum
889 486 1207 529 vocabulorum
1239 485 1285 528 in
1314 486 1611 542 possessiones
1636 500 1749 529 suas.
1785 486 1821 513 54
1848 487 2056 530 Pluribus
2081 490 2295 546 majorem

463 552 634 603 partem
673 545 818 601 dabis,
858 550 901 588 et
940 544 1222 601 paucioribus
1256 544 1470 588 minorem
1491 563 1500 601 ;
1539 544 1747 601 singulis,
1786 545 1900 588 sicut
1937 561 2056 589 nunc
2092 550 2296 592 recensiti

463 611 586 661 sunt,
614 605 814 647 tradetur
838 604 1075 661 possessio,
1103 604 1139 630 55
1160 604 1223 646 ita
1250 604 1485 647 dumtaxat
1509 609 1558 647 ut
1583 618 1674 647 sors
1705 609 1866 648 terram
1896 605 2099 649 tribubus
2125 607 2296 651 dividat

462 670 507 707 et
532 663 732 706 familiis.
760 663 796 690 56
818 662 1041 719 Quidquid
1064 667 1180 706 sorte
1202 663 1451 719 contigerit,
1471 663 1554 707 hoc
1574 664 1645 706 vel
1666 663 1813 721 plures
1835 663 2071 722 accipiant,
2095 666 2167 709 vel
2188 681 2297 723 pau—

462 737 612 766 c1ores.

521 781 555 808 57
576 782 664 825 Hic
686 796 858 839 quoque
884 786 951 827 est
971 796 1179 826 numerus
1204 782 1395 825 filiorum
1418 783 1527 826 Levi
1557 797 1634 840 per
1654 782 1852 826 familias
1883 798 1983 826 suas
2013 801 2023 829 :
2054 785 2243 841 Gerson,
2269 800 2297 828 a

461 855 544 897 quo
566 841 743 884 familia
765 841 1098 886 Gersonitarum
1117 858 1127 893 ;
1157 841 1318 896 Caath,
1344 856 1370 884 a
1396 857 1480 898 quo
1502 842 1678 885 familia
1701 842 2004 885 Caathitarum
2029 861 2038 898 3
2065 843 2246 900 Merari,
2269 858 2297 886 a

461 915 544 956 quo
570 900 745 943 familia
768 902 1090 945 Meraritarum.
1117 900 1153 928 58
1169 902 1255 944 Hae
1278 907 1381 944 sunt
1402 902 1591 944 familiae
1615 901 1724 944 Levi
1751 918 1759 946 ε
1781 901 1958 944 familia
1980 901 2137 958 Lobni,
2161 903 2297 946 fami·
2356 942 2358 944 ,

460 959 520 1002 lia
546 959 766 1017 Hebroni,
794 961 969 1003 familia
999 960 1188 1016 Moholi,
1216 960 1392 1003 familia
1416 961 1555 1016 Musi,
1581 961 1758 1003 familia
1788 961 1910 1004 Core.
1942 962 2004 1004 At
2027 976 2128 1005 vero
2153 962 2295 1005 Caath

458 1019 614 1074 genuit
645 1019 852 1076 Amram,
884 1019 920 1047 59
938 1020 1012 1076 qui
1038 1019 1195 1062 habuit
1220 1033 1403 1063 uxorem
1435 1019 1688 1075 Joehabed,
1718 1020 1858 1062 filiam
1892 1020 2022 1077 Levi,
2057 1035 2155 1077 quae
2189 1027 2295 1064 nata

460 1082 526 1121 est
548 1078 586 1121 ei
611 1079 657 1121 in
679 1079 894 1136 AEgypto.
923 1079 1038 1121 Haec
1063 1079 1218 1134 genuit
1239 1079 1426 1121 Amram
1452 1079 1547 1121 viro
1572 1093 1649 1121 suo
1675 1078 1808 1133 filios,
1836 1080 1986 1122 Aaron
2017 1085 2060 1123 et
2085 1080 2293 1137 Moysen,

460 1142 502 1180 et
531 1137 718 1180 Mariam
753 1152 945 1181 sororem
978 1152 1142 1181 eorum.
1181 1137 1218 1164 ‘³⁰
1244 1138 1311 1180 De
1343 1138 1495 1181 Aaron
1533 1137 1616 1181 orti
1654 1142 1756 1180 sunt
1793 1138 1954 1181 Nadab
1992 1144 2035 1181 et
2070 1139 2212 1195 Abiu,
2249 1146 2294 1183 et

458 1196 643 1239 Eleazar
667 1202 712 1239 et
735 1197 963 1251 Ithamar3
990 1196 1023 1223 64
1045 1211 1231 1252 quorum
1254 1197 1414 1240 Nadab
1437 1202 1481 1239 et
1506 1197 1625 1240 Abiu
1652 1196 1814 1240 mortui
1836 1203 1952 1254 sunt,
1981 1212 2083 1240 cum
2109 1198 2294 1241 obtulis-

456 1260 556 1298 sent
583 1256 734 1312 ignem
765 1256 962 1299 alienum
993 1270 1141 1299 coram
1177 1255 1382 1299 Domino.
1409 1255 1446 1282 ⁶2
1464 1256 1751 1311 Fueruntque
1784 1270 1935 1299 omnes
1970 1256 2043 1312 qui
2073 1258 2293 1301 numerati

456 1320 578 1371 sunt,
609 1314 767 1370 viginti
797 1315 881 1358 tria
910 1315 1053 1358 millia
1080 1315 1255 1370 generis
1279 1315 1534 1372 masculini,
1561 1315 1617 1358 ab
1644 1329 1730 1359 uno
1757 1329 1908 1358 mense
1934 1321 1977 1359 et
2002 1330 2162 1373 supra,
2191 1317 2295 1373 quia

455 1388 542 1416 non
573 1382 677 1417 sunt
705 1375 910 1418 recensiti
940 1373 1056 1417 inter
1084 1374 1198 1417 filios
1235 1375 1395 1430 Israel,
1423 1389 1504 1418 nec
1534 1374 1596 1417 eis
1624 1389 1724 1417 cum
1751 1374 1907 1417 ceteris
1938 1375 2043 1418 data
2076 1375 2294 1432 possessio

455 1438 532 1476 est.

513 1492 550 1519 ⁶3
569 1493 657 1536 Hic
680 1498 746 1536 est
766 1506 973 1536 numerus
996 1493 1187 1536 filiorum
1210 1493 1370 1549 Israel,
1399 1493 1472 1549 qui
1497 1493 1706 1550 descripti
1733 1498 1836 1536 sunt
1858 1508 1884 1536 a
1909 1494 2064 1550 Moyse
2091 1499 2136 1537 et
2162 1494 2292 1538 Elea-

453 1567 553 1595 zaro
587 1552 836 1606 sacerdote,
863 1551 909 1593 in
940 1552 1263 1609 campestribus
1288 1552 1443 1608 Moab,
1471 1567 1603 1609 supra
1629 1552 1873 1596 Jordanem
1900 1559 2053 1596 contra
2079 1553 2291 1611 Jeiic1103

453 1610 489 1637 64
506 1611 622 1654 inter
643 1626 750 1668 quos
775 1611 924 1653 nullus
949 1612 1040 1654 fuit
1061 1626 1211 1655 eorum
1235 1611 1309 1667 qui
1334 1617 1438 1654 ante
1463 1611 1683 1654 numerati
1713 1617 1818 1654 sunt
1842 1627 1867 1654 a
1893 1612 2048 1668 Moyse
2075 1618 2118 1656 et
2139 1614 2291 1656 Aaron

451 1670 497 1712 in
520 1670 691 1714 deserto
713 1670 860 1726 Sinai,
889 1671 926 1697 65
939 1671 1208 1727 praedixerat
1231 1671 1349 1714 enim
1373 1671 1604 1726 Dominus,
1628 1671 1743 1727 quod
1769 1685 1922 1715 omnes
1945 1677 2221 1715 morerentur
2244 1672 2290 1715 in

452 1730 703 1773 solitudine.
731 1730 980 1786 Nullusque
1004 1730 1217 1774 remansit
1239 1744 1294 1773 ex
1315 1730 1389 1786 eis,
1417 1730 1501 1773 nisi
1525 1730 1674 1786 Caleb,
1698 1730 1814 1772 filius
1839 1731 2055 1787 Jephone,
2076 1737 2119 1774 et
2138 1732 2291 1787 Josue,

451 1789 567 1832 filius
593 1790 709 1833 Nun.

942 1867 964 1920 ξ
986 1865 1048 1907 Π.
1071 1890 1131 1896 --
1156 1865 1271 1907 Duce
1299 1864 1409 1920 Zegyes
1434 1865 1486 1907 cle
1511 1865 1788 1908 successione.

510 1986 615 2029 CAP.
643 1987 840 2031 XXVII.
864 2013 924 2019 -
949 1986 961 2011 4
983 1987 1282 2029 Accesserunt
1308 1990 1459 2030 autem
1485 1986 1589 2029 filiae
1614 1985 1853 2042 Salphaad,
1880 1986 1961 2028 filii
1986 1987 2181 2043 Hepher,
2207 1987 2288 2030 filii

450 2045 643 2100 Galaad,
677 2045 757 2088 filii
789 2045 972 2099 Machir,
1007 2045 1087 2088 filii
1118 2046 1344 2101 Manasse,
1381 2045 1455 2101 qui
1485 2045 1576 2088 fuit
1607 2045 1725 2088 filius
1755 2044 1945 2101 Joseph,
1974 2059 2160 2101 quarum
2185 2052 2289 2089 sunt

449 2104 649 2159 nomina,
678 2105 845 2161 Maala,
873 2110 917 2148 et
943 2106 1060 2161 Noa,
1093 2110 1137 2148 et
1167 2105 1337 2161 Hegla,
1369 2111 1414 2148 et
1437 2105 1636 2160 Melcha,
1664 2110 1707 2147 et
1732 2104 1913 2148 Thersa.
1941 2103 1958 2130 2
1978 2105 2292 2162 Steteruntque

449 2178 597 2206 coram
631 2164 785 2220 Moyse
819 2169 863 2208 et
896 2165 1108 2208 Eleazaro
1142 2164 1390 2220 sacerdote,
1426 2170 1469 2208 et
1510 2163 1682 2207 cunctis
1715 2163 1989 2221 principibus
2022 2164 2196 2221 populi,
2230 2164 2288 2208 ad

449 2222 609 2265 ostium
631 2223 907 2267 tabernaculi
928 2223 1126 2280 foederis,
1151 2229 1284 2280 atque
1308 2223 1517 2267 dixerunt
1540 2241 1548 2268 ε
1575 2224 1593 2250 3
1611 2224 1744 2266 Pater
1764 2228 1913 2266 noster
1933 2230 2132 2266 mortuus
2154 2228 2221 2266 est
2239 2223 2288 2266 in

449 2281 649 2338 deserto,
686 2297 766 2325 nec
795 2283 887 2325 fuit
918 2283 965 2325 in
998 2283 1235 2338 seditione,
1271 2297 1370 2339 quae
1403 2284 1628 2326 concitata
1653 2287 1719 2326 est
1753 2287 1907 2326 contra
1937 2282 2180 2325 Dominum
2205 2282 2290 2325 sub

449 2341 577 2397 Core,
609 2341 686 2384 sed
718 2342 766 2384 in
798 2348 981 2399 peccato
1014 2356 1093 2385 suo
1123 2347 1323 2386 mortuus
1350 2347 1445 2395 est3
1474 2343 1545 2385 hic
1571 2357 1659 2385 non
1685 2342 1843 2385 habuit
1869 2355 2011 2385 mares
2037 2341 2164 2386 filios
2199 2342 2292 2386 Cur

447 2400 619 2443 tollitur
646 2415 808 2444 nomen
832 2401 952 2444 illius
980 2401 1034 2445 de
1064 2401 1240 2444 familia
1274 2417 1372 2459 sua,
1394 2402 1499 2460 quia
1517 2415 1606 2445 non
1631 2400 1789 2444 habuit
1813 2400 1990 2444 filium?
2018 2401 2133 2444 Date
2158 2401 2287 2444 nobis

446 2459 771 2516 possessionem
802 2460 918 2503 inter
952 2467 1165 2516 cognatos
1199 2461 1337 2518 patris
1375 2461 1526 2505 nostri.
1563 2461 1581 2488 4
1601 2460 1856 2517 Retulitque
1894 2461 2072 2516 Moyses
2106 2473 2287 2502 causam

447 2533 596 2561 earum
621 2519 678 2562 ad
703 2519 923 2575 judicium
946 2520 1146 2576 Domini,
1174 2521 1191 2547 5
1209 2521 1283 2576 qui
1310 2521 1424 2564 dixit
1450 2521 1507 2564 ad
1533 2535 1635 2565 eum
1664 2537 1672 2564 :
1700 2520 1717 2547 ⁶
1735 2521 1913 2563 Justam
1939 2533 2033 2562 rem
2055 2519 2286 2576 postulant

447 2577 550 2621 filiae
586 2578 823 2635 Salphaad.
860 2580 928 2622 Da
962 2579 1023 2622 eis
1056 2580 1375 2636 possessionem
1410 2580 1527 2624 inter
1560 2585 1773 2636 cognatos
1807 2579 1944 2636 patris
1977 2578 2067 2633 sui,
2093 2583 2138 2622 et
2167 2578 2206 2622 ei
2238 2578 2285 2621 in

447 2637 739 2681 hereditatem
761 2639 1015 2682 succedant.
1044 2638 1058 2665 7
1074 2639 1145 2681 Ad
1163 2639 1277 2682 filios
1294 2645 1444 2683 autem
1463 2640 1603 2683 Israel
1622 2638 1813 2695 loqueris
1830 2638 1926 2681 haec
1952 2655 1960 2682 :
1983 2637 2000 2664 8
2016 2638 2165 2681 Homo
2184 2652 2285 2681 cum

449 2701 646 2740 mortuus
671 2697 810 2740 fuerit
838 2698 1006 2753 absque
1036 2698 1148 2753 filio,
1175 2699 1230 2741 ad
1257 2698 1396 2741 filiam
1423 2699 1520 2756 ejus
1546 2698 1754 2742 transibit
1780 2697 2016 2740 hereditas.
2041 2697 2059 2723 9
2077 2697 2120 2741 Si
2145 2696 2283 2740 filiam

447 2770 533 2798 non
558 2756 783 2813 habuerit,
809 2757 993 2800 habebit
1016 2772 1290 2801 successores
1315 2758 1479 2802 fratres
1505 2773 1618 2802 suos.
1644 2757 1680 2784 ¹⁰
1710 2756 1836 2808 Quod
1869 2756 1906 2799 si
1932 2761 1975 2800 et
2004 2756 2166 2799 fratres
2195 2770 2283 2799 non

446 2815 627 2870 fuerint,
651 2815 814 2859 dabitis
836 2816 1129 2860 hereditatem
1150 2817 1366 2860 fratribus
1384 2818 1522 2874 patris
1541 2818 1652 2874 ejus.
1672 2816 1704 2843 ¹¹
1724 2816 1802 2860 Sin
1823 2821 1974 2859 autern
1997 2830 2077 2858 nec
2103 2821 2284 2872 patruos

446 2873 662 2930 habuerit,
683 2875 861 2918 dabitur
878 2875 1100 2919 hereditas
1121 2876 1189 2919 his
1212 2876 1286 2932 qui
1306 2876 1344 2919 ei
1363 2877 1553 2934 proximi
1576 2882 1705 2932 sunt3
1729 2875 1898 2931 eritque
1916 2875 1999 2918 hoc
2022 2874 2123 2917 filiis
2143 2875 2285 2918 Israel

446 2939 650 2975 sanctum
677 2934 774 2990 lege
796 2941 1029 2991 perpetua,
1057 2935 1172 2978 sicut
1197 2936 1410 2992 praecepit
1438 2936 1654 2979 Dominus
1681 2935 1838 2991 Moysi.

506 2991 542 3018 12
560 2992 687 3035 Dixit
709 3008 880 3049 quoque
905 2995 1123 3038 Dominus
1149 2995 1205 3037 ad
1229 2995 1415 3051 Moysen
1444 3011 1452 3038 ε
1475 2995 1683 3039 Ascende
1706 2995 1753 3037 in
1780 2999 1977 3038 montem
2002 2993 2139 3036 istum
2160 2993 2282 3036 Aba·

445 3051 548 3107 rim,
577 3056 621 3095 et
643 3053 943 3109 contemplare
969 3054 1073 3097 inde
1102 3059 1265 3097 terram
1288 3068 1422 3110 quam
1450 3055 1631 3098 daturus
1657 3069 1752 3097 sum
1777 3053 1880 3096 filiis
1906 3053 2075 3107 Israel;
2105 3052 2142 3079 43
2159 3066 2284 3096 cum-

446 3125 530 3166 que
555 3110 717 3154 videris
743 3126 852 3167 eam,
880 3113 965 3155 ibis
985 3118 1028 3156 et
1046 3118 1094 3155 tu
1122 3113 1177 3156 ad
1200 3113 1414 3170 populum
1438 3119 1576 3170 tuum,
1596 3113 1710 3156 sicut
1735 3113 1817 3155 ivit
1836 3113 1977 3156 frater
1995 3117 2097 3154 tuus
2115 3112 2279 3166 Aaron,

447 3169 482 3196 44
500 3170 601 3226 quia
628 3170 878 3214 offendistis
904 3186 973 3214 me
1004 3172 1050 3214 in
1078 3172 1250 3216 deserto
1278 3173 1356 3217 Sin
1387 3173 1434 3215 in
1469 3172 1819 3216 contradictione
1850 3170 2170 3226 multitudinis,
2198 3183 2285 3213 nec·

446 3229 722 3273 sanctificare
752 3244 822 3273 me
856 3230 1057 3274 voluistis
1091 3246 1238 3275 coram
1271 3246 1323 3275 ea
1357 3246 1487 3288 super
1519 3246 1684 3288 aquas3
1718 3232 1788 3274 hae
1815 3236 1918 3274 sunt
1950 3245 2078 3287 aquae
2105 3234 2279 3272 contra—

446 3288 652 3332 dictionis
676 3289 722 3331 in
745 3288 886 3332 Gades
913 3289 1072 3333 deserti
1097 3291 1187 3334 Sin.
1215 3290 1250 3317 45
1269 3291 1349 3334 Cui
1375 3291 1603 3348 respondit
1627 3291 1802 3347 Moyses
1834 3307 1842 3334 :
1866 3290 1902 3317 '¹0
1921 3288 2160 3333 Provideat
2187 3288 2279 3331 Do-

445 3348 590 3391 minus
623 3349 743 3392 Deus
776 3348 1009 3405 spirituum
1042 3350 1184 3393 omnis
1211 3350 1377 3406 carnis,
1404 3350 1649 3406 hominem,
1676 3350 1749 3405 qui
1779 3350 1837 3392 sit
1871 3363 2002 3406 super
2027 3346 2277 3390 multitudi-

444 3421 546 3450 nem
571 3407 686 3450 hanc
707 3425 715 3462 ;
740 3406 774 3432 47
794 3412 837 3449 et
862 3407 1000 3464 possit
1026 3408 1145 3451 exire
1170 3414 1213 3452 et
1238 3409 1401 3451 intrare
1428 3414 1531 3452 ante
1553 3423 1647 3465 eos,
1671 3415 1713 3452 et
1740 3409 1926 3452 educere
1950 3421 2024 3451 eos
2045 3407 2114 3450 vel
2140 3406 2277 3448 intro-

444 3566 492 3599 57]
515 3566 576 3594 Ex.
594 3566 661 3599 VI,
679 3568 722 3593 16.
737 3579 772 3585 -
786 3566 833 3599 61]
853 3566 931 3593 ch.
950 3566 1000 3600 X,
1014 3569 1038 3594 1.
1059 3566 1135 3598 Sup.
1158 3566 1210 3593 111
1225 3587 1230 3600 ,
1248 3569 1273 3593 4.
1299 3566 1313 3594 1
1333 3567 1404 3594 Par.
1423 3567 1547 3601 XXIV,
1565 3570 1590 3594 2.
1608 3581 1644 3586 —
1662 3567 1709 3600 64]
1730 3567 1743 3593 1
1762 3567 1833 3595 Cor.
1852 3566 1901 3600 X,
1916 3569 1945 3593 5.
1962 3580 2000 3586 —
2019 3566 2066 3599 65]
2085 3565 2163 3597 Sup.
2182 3563 2279 3598 xlv,

445 3612 540 3637 23-24.
561 3625 597 3628 -
627 3610 657 3643 l]
679 3610 756 3641 Sul).
779 3610 912 3644 XXVI,
932 3612 1027 3638 32-33.
1051 3610 1116 3638 Ins.
1140 3609 1307 3645 XXXVI,
1330 3613 1354 3638 1.
1376 3611 1447 3638 dos.
1470 3611 1590 3647 XVII,
1612 3613 1637 3639 1.
1658 3625 1694 3629 -
1721 3611 1751 3644 3]
1774 3610 1852 3643 Sup.
1874 3610 1973 3645 XVI,
1997 3612 2022 3637 1.
2043 3624 2078 3628 -
2104 3609 2150 3642 12]
2175 3608 2275 3636 Deut-

446 3654 762 3688 XXX11‚49.—14]
785 3654 862 3687 sup.
882 3654 964 3689 XX,
983 3657 1025 3682 12.
1052 3655 1147 3682 Dent.
1164 3655 1376 3687 XXX1L51.
