<?xml version="1.0" encoding="UTF-8"?>
<!DOCTYPE html PUBLIC "-//W3C//DTD XHTML 1.0 Transitional//EN"
    "http://www.w3.org/TR/xhtml1/DTD/xhtml1-transitional.dtd">
<html xmlns="http://www.w3.org/1999/xhtml" xml:lang="en" lang="en">
 <head>
  <title>
</title>
<meta http-equiv="Content-Type" content="text/html;charset=utf-8" />
  <meta name='ocr-system' content='tesseract 3.04.00' />
  <meta name='ocr-capabilities' content='ocr_page ocr_carea ocr_par ocr_line ocrx_word'/>
</head>
<body>
  <div class='ocr_page' id='page_1' title='image "./bibliasacrajuxta00fill_1368.png"; bbox 0 0 2391 3861; ppageno 0'>
   <div class='ocr_carea' id='block_1_1' title="bbox 100 1433 277 1464">
    <p class='ocr_par' dir='ltr' id='par_1_1' title="bbox 100 1433 277 1464">
     <span class='ocr_line' id='line_1_1' title="bbox 100 1433 277 1464; baseline -0.006 0"><span class='ocrx_word' id='word_1_1' title='bbox 100 1433 277 1464; x_wconf 75' lang='lat' dir='ltr'>salutatio.</span> 
     </span>
    </p>
   </div>
   <div class='ocr_carea' id='block_1_2' title="bbox 97 1788 280 1904">
    <p class='ocr_par' dir='ltr' id='par_1_2' title="bbox 97 1788 280 1904">
     <span class='ocr_line' id='line_1_2' title="bbox 97 1788 278 1816; baseline -0.006 0"><span class='ocrx_word' id='word_1_2' title='bbox 97 1788 278 1816; x_wconf 76' lang='lat' dir='ltr'>Ambulan-</span> 
     </span>
     <span class='ocr_line' id='line_1_3' title="bbox 122 1831 253 1859; baseline 0 0"><span class='ocrx_word' id='word_1_3' title='bbox 122 1833 200 1859; x_wconf 87' lang='lat' dir='ltr'>dum</span> <span class='ocrx_word' id='word_1_4' title='bbox 219 1831 253 1859; x_wconf 90' lang='lat' dir='ltr'>in</span> 
     </span>
     <span class='ocr_line' id='line_1_4' title="bbox 103 1875 280 1904; baseline 0 -1"><span class='ocrx_word' id='word_1_5' title='bbox 103 1875 280 1904; x_wconf 80' lang='lat' dir='ltr'>charitate.</span> 
     </span>
    </p>
   </div>
   <div class='ocr_carea' id='block_1_3' title="bbox 78 2137 300 2212">
    <p class='ocr_par' dir='ltr' id='par_1_3' title="bbox 78 2137 300 2212">
     <span class='ocr_line' id='line_1_5' title="bbox 78 2137 300 2168; baseline 0 -1"><span class='ocrx_word' id='word_1_6' title='bbox 78 2137 168 2168; x_wconf 86' lang='lat' dir='ltr'>Falsi</span> <span class='ocrx_word' id='word_1_7' title='bbox 186 2139 300 2168; x_wconf 76' lang='lat' dir='ltr'>docto-</span> 
     </span>
     <span class='ocr_line' id='line_1_6' title="bbox 82 2182 294 2212; baseline 0.005 -1"><span class='ocrx_word' id='word_1_8' title='bbox 82 2189 135 2211; x_wconf 79' lang='lat' dir='ltr'>res</span> <span class='ocrx_word' id='word_1_9' title='bbox 154 2182 294 2212; x_wconf 82' lang='lat' dir='ltr'>vitandi.</span> 
     </span>
    </p>
   </div>
   <div class='ocr_carea' id='block_1_4' title="bbox 91 2613 282 2645">
    <p class='ocr_par' dir='ltr' id='par_1_4' title="bbox 91 2613 282 2645">
     <span class='ocr_line' id='line_1_7' title="bbox 91 2613 282 2645; baseline 0.016 -3"><span class='ocrx_word' id='word_1_10' title='bbox 91 2613 282 2645; x_wconf 80' lang='lat' dir='ltr'>conclusio.</span> 
     </span>
    </p>
   </div>
   <div class='ocr_carea' id='block_1_5' title="bbox 425 181 2159 471">
    <p class='ocr_par' dir='ltr' id='par_1_5' title="bbox 425 181 2159 471">
     <span class='ocr_line' id='line_1_8' title="bbox 425 181 2159 471; baseline 0 3390"><span class='ocrx_word' id='word_1_11' title='bbox 425 181 2159 471; x_wconf 95' lang='lat' dir='ltr'> </span> 
     </span>
    </p>
   </div>
   <div class='ocr_carea' id='block_1_6' title="bbox 1088 672 1506 728">
    <p class='ocr_par' dir='ltr' id='par_1_6' title="bbox 1088 672 1506 728">
     <span class='ocr_line' id='line_1_9' title="bbox 1088 672 1506 728; baseline -0.002 -1"><span class='ocrx_word' id='word_1_12' title='bbox 1088 672 1506 728; x_wconf 78' lang='lat' dir='ltr'>EPISTOLA</span> 
     </span>
    </p>
   </div>
   <div class='ocr_carea' id='block_1_7' title="bbox 401 770 2192 946">
    <p class='ocr_par' dir='ltr' id='par_1_7' title="bbox 401 770 2192 946">
     <span class='ocr_line' id='line_1_10' title="bbox 401 770 2192 946; baseline -0.001 -3"><span class='ocrx_word' id='word_1_13' title='bbox 401 847 798 944; x_wconf 78' lang='lat' dir='ltr'><strong>BEATI</strong></span> <span class='ocrx_word' id='word_1_14' title='bbox 873 845 1438 946; x_wconf 71' lang='lat' dir='ltr'><strong>JOANNIS</strong></span> <span class='ocrx_word' id='word_1_15' title='bbox 1516 770 2192 945; x_wconf 79' lang='lat' dir='ltr'><strong>APOSTOLI</strong></span> 
     </span>
    </p>
   </div>
   <div class='ocr_carea' id='block_1_8' title="bbox 1071 1056 1525 1122">
    <p class='ocr_par' dir='ltr' id='par_1_8' title="bbox 1071 1056 1525 1122">
     <span class='ocr_line' id='line_1_11' title="bbox 1071 1056 1525 1122; baseline -0.004 0"><span class='ocrx_word' id='word_1_16' title='bbox 1071 1056 1525 1122; x_wconf 86' lang='lat' dir='ltr'><strong>SECUNDA</strong></span> 
     </span>
    </p>
   </div>
   <div class='ocr_carea' id='block_1_9' title="bbox 1124 1241 1462 1267">
    <p class='ocr_par' dir='ltr' id='par_1_9' title="bbox 1124 1241 1462 1267">
     <span class='ocr_line' id='line_1_12' title="bbox 1124 1241 1462 1267; baseline -0.003 -12"><span class='ocrx_word' id='word_1_17' title='bbox 1124 1241 1462 1267; x_wconf 34' lang='grc' dir='ltr'>-μχῆ-</span> 
     </span>
    </p>
   </div>
   <div class='ocr_carea' id='block_1_10' title="bbox 372 1471 2220 2765">
    <p class='ocr_par' dir='ltr' id='par_1_10' title="bbox 372 1471 2220 1753">
     <span class='ocr_line' id='line_1_13' title="bbox 728 1471 2220 1528; baseline 0.001 -14"><span class='ocrx_word' id='word_1_18' title='bbox 728 1472 936 1528; x_wconf 82' lang='lat' dir='ltr'>veritate,</span> <span class='ocrx_word' id='word_1_19' title='bbox 966 1476 1009 1515; x_wconf 92' lang='lat' dir='ltr'>et</span> <span class='ocrx_word' id='word_1_20' title='bbox 1034 1486 1123 1514; x_wconf 87' lang='lat' dir='ltr'>non</span> <span class='ocrx_word' id='word_1_21' title='bbox 1153 1485 1234 1527; x_wconf 84' lang='lat' dir='ltr'>ego</span> <span class='ocrx_word' id='word_1_22' title='bbox 1268 1471 1408 1527; x_wconf 83' lang='lat' dir='ltr'>solus,</span> <span class='ocrx_word' id='word_1_23' title='bbox 1440 1471 1517 1514; x_wconf 90' lang='lat' dir='ltr'>sed</span> <span class='ocrx_word' id='word_1_24' title='bbox 1552 1476 1595 1514; x_wconf 87' lang='lat' dir='ltr'>et</span> <span class='ocrx_word' id='word_1_25' title='bbox 1629 1486 1780 1514; x_wconf 89' lang='lat' dir='ltr'>omnes</span> <span class='ocrx_word' id='word_1_26' title='bbox 1807 1471 1882 1528; x_wconf 89' lang='lat' dir='ltr'>qui</span> <span class='ocrx_word' id='word_1_27' title='bbox 1915 1477 2220 1528; x_wconf 85' lang='lat' dir='ltr'>cognoverunt</span> 
     </span>
     <span class='ocr_line' id='line_1_14' title="bbox 729 1530 2220 1589; baseline 0.001 -15"><span class='ocrx_word' id='word_1_28' title='bbox 729 1531 985 1586; x_wconf 87' lang='lat' dir='ltr'>veritatem,</span> <span class='ocrx_word' id='word_1_29' title='bbox 1020 1530 1037 1556; x_wconf 69' lang='lat'><strong>2</strong></span> <span class='ocrx_word' id='word_1_30' title='bbox 1059 1536 1238 1588; x_wconf 84' lang='lat' dir='ltr'>propter</span> <span class='ocrx_word' id='word_1_31' title='bbox 1265 1531 1499 1574; x_wconf 88' lang='lat' dir='ltr'>veritatem</span> <span class='ocrx_word' id='word_1_32' title='bbox 1529 1545 1627 1587; x_wconf 86' lang='lat' dir='ltr'>quae</span> <span class='ocrx_word' id='word_1_33' title='bbox 1658 1536 1889 1588; x_wconf 86' lang='lat' dir='ltr'>permanet</span> <span class='ocrx_word' id='word_1_34' title='bbox 1920 1531 1967 1574; x_wconf 90' lang='lat' dir='ltr'>in</span> <span class='ocrx_word' id='word_1_35' title='bbox 1995 1532 2143 1589; x_wconf 86' lang='lat' dir='ltr'>nobis,</span> <span class='ocrx_word' id='word_1_36' title='bbox 2175 1537 2220 1575; x_wconf 90' lang='lat' dir='ltr'>et</span> 
     </span>
     <span class='ocr_line' id='line_1_15' title="bbox 667 1590 2218 1647; baseline 0.001 -14"><span class='ocrx_word' id='word_1_37' title='bbox 667 1642 669 1645; x_wconf 18' lang='grc' dir='ltr'><strong><em>ι</em></strong></span> <span class='ocrx_word' id='word_1_38' title='bbox 727 1590 960 1634; x_wconf 85' lang='lat' dir='ltr'>nobiscum</span> <span class='ocrx_word' id='word_1_39' title='bbox 991 1591 1073 1633; x_wconf 88' lang='lat' dir='ltr'>erit</span> <span class='ocrx_word' id='word_1_40' title='bbox 1106 1591 1153 1633; x_wconf 91' lang='lat' dir='ltr'>in</span> <span class='ocrx_word' id='word_1_41' title='bbox 1189 1595 1419 1634; x_wconf 80' lang='lat' dir='ltr'>aeternum.</span> <span class='ocrx_word' id='word_1_42' title='bbox 1446 1591 1464 1617; x_wconf 83' lang='lat'><strong>3</strong></span> <span class='ocrx_word' id='word_1_43' title='bbox 1484 1591 1552 1634; x_wconf 82' lang='lat' dir='ltr'>Sit</span> <span class='ocrx_word' id='word_1_44' title='bbox 1584 1590 1818 1634; x_wconf 85' lang='lat' dir='ltr'>vobiscum</span> <span class='ocrx_word' id='word_1_45' title='bbox 1850 1590 2017 1647; x_wconf 76' lang='lat' dir='ltr'>gratia,</span> <span class='ocrx_word' id='word_1_46' title='bbox 2048 1591 2218 1635; x_wconf 87' lang='lat' dir='ltr'>miseri-</span> 
     </span>
     <span class='ocr_line' id='line_1_16' title="bbox 393 1646 2218 1708; baseline 0.002 -18"><span class='ocrx_word' id='word_1_47' title='bbox 393 1686 397 1690; x_wconf 92' lang='lat'>.</span> <span class='ocrx_word' id='word_1_48' title='bbox 553 1681 592 1692; x_wconf 44' lang='lat' dir='ltr'><em>A</em></span> <span class='ocrx_word' id='word_1_49' title='bbox 659 1646 683 1694; x_wconf 59' lang='grc' dir='ltr'><strong>ἶ</strong></span> <span class='ocrx_word' id='word_1_50' title='bbox 727 1650 897 1706; x_wconf 85' lang='lat' dir='ltr'>cordia,</span> <span class='ocrx_word' id='word_1_51' title='bbox 925 1665 1014 1707; x_wconf 72' lang='lat' dir='ltr'>pax</span> <span class='ocrx_word' id='word_1_52' title='bbox 1034 1665 1060 1692; x_wconf 84' lang='lat' dir='ltr'>a</span> <span class='ocrx_word' id='word_1_53' title='bbox 1087 1650 1181 1693; x_wconf 91' lang='lat' dir='ltr'>Deo</span> <span class='ocrx_word' id='word_1_54' title='bbox 1209 1650 1361 1705; x_wconf 87' lang='lat' dir='ltr'>Patre,</span> <span class='ocrx_word' id='word_1_55' title='bbox 1384 1656 1429 1693; x_wconf 90' lang='lat' dir='ltr'>et</span> <span class='ocrx_word' id='word_1_56' title='bbox 1452 1665 1478 1692; x_wconf 90' lang='lat' dir='ltr'>a</span> <span class='ocrx_word' id='word_1_57' title='bbox 1505 1650 1681 1694; x_wconf 85' lang='lat' dir='ltr'>Christo</span> <span class='ocrx_word' id='word_1_58' title='bbox 1707 1651 1735 1693; x_wconf 78' lang='lat' dir='ltr'>J</span> <span class='ocrx_word' id='word_1_59' title='bbox 1740 1665 1815 1693; x_wconf 88' lang='lat' dir='ltr'>esu</span> <span class='ocrx_word' id='word_1_60' title='bbox 1839 1650 1955 1693; x_wconf 90' lang='lat' dir='ltr'>Filio</span> <span class='ocrx_word' id='word_1_61' title='bbox 1981 1651 2150 1708; x_wconf 87' lang='lat' dir='ltr'>Patris,</span> <span class='ocrx_word' id='word_1_62' title='bbox 2171 1651 2218 1694; x_wconf 90' lang='lat' dir='ltr'>in</span> 
     </span>
     <span class='ocr_line' id='line_1_17' title="bbox 372 1709 889 1753; baseline 0.004 -2"><span class='ocrx_word' id='word_1_63' title='bbox 372 1709 561 1752; x_wconf 83' lang='lat' dir='ltr'>veritate</span> <span class='ocrx_word' id='word_1_64' title='bbox 587 1714 631 1752; x_wconf 90' lang='lat' dir='ltr'>et</span> <span class='ocrx_word' id='word_1_65' title='bbox 657 1710 889 1753; x_wconf 79' lang='lat' dir='ltr'>charitate.</span> 
     </span>
    </p>

    <p class='ocr_par' dir='ltr' id='par_1_11' title="bbox 374 1768 2219 2121">
     <span class='ocr_line' id='line_1_18' title="bbox 432 1768 2219 1826; baseline 0.001 -15"><span class='ocrx_word' id='word_1_66' title='bbox 432 1768 449 1794; x_wconf 83' lang='lat'>4</span> <span class='ocrx_word' id='word_1_67' title='bbox 472 1769 664 1813; x_wconf 80' lang='lat' dir='ltr'>Gavisus</span> <span class='ocrx_word' id='word_1_68' title='bbox 687 1784 783 1812; x_wconf 86' lang='lat' dir='ltr'>sum</span> <span class='ocrx_word' id='word_1_69' title='bbox 806 1769 959 1825; x_wconf 83' lang='lat' dir='ltr'>valde,</span> <span class='ocrx_word' id='word_1_70' title='bbox 987 1769 1197 1826; x_wconf 86' lang='lat' dir='ltr'>quoniam</span> <span class='ocrx_word' id='word_1_71' title='bbox 1219 1768 1370 1812; x_wconf 68' lang='lat' dir='ltr'>inveni</span> <span class='ocrx_word' id='word_1_72' title='bbox 1398 1769 1452 1812; x_wconf 90' lang='lat' dir='ltr'>de</span> <span class='ocrx_word' id='word_1_73' title='bbox 1476 1769 1581 1813; x_wconf 90' lang='lat' dir='ltr'>filiis</span> <span class='ocrx_word' id='word_1_74' title='bbox 1610 1770 1697 1812; x_wconf 88' lang='lat' dir='ltr'>tuis</span> <span class='ocrx_word' id='word_1_75' title='bbox 1724 1768 2007 1813; x_wconf 81' lang='lat' dir='ltr'>ambulantes</span> <span class='ocrx_word' id='word_1_76' title='bbox 2033 1770 2080 1812; x_wconf 91' lang='lat' dir='ltr'>in</span> <span class='ocrx_word' id='word_1_77' title='bbox 2105 1770 2219 1813; x_wconf 76' lang='lat' dir='ltr'>veri-</span> 
     </span>
     <span class='ocr_line' id='line_1_19' title="bbox 374 1828 2219 1885; baseline 0.002 -15"><span class='ocrx_word' id='word_1_78' title='bbox 374 1833 487 1884; x_wconf 87' lang='lat' dir='ltr'>tate,</span> <span class='ocrx_word' id='word_1_79' title='bbox 511 1828 625 1872; x_wconf 89' lang='lat' dir='ltr'>sicut</span> <span class='ocrx_word' id='word_1_80' title='bbox 651 1829 914 1871; x_wconf 87' lang='lat' dir='ltr'>mandatum</span> <span class='ocrx_word' id='word_1_81' title='bbox 940 1828 1194 1885; x_wconf 83' lang='lat' dir='ltr'>accepimus</span> <span class='ocrx_word' id='word_1_82' title='bbox 1216 1844 1241 1871; x_wconf 86' lang='lat' dir='ltr'>a</span> <span class='ocrx_word' id='word_1_83' title='bbox 1269 1829 1413 1872; x_wconf 86' lang='lat' dir='ltr'>Patre.</span> <span class='ocrx_word' id='word_1_84' title='bbox 1441 1829 1458 1854; x_wconf 78' lang='lat'>5</span> <span class='ocrx_word' id='word_1_85' title='bbox 1478 1831 1534 1871; x_wconf 85' lang='lat' dir='ltr'>Et</span> <span class='ocrx_word' id='word_1_86' title='bbox 1559 1843 1678 1872; x_wconf 89' lang='lat' dir='ltr'>nunc</span> <span class='ocrx_word' id='word_1_87' title='bbox 1699 1843 1806 1884; x_wconf 84' lang='lat' dir='ltr'>rogo</span> <span class='ocrx_word' id='word_1_88' title='bbox 1828 1833 1884 1884; x_wconf 85' lang='lat' dir='ltr'>te,</span> <span class='ocrx_word' id='word_1_89' title='bbox 1913 1828 2106 1885; x_wconf 85' lang='lat' dir='ltr'>domina,</span> <span class='ocrx_word' id='word_1_90' title='bbox 2130 1844 2219 1873; x_wconf 89' lang='lat' dir='ltr'>non</span> 
     </span>
     <span class='ocr_line' id='line_1_20' title="bbox 374 1888 2216 1945; baseline 0.001 -15"><span class='ocrx_word' id='word_1_91' title='bbox 374 1892 589 1943; x_wconf 81' lang='lat' dir='ltr'>tanquam</span> <span class='ocrx_word' id='word_1_92' title='bbox 621 1888 886 1931; x_wconf 87' lang='lat' dir='ltr'>mandatum</span> <span class='ocrx_word' id='word_1_93' title='bbox 919 1903 1087 1931; x_wconf 84' lang='lat' dir='ltr'>novum</span> <span class='ocrx_word' id='word_1_94' title='bbox 1117 1888 1315 1930; x_wconf 88' lang='lat' dir='ltr'>scribens</span> <span class='ocrx_word' id='word_1_95' title='bbox 1341 1888 1445 1944; x_wconf 82' lang='lat' dir='ltr'>tibi,</span> <span class='ocrx_word' id='word_1_96' title='bbox 1478 1889 1554 1932; x_wconf 86' lang='lat' dir='ltr'>sed</span> <span class='ocrx_word' id='word_1_97' title='bbox 1581 1888 1698 1945; x_wconf 87' lang='lat' dir='ltr'>quod</span> <span class='ocrx_word' id='word_1_98' title='bbox 1724 1888 1962 1931; x_wconf 81' lang='lat' dir='ltr'>habuimus</span> <span class='ocrx_word' id='word_1_99' title='bbox 1984 1888 2041 1931; x_wconf 89' lang='lat' dir='ltr'>ab</span> <span class='ocrx_word' id='word_1_100' title='bbox 2066 1888 2216 1945; x_wconf 89' lang='lat' dir='ltr'>initio,</span> 
     </span>
     <span class='ocr_line' id='line_1_21' title="bbox 374 1946 2219 2004; baseline 0.001 -15"><span class='ocrx_word' id='word_1_101' title='bbox 374 1952 422 1990; x_wconf 90' lang='lat' dir='ltr'>ut</span> <span class='ocrx_word' id='word_1_102' title='bbox 448 1947 688 2003; x_wconf 72' lang='lat' dir='ltr'>diligamus</span> <span class='ocrx_word' id='word_1_103' title='bbox 715 1948 990 1991; x_wconf 82' lang='lat' dir='ltr'>alterutrum.</span> <span class='ocrx_word' id='word_1_104' title='bbox 1019 1947 1036 1973; x_wconf 73' lang='grc'><strong>6</strong></span> <span class='ocrx_word' id='word_1_105' title='bbox 1062 1949 1120 1990; x_wconf 90' lang='lat' dir='ltr'>Et</span> <span class='ocrx_word' id='word_1_106' title='bbox 1141 1948 1238 1990; x_wconf 84' lang='lat' dir='ltr'>haec</span> <span class='ocrx_word' id='word_1_107' title='bbox 1265 1952 1330 1990; x_wconf 88' lang='lat' dir='ltr'>est</span> <span class='ocrx_word' id='word_1_108' title='bbox 1356 1948 1572 2004; x_wconf 80' lang='lat' dir='ltr'>charitas,</span> <span class='ocrx_word' id='word_1_109' title='bbox 1600 1954 1649 1991; x_wconf 90' lang='lat' dir='ltr'>ut</span> <span class='ocrx_word' id='word_1_110' title='bbox 1671 1946 1950 1991; x_wconf 88' lang='lat' dir='ltr'>ambulemus</span> <span class='ocrx_word' id='word_1_111' title='bbox 1972 1948 2219 1991; x_wconf 87' lang='lat' dir='ltr'>secundum</span> 
     </span>
     <span class='ocr_line' id='line_1_22' title="bbox 374 2006 2218 2064; baseline 0.001 -16"><span class='ocrx_word' id='word_1_112' title='bbox 374 2007 588 2049; x_wconf 86' lang='lat' dir='ltr'>mandata</span> <span class='ocrx_word' id='word_1_113' title='bbox 621 2007 731 2062; x_wconf 81' lang='lat' dir='ltr'>ejus,</span> <span class='ocrx_word' id='word_1_114' title='bbox 770 2008 868 2049; x_wconf 91' lang='lat' dir='ltr'>Hoc</span> <span class='ocrx_word' id='word_1_115' title='bbox 903 2011 968 2049; x_wconf 82' lang='lat' dir='ltr'>est</span> <span class='ocrx_word' id='word_1_116' title='bbox 1002 2007 1120 2049; x_wconf 89' lang='lat' dir='ltr'>enim</span> <span class='ocrx_word' id='word_1_117' title='bbox 1154 2006 1438 2064; x_wconf 84' lang='lat' dir='ltr'>mandatum,</span> <span class='ocrx_word' id='word_1_118' title='bbox 1467 2013 1516 2050; x_wconf 90' lang='lat' dir='ltr'>ut</span> <span class='ocrx_word' id='word_1_119' title='bbox 1541 2006 1917 2063; x_wconf 80' lang='lat' dir='ltr'>quemadmodum</span> <span class='ocrx_word' id='word_1_120' title='bbox 1947 2007 2135 2050; x_wconf 86' lang='lat' dir='ltr'>audistis</span> <span class='ocrx_word' id='word_1_121' title='bbox 2161 2007 2218 2050; x_wconf 87' lang='lat' dir='ltr'>ab</span> 
     </span>
     <span class='ocr_line' id='line_1_23' title="bbox 375 2065 942 2121; baseline 0.004 -14"><span class='ocrx_word' id='word_1_122' title='bbox 375 2065 521 2121; x_wconf 86' lang='lat' dir='ltr'>initio,</span> <span class='ocrx_word' id='word_1_123' title='bbox 544 2066 591 2108; x_wconf 89' lang='lat' dir='ltr'>in</span> <span class='ocrx_word' id='word_1_124' title='bbox 617 2080 667 2108; x_wconf 89' lang='lat' dir='ltr'>eo</span> <span class='ocrx_word' id='word_1_125' title='bbox 689 2066 942 2109; x_wconf 80' lang='lat' dir='ltr'>ambuletis.</span> 
     </span>
    </p>

    <p class='ocr_par' dir='ltr' id='par_1_12' title="bbox 374 2124 2219 2600">
     <span class='ocr_line' id='line_1_24' title="bbox 433 2124 2219 2183; baseline 0.001 -16"><span class='ocrx_word' id='word_1_126' title='bbox 433 2125 448 2151; x_wconf 83' lang='lat'><strong>7</strong></span> <span class='ocrx_word' id='word_1_127' title='bbox 468 2125 688 2175; x_wconf 77' lang='lat' dir='ltr'>Quoniam</span> <span class='ocrx_word' id='word_1_128' title='bbox 713 2125 844 2168; x_wconf 87' lang='lat' dir='ltr'>multi</span> <span class='ocrx_word' id='word_1_129' title='bbox 871 2126 1124 2169; x_wconf 77' lang='lat' dir='ltr'>seductores</span> <span class='ocrx_word' id='word_1_130' title='bbox 1149 2126 1353 2169; x_wconf 74' lang='lat' dir='ltr'>exierunt</span> <span class='ocrx_word' id='word_1_131' title='bbox 1384 2127 1431 2169; x_wconf 88' lang='lat' dir='ltr'>in</span> <span class='ocrx_word' id='word_1_132' title='bbox 1460 2124 1698 2183; x_wconf 68' lang='lat' dir='ltr'>mundum,</span> <span class='ocrx_word' id='word_1_133' title='bbox 1727 2125 1801 2182; x_wconf 86' lang='lat' dir='ltr'>qui</span> <span class='ocrx_word' id='word_1_134' title='bbox 1830 2140 1918 2168; x_wconf 87' lang='lat' dir='ltr'>non</span> <span class='ocrx_word' id='word_1_135' title='bbox 1953 2127 2219 2170; x_wconf 87' lang='lat' dir='ltr'>confitentur</span> 
     </span>
     <span class='ocr_line' id='line_1_25' title="bbox 375 2184 2217 2240; baseline 0.001 -13"><span class='ocrx_word' id='word_1_136' title='bbox 375 2186 529 2228; x_wconf 79' lang='lat' dir='ltr'>Jesum</span> <span class='ocrx_word' id='word_1_137' title='bbox 567 2184 794 2229; x_wconf 87' lang='lat' dir='ltr'>Christum</span> <span class='ocrx_word' id='word_1_138' title='bbox 831 2185 1006 2228; x_wconf 83' lang='lat' dir='ltr'>venisse</span> <span class='ocrx_word' id='word_1_139' title='bbox 1038 2185 1085 2239; x_wconf 89' lang='lat' dir='ltr'>in</span> <span class='ocrx_word' id='word_1_140' title='bbox 1120 2200 1299 2229; x_wconf 84' lang='lat' dir='ltr'>carnem</span> <span class='ocrx_word' id='word_1_141' title='bbox 1329 2203 1337 2230; x_wconf 92' lang='lat'><strong>:</strong></span> <span class='ocrx_word' id='word_1_142' title='bbox 1371 2186 1443 2228; x_wconf 91' lang='lat' dir='ltr'>hic</span> <span class='ocrx_word' id='word_1_143' title='bbox 1481 2192 1546 2229; x_wconf 89' lang='lat' dir='ltr'>est</span> <span class='ocrx_word' id='word_1_144' title='bbox 1580 2186 1798 2240; x_wconf 81' lang='lat' dir='ltr'>seductor,</span> <span class='ocrx_word' id='word_1_145' title='bbox 1834 2190 1877 2228; x_wconf 91' lang='lat' dir='ltr'>et</span> <span class='ocrx_word' id='word_1_146' title='bbox 1913 2185 2217 2229; x_wconf 84' lang='lat' dir='ltr'>antichristus.</span> 
     </span>
     <span class='ocr_line' id='line_1_26' title="bbox 375 2243 2218 2302; baseline 0.001 -15"><span class='ocrx_word' id='word_1_147' title='bbox 375 2243 572 2288; x_wconf 73' lang='lat' dir='ltr'>8Videte</span> <span class='ocrx_word' id='word_1_148' title='bbox 597 2245 911 2301; x_wconf 79' lang='lat' dir='ltr'>vosmetipsos,</span> <span class='ocrx_word' id='word_1_149' title='bbox 950 2259 1004 2288; x_wconf 90' lang='lat' dir='ltr'>ne</span> <span class='ocrx_word' id='word_1_150' title='bbox 1038 2245 1236 2301; x_wconf 79' lang='lat' dir='ltr'>perdatis</span> <span class='ocrx_word' id='word_1_151' title='bbox 1269 2259 1367 2301; x_wconf 85' lang='lat' dir='ltr'>quae</span> <span class='ocrx_word' id='word_1_152' title='bbox 1402 2245 1570 2302; x_wconf 85' lang='lat' dir='ltr'>operati</span> <span class='ocrx_word' id='word_1_153' title='bbox 1605 2246 1732 2301; x_wconf 85' lang='lat' dir='ltr'>estis,</span> <span class='ocrx_word' id='word_1_154' title='bbox 1771 2244 1847 2288; x_wconf 83' lang='lat' dir='ltr'>sed</span> <span class='ocrx_word' id='word_1_155' title='bbox 1880 2250 1930 2287; x_wconf 89' lang='lat' dir='ltr'>ut</span> <span class='ocrx_word' id='word_1_156' title='bbox 1967 2245 2218 2289; x_wconf 86' lang='lat' dir='ltr'>mercedem</span> 
     </span>
     <span class='ocr_line' id='line_1_27' title="bbox 374 2304 2218 2362; baseline 0.001 -16"><span class='ocrx_word' id='word_1_157' title='bbox 374 2304 554 2360; x_wconf 85' lang='lat' dir='ltr'>plenam</span> <span class='ocrx_word' id='word_1_158' title='bbox 593 2304 840 2361; x_wconf 84' lang='lat' dir='ltr'>accipiatis.</span> <span class='ocrx_word' id='word_1_159' title='bbox 875 2304 1069 2348; x_wconf 82' lang='lat' dir='ltr'>9Omnis</span> <span class='ocrx_word' id='word_1_160' title='bbox 1111 2305 1184 2361; x_wconf 88' lang='lat' dir='ltr'>qui</span> <span class='ocrx_word' id='word_1_161' title='bbox 1225 2305 1414 2359; x_wconf 83' lang='lat' dir='ltr'>recedit,</span> <span class='ocrx_word' id='word_1_162' title='bbox 1450 2311 1495 2348; x_wconf 89' lang='lat' dir='ltr'>et</span> <span class='ocrx_word' id='word_1_163' title='bbox 1531 2319 1620 2348; x_wconf 91' lang='lat' dir='ltr'>non</span> <span class='ocrx_word' id='word_1_164' title='bbox 1656 2309 1887 2362; x_wconf 82' lang='lat' dir='ltr'>permanet</span> <span class='ocrx_word' id='word_1_165' title='bbox 1926 2305 1973 2347; x_wconf 91' lang='lat' dir='ltr'>in</span> <span class='ocrx_word' id='word_1_166' title='bbox 2015 2305 2218 2348; x_wconf 87' lang='lat' dir='ltr'>doctrina</span> 
     </span>
     <span class='ocr_line' id='line_1_28' title="bbox 376 2362 2218 2421; baseline 0.001 -14"><span class='ocrx_word' id='word_1_167' title='bbox 376 2363 558 2419; x_wconf 85' lang='lat' dir='ltr'>Christi,</span> <span class='ocrx_word' id='word_1_168' title='bbox 594 2364 740 2406; x_wconf 88' lang='lat' dir='ltr'>Deum</span> <span class='ocrx_word' id='word_1_169' title='bbox 769 2378 857 2407; x_wconf 88' lang='lat' dir='ltr'>non</span> <span class='ocrx_word' id='word_1_170' title='bbox 889 2364 1050 2420; x_wconf 70' lang='lat' dir='ltr'>habet,</span> <span class='ocrx_word' id='word_1_171' title='bbox 1080 2365 1154 2420; x_wconf 88' lang='lat' dir='ltr'>qui</span> <span class='ocrx_word' id='word_1_172' title='bbox 1188 2370 1420 2421; x_wconf 84' lang='lat' dir='ltr'>permanet</span> <span class='ocrx_word' id='word_1_173' title='bbox 1453 2364 1498 2407; x_wconf 90' lang='lat' dir='ltr'>in</span> <span class='ocrx_word' id='word_1_174' title='bbox 1529 2365 1750 2421; x_wconf 86' lang='lat' dir='ltr'>doctrina,</span> <span class='ocrx_word' id='word_1_175' title='bbox 1785 2362 1859 2406; x_wconf 82' lang='lat' dir='ltr'>hic</span> <span class='ocrx_word' id='word_1_176' title='bbox 1888 2368 1932 2407; x_wconf 87' lang='lat' dir='ltr'>et</span> <span class='ocrx_word' id='word_1_177' title='bbox 1962 2364 2139 2407; x_wconf 81' lang='lat' dir='ltr'>Patrem</span> <span class='ocrx_word' id='word_1_178' title='bbox 2174 2370 2218 2408; x_wconf 85' lang='lat' dir='ltr'>et</span> 
     </span>
     <span class='ocr_line' id='line_1_29' title="bbox 376 2423 2218 2480; baseline 0.001 -15"><span class='ocrx_word' id='word_1_179' title='bbox 376 2423 543 2465; x_wconf 84' lang='lat' dir='ltr'>Filium</span> <span class='ocrx_word' id='word_1_180' title='bbox 568 2423 716 2466; x_wconf 84' lang='lat' dir='ltr'>habet.</span> <span class='ocrx_word' id='word_1_181' title='bbox 737 2423 773 2450; x_wconf 84' lang='lat'>¹⁰</span> <span class='ocrx_word' id='word_1_182' title='bbox 797 2423 839 2468; x_wconf 76' lang='lat' dir='ltr'>Si</span> <span class='ocrx_word' id='word_1_183' title='bbox 863 2424 958 2480; x_wconf 88' lang='lat' dir='ltr'>quis</span> <span class='ocrx_word' id='word_1_184' title='bbox 977 2423 1103 2467; x_wconf 77' lang='lat' dir='ltr'>venit</span> <span class='ocrx_word' id='word_1_185' title='bbox 1127 2424 1184 2467; x_wconf 88' lang='lat' dir='ltr'>ad</span> <span class='ocrx_word' id='word_1_186' title='bbox 1203 2439 1301 2480; x_wconf 87' lang='lat' dir='ltr'>vos,</span> <span class='ocrx_word' id='word_1_187' title='bbox 1321 2428 1366 2467; x_wconf 87' lang='lat' dir='ltr'>et</span> <span class='ocrx_word' id='word_1_188' title='bbox 1390 2424 1506 2466; x_wconf 88' lang='lat' dir='ltr'>hanc</span> <span class='ocrx_word' id='word_1_189' title='bbox 1529 2423 1779 2467; x_wconf 87' lang='lat' dir='ltr'>doctrinam</span> <span class='ocrx_word' id='word_1_190' title='bbox 1802 2437 1891 2466; x_wconf 89' lang='lat' dir='ltr'>non</span> <span class='ocrx_word' id='word_1_191' title='bbox 1913 2423 2059 2479; x_wconf 79' lang='lat' dir='ltr'>affert,</span> <span class='ocrx_word' id='word_1_192' title='bbox 2079 2423 2218 2467; x_wconf 87' lang='lat' dir='ltr'>nolite</span> 
     </span>
     <span class='ocr_line' id='line_1_30' title="bbox 374 2482 2214 2539; baseline 0 -14"><span class='ocrx_word' id='word_1_193' title='bbox 374 2482 569 2539; x_wconf 87' lang='lat' dir='ltr'>recipere</span> <span class='ocrx_word' id='word_1_194' title='bbox 594 2496 695 2525; x_wconf 92' lang='lat' dir='ltr'>eum</span> <span class='ocrx_word' id='word_1_195' title='bbox 720 2483 766 2525; x_wconf 89' lang='lat' dir='ltr'>in</span> <span class='ocrx_word' id='word_1_196' title='bbox 789 2483 990 2539; x_wconf 86' lang='lat' dir='ltr'>domum⁷</span> <span class='ocrx_word' id='word_1_197' title='bbox 1019 2498 1100 2526; x_wconf 88' lang='lat' dir='ltr'>neo</span> <span class='ocrx_word' id='word_1_198' title='bbox 1125 2484 1224 2527; x_wconf 76' lang='lat' dir='ltr'>Ave</span> <span class='ocrx_word' id='word_1_199' title='bbox 1251 2484 1290 2527; x_wconf 85' lang='lat' dir='ltr'>ei</span> <span class='ocrx_word' id='word_1_200' title='bbox 1317 2483 1532 2526; x_wconf 78' lang='lat' dir='ltr'>dixeritis.</span> <span class='ocrx_word' id='word_1_201' title='bbox 1559 2483 1591 2509; x_wconf 67' lang='grc' dir='ltr'>Η</span> <span class='ocrx_word' id='word_1_202' title='bbox 1613 2483 1694 2534; x_wconf 85' lang='lat' dir='ltr'>Qui</span> <span class='ocrx_word' id='word_1_203' title='bbox 1725 2483 1844 2527; x_wconf 85' lang='lat' dir='ltr'>enim</span> <span class='ocrx_word' id='word_1_204' title='bbox 1872 2482 1982 2525; x_wconf 90' lang='lat' dir='ltr'>dicit</span> <span class='ocrx_word' id='word_1_205' title='bbox 2007 2482 2075 2525; x_wconf 90' lang='lat' dir='ltr'>illi</span> <span class='ocrx_word' id='word_1_206' title='bbox 2097 2485 2214 2539; x_wconf 83' lang='lat' dir='ltr'>Ave,</span> 
     </span>
     <span class='ocr_line' id='line_1_31' title="bbox 375 2542 1279 2600; baseline 0.002 -16"><span class='ocrx_word' id='word_1_207' title='bbox 375 2542 676 2585; x_wconf 87' lang='lat' dir='ltr'>communicat</span> <span class='ocrx_word' id='word_1_208' title='bbox 699 2543 902 2599; x_wconf 87' lang='lat' dir='ltr'>operibus</span> <span class='ocrx_word' id='word_1_209' title='bbox 928 2544 1025 2600; x_wconf 80' lang='lat' dir='ltr'>ejus</span> <span class='ocrx_word' id='word_1_210' title='bbox 1052 2543 1279 2599; x_wconf 83' lang='lat' dir='ltr'>malignis.</span> 
     </span>
    </p>

    <p class='ocr_par' dir='ltr' id='par_1_13' title="bbox 373 2600 2216 2765">
     <span class='ocr_line' id='line_1_32' title="bbox 433 2600 2215 2659; baseline 0.002 -16"><span class='ocrx_word' id='word_1_211' title='bbox 433 2600 470 2627; x_wconf 71' lang='lat'>¹2</span> <span class='ocrx_word' id='word_1_212' title='bbox 488 2602 621 2644; x_wconf 86' lang='lat' dir='ltr'>Plura</span> <span class='ocrx_word' id='word_1_213' title='bbox 644 2601 813 2645; x_wconf 85' lang='lat' dir='ltr'>habens</span> <span class='ocrx_word' id='word_1_214' title='bbox 831 2602 957 2645; x_wconf 83' lang='lat' dir='ltr'>vobis</span> <span class='ocrx_word' id='word_1_215' title='bbox 977 2603 1180 2658; x_wconf 85' lang='lat' dir='ltr'>scribere,</span> <span class='ocrx_word' id='word_1_216' title='bbox 1205 2602 1326 2645; x_wconf 89' lang='lat' dir='ltr'>nolui</span> <span class='ocrx_word' id='word_1_217' title='bbox 1348 2616 1426 2659; x_wconf 86' lang='lat' dir='ltr'>per</span> <span class='ocrx_word' id='word_1_218' title='bbox 1448 2603 1650 2646; x_wconf 88' lang='lat' dir='ltr'>chartam</span> <span class='ocrx_word' id='word_1_219' title='bbox 1673 2608 1716 2646; x_wconf 91' lang='lat' dir='ltr'>et</span> <span class='ocrx_word' id='word_1_220' title='bbox 1740 2600 2065 2658; x_wconf 81' lang='lat' dir='ltr'>atramentum3</span> <span class='ocrx_word' id='word_1_221' title='bbox 2090 2617 2215 2659; x_wconf 85' lang='lat' dir='ltr'>spero</span> 
     </span>
     <span class='ocr_line' id='line_1_33' title="bbox 373 2661 2216 2719; baseline 0 -16"><span class='ocrx_word' id='word_1_222' title='bbox 373 2661 494 2703; x_wconf 91' lang='lat' dir='ltr'>enim</span> <span class='ocrx_word' id='word_1_223' title='bbox 515 2675 585 2704; x_wconf 89' lang='lat' dir='ltr'>me</span> <span class='ocrx_word' id='word_1_224' title='bbox 614 2662 819 2704; x_wconf 74' lang='lat' dir='ltr'>futurum</span> <span class='ocrx_word' id='word_1_225' title='bbox 850 2662 968 2719; x_wconf 88' lang='lat' dir='ltr'>apud</span> <span class='ocrx_word' id='word_1_226' title='bbox 994 2677 1093 2718; x_wconf 81' lang='lat' dir='ltr'>vos,</span> <span class='ocrx_word' id='word_1_227' title='bbox 1122 2667 1166 2704; x_wconf 88' lang='lat' dir='ltr'>et</span> <span class='ocrx_word' id='word_1_228' title='bbox 1196 2676 1242 2705; x_wconf 91' lang='lat' dir='ltr'>os</span> <span class='ocrx_word' id='word_1_229' title='bbox 1267 2661 1324 2705; x_wconf 87' lang='lat' dir='ltr'>ad</span> <span class='ocrx_word' id='word_1_230' title='bbox 1351 2676 1398 2705; x_wconf 87' lang='lat' dir='ltr'>os</span> <span class='ocrx_word' id='word_1_231' title='bbox 1427 2661 1567 2718; x_wconf 85' lang='lat' dir='ltr'>loqui,</span> <span class='ocrx_word' id='word_1_232' title='bbox 1591 2667 1640 2704; x_wconf 88' lang='lat' dir='ltr'>ut</span> <span class='ocrx_word' id='word_1_233' title='bbox 1662 2662 1877 2718; x_wconf 86' lang='lat' dir='ltr'>gaudium</span> <span class='ocrx_word' id='word_1_234' title='bbox 1902 2667 2099 2704; x_wconf 74' lang='lat' dir='ltr'>vestrum</span> <span class='ocrx_word' id='word_1_235' title='bbox 2125 2661 2216 2719; x_wconf 88' lang='lat' dir='ltr'>ple-</span> 
     </span>
     <span class='ocr_line' id='line_1_34' title="bbox 373 2720 1527 2765; baseline 0.003 -3"><span class='ocrx_word' id='word_1_236' title='bbox 373 2733 481 2762; x_wconf 89' lang='lat' dir='ltr'>num</span> <span class='ocrx_word' id='word_1_237' title='bbox 506 2720 576 2764; x_wconf 86' lang='lat' dir='ltr'>sit.</span> <span class='ocrx_word' id='word_1_238' title='bbox 600 2720 636 2747; x_wconf 76' lang='lat'>13</span> <span class='ocrx_word' id='word_1_239' title='bbox 654 2721 859 2765; x_wconf 83' lang='lat' dir='ltr'>Salutant</span> <span class='ocrx_word' id='word_1_240' title='bbox 881 2726 925 2764; x_wconf 85' lang='lat' dir='ltr'>te</span> <span class='ocrx_word' id='word_1_241' title='bbox 950 2720 1030 2764; x_wconf 91' lang='lat' dir='ltr'>filii</span> <span class='ocrx_word' id='word_1_242' title='bbox 1051 2721 1211 2764; x_wconf 86' lang='lat' dir='ltr'>sororis</span> <span class='ocrx_word' id='word_1_243' title='bbox 1232 2725 1321 2765; x_wconf 86' lang='lat' dir='ltr'>tuae</span> <span class='ocrx_word' id='word_1_244' title='bbox 1345 2721 1527 2765; x_wconf 72' lang='lat' dir='ltr'>Electae.</span> 
     </span>
    </p>
   </div>
   <div class='ocr_carea' id='block_1_11' title="bbox 378 1393 693 1705">
    <p class='ocr_par' dir='ltr' id='par_1_14' title="bbox 378 1393 693 1705">
     <span class='ocr_line' id='line_1_35' title="bbox 378 1393 693 1705; baseline 0 2156"><span class='ocrx_word' id='word_1_245' title='bbox 378 1393 693 1705; x_wconf 95' lang='lat' dir='ltr'> </span> 
     </span>
    </p>
   </div>
   <div class='ocr_carea' id='block_1_12' title="bbox 372 2879 897 2914">
    <p class='ocr_par' dir='ltr' id='par_1_15' title="bbox 372 2879 897 2914">
     <span class='ocr_line' id='line_1_36' title="bbox 372 2879 897 2914; baseline 0 -7"><span class='ocrx_word' id='word_1_246' title='bbox 372 2879 402 2912; x_wconf 86' lang='lat'>5]</span> <span class='ocrx_word' id='word_1_247' title='bbox 419 2879 516 2907; x_wconf 85' lang='lat' dir='ltr'>Joan.</span> <span class='ocrx_word' id='word_1_248' title='bbox 538 2879 638 2914; x_wconf 88' lang='lat' dir='ltr'>XIII,</span> <span class='ocrx_word' id='word_1_249' title='bbox 655 2882 689 2907; x_wconf 89' lang='grc'>34</span> <span class='ocrx_word' id='word_1_250' title='bbox 713 2881 746 2907; x_wconf 88' lang='lat' dir='ltr'>et</span> <span class='ocrx_word' id='word_1_251' title='bbox 766 2880 837 2914; x_wconf 81' lang='lat' dir='ltr'>XV,</span> <span class='ocrx_word' id='word_1_252' title='bbox 854 2883 897 2907; x_wconf 82' lang='lat'>12.</span> 
     </span>
    </p>
   </div>
   <div class='ocr_carea' id='block_1_13' title="bbox 1027 3135 1495 3457">
    <p class='ocr_par' dir='ltr' id='par_1_16' title="bbox 1027 3135 1495 3457">
     <span class='ocr_line' id='line_1_37' title="bbox 1027 3135 1495 3457; baseline 0 404"><span class='ocrx_word' id='word_1_253' title='bbox 1027 3135 1495 3457; x_wconf 95' lang='lat' dir='ltr'> </span> 
     </span>
    </p>
   </div>
  </div>
 </body>
</html>
