2423 3861
115 632 160 658 De
180 629 353 658 sacrificiis

132 675 164 702 in
184 673 337 702 solemni-

168 719 298 746 tatum<

138 762 330 792 offerendis.

114 1589 159 1617 De
178 1588 354 1617 sacrificiis

139 1632 271 1661 sabbati
294 1636 328 1661 et

123 1677 347 1706 calendarum.

139 2475 209 2509 Qua
226 2476 324 2506 porta

157 2517 313 2551 princeps

132 2566 165 2590 et
191 2564 335 2595 populus

169 2607 299 2640 ingredi

156 2651 312 2682 debeant.

171 3315 215 3341 De
232 3313 307 3348 jugi

152 3357 325 3388 sacrificio.

422 102 507 145 970
867 154 870 156 ,
924 124 930 130 ·
972 100 1047 142 ΕΖ.
1081 73 1220 152 xm,
1257 100 1310 141 16
1343 124 1402 131 —
1432 98 1605 152 XLVI,
1643 99 1710 142 15.

423 203 1342 223 ψ-

421 273 523 328 fica,
554 272 610 315 ad
637 269 908 327 expiandum
937 281 1015 324 pro
1040 268 1123 321 eis,
1157 266 1222 309 ait
1258 266 1475 309 Dominus
1507 267 1640 309 Deus.
1668 266 1704 293 ¹⁶
1723 268 1878 311 Omnis
1907 263 2096 325 populus
2129 273 2258 312 terrae

420 331 644 375 tenebitur
667 327 877 384 primitiis
895 327 963 369 his
986 325 1176 383 principi
1198 325 1245 368 in
1263 325 1416 368 Israel.
1437 325 1470 351 ’Π
1492 327 1550 368 Et
1571 340 1701 382 super
1718 326 1966 382 principem
1989 333 2116 370 erunt
2137 327 2257 370 holo-

421 394 594 442 causta,
621 393 665 430 et
697 386 985 441 sacrificium,
1009 390 1053 428 et
1077 385 1316 440 libamina,
1343 384 1389 427 in
1418 384 1798 441 solemnitatibus,
1829 391 1872 428 et
1896 386 1944 428 in
1970 387 2188 442 calendis,
2215 393 2260 430 et

418 449 465 491 in
494 446 713 499 sabbatis,
737 451 781 489 et
808 445 855 488 in
884 445 1102 488 universis
1127 443 1486 488 solemnitatibus
1513 444 1669 487 domus
1695 444 1860 499 Israel;
1887 444 1983 500 ipse
2007 444 2147 490 faciet
2181 459 2258 502 pro

419 511 601 563 peccato
628 505 916 551 sacrificium,
941 510 984 547 et
1005 505 1335 560 holocaustum,
1364 508 1406 546 et
1427 503 1635 560 pacifica,
1659 503 1716 546 ad
1738 503 2011 560 expiandum
2033 518 2110 560 pro
2128 504 2258 548 domo

418 565 570 609 Israel.
1112 593 1115 596 ψ
2189 570 2192 572 ’

481 624 513 651 ¹3
534 625 647 667 Haec
669 624 778 666 dicit
802 624 1018 667 Dominus
1043 625 1162 667 Deus
1182 639 1191 666 :
1220 624 1273 665 In
1296 621 1438 678 primo
1461 637 1632 679 mense,
1656 637 1744 666 una
1766 622 1952 677 mensis,
1975 637 2122 667 sumes
2144 623 2260 666 vitu-

418 685 509 728 lum
537 684 591 726 de
616 688 818 726 armento
846 683 1209 737 immaculatum,
1237 687 1280 725 et
1305 679 1508 738 expiabis
1533 682 1851 732 sanctuarium.
1883 681 1919 708 19
1941 682 2000 725 Et
2032 683 2162 726 tollet
2192 696 2258 725 sa-

420 744 571 787 cerdos
595 743 649 786 de
673 742 891 797 sanguine
913 743 1029 798 quod
1055 742 1138 786 erit
1163 756 1240 798 pro
1266 746 1472 797 peccato,
1496 747 1540 785 et
1561 743 1697 798 ponet
1717 741 1765 784 in
1789 741 1990 798 postibus
2016 742 2194 796 domus,
2218 747 2260 784 et

417 803 464 846 iu
490 808 676 858 quatuor
697 802 874 857 angulis
901 801 1139 859 crepidinis
1160 801 1336 857 altaris,
1364 806 1408 845 et
1431 801 1479 844 in
1503 801 1704 858 postibus
1731 806 1870 858 portae
1897 801 1998 844 atrii
2024 800 2261 844 interioris.

418 861 455 888 “²⁰
473 864 530 905 Et
555 862 618 905 sic
640 861 782 905 facies
807 862 854 904 in
879 862 1069 918 septima
1092 860 1278 916 mensis,
1306 875 1384 917 pro
1410 875 1672 916 unoquoque
1695 860 1770 916 qui
1794 860 2033 916 ignoravit,
2054 866 2097 904 et
2119 873 2262 904 errore

418 922 627 978 deceptus
654 926 742 975 est3
771 926 815 964 et
836 921 1037 977 expiabis
1062 935 1140 978 pro
1162 921 1307 964 domo.
1760 924 1766 928 '

477 980 509 1007 2¹
530 982 586 1024 In
608 981 749 1037 primo
776 995 948 1036 meuse,
973 981 1308 1036 quartadecima
1335 980 1405 1023 die
1431 980 1617 1035 mensis,
1645 980 1727 1023 erit
1745 980 1871 1024 vobis
1894 980 2080 1024 Paschae
2102 980 2261 1023 solem-

417 1041 560 1095 nitas3
587 1045 758 1097 septem
785 1040 940 1083 diebus
961 1055 1120 1097 azyma
1143 1039 1444 1083 comedentur.
1467 1038 1580 1082 2²'Et
1604 1039 1746 1083 faciet
1767 1040 1972 1097 princeps
1997 1039 2044 1082 in
2070 1036 2151 1082 die
2167 1039 2260 1093 illa,

417 1115 495 1157 pro
520 1115 566 1144 se
593 1107 635 1143 et
660 1114 737 1156 pro
763 1100 968 1143 universo
989 1099 1153 1157 populo
1178 1105 1328 1155 terrae,
1349 1099 1540 1142 vitulum
1562 1113 1641 1155 pro
1667 1104 1864 1155 peccato.
1888 1098 1926 1125 '²3
1943 1101 2002 1142 Et
2021 1098 2070 1141 in
2090 1103 2278 1155 septem·

418 1160 589 1204 dierum
615 1159 898 1203 solemnitate
922 1159 1063 1202 faciet
1084 1159 1394 1203 holocaustum
1421 1158 1614 1202 Domino
1636 1164 1807 1215 septem
1828 1159 2007 1209 vitulos7
2028 1163 2073 1201 et
2089 1164 2261 1214 septem

416 1220 577 1263 arietes
605 1218 940 1275 immaculatos,
969 1219 1164 1275 quotidie
1193 1224 1365 1275 septem
1391 1218 1573 1273 diebus3
1605 1223 1649 1261 et
1675 1231 1752 1275 pro
1777 1223 1962 1275 peccato
1987 1218 2161 1261 hircum
2189 1231 2262 1260 ca-

417 1294 595 1336 prarum
621 1278 831 1335 quotidie.
856 1277 892 1305 ‘24
910 1281 968 1323 Et
996 1279 1265 1322 sacrificium
1287 1277 1387 1335 ephi
1419 1292 1496 1334 per
1520 1277 1734 1335 vitulum,
1758 1284 1802 1321 et
1831 1278 1933 1335 ephi
1966 1291 2043 1334 per
2075 1276 2264 1320 arietem

416 1338 579 1393 faciet3
609 1343 653 1381 et
678 1338 763 1381 olei
787 1338 865 1381 hin
887 1353 964 1395 per
988 1338 1166 1394 singula
1192 1338 1307 1395 ephi.

476 1397 513 1424 '25
531 1398 727 1455 Septimo
751 1412 922 1453 mense,
951 1398 1283 1454 quintadecima
1306 1398 1378 1442 die
1404 1397 1567 1441 mensis
1588 1397 1635 1439 in
1661 1397 1966 1452 solemnitate,
1986 1397 2126 1440 faciet
2147 1396 2263 1440 sicut

417 1472 548 1514 supra
575 1458 694 1501 dicta
715 1462 819 1500 sunt
839 1472 916 1514 per
937 1463 1107 1514 septem
1134 1457 1249 1514 dies,
1275 1464 1370 1500 tam
1392 1472 1469 1514 pro
1495 1462 1701 1514 pecca-to,
1724 1471 1858 1512 quam
1880 1470 1958 1513 pro
1980 1456 2258 1511 holocausto,

418 1523 463 1560 et
482 1518 529 1560 in
550 1517 787 1569 sacrificio,
815 1525 857 1560 et
879 1517 923 1559 in
948 1518 1055 1560 oleo.

478 1577 585 1620 CAP.
611 1577 779 1619 XLVI.
798 1602 857 1608 -
884 1577 895 1602 ¹
916 1577 1031 1620 Haec
1053 1576 1163 1619 dicit
1189 1577 1406 1621 Dominus
1435 1578 1554 1620 Deus
1576 1593 1585 1620 z
1613 1577 1745 1619 Porta
1767 1575 1869 1618 atrii
1891 1575 2134 1631 interioris,
2160 1588 2259 1631 quae

418 1636 599 1693 respicit
619 1636 676 1679 ad
699 1636 936 1692 orientem,
962 1636 1046 1680 erit
1067 1636 1220 1679 clausa
1244 1651 1321 1679 sex
1344 1636 1500 1680 diebus
1525 1636 1572 1678 in
1595 1635 1753 1691 quibus
1776 1649 1884 1691 opus
1910 1634 1984 1689 fit3
2013 1634 2084 1678 die
2109 1631 2261 1678 autem

419 1695 595 1739 sabbati
623 1696 857 1752 aperietur,
884 1695 959 1739 sed
987 1700 1031 1738 et
1054 1695 1101 1737 in
1131 1695 1202 1738 die
1229 1696 1517 1739 calendarum
1547 1695 1782 1752 aperietur.
1806 1693 1823 1720 ⁹2
1842 1695 1899 1737 Et
1925 1693 2113 1737 intrabit
2142 1694 2260 1751 prin-

420 1769 522 1812 ceps
544 1770 620 1812 per
642 1755 762 1798 viam
780 1754 989 1798 vestibuli
1013 1760 1152 1811 portae
1172 1755 1358 1811 deforis,
1379 1760 1423 1799 et
1443 1755 1582 1798 stabit
1599 1754 1647 1797 in
1665 1754 1820 1797 limine
1842 1761 1980 1810 portae
1998 1771 2006 1808 3
2027 1758 2072 1796 et
2088 1753 2263 1797 facient

388 1870 391 1873 .
419 1815 669 1858 sacerdotes
702 1814 1012 1858 holocaustum
1049 1815 1166 1870 ejus,
1197 1820 1241 1857 et
1273 1815 1460 1871 pacifica
1493 1814 1618 1869 ejus3
1652 1818 1694 1856 et
1727 1813 1933 1856 adorabit
1962 1827 2092 1869 super
2123 1812 2261 1856 limen

419 1879 578 1931 portae,
606 1880 648 1918 et
671 1874 946 1930 egredietur3
973 1881 1099 1931 porta
1124 1880 1274 1917 autem
1299 1889 1387 1917 non
1410 1873 1642 1917 claudetur
1666 1887 1804 1928 usque
1824 1872 1882 1915 ad
1905 1886 2149 1929 vesperam,
2169 1871 2187 1898 3
2205 1873 2262 1915 Et

418 1934 622 1977 adorabit
647 1933 834 1990 populus
860 1938 987 1977 terrae
1011 1932 1069 1975 ad
1100 1933 1263 1976 ostium
1289 1939 1430 1990 portas
1460 1933 1579 1975 illius
1604 1932 1651 1974 in
1674 1931 1893 1987 sabbatis,
1923 1931 2037 1986 etin
2063 1931 2261 1975 calendis

419 2007 566 2036 coram
590 1994 794 2037 Domino.
1603 1994 1606 1997 '

477 2053 494 2079 4
513 2054 836 2096 Holocaustum
858 2058 1009 2096 autem
1031 2054 1112 2096 hoc
1132 2053 1290 2096 offeret
1312 2053 1518 2110 princeps
1547 2052 1741 2095 Domino
1762 2069 1772 2097 ε
1798 2052 1844 2094 in
1868 2052 1939 2095 die
1960 2051 2159 2107 sabbati,
2183 2064 2269 2095 sexr

418 2127 555 2168 agnos
587 2112 921 2167 immaculatos,
949 2118 993 2156 et
1021 2112 1205 2155 arietem
1237 2112 1600 2167 immaculatum,
1636 2111 1652 2137 ⁵
1675 2117 1718 2155 et
1747 2111 2016 2155 sacrificium
2049 2110 2151 2167 ephi
2185 2124 2262 2167 per

417 2172 620 2227 arietem,
643 2172 688 2214 iu
711 2172 840 2227 agnis
864 2177 1013 2216 autem
1043 2171 1311 2215 sacrificium
1336 2172 1453 2227 quod
1477 2171 1648 2215 dederit
1678 2185 1835 2214 manus
1862 2171 1978 2227 ejus,
2003 2175 2046 2214 et
2073 2169 2156 2213 olei
2182 2169 2261 2212 hin

418 2246 493 2288 per
515 2231 691 2287 singula
714 2232 830 2288 ephi.
851 2231 867 2258 6
888 2232 942 2275 In
972 2231 1043 2275 die
1071 2236 1223 2275 autem
1250 2231 1538 2274 calendarum
1568 2231 1766 2274 vitulum*
1791 2230 1844 2274 de
1875 2235 2076 2273 armento
2103 2229 2260 2271 imma—

418 2291 637 2346 culatum,
665 2296 708 2335 et
736 2305 813 2335 sex
834 2291 941 2347 agni
963 2296 1008 2335 et
1032 2291 1192 2335 arietes
1218 2290 1498 2334 immaculati
1526 2295 1665 2333 erunt.
1694 2289 1708 2334 7,
1730 2291 1786 2333 Et
1813 2290 1914 2347 ephi
1944 2304 2021 2346 per
2046 2288 2258 2343 vitulum,
2318 2327 2319 2330 ,

418 2350 520 2408 ephi
542 2365 715 2407 quoque
740 2365 817 2408 per
845 2349 1031 2394 arietem
1063 2351 1204 2394 faciet
1232 2350 1525 2404 sacrificium
1555 2349 1609 2393 de
1635 2349 1764 2406 agnis
1795 2356 1964 2405 autem,
1993 2348 2109 2391 sicut
2137 2347 2260 2391 inve-

418 2410 533 2453 nerit
553 2425 711 2453 manus
738 2411 853 2466 ejus,
877 2415 921 2454 et
943 2411 1028 2454 olei
1049 2411 1126 2453 hin
1149 2425 1226 2467 per
1247 2410 1424 2465 singula
1451 2409 1567 2466 ephi.

477 2469 493 2497 8
515 2470 714 2526 Cumque
738 2470 1016 2526 ingressurus
1043 2476 1108 2514 est
1133 2470 1359 2526 princeps,
1386 2484 1463 2526 per
1487 2469 1607 2512 viam
1630 2468 1840 2512 vestibuli
1868 2473 2008 2525 portae
2036 2466 2260 2523 ingredia-

418 2536 500 2585 tur,
528 2536 571 2572 et
596 2544 672 2586 per
698 2530 901 2574 eamdem
922 2530 1043 2572 viam
1073 2534 1215 2575 exeat.
1242 2529 1260 2555 9
1278 2529 1337 2572 Et
1363 2544 1464 2572 cum
1492 2527 1679 2572 intrabit
1709 2527 1897 2584 populus
1927 2532 2056 2570 terrae
2083 2526 2131 2569 in
2157 2540 2260 2569 con-

418 2594 572 2645 spectu
601 2589 782 2632 Domini
807 2589 853 2632 in
879 2589 1258 2645 solemnitatibus,
1283 2588 1356 2644 qui
1377 2587 1626 2644 ingreditur
1647 2601 1724 2644 per
1749 2593 1922 2644 portam
1947 2585 2190 2642 aquilonis,
2213 2590 2262 2630 ut

418 2648 591 2703 adoret,
619 2649 874 2704 egrediatur
902 2663 979 2705 per
1001 2649 1121 2692 viam
1147 2654 1286 2705 portae
1317 2647 1603 2702 meridianae3
1638 2661 1766 2704 porro
1796 2646 1869 2702 qui
1901 2645 2152 2702 ingreditur
2184 2659 2261 2702 per

419 2707 540 2750 viam
560 2716 701 2764 portae
731 2709 1013 2763 meridianae,
1033 2708 1287 2763 egrediatur
1311 2722 1388 2764 per
1414 2707 1534 2749 viam
1565 2711 1703 2764 portae
1727 2705 1962 2761 aquilonis.
1990 2706 2091 2749 Non
2116 2718 2259 2748 rever-

419 2771 535 2809 tetur
560 2768 783 2823 per-viam
812 2774 950 2824 portae
980 2782 1213 2824 perquam
1242 2767 1468 2823 ingressus
1494 2771 1581 2821 est,
1612 2765 1688 2810 sed
1719 2780 1742 2808 e
1771 2765 1951 2821 regione
1983 2764 2103 2807 illius
2136 2777 2256 2818 egre-

420 2826 576 2869 dietur.
602 2825 637 2852 ¹⁰
655 2827 867 2884 Princeps
896 2832 1047 2871 autem
1072 2827 1118 2870 in
1149 2827 1295 2870 medio
1323 2841 1493 2882 eorum,
1526 2839 1627 2868 cum
1653 2824 2006 2881 ingredientibus
2035 2822 2261 2879 ingredie-

419 2892 502 2940 tur,
530 2890 573 2929 et
599 2900 700 2929 cum
725 2886 1056 2942 egredientibus
1085 2887 1350 2942 egredietur.
1376 2885 1407 2911 ¹¹
1430 2887 1487 2928 Et.
1516 2885 1560 2928 in
1592 2884 1823 2938 nundinis,
1855 2887 1899 2927 et
1925 2883 1973 2926 in
2002 2881 2261 2937 solemnitas

418 2944 561 3000 tibus,
588 2945 671 2988 erit
695 2944 962 2989 sacrificium
987 2946 1089 3003 ephi
1116 2960 1192 3003 per
1210 2946 1421 3000 vitulum,
1441 2950 1485 2988 et
1507 2943 1609 3001 ephi
1635 2958 1712 3001 per
1729 2943 1938 2996 arietem,
1963 2941 2092 2997 agnis
2109 2946 2242 2985 auten

421 3003 503 3045 erit
528 3004 795 3047 sacrificium
819 3005 934 3048 sicut
961 3005 1182 3049 invenerit
1211 3019 1369 3048 manus
1391 3005 1509 3061 ejus,
1540 3008 1583 3048 et
1610 3003 1692 3047 olei
1722 3002 1801 3046 hin
1833 3016 1909 3057 per
1938 3000 2117 3056 singula
2143 3000 2248 3058 ephi

421 3061 458 3087 ¹2
475 3063 587 3105 Cum
613 3070 763 3107 autem
787 3065 947 3108 fecerit
968 3065 1172 3122 princeps
1198 3071 1494 3121 spontaneum
1518 3063 1848 3116 holocaustum,
1875 3067 1953 3103 aut
1979 3059 2165 3117 pacifica
2183 3073 2259 3102 vo-

420 3121 614 3165 luntaria
639 3123 851 3178 Domino,
878 3124 1099 3181 aperietur
1128 3124 1168 3167 ei
1197 3130 1322 3181 porta
1349 3138 1447 3180 quae
1477 3121 1657 3178 respicit
1685 3120 1742 3163 ad
1773 3120 2009 3175 orientem,
2043 3124 2087 3163 et
2118 3118 2259 3179 faciet

421 3180 728 3224 holocaustum
751 3196 879 3225 suum
902 3188 944 3226 et
969 3183 1156 3240 pacifica
1178 3198 1270 3238 sua,
1289 3183 1406 3226 sicut
1426 3181 1521 3226 fieri
1545 3180 1658 3224 solet
1678 3179 1725 3222 in
1749 3179 1820 3222 die
1845 3179 2047 3236 sabbati;
2070 3182 2115 3221 et
2137 3192 2259 3233 egre-

423 3239 578 3295 dietur,
602 3240 917 3297 claudeturque
944 3253 1066 3298 porta
1092 3248 1326 3299 postquam
1352 3242 1520 3285 exierit.

484 3298 518 3325 13
540 3300 598 3342 Et
621 3314 789 3356 agnum
819 3301 1021 3356 ejusdem
1045 3303 1151 3346 anni
1176 3302 1517 3345 immaculatum
1546 3299 1685 3343 faciet
1718 3299 2028 3343 holocaustum
2060 3297 2258 3353 quotidie

425 3358 642 3414 Domin03
670 3373 843 3416 semper
869 3374 998 3403 mane
1023 3361 1164 3404 faciet
1183 3361 1310 3404 illud.
1334 3360 1369 3387 14
1389 3362 1446 3404 Et
1470 3359 1610 3402 faciet
1635 3358 1904 3402 sacrificium
1929 3370 2067 3414 super·
2082 3370 2132 3400 eo
2158 3361 2257 3400 cata
2283 3396 2287 3401 .

424 3432 553 3461 mane
575 3432 705 3462 mane
725 3424 900 3462 sextam
922 3424 1093 3476 partem
1110 3421 1225 3476 ephi,
1246 3427 1290 3464 et
1311 3420 1365 3463 de
1386 3419 1481 3463 oleo
1503 3417 1682 3462 tertiam
1704 3424 1876 3476 partem
1897 3416 1988 3472 hin,
2006 3421 2055 3460 ut
2073 3415 2256 3459 miscea-

423 3481 494 3518 tur
511 3477 691 3522 similae:
710 3477 976 3521 sacrificium
997 3480 1187 3522 Domino
1204 3480 1470 3533 legitimum,
1487 3478 1593 3533 juge
1610 3483 1743 3533 atque
1763 3481 2036 3534 perpetuum.
2051 3475 2088 3502 1⁵
2103 3474 2259 3518 Faciet

423 3549 608 3593 agnum,
629 3542 674 3579 et
695 3536 981 3592 sacrificium,
1004 3543 1047 3580 et
1073 3537 1220 3579 oleum
1245 3548 1344 3580 cata
1372 3549 1501 3578 mane
1528 3550 1677 3592 mane,
1697 3537 2008 3580 holocaustum
2029 3533 2271 3592 sempite1·-‘

424 3606 541 3638 num.
