2391 3861
664 144 779 186 Rom.
815 144 929 198 VII,
964 144 1021 186 22
1052 171 1111 178 —
1146 145 1283 194 VIII,
1318 146 1387 186 20.
1823 143 1933 185 1253

115 312 280 355 malum
307 313 484 367 adjacet
510 330 517 356 :
544 312 580 338 '²²‘
598 313 877 355 condelector
899 312 1125 368 enim‘legi
1151 312 1229 355 Dei
1258 312 1500 355 seeundum
1522 311 1775 354 interiorem
1794 312 1934 355 homi-

114 385 240 425 nem;
273 370 308 396 ‘²²¹
327 372 453 414 video
487 377 635 414 autem
668 371 803 413 aliam
838 371 981 426 legem
1015 371 1059 413 in
1093 371 1302 413 membris
1328 371 1456 426 meis,
1491 376 1812 427 repugnantem
1845 370 1933 426 legi

115 430 275 473 mentis
298 445 428 486 meae,
449 435 492 473 et
511 430 810 486 captivantem
831 444 900 473 me
925 430 970 471 in
1001 430 1098 485 lege
1119 430 1290 486 peceati
1314 443 1411 486 quae
1433 434 1500 472 est
1520 429 1564 471 in
1585 428 1794 472 membris
1813 429 1934 472 meis.

114 488 149 514 ‘²¹
170 489 337 532 Infelix
364 503 443 543 ego
471 490 624 531 homol
648 489 742 544 quis
769 503 838 531 me
860 488 1067 531 liberabit
1090 488 1142 531 de
1167 502 1343 544 corpore
1371 488 1522 530 mortis
1543 487 1710 544 hujus?
1729 487 1765 514 ²5
1779 487 1935 531 Gratia

117 548 198 590 Dei
221 562 296 604 per
322 549 348 590 J
354 562 476 590 esum
499 548 721 590 Christum
748 547 985 589 Dominum
1010 552 1219 589 nostrum.
1245 547 1385 602 Igitur
1407 561 1486 602 ego
1509 547 1602 603 ipse
1628 552 1776 590 mente
1793 546 1936 590 servio

116 605 201 661 legi
229 606 333 660 Dei3
362 620 492 649 earne
516 611 686 662 autem,
714 606 800 660 legi
829 605 1012 662 peccati.

329 728 351 782 ξ
389 728 476 769 IlI.
512 754 568 758 —-
599 727 638 768 J
644 727 959 781 ustificalomcm
993 728 1108 768 mira
1140 727 1350 769 securitas
1382 742 1410 767 (ι
1440 727 1727 771 damnatione.

173 844 278 887 CAP.
301 843 432 884 VIII.
452 868 510 874 —
532 842 543 867 ¹
566 841 689 884 Nihil
715 854 817 896 ergo
840 855 956 883 nunc
979 840 1277 883 damnationis
1303 845 1369 883 est
1392 840 1446 883 iis
1468 841 1540 896 qui
1566 847 1670 884 sunt
1694 842 1739 883 in
1761 842 1937 885 Christo

114 903 243 954 jesu,
271 900 342 956 qui
378 915 461 943 nou
498 900 738 943 seeundum
765 913 940 942 carnem
970 898 1226 954 ambulant3
1262 898 1278 924 2
1303 899 1373 944 lex
1401 899 1518 942 enim
1550 900 1729 956 spiritus
1754 900 1858 943 vitae
1891 900 1936 943 in

110 960 285 1004 Christo
309 960 334 1001 J
342 974 416 1002 esu
443 959 648 1002 liberavit
678 972 747 1001 me
777 972 802 1000 a
832 958 929 1013 lege
954 958 1125 1014 peccati
1153 963 1196 1000 et
1225 958 1392 1002 mortis.
1416 958 1433 984 3
1454 958 1569 1000 Nam
1595 959 1710 1014 quod
1737 958 1937 1015 impossi-

114 1019 202 1062 bile
231 1024 324 1062 erat
357 1018 444 1071 legi
478 1018 523 1060 in
557 1031 642 1072 quo
670 1016 980 1059 infirmabatur
1009 1031 1085 1073 per
1110 1031 1308 1073 earnem,
1337 1017 1457 1060 Deus
1483 1017 1647 1059 Filium
1677 1031 1803 1060 suum
1837 1017 1937 1060 mit-

116 1084 209 1121 tens
234 1078 279 1119 in
306 1077 646 1119 similitudinem
673 1075 815 1118 earnis
845 1076 1038 1132 peceati,
1069 1080 1112 1119 et
1142 1075 1196 1119 de
1228 1080 1410 1132 peccato
1444 1075 1674 1118 damnavit
1706 1082 1939 1133 peecatum

114 1137 158 1179 in
192 1151 343 1192 earne,
371 1137 387 1162 ‘¹
410 1142 457 1178 ut
484 1135 744 1193 justificatio
778 1135 890 1190 legis
918 1135 1175 1191 impleretur
1206 1134 1252 1177 in
1285 1134 1434 1189 nobis,
1469 1134 1542 1190 qui
1575 1148 1662 1178 non
1696 1135 1940 1178 secundum

114 1210 289 1239 earnem
309 1195 603 1250 ambulamus,
626 1194 702 1238 sed
721 1193 965 1237 secundum
983 1193 1200 1250 spiritum.
1219 1194 1237 1220 ⁵
1255 1193 1337 1245 Qui
1356 1194 1474 1237 enim
1496 1194 1738 1238 secundum
1762 1208 1939 1237 earnem

112 1261 234 1310 sunt,
262 1269 359 1310 quae
390 1254 533 1297 carnis
566 1259 670 1297 sunt
702 1253 905 1310 sapiunt3
941 1253 1015 1308 qui
1045 1267 1146 1296 vero
1180 1252 1421 1296 seeundum
1453 1252 1659 1309 spiritum
1692 1259 1814 1308 sunt,
1841 1267 1938 1308 quae

112 1319 213 1357 sunt
238 1314 418 1370 spiritus
443 1313 654 1356 sentiunt.
678 1314 695 1339 ¹⁵
712 1313 830 1355 Nam
855 1312 1090 1368 prudentia
1117 1312 1261 1355 carnis
1282 1326 1398 1355 mors
1424 1317 1515 1367 est3
1538 1311 1772 1369 prudentia
1791 1317 1938 1355 autem

111 1373 312 1430 spiritus,
338 1373 431 1415 vita
461 1377 504 1415 et
536 1387 637 1429 pax.
664 1371 679 1398 ⁷
706 1372 924 1421 Quoniam
957 1371 1176 1428 sapientia
1207 1371 1349 1414 carnis
1382 1370 1565 1414 inimica
1599 1376 1665 1414 est
1698 1372 1815 1426 De03
1851 1371 1938 1427 legi

112 1432 230 1475 enim
259 1432 340 1475 Dei
366 1445 454 1474 non
480 1436 546 1475 est
579 1431 802 1487 subjecta,
834 1444 914 1473 nee
941 1430 1059 1473 enim
1085 1435 1242 1487 potest.
1269 1430 1286 1456 ⁸
1312 1430 1392 1480 Qui
1419 1434 1568 1473 autem
1599 1430 1645 1472 in
1676 1444 1806 1473 carne
1838 1435 1941 1473 sunt

116 1493 205 1534 Deo
232 1491 405 1548 placere
432 1505 519 1533 non
545 1496 741 1547 possunt.

171 1552 187 1575 '³
207 1551 295 1593 Vos
320 1554 470 1593 autem
495 1549 541 1591 in
567 1563 697 1592 earne
728 1563 815 1592 non
837 1549 962 1604 estis,
990 1549 1067 1592 sed
1097 1549 1143 1592 in
1176 1550 1357 1606 spiritu,
1386 1550 1421 1593 si
1456 1556 1605 1593 tamen
1636 1550 1821 1606 Spiritus
1858 1550 1939 1594 Dei

112 1609 285 1651 habitat
313 1608 360 1650 in
385 1607 525 1652 vobis.
554 1607 597 1650 Si
625 1607 719 1663 quis
750 1613 900 1650 autem
932 1608 1143 1664 Spiritum
1169 1608 1332 1651 Christi
1361 1623 1449 1652 non
1475 1609 1630 1663 habet,
1657 1609 1730 1651 hic
1759 1624 1846 1651 non
1876 1614 1940 1652 est

112 1668 221 1723 ejus.
250 1666 285 1693 ¹⁰
304 1667 347 1711 Si
373 1671 524 1710 autem
549 1666 750 1710 Christus
778 1667 824 1708 in
851 1667 977 1710 vobis
1008 1672 1093 1723 est,
1123 1682 1278 1724 corpus
1305 1667 1484 1723 quidem
1513 1673 1732 1710 mortuum
1757 1673 1821 1711 est
1844 1683 1939 1724 pro-

112 1734 208 1783 pter
243 1731 500 1783 peccatum,
543 1725 722 1782 spiritus
760 1739 864 1768 vero
900 1726 1014 1768 vivit
1054 1731 1231 1783 propter
1270 1726 1647 1782 justificationem.
1683 1726 1716 1752 ¹¹
1748 1727 1871 1777 Quod
1904 1728 1940 1770 si

110 1785 299 1842 Spiritus
326 1785 422 1841 ejus
449 1785 523 1840 qui
553 1784 788 1827 suscitavit
818 1786 845 1828 J
851 1799 974 1828 esum
999 1800 1025 1827 a
1050 1786 1233 1828 mortuis
1256 1786 1431 1828 habitat
1458 1786 1505 1828 in
1530 1785 1678 1841 vobis,
1706 1786 1778 1841 qui
1804 1787 1940 1828 susci-

110 1845 224 1887 tavit
253 1845 410 1888 Jesum
441 1845 665 1888 Christum
697 1859 724 1887 a
753 1844 937 1887 mortuis
962 1844 1210 1888 vivificabit
1248 1849 1291 1888 et
1325 1844 1529 1888 mortalia
1560 1859 1740 1902 corpora
1773 1851 1939 1900 vestra,

110 1909 288 1961 propter
321 1903 648 1946 inhabitantem
673 1903 888 1960 Spiritum
914 1903 1010 1959 ejus
1034 1904 1082 1946 in
1103 1904 1243 1948 vobis.
1272 1903 1304 1930 ¹²
1330 1905 1469 1961 Ergo,
1503 1904 1686 1960 fratres,
1720 1903 1940 1947 debitores

112 1977 261 2007 sumus
291 1977 379 2006 non
413 1962 556 2019 carni,
590 1967 638 2005 ut
670 1963 915 2006 seeundum
948 1977 1127 2007 carnem
1159 1963 1377 2007 vivamus.
1408 1963 1445 1990 13
1467 1963 1514 2007 Si
1547 1963 1666 2007 enim
1699 1963 1940 2007 seeundum

112 2037 290 2066 carnem
315 2021 536 2078 vixeritis,
571 2021 845 2077 moriemini,
877 2022 914 2064 si
943 2028 1094 2065 autem
1121 2023 1280 2079 spiritu
1311 2023 1435 2065 facta
1470 2022 1613 2065 carnis
1648 2022 1940 2066 mortificave-

111 2081 229 2137 ritis,
255 2081 430 2124 vivetis,

173 2140 207 2167 11
229 2140 504 2196 Quicumque
529 2141 648 2184 enim
675 2141 840 2197 Spiritu
867 2142 950 2185 Dei
979 2146 1183 2198 aguntur,
1208 2143 1240 2185 ii
1267 2148 1369 2185 sunt
1398 2142 1477 2184 filii
1506 2142 1604 2186 Dei.
1632 2141 1664 2168 ¹5
1687 2142 1785 2185 Non
1822 2142 1940 2184 enim

110 2199 347 2257 accepistis
380 2200 586 2256 spiritum
618 2200 844 2243 servitutis
876 2201 1038 2244 iterum
1070 2201 1117 2244 in
1146 2202 1323 2257 timore,
1355 2201 1431 2244 sed
1464 2200 1699 2257 accepistis
1735 2200 1940 2257 spiritum

112 2259 363 2316 adoptionis
393 2259 604 2316 filiorum,
625 2259 672 2302 in
704 2274 788 2315 quo
814 2259 1085 2304 clamamus:
1116 2260 1247 2304 Abba
1275 2261 1483 2318 (Pater).
1511 2258 1547 2286 ¹⁶
1564 2260 1667 2317 Ipse
1696 2260 1814 2303 enim
1845 2260 1939 2316 Spi-

112 2319 222 2362 ritus
243 2319 549 2362 test-imonium
573 2319 720 2362 reddit
745 2319 921 2376 spiritui
945 2325 1113 2376 nostro,
1138 2320 1253 2375 quod
1274 2334 1426 2362 sumus
1446 2318 1527 2361 filii
1553 2318 1651 2364 Dei.
1675 2318 1705 2345 ¹7
1725 2319 1768 2362 Si
1790 2325 1940 2362 autem

114 2378 214 2434 filii,
241 2383 284 2421 et
305 2378 488 2422 heredes
511 2395 519 2422 ε
547 2378 730 2422 heredes
753 2378 932 2434 quidem
955 2378 1058 2434 Dei,
1083 2378 1318 2422 coheredes
1343 2383 1493 2421 autem
1515 2377 1702 2432 Christi3
1728 2378 1766 2420 si
1790 2383 1939 2420 tamen

114 2437 420 2494 compatimur,
446 2442 495 2480 ut
517 2442 560 2480 et
583 2437 975 2493 conglorificemur.

174 2496 208 2524 ¹⁸
228 2496 448 2540 Existimo
474 2497 591 2540 enim
614 2496 731 2552 quod
753 2511 841 2540 non
862 2502 964 2540 sunt
987 2497 1221 2553 condignae
1247 2498 1473 2555 passiones
1498 2497 1633 2554 hujus
1656 2497 1864 2554 temporis
1884 2496 1939 2539 ad

113 2557 314 2599 futuram
344 2556 532 2612 gloriam
561 2571 658 2612 quae
688 2556 958 2600 revelabitur
985 2557 1031 2599 in
1064 2557 1206 2600 nobis.
1236 2557 1272 2584 19
1295 2558 1411 2601 Nam
1443 2557 1693 2614 expectatio
1727 2561 1939 2600 creaturae

113 2615 430 2659 revelationem
463 2615 653 2658 filiorum
688 2616 770 2659 Dei
804 2621 1023 2672 expectat.
1054 2615 1091 2642 ‘2⁰
1116 2616 1318 2660 Vanitati
1352 2616 1472 2660 enim
1505 2621 1704 2659 creatura
1737 2615 1940 2672 subjecta

113 2680 181 2718 est
206 2688 294 2717 non
317 2674 492 2731 volens,
519 2675 595 2718 sed
620 2681 799 2732 propter
823 2690 925 2719 eum
947 2675 1019 2731 qui
1045 2675 1236 2731 subjecit
1262 2690 1360 2719 eam
1387 2675 1435 2718 in
1460 2690 1559 2731 spe3
1591 2674 1624 2701 “²¹
1649 2675 1751 2730 quia
1777 2679 1820 2718 et
1843 2675 1940 2731 ipsa

115 2740 315 2777 ereatura
347 2733 609 2776 liberabitur
637 2749 663 2777 a
695 2735 908 2778 servitute
941 2735 1252 2791 corruptionis,
1278 2735 1324 2778 in
1357 2734 1611 2778 libertatem
1643 2734 1796 2790 gloriae
1829 2733 1940 2776 filio-

113 2808 211 2836 rum
250 2792 347 2836 Dei.
381 2791 418 2818 ⁹2
446 2792 619 2836 Scimus
656 2793 773 2836 enim
807 2793 923 2850 quod
958 2794 1102 2837 omnis
1138 2799 1338 2838 creatura
1372 2793 1647 2850 ingemiscit,
1677 2799 1722 2837 et
1754 2792 1942 2850 parturit

114 2867 250 2909 usque
275 2852 434 2895 adhuc.
461 2850 498 2878 23
521 2853 621 2895 Non
645 2851 790 2896 solum
822 2859 971 2896 autem
995 2853 1095 2909 illa,
1118 2853 1194 2897 sed
1221 2858 1265 2897 et
1288 2867 1367 2896 nos
1398 2853 1483 2910 ipsi
1513 2852 1732 2909 primitias
1761 2851 1939 2909 spiritus

114 2912 353 2967 habentes,
392 2916 434 2955 et
470 2911 554 2968 ipsi
591 2912 709 2954 intra
745 2926 823 2955 nos
861 2913 1105 2969 gemimus,
1143 2913 1430 2970 adoptionem
1465 2912 1656 2955 filiorum
1694 2911 1776 2956 Dei
1809 2925 1940 2968 expe-

115 2976 306 3028 ctantes,
341 2970 693 3027 redemptionem
731 2972 923 3028 corporis
960 2973 1112 3015 nostri.
1143 2971 1179 2998 24
1207 2972 1293 3029 Spe
1329 2972 1448 3015 enim
1479 2971 1593 3015 salvi
1628 2970 1742 3014 facti
1774 2985 1939 3014 sumus.

115 3030 220 3087 Spes
243 3035 393 3073 autem
417 3045 514 3086 quae
534 3030 707 3073 videtur
732 3046 819 3074 non
845 3036 912 3074 est
935 3045 1058 3088 spes3
1083 3046 1188 3074 nam
1212 3031 1327 3088 quod
1348 3031 1472 3075 videt
1496 3031 1605 3087 quis,
1632 3031 1737 3087 quid
1762 3029 1940 3087 sperat?

114 3088 151 3116 2⁵
179 3089 224 3134 Si
254 3094 404 3133 autem
439 3089 553 3145 quod
590 3103 678 3133 non
712 3089 914 3134 videmus
951 3105 1200 3148 speramus,
1237 3106 1315 3148 per
1346 3091 1610 3148 patientiam
1639 3094 1939 3147 expectamus.

114 3147 151 3176 2⁶
169 3149 382 3193 Similiter
409 3155 559 3192 autem
585 3154 628 3192 et
658 3149 845 3206 Spiritus
870 3149 1060 3206 adjuvat
1090 3150 1396 3194 infirmitatem
1429 3155 1626 3194 nostram
1650 3167 1659 3195 :
1696 3164 1801 3192 nam
1835 3147 1940 3204 quid

114 3222 308 3264 oremus,
331 3208 446 3251 sieut
472 3213 663 3266 oportet,
690 3209 935 3265 nescimus3
962 3209 1039 3253 sed
1062 3210 1158 3267 ipse
1184 3209 1370 3267 Spiritus
1395 3209 1591 3267 postulat
1612 3224 1689 3267 pro
1715 3207 1840 3252 nobis
1866 3221 1940 3263 ge-

115 3267 299 3310 mitibus
319 3267 707 3312 inenarrabilibus.
729 3266 764 3294 27
783 3268 866 3318 Qui
890 3274 1040 3312 autem
1061 3274 1283 3313 scrutatur
1304 3269 1457 3326 corda,
1483 3268 1567 3312 scit
1592 3268 1696 3326 quid
1723 3266 1942 3311 desideret

64 3375 69 3380 ,
115 3326 324 3382 Spiritus,
348 3326 450 3382 quia
471 3327 717 3371 secundum
740 3329 886 3370 Deum
910 3327 1106 3384 postulat
1126 3343 1202 3386 pro
1229 3329 1408 3374 sanetis

174 3384 210 3411 ”²⁸
243 3385 414 3430 Scimus
448 3391 597 3430 autem
634 3387 843 3443 quoniam
880 3386 1172 3444 diligentibus
1209 3390 1355 3433 Deum
1392 3388 1540 3432 omnia
1573 3391 1864 3444 cooperantur
1893 3385 1940 3428 in

114 3443 293 3500 bonum,
315 3444 371 3488 iis
396 3445 470 3501 qui
492 3446 734 3489 secundum
755 3446 1028 3503 propositum
1046 3449 1192 3491 vocati
1210 3454 1314 3491 sunt
1331 3447 1487 3491 sancti.
1510 3445 1547 3473 29
1566 3447 1681 3490 Nam
1700 3459 1808 3500 quos
1828 3459 1939 3502 prae-

114 3503 266 3559 scivit,
293 3508 337 3547 et
357 3504 695 3560 praedestinavit
718 3505 968 3549 conformes
996 3506 1088 3550 fieri
1109 3507 1320 3563 imaginis
1343 3506 1447 3549 Filii
1470 3505 1559 3561 sui,
1586 3509 1634 3548 ut
1659 3504 1716 3547 sit
1737 3504 1832 3561 ipse
1853 3502 1940 3561 pri-

114 3649 165 3683 15]
185 3649 219 3676 11
238 3648 318 3678 'Ii-n.
338 3650 364 3685 Ι,
382 3652 407 3678 7.
429 3651 496 3679 Gal.
518 3652 573 3687 IV,
587 3654 612 3680 5.
628 3669 665 3674 —
682 3655 729 3689 23]
748 3656 828 3684 Luc.
848 3655 941 3689 XXI,
959 3656 1003 3682 28.

2085 851 2163 879 Vita

2033 895 2217 923 =secundum

2037 937 2209 971 spiritum.

2059 2153 2195 2182 Filiatio

2065 2196 2187 2226 divina.

2024 2512 2231 2543 Glorificatio

2077 2558 2177 2586 certa.
