2423 3861
374 122 458 166 922
1072 118 1184 159 Bm.
1219 117 1307 171 VI,
1342 117 1399 158 29
1412 143 1425 147 -
1438 117 1505 159 63.

433 294 470 321 29
493 295 623 339 Unde
652 294 769 336 enim
797 296 1011 334 vocantur
1037 290 1136 332 dii?
1167 290 1278 339 Quia
1303 289 1509 332 mulieres
1539 295 1769 345 apponunt
1793 289 1877 332 diis
1901 292 2143 347 argenteis,
2161 295 2200 334 et

372 355 536 409 aureis,
572 359 613 395 et
647 350 837 406 ligneis,
877 350 914 376 3⁰
939 354 983 392 et
1018 349 1065 391 in
1099 348 1303 391 domibus
1337 362 1488 392 eorum
1521 347 1772 391 sacerdotes
1806 349 1964 391 sedent
1994 350 2206 394 habentes

372 413 546 456 tunicas
579 412 759 464 scissas,
791 416 832 452 et
871 408 1018 465 capita
1053 413 1096 451 et
1131 408 1319 450 barbam
1350 421 1518 462 rasam,
1551 421 1737 462 quorum
1768 407 1916 464 capita
1943 408 2064 451 nuda
2091 419 2202 452 sunt.

372 472 406 498 3¹
439 471 638 525 Rugiunt
673 474 824 511 autem
865 468 1109 511 clamantes
1152 472 1304 509 contra
1346 467 1449 510 deos
1486 480 1586 509 suos
1627 466 1743 509 sicut
1782 466 1830 508 in
1867 481 1993 510 coena
2033 468 2205 512 mortui.

372 530 408 557 3'2
430 529 712 573 Vestimenta
737 542 887 571 eorum
909 527 1121 570 auferunt
1143 526 1413 582 sacerdotes,
1440 531 1484 569 et
1508 525 1706 569 vestiunt
1732 540 1891 569 uxores
1915 540 2017 569 suas
2035 531 2080 569 et
2096 526 2211 570 filios

371 603 483 632 suos.
507 588 544 614 33
562 589 715 643 Neque
737 587 774 630 si
800 586 905 643 quid
927 586 1033 629 mali
1055 585 1287 642 patiuntur
1307 586 1363 628 ab
1389 585 1559 641 aliquo,
1586 599 1727 641 neque
1749 585 1786 628 si
1812 585 1919 640 quid
1939 585 2066 641 boni,
2089 590 2210 642 pote-

369 654 473 690 runt
497 647 762 701 retribuere3
788 660 929 702 neque
950 660 1103 702 regem
1129 645 1397 688 constituere
1422 650 1629 701 possunt,
1650 659 1794 700 neque
1815 645 2006 689 auferre.
2029 644 2066 671 34
2081 646 2208 689 Simi-

370 707 470 750 liter
499 721 640 762 neque
674 706 778 749 dare
811 705 992 749 divitias
1025 710 1228 762 possunt,
1263 719 1406 760 neque
1436 704 1604 746 malum
1632 704 1887 747 retribuere.
1917 704 1961 748 Si
1993 704 2090 760 quis
2121 705 2210 748 illis

369 771 523 809 votum
560 766 731 809 voverit
764 771 807 808 et
844 779 932 808 non
968 764 1232 820 reddiderit,
1270 778 1411 820 neque
1449 764 1532 806 hoc
1564 763 1808 819 requirunt.
1843 763 1879 790 35
1909 764 2154 807 Hominem
2185 779 2211 807 a

367 832 509 869 morte
541 840 630 869 non
664 825 876 880 liberant,
910 839 1052 880 neque
1088 824 1315 866 infirmum
1348 839 1374 866 a
1404 822 1643 880 potentiori
1678 823 1884 879 eripiunt.
1908 823 1945 850 36
1968 824 2212 867 Hominem

369 899 539 928 caecum
560 885 617 927 ad
636 884 781 927 visum
807 899 893 927 non
920 884 1180 939 restituunt,
1208 883 1262 926 de
1287 882 1553 926 necessitate
1580 882 1808 925 hominem
1833 897 1922 926 non
1944 883 2210 926 liberabunt.

368 943 403 970 37
423 944 584 987 Viduae
608 959 695 988 non
724 944 1062 999 miserebuntur,
1086 957 1228 999 neque
1259 942 1468 999 orphanis
1492 941 1794 985 benefacient.
1821 941 1858 968 38
1877 942 2124 999 Lapidibus
2158 942 2213 986 de

367 1009 518 1047 monte
547 1003 715 1047 similes
740 1009 843 1046 sunt
873 1003 933 1046 dii
956 1003 1160 1058 illorum3
1188 1002 1350 1059 lignei,
1381 1006 1424 1045 et
1452 1001 1640 1058 lapidei,
1672 1007 1715 1044 et
1743 1001 1887 1057 aurei,
1911 1008 1956 1045 et
1979 1002 2210 1058 argentei3

368 1063 442 1119 qui
467 1069 618 1107 autem
644 1063 795 1107 colunt
817 1078 867 1106 ea
892 1062 1235 1105 confundentur.
1259 1061 1297 1088 39
1315 1061 1541 1112 Quomodo
1565 1075 1668 1117 ergo
1697 1061 2012 1104 aestimandum
2037 1067 2105 1105 est
2135 1066 2212 1104 aut

368 1123 607 1166 dicendum
632 1122 731 1166 illos
757 1137 851 1166 esse
874 1122 1007 1165 deos?

427 1181 464 1208 40
484 1183 646 1226 Adhuc
677 1183 796 1226 enim
822 1182 928 1238 ipsis
956 1182 1180 1225 Chaldaeis
1206 1197 1293 1225 non
1319 1181 1639 1224 honorantibus
1663 1196 1714 1224 ea
1735 1199 1743 1236 3
1770 1181 1843 1236 qui
1866 1195 1966 1223 cum
1988 1181 2212 1225 audierint

358 1247 543 1298 >mutum
572 1256 660 1285 non
692 1256 818 1299 posse
845 1241 989 1297 loqui,
1017 1242 1211 1284 offerunt
1239 1241 1352 1284 illud
1379 1241 1435 1284 ad
1468 1241 1568 1297 Bel,
1596 1241 1872 1297 postulantes
1893 1240 1950 1283 ab
1977 1254 2029 1283 eo
2061 1240 2211 1296 loqui;

367 1301 400 1327 4¹
422 1301 547 1357 quasi
575 1301 746 1358 possint
774 1301 936 1344 sentire
974 1301 1047 1357 qui
1078 1316 1165 1344 non
1198 1301 1365 1344 habent
1395 1301 1586 1344 motum!
1622 1302 1680 1343 Et
1708 1300 1814 1357 ipsi,
1847 1314 1948 1342 cum
1979 1300 2212 1343 intellexe-

367 1360 475 1417 rint,
498 1361 749 1417 relinquent
771 1376 847 1415 ea3
870 1375 1049 1404 sensum
1073 1361 1192 1403 enim
1219 1375 1306 1404 non
1331 1360 1500 1404 habent
1524 1359 1610 1417 ipsi
1641 1360 1703 1402 dii
1733 1359 1926 1403 illorum.
1950 1358 1988 1386 42
2003 1359 2212 1403 Mulieres

367 1426 518 1464 autem
552 1421 839 1464 circumdatae
874 1420 1060 1462 funibus
1092 1420 1138 1462 in
1164 1421 1250 1463 viis
1279 1420 1456 1475 sedent,
1484 1419 1805 1463 succendentes
1835 1433 1932 1462 ossa
1963 1419 2211 1474 olivarum;

368 1479 404 1506 43
426 1494 528 1522 cum
545 1485 693 1524 autem
719 1480 869 1536 aliqua
888 1495 942 1523 ex
962 1480 1083 1536 ipsis,
1107 1485 1300 1523 attracta
1318 1481 1375 1523 ab
1397 1479 1547 1535 aliquo
1569 1483 1839 1534 transeunte,
1860 1478 2090 1521 dormierit
2111 1493 2212 1522 cum

369 1554 438 1595 eo,
473 1540 691 1596 proximae
728 1554 821 1582 suae
855 1539 1093 1596 ex11›robrat
1127 1540 1244 1594 quod
1277 1554 1329 1582 ea
1354 1553 1443 1582 non
1476 1539 1533 1581 sit
1563 1539 1699 1594 digna
1727 1538 1904 1593 habita,
1943 1538 2059 1581 sicut
2095 1537 2210 1595 ipsa,

367 1613 510 1655 neque
534 1599 657 1641 funis
680 1599 776 1654 ejus
800 1599 1002 1655 diruptus
1028 1599 1097 1641 sit.
1122 1598 1158 1624 44
1178 1599 1340 1642 Omnia
1363 1603 1514 1641 autem
1537 1612 1635 1654 quae
1659 1597 1747 1640 illis
1772 1598 1905 1652 fiunt,
1931 1597 2051 1640 falsa
2078 1602 2211 1652 sunt;

371 1659 588 1714 quomodo
613 1658 928 1701 aestimandum
945 1664 1023 1700 aut
1045 1657 1285 1700 dicendum
1307 1663 1373 1700 est
1397 1657 1498 1700 illos
1521 1672 1615 1700 esse
1642 1656 1779 1700 deos?
2236 1665 2237 1668 ’

428 1717 464 1743 45
479 1719 521 1760 A
541 1718 682 1761 fabris
704 1723 855 1760 autem
878 1722 921 1760 et
942 1717 999 1759 ab
1020 1717 1278 1760 aurificibus
1300 1718 1425 1759 facta
1451 1722 1577 1769 sunt3
1603 1717 1716 1759 nihil
1738 1716 1860 1759 aliud
1883 1721 2032 1771 erunt,
2055 1715 2142 1758 nisi
2166 1715 2212 1758 id

369 1777 485 1833 quod
507 1777 663 1820 volunt
693 1791 787 1820 esse
817 1777 1083 1819 sacerdotes·
1105 1776 1142 1803 46
1159 1777 1367 1820 Artifices
1398 1776 1535 1820 etiam
1567 1776 1674 1833 ipsi,
1706 1776 1781 1832 qui
1811 1791 1863 1819 ea
1891 1775 2089 1831 faciunt,
2124 1789 2211 1818 non

369 1842 472 1879 sunt
504 1836 634 1879 multi
664 1837 902 1893 temporis:
932 1836 1148 1892 numquid
1179 1850 1282 1891 ergo
1313 1842 1495 1892 possunt
1530 1850 1604 1891 ea,
1637 1851 1734 1891 quae
1767 1836 1992 1878 fabricata
2025 1839 2128 1877 sunt
2156 1834 2213 1877 ab

367 1895 490 1952 ipsis,
523 1910 616 1939 esse
642 1895 733 1939 dii?
760 1895 794 1921 ⁴7
816 1895 1106 1951 Reliquerunt
1131 1900 1280 1938 autem
1311 1896 1429 1937 falsa
1463 1901 1506 1938 et
1533 1895 1820 1951 opprobrium
1845 1899 1998 1951 postea
2031 1893 2211 1936 futuris.

368 1954 405 1981 43
424 1956 542 1998 Nam
568 1970 669 1998 cum
695 1955 999 2011 supervenerit
1022 1954 1112 1997 illis
1135 1954 1342 2011 praelium
1368 1960 1411 1998 et
1437 1955 1577 2010 mala,
1598 1954 1799 2010 cogitant
1823 1954 2075 1997 sacerdotes
2093 1953 2212 2010 apud

369 2029 414 2057 se
436 2015 511 2057 ubi
534 2029 579 2058 se
601 2014 877 2057 abscondant
901 2028 1001 2056 011111
1025 2014 1128 2056 illis.
1156 2013 1192 2040 49
1210 2014 1439 2064 Quomodo
1467 2028 1571 2069 ergo
1599 2014 1753 2056 sentiri
1785 2013 1977 2057 debeant
2002 2012 2214 2069 quoniam

370 2074 430 2116 dii
454 2079 576 2126 sunt,
597 2073 669 2130 qui
695 2088 776 2117 nec
800 2074 853 2116 de
874 2073 992 2116 bello
1018 2087 1064 2116 se
1089 2073 1302 2129 liberant,
1326 2088 1469 2129 neque
1496 2074 1550 2116 de
1572 2074 1703 2116 malis
1728 2088 1774 2116 se
1797 2072 2021 2129 eripiunt?
2040 2071 2077 2099 5⁰
2095 2073 2213 2115 Nam

369 2147 470 2176 cum
500 2133 591 2176 sint
624 2133 794 2189 lignea,
824 2133 1030 2175 inaurata
1057 2138 1100 2175 01
1132 2132 1437 2189 inargentata,
1465 2133 1631 2176 scietur
1655 2138 1809 2189 postea
1831 2132 1936 2188 quia
1960 2132 2080 2174 falsa
2109 2137 2212 2175 sunt

368 2193 423 2235 ab
446 2192 663 2236 universis
685 2192 893 2249 gentibus
917 2197 960 2235 et
987 2191 1192 2247 regibus,
1218 2207 1318 2248 quae
1348 2193 1591 2236 manifesta
1614 2198 1717 2235 sunt
1739 2192 1842 2248 quia
1867 2207 1956 2235 non
1988 2196 2091 2234 sunt
2124 2191 2208 2247 dii,

367 2252 443 2294 sed
467 2266 597 2308 opera
623 2267 836 2295 manuum
857 2251 1110 2307 hominum,
1137 2257 1181 2295 et
1203 2252 1377 2294 nullum
1405 2253 1487 2296 Dei
1511 2266 1619 2309 opus
1644 2266 1746 2294 cum
1768 2251 1871 2294 illis.
1898 2251 1932 2278 5¹
1952 2250 2086 2294 Unde
2108 2264 2212 2307 ergo

368 2318 522 2354 notum
545 2317 612 2355 est
638 2312 739 2368 quia
762 2326 850 2354 non
872 2316 976 2354 sunt
1002 2311 1084 2367 dii,
1111 2311 1190 2354 sed
1211 2326 1343 2368 opera
1365 2326 1579 2354 manuum
1598 2312 1844 2367 hominum,
1865 2316 1909 2354 et
1930 2310 2105 2353 nullum
2128 2309 2211 2353 Dei

367 2385 476 2427 opus
497 2372 543 2413 111
566 2371 672 2428 ipsis
699 2377 778 2414 est.

427 2430 463 2456 5'2
500 2433 647 2486 legem
664 2431 834 2487 regioni
854 2446 941 2474 non
957 2432 1197 2483 suscitant,
1216 2447 1357 2488 neque
1376 2432 1576 2488 pluviam
1594 2431 1851 2474 hominibus
1874 2431 2058 2473 dabunt.
2079 2429 2116 2456 ⁵3
2130 2431 2158 2473 J
2162 2444 2211 2472 u-

367 2489 534 2533 dicium
560 2505 731 2546 quoque
753 2505 841 2533 non
864 2491 1137 2548 discernent,
1164 2506 1306 2547 neque
1325 2491 1527 2546 regiones
1554 2490 1809 2533 liberabunt
1830 2490 1886 2532 ab
1908 2489 2087 2545 injuria,
2108 2489 2211 2545 quia

366 2549 479 2592 nihil
500 2556 708 2607 possunt,
735 2550 849 2592 sicut
875 2551 1114 2593 corniculae
1140 2551 1255 2594 inter
1276 2551 1473 2594 medium
1497 2550 1597 2593 caeli
1619 2555 1662 2593 et
1683 2555 1826 2592 terrae.
1850 2548 1886 2575 54
1905 2549 2086 2591 Etenim
2108 2562 2210 2591 cum

365 2608 573 2652 inciderit
600 2610 718 2665 ignis
743 2610 790 2652 in
820 2609 1002 2652 domum
1032 2610 1215 2653 deorum
1240 2610 1511 2666 ligneorum,
1539 2615 1852 2665 argenteorum
1882 2614 1926 2651 et
1949 2622 2208 2663 aureorum,

365 2669 616 2712 sacerdotes
634 2669 815 2725 quidem
835 2669 1031 2725 ipsorum
1054 2670 1247 2725 fugient,
1266 2674 1310 2712 et
1332 2669 1664 2724 liberabuntur,
1687 2668 1773 2724 ipsi
1792 2681 1908 2720 vero,
1928 2667 2043 2710 sicut
2060 2667 2209 2710 trabes

365 2727 411 2769 in
449 2728 594 2772 medio
633 2729 959 2772 comburentur.
987 2729 1023 2755 55
1055 2729 1165 2785 Regi
1200 2734 1350 2772 autem
1380 2734 1424 2771 et
1459 2727 1576 2772 bello
1610 2742 1696 2771 non
1730 2727 1949 2770 resistent.
1980 2726 2208 2777 Quomodo

366 2801 469 2842 ergo
493 2788 807 2830 aestimandum
830 2793 896 2831 est
921 2794 998 2830 aut
1022 2788 1328 2844 recipiendum
1349 2788 1453 2844 quia
1476 2788 1536 2831 dii
1559 2788 1694 2831 sunt?

425 2847 462 2873 ὅθ
484 2848 584 2890 Nou
609 2862 636 2889 a
668 2847 866 2901 furibus,
898 2862 1039 2903 neque
1069 2863 1094 2890 a
1120 2847 1367 2891 latronibus
1396 2862 1443 2891 se
1473 2848 1728 2890 liberabunt
1758 2846 1819 2889 dii
1845 2845 2005 2902 lignei,
2030 2850 2072 2888 et
2097 2845 2208 2902 lapi-

367 2905 458 2961 dei,
483 2912 525 2949 et
546 2906 760 2962 inaurati,
788 2912 832 2950 et
856 2907 1155 2963 inargentati3
1180 2907 1338 2963 quibus
1364 2907 1431 2963 hi,
1456 2907 1528 2963 qui
1554 2906 1760 2950 fortiores
1786 2910 1908 2960 sunt,
1931 2904 1966 2931 ⁵⁷
1985 2919 2143 2947 aurum
2165 2910 2210 2947 et

366 2971 603 3020 argentum
623 2971 667 3009 et
688 2966 1007 3009 vestimentum
1029 2981 1114 3023 quo
1137 2966 1279 3023 operti
1300 2972 1423 3022 sunt,
1450 2966 1657 3009 auferent
1677 2964 1787 3019 illis,
1812 2968 1855 3007 et
1887 2964 2098 3019 abibunt,
2127 2978 2208 3007 nec

366 3023 452 3066 sibi
474 3024 693 3067 auxilium
714 3026 875 3069 ferent.
899 3026 935 3052 58
954 3026 1112 3081 Itaque
1133 3025 1293 3068 melius
1312 3031 1379 3069 est
1400 3040 1494 3069 esse
1510 3039 1663 3081 regem
1679 3029 1976 3067 ostentantem
1995 3022 2208 3066 virtutem

367 3097 515 3139 suam,
542 3089 618 3126 aut
644 3100 721 3127 vas
753 3085 799 3126 in
827 3085 957 3128 domo
987 3085 1117 3140 utile,
1153 3085 1196 3127 in
1233 3099 1317 3140 quo
1347 3084 1612 3141 gloriabitur
1644 3083 1717 3139 qui
1747 3082 1943 3139 possidet
1970 3082 2105 3137 illud,
2136 3083 2207 3125 vel

367 3141 531 3185 ostium
555 3142 601 3185 in
632 3143 781 3199 domo,
809 3145 926 3199 quod
957 3145 1152 3188 custodit
1177 3159 1277 3200 quae
1310 3145 1356 3186 111
1385 3145 1481 3200 ipsa
1511 3149 1636 3195 sunt,
1670 3156 1801 3198 quam
1831 3142 1938 3184 falsi
1965 3142 2041 3185 dii.
2075 3141 2113 3168 ⁵9
2135 3140 2207 3185 Sol

367 3201 548 3256 quidem
573 3207 617 3245 et
642 3202 745 3244 luna
768 3217 819 3245 ac
838 3203 995 3257 sidera,
1016 3218 1116 3246 cum
1136 3204 1224 3246 sint
1242 3203 1475 3261 splendida
1498 3209 1541 3246 et
1563 3202 1724 3246 emissa
1745 3201 1802 3244 ad
1821 3201 2052 3256 utilitates,
2072 3200 2206 3243 obau-

367 3260 520 3316 diunt3
549 3261 585 3288 ⁰⁰
609 3261 815 3305 similiter
848 3267 891 3304 et
924 3263 1078 3317 fulgur
1111 3278 1211 3306 011111
1249 3263 1522 3319 apparuerit,
1558 3260 1840 3318 perspicuum
1874 3266 1969 3316 est3
2012 3260 2206 3316 idipsum

367 3326 516 3363 autem
542 3326 585 3364 et
606 3320 786 3377 spiritus
807 3321 853 3363 in
877 3322 995 3363 omni
1022 3322 1201 3377 regione
1223 3323 1386 3379 spirat3
1407 3321 1440 3348 ⁶¹
1457 3327 1501 3365 et
1521 3320 1679 3376 nubes,
1708 3320 1866 3376 quibus
1893 3335 1994 3363 cum
2015 3319 2202 3375 impera—

368 3387 462 3421 tum
487 3380 625 3423 fuerit
646 3395 672 3423 a
699 3381 792 3423 Deo
817 3380 1126 3437 perambulare
1144 3381 1401 3425 universum
1424 3380 1593 3436 orbem,
1613 3380 1848 3436 perficiunt
1875 3378 1991 3436 quod
2017 3378 2203 3435 impera-

369 3442 463 3480 tum
490 3445 556 3482 est
580 3439 667 3494 eis3
692 3438 729 3466 ‘32
746 3439 863 3495 ignis
885 3439 1022 3482 etiam
1044 3440 1203 3483 missus
1227 3441 1426 3497 desuper,
1454 3445 1501 3482 ut
1530 3445 1761 3482 consumat
1784 3445 1956 3483 montes
1983 3443 2026 3481 et
2047 3437 2204 3494 silvas,

368 3496 482 3540 facit
507 3498 623 3553 quod
644 3504 918 3556 praeceptum
943 3504 1009 3542 est
1031 3499 1069 3542 ei
1097 3516 1104 3542 :
1127 3500 1225 3542 haec
1247 3505 1399 3543 autem
1419 3513 1561 3554 neque
1586 3499 1837 3555 speciebus,
1865 3512 2008 3554 neque
2029 3497 2205 3540 virtuti-

369 3554 470 3611 buS,
504 3557 580 3599 uni
615 3572 765 3601 eorum
801 3558 966 3601 similia
1003 3563 1119 3601 sunt.
1154 3560 1190 3585 ⁰3
1216 3559 1348 3602 Unde
1382 3572 1523 3614 neque
1560 3558 1909 3601 existimandum
1942 3562 2028 3613 est,
2063 3571 2205 3613 neque

370 3613 607 3658 dicendum
632 3616 731 3659 illos
762 3631 855 3660 esse
881 3616 1004 3672 deos,
1032 3618 1206 3672 quando
1236 3633 1324 3660 non
1352 3623 1536 3675 possunt
1567 3632 1708 3673 neque
1739 3617 1959 3674 judicium
1980 3616 2204 3674 judicare,
