2391 3861
665 172 776 214 Aer.
812 173 969 228 XVII,
1005 175 1058 216 33
1092 201 1149 206 ——
1182 176 1367 233 XVIII,
1401 180 1469 222 ⁶28.
1871 185 1980 228 1235

170 273 1407 289 ——-—-—.—-„—-——-————-.--

162 337 425 390 irridebant,
456 342 633 393 quidam
665 355 765 383 vero
803 341 1010 384 dixerunt
1039 360 1047 386 :
1085 345 1328 389 Audiemus
1361 353 1405 390 te
1438 348 1490 392 de
1528 349 1609 392 hoc
1643 350 1813 395 iterum.
1848 355 1884 378 ²³³³
1910 355 1979 397 Sic

161 394 324 437 Paulus
349 396 489 439 exivit
519 397 572 440 de
598 398 741 441 medio
768 414 931 444 corum.
955 401 990 427 ³¹
1010 402 1194 452 Quidam
1219 419 1320 448 vero
1347 406 1427 448 viri
1454 407 1730 452 adhaerentes
1757 410 1816 465 ei,
1841 413 1976 455 credi-

160 452 341 508 ‹leruut3
373 455 416 497 in
448 455 605 510 quibus
632 464 673 499 ct
706 458 943 514 Dionysius
969 461 1260 518 Areopagita,
1288 469 1332 506 et
1365 466 1522 509 mulier
1547 467 1724 511 nomine
1752 469 1976 527 Damaris,

158 520 202 553 et
224 512 300 554 alii
328 527 428 555 cum
450 514 524 557 eis,

216 572 322 613 CAP.
357 572 534 615 XVIII.
566 601 621 606 —
659 576 666 601 ¹
702 577 806 619 Post
839 577 935 620 haec
968 593 1166 635 egressus
1199 581 1255 623 ab
1288 583 1499 640 Athenis,
1535 587 1656 630 venit
1686 588 1975 646 Corinthum;

156 627 173 653 '²
201 634 245 672 et
278 629 505 674 inveniens
540 635 777 688 quemdam
811 636 1020 679 Judaeum
1059 639 1235 682 nomine
1264 642 1496 698 Aquilam,
1527 644 1761 688 Ponticum
1795 661 1976 705 genere,

154 688 226 742 qui
253 702 388 744 nuper
408 698 587 733 venerat
617 693 672 735 ab
700 695 854 749 Italia,
879 701 921 738 et
946 696 1213 753 Priscillam,
1243 713 1423 743 uxorem
1446 702 1542 757 ejus
1571 705 1652 761 (eo
1675 706 1788 760 quod
1816 721 1976 764 praece-

154 746 288 801 pisset
314 747 524 791 Claudius
556 751 779 795 discedere
806 767 957 796 omnes
982 755 1166 799 Judaeos
1194 771 1220 799 a
1252 759 1446 815 Roma),
1468 763 1655 805 accessit
1685 765 1739 807 ad
1771 779 1857 808 eos.
1881 767 1899 793 3
1922 769 1976 810 Et

153 804 255 859 quia
280 806 480 860 ejusdem
508 816 602 852 erat
630 811 757 865 artis,
788 813 996 855 manebat
1020 814 1138 869 apud
1164 829 1258 870 eos,
1284 822 1328 859 et
1354 820 1616 874 operabatur
1638 840 1646 866 :
1678 830 1802 866 erant
1827 831 1976 869 autem

152 865 488 909 scenofactoriae
522 869 642 912 artis.
678 869 694 896 4
718 871 773 912 Et
806 870 1062 926 disputabat
1095 873 1141 915 in
1174 888 1403 931 synagoga
1436 892 1512 933 per
1545 893 1674 923 omne
1715 883 1974 939 sabbatum,

153 922 432 979 interponens
460 941 618 971 nomen
652 929 829 971 Domini
860 930 988 985 Jesu,
1016 931 1317 988 suadebatque
1345 935 1517 980 Judaeis
1547 943 1590 981 et
1616 940 1799 985 Graecis.
1826 943 1843 968 ⁵
1864 943 1975 986 Cum

150 981 374 1025 venissent
398 991 548 1028 autem
571 986 625 1029 de
648 987 908 1031 Macedonia
929 989 1042 1032 Silas
1067 996 1110 1033 et
1129 991 1402 1047 Timotheus,
1425 993 1620 1039 instabat
1639 1000 1772 1042 verbo
1796 1001 1973 1056 Paulus,

151 1040 391 1084 testificans
417 1043 589 1087 Judaeis
617 1060 709 1089 esse
736 1046 959 1090 Christum
982 1049 1150 1092 Jesum.
1178 1050 1196 1076 6
1214 1050 1628 1098 Contradicentibus
1653 1062 1801 1101 autem
1828 1060 1909 1116 eis,
1933 1067 1976 1104 et

152 1098 586 1159 blasphemantibus,
611 1106 838 1149 excutiens
865 1107 1129 1151 vestimenta
1155 1123 1253 1165 sua,
1282 1109 1395 1153 dixit
1419 1112 1475 1155 ad
1499 1127 1595 1158 eos:
1618 1115 1809 1172 Sanguis
1833 1125 1975 1163 vester

148 1172 278 1214 super
300 1166 433 1216 caput
459 1168 653 1205 vestrum
671 1181 679 1219 3
704 1164 893 1208 mundus
916 1180 1010 1222 ego,
1035 1181 1090 1210 ex
1111 1167 1193 1211 hoc
1215 1168 1271 1211 ad
1294 1175 1449 1225 gentes
1468 1173 1643 1217 vadam.
1667 1174 1682 1200 7
1702 1175 1760 1217 Et
1779 1176 1974 1233 migrans

150 1216 270 1273 inde,
298 1218 484 1263 intravit
511 1221 557 1263 in
593 1222 773 1266 domum
807 1224 1059 1282 cujusdam,
1091 1227 1268 1270 nomine
1293 1229 1384 1271 Titi
1411 1231 1551 1288 Justi,
1587 1233 1773 1278 colentis
1809 1237 1971 1293 Deum,

149 1275 276 1331 cujus
307 1277 462 1322 domus
497 1286 590 1323 erat
624 1282 864 1338 conjuncta
897 1298 1152 1341 synagogae.
1176 1286 1193 1312 8
1215 1286 1393 1343 Crispus
1418 1295 1568 1334 autem
1593 1293 1973 1352 archisynagogus

147 1335 335 1379 credidit
365 1338 556 1382 Domino
583 1355 683 1383 cum
714 1342 832 1384 omni
867 1342 995 1386 domo
1028 1358 1132 1400 sua3
1160 1350 1204 1388 et
1237 1347 1364 1389 multi
1392 1349 1717 1394 Corinthiorum
1742 1353 1972 1399 audientes

147 1394 407 1450 credebant,
435 1402 478 1440 et
504 1398 858 1455 baptizabantur.
887 1401 904 1427 9
931 1402 1056 1445 Dixit
1080 1409 1231 1447 autem
1258 1405 1474 1450 Dominus
1500 1415 1628 1453 nocte
1657 1425 1733 1468 per
1757 1412 1971 1456 visionem

148 1453 314 1498 Paulo:
338 1456 440 1498 Noli
467 1457 642 1514 timere,
672 1459 749 1502 sed
779 1459 974 1517 loquere,
1006 1467 1048 1504 et
1074 1477 1128 1505 ne
1157 1468 1331 1519 taceas3
1363 1464 1396 1491 ¹⁰
1413 1472 1590 1523 propter
1618 1470 1733 1524 quod
1764 1485 1844 1527 ego
1875 1487 1970 1515 sum

144 1517 310 1568 tecum,
334 1520 378 1557 et
406 1529 536 1558 nemo
565 1524 809 1573 apponetur
839 1519 920 1562 tibi
947 1525 995 1562 ut
1021 1527 1179 1565 noceat
1205 1528 1267 1578 te,
1304 1525 1512 1579 quoniam
1545 1528 1733 1584 populus
1764 1536 1829 1573 est
1862 1532 1969 1574 mihi

144 1572 308 1615 multus
332 1573 378 1614 in
404 1574 487 1617 hac
518 1575 711 1619 civitate.
742 1576 773 1602 ¹¹
797 1577 919 1620 Sedit
948 1585 1100 1622 autem
1128 1580 1191 1623 ibi
1217 1595 1383 1624 annum
1409 1590 1453 1626 et
1478 1598 1555 1627 sex
1581 1601 1772 1644 menses,
1809 1589 1970 1633 docens

140 1630 259 1686 apud
285 1645 358 1674 eos
379 1633 564 1676 verbum
591 1635 686 1678 Dei.

203 1688 235 1714 ¹²
257 1690 463 1734 Gallione
485 1698 636 1736 autem
662 1696 922 1751 proconsule
946 1699 1151 1754 Achaiae,
1178 1700 1509 1746 insurrexerunt
1534 1719 1621 1748 uno
1646 1706 1795 1750 animo
1821 1709 1968 1752 Judaei

138 1748 184 1790 in
223 1749 432 1806 Paulum,
468 1757 512 1794 et
548 1752 829 1798 adduxerunt
863 1770 963 1799 eum
996 1757 1053 1800 ad
1090 1758 1306 1816 tribunal,
1348 1760 1382 1787 ¹3
1404 1762 1634 1808 dicentes:
1669 1764 1780 1815 Quia
1817 1772 1969 1811 contra

140 1807 284 1863 legem
314 1808 385 1852 hic
412 1812 648 1866 persuadet
673 1812 925 1858 hominibus
952 1816 1095 1860 colere
1122 1818 1279 1862 Deum.
1306 1819 1340 1845 '¹4
1366 1821 1617 1877 Incipiente
1646 1829 1796 1867 autem
1830 1826 1969 1870 Paulo

136 1866 306 1922 aperire
329 1882 396 1924 os,
421 1868 535 1912 dixit
562 1871 709 1915 Gallio
735 1873 792 1916 ad
815 1874 997 1917 Judaeos
1021 1892 1030 1919 :
1053 1875 1098 1919 Si
1125 1876 1303 1932 quidem
1326 1886 1440 1923 esset
1460 1880 1661 1937 iniquum
1686 1883 1868 1941 aliquid,
1891 1892 1968 1929 aut

137 1925 316 1969 facinus
342 1928 600 1986 pessimum,
625 1945 649 1973 o
670 1931 753 1973 viri
779 1933 951 1988 Judaei,
975 1939 1092 1978 recte
1118 1949 1194 1979 vos
1219 1937 1495 1983 sustinerem.
1522 1939 1555 1966 ¹5
1573 1941 1618 1984 Si
1636 1956 1738 1985 vero
1760 1945 1967 1999 quaestio—

138 1998 214 2026 nes
239 1991 341 2028 sunt
368 1986 422 2030 de
443 1988 597 2045 verbo,
625 1995 667 2033 et
693 1992 966 2048 nominibus,
994 1998 1037 2036 et
1059 1994 1155 2049 lege
1179 2002 1344 2052 vestra,
1368 2012 1445 2041 vos
1471 1999 1554 2055 ipsi
1578 2000 1801 2058 videritis3
1829 2003 1967 2058 judex

132 2059 216 2101 ego
238 2045 394 2089 horum
415 2048 516 2091 nolo
532 2062 638 2092 esse.
659 2049 759 2093 16Εῑῑ
777 2050 967 2095 minavit
981 2067 1053 2097 eos
1074 2068 1100 2096 a
1115 2055 1342 2100 tribunali.
1355 2055 1797 2116 ¹⁷Apprehendentes
1814 2068 1964 2107 autem

136 2121 286 2150 omnes
309 2108 582 2165 Sosthenem,
609 2111 855 2170 principem
877 2129 1132 2171 synagogae,
1161 2119 1469 2173 percutiebant
1491 2136 1592 2165 eum
1616 2128 1720 2166 ante
1742 2124 1962 2181 tribunal,

136 2170 179 2209 et
203 2166 315 2209 nihil
341 2182 491 2211 eorum
517 2170 712 2214 Gallioni
740 2186 857 2215 curae
884 2180 990 2217 erat.

197 2225 230 2252 ¹⁸
256 2226 419 2270 Paulus
445 2243 548 2272 vero
580 2243 680 2272 cum
713 2231 858 2275 adhuc
893 2233 1173 2279 sustinuisset
1207 2236 1301 2280 dies
1334 2238 1518 2296 multos,
1549 2240 1762 2285 fratribus
1793 2243 1963 2287 valefa-

135 2284 274 2340 ciens,
301 2286 532 2342 navigavit
559 2288 602 2330 in
628 2290 801 2346 Syriam
829 2293 904 2348 (et
929 2307 1030 2335 cum
1060 2308 1108 2337 eo
1136 2295 1341 2340 Priscilla
1367 2304 1410 2341 et
1434 2299 1657 2356 Aquila);
1686 2301 1758 2356 qui
1785 2301 1868 2344 sibi
1891 2309 1963 2345 to-

136 2343 337 2387 tonderat
357 2345 404 2388 in
426 2346 636 2391 Cenchris
656 2356 809 2405 caput,
835 2350 1028 2394 habebat
1049 2353 1167 2396 enim
1188 2360 1352 2398 votum.
1375 2356 1410 2382 19
1426 2357 1703 2414 Devenitque
1723 2360 1960 2417 Ephesum,

135 2408 178 2445 et
205 2402 304 2445 illos
329 2403 392 2447 ibi
420 2406 611 2462 reliquit.
642 2408 745 2464 Ipse
772 2424 873 2453 vero
900 2410 1124 2466 ingressus
1149 2428 1445 2471 synagogam,
1473 2417 1730 2473 disputabat
1756 2433 1857 2462 cum
1883 2421 1961 2463 -Ju-

135 2461 256 2505 daeis.
279 2461 316 2488 2⁰
335 2464 611 2520 Rogantibus
633 2472 783 2510 autem
810 2469 872 2512 eis
895 2475 942 2512 ut
967 2471 1171 2527 ampliori
1197 2477 1394 2530 tempore
1425 2482 1642 2532 maneret,
1666 2492 1753 2521 non
1779 2492 1960 2523 consen-

134 2520 214 2576 sit;
250 2519 284 2548 ²¹
303 2522 380 2566 sed
405 2523 701 2581 valefaciens,
729 2532 771 2570 et
797 2528 948 2572 dicens
972 2546 980 2572 ε
1010 2530 1178 2574 Iterum
1212 2538 1406 2576 revertar
1429 2534 1486 2578 ad
1515 2549 1614 2590 vos,
1643 2537 1736 2580 Deo
1762 2538 1958 2595 volente,

133 2580 357 2635 profectus
377 2588 442 2625 est
462 2583 519 2626 ab
538 2585 726 2640 Epheso.
751 2585 788 2612 Ἡ
807 2588 863 2630 Et
882 2588 1153 2633 descendens
1172 2590 1434 2649 Caesaream,
1455 2594 1667 2652 ascendit,
1689 2601 1731 2638 et
1748 2596 1960 2641 salutavit

133 2638 386 2697 ecclesiam,
410 2647 454 2684 et
478 2642 708 2686 descendit
731 2646 1032 2692 Antiochiam.

516 2766 540 2823 ξ
574 2767 655 2810 IV.
689 2795 747 2800 —
782 2770 923 2813 Paula·
957 2773 1128 2816 tertium
1160 2775 1241 2817 iter
1271 2776 1570 2831 apostolicum.

189 2876 226 2904 '23
244 2879 300 2921 Et
325 2879 448 2923 facto
469 2880 531 2923 ibi
556 2882 784 2939 aliquanto
807 2891 1024 2943 tempore,
1044 2888 1269 2944 profectus
1293 2895 1379 2945 est,
1402 2892 1714 2948 perambulans
1731 2908 1785 2937 ex
1803 2895 1956 2940 ordine

131 2936 383 2980 Galaticam
412 2940 637 2995 regionem
671 2947 715 2985 et
747 2943 1010 3002 Phrygiam,
1046 2948 1310 2991 confirmans
1343 2963 1494 2993 omnes
1529 2951 1780 3009 discipulos.
1813 2953 1849 2980 24
1874 2956 1953 2999 Ju—

129 2995 250 3038 daeus
271 3002 422 3040 autem
445 2999 644 3056 quidam,
672 3002 834 3058 Apollo
859 3005 1056 3061 nomine,
1084 3006 1415 3051 Alexandrinus
1440 3023 1621 3066 genere,
1640 3011 1708 3054 vir
1729 3012 1950 3070 eloquens,

129 3053 308 3099 devenit
330 3057 566 3114 Ephesum,
593 3065 748 3116 potens
769 3061 815 3104 in
842 3063 1088 3120 Scriptun's.
1108 3064 1144 3092 ”²⁵
1166 3066 1252 3109 Hic
1279 3073 1371 3110 erat
1397 3068 1579 3112 edoctus
1597 3070 1717 3113 viam
1744 3072 1949 3127 Domini;

128 3119 172 3156 et
195 3114 374 3159 fervens
403 3117 559 3174 spiritu
593 3118 866 3177 loquebatur,
903 3128 946 3164 ct
980 3123 1168 3167 docebat
1201 3124 1438 3181 diligenter
1470 3142 1521 3170 ea
1556 3143 1653 3184 quae
1686 3136 1790 3174 sunt
1821 3133 1949 3188 Jesu,

127 3172 269 3216 sciens
299 3180 474 3218 tantum
506 3177 729 3234 baptisma
755 3179 954 3226 Joannis.
982 3180 1019 3208 2⁰
1042 3183 1130 3225 Hic
1159 3197 1262 3240 ergo
1288 3186 1424 3242 coepit
1456 3186 1722 3232 fiducialiter
1750 3204 1880 3246 agere
1904 3192 1950 3234 in

127 3245 367 3289 synagoga.
391 3235 531 3285 Quem
565 3251 667 3280 cum
699 3238 927 3283 audissent
961 3241 1164 3285 Priscilla
1190 3249 1233 3286 et
1254 3244 1439 3301 Aquila,
1464 3255 1802 3304 >assumpserunt
1827 3264 1947 3306 eum,

126 3295 171 3333 et
205 3291 464 3348 diligentius
503 3302 799 3353 exposuerunt
836 3298 875 3341 ei
917 3300 1036 3343 viam
1075 3302 1267 3346 Domini.
1309 3302 1344 3330 ‘²⁷
1379 3305 1489 3348 Cum
1525 3311 1676 3349 autem
1715 3307 1850 3350 vellet
1888 3309 1948 3352 ire

126 3350 368 3408 Achaiam,
407 3355 626 3398 exhortati
663 3357 825 3400 fratres
862 3359 1129 3416 scripserunt
1166 3361 1394 3419 discipulis
1435 3370 1484 3407 ut
1525 3365 1797 3422 susciperent
1833 3381 1946 3411 eum.

126 3408 208 3458 Qui
243 3424 344 3453 cum
369 3413 582 3470 venisset,
617 3416 805 3458 contulit
838 3417 1026 3461 multum
1059 3419 1126 3462 his
1159 3421 1233 3476 qui
1264 3422 1556 3467 crediderant.
1590 3423 1626 3451 28
1652 3425 1949 3471 Vehementer

125 3467 242 3510 enim
264 3470 293 3512 J
298 3469 447 3515 udaeos
472 3474 729 3517 revincebat
755 3475 944 3532 publice,
971 3478 1204 3522 ostendens
1230 3494 1308 3536 per
1333 3481 1577 3538 Scripturas
1602 3496 1696 3526 esse
1723 3483 1946 3529 Christum

124 3526 291 3570 Jesum.

123 3674 169 3705 18]
187 3673 284 3703 Num.
301 3676 367 3710 VI.
385 3679 428 3705 18.
448 3679 512 3707 Ins.
531 3679 614 3708 XXI
632 3683 694 3710 ,te-1.

2105 608 2228 636 Paulus

2084 651 2242 680 Corinthi.

2058 2260 2121 2289 Per
2139 2261 2245 2294 Ephe-

2041 2310 2116 2332 sum
2133 2304 2258 2338 repetit

2036 2345 2261 2378 Antiochiam.

2074 2887 2215 2918 Initium

2066 2931 2196 2961 itineris
2206 2940 2216 2968 ·,

2075 2977 2100 3002 A
2105 2976 2204 3008 pollo.
