2391 3861
597 149 734 190 Aroe.
769 148 900 192 XVI,
939 147 991 190 10
1023 173 1080 178 —
1111 146 1272 199 XVII,
1308 147 1374 188 12.
1782 147 1890 189 1361

139 316 174 343 ¹⁰
199 318 255 360 Et
278 317 456 374 quintus
485 318 670 373 angelus
703 317 864 360 effudit
895 316 1091 374 phialam
1127 331 1254 360 suam
1286 331 1417 374 super
1447 316 1595 360 sedem
1628 315 1813 371 bestiae3
1851 322 1915 374 et,

74 376 248 419 factum
273 383 338 419 est
359 390 543 432 regnum
568 376 666 432 ejus
691 377 993 430 tenebrosum,
1018 381 1063 419 et
1085 376 1568 419 commanducaverunt
1592 374 1768 430 linguas
1793 389 1893 417 suas

74 448 164 491 prae
194 434 368 488 dolore;
397 434 428 461 ¹¹
448 440 493 478 et
523 435 944 491 blasphemaverunt
979 436 1121 478 Deum
1155 435 1276 489 caeli,
1299 449 1391 491 prae
1418 433 1642 478 doloribus
1670 438 1714 476 et
1742 433 1893 476 vulne-

73 493 193 536 ribus
217 494 333 547 suis;
360 499 404 536 et
428 508 515 537 non
538 500 722 549 egerunt
747 494 1055 551 poenitentiam
1078 508 1131 536 ex
1157 494 1360 550 operibus
1383 494 1487 537 suis.

137 551 169 578 ¹⁸²
199 553 252 594 Et
279 558 429 595 sextus
461 553 646 608 angelus
679 553 841 596 effudit
873 553 1068 609 phialam
1102 567 1227 595 suam
1263 553 1308 594 in
1342 552 1502 596 fiumen
1530 552 1639 595 illud
1682 565 1893 607 magnum

75 611 330 668 Euphraten
350 628 359 665 3
387 616 431 654 et
455 611 641 654 siccavit
663 625 825 667 aquam
855 612 971 667 ejus,
998 617 1048 654 ut
1071 616 1392 667 praepararetur
1415 611 1488 654 via
1513 610 1693 667 regibus
1713 609 1770 652 ab
1797 615 1893 652 ortu

72 670 191 712 solis.
223 669 259 696 ¹³
278 670 334 712 Et
365 670 458 712 vidi
490 670 545 713 de
577 684 650 714 ore
678 670 901 725 draconiS,
928 676 972 713 et
997 670 1051 713 de
1079 683 1152 713 ore
1180 670 1355 725 bestiae,
1387 675 1431 713 et
1456 670 1509 713 de
1530 684 1603 713 ore
1628 669 1893 725 pseudopro-

72 729 241 785 phetae,
268 728 448 784 spiritus
472 734 557 772 tres
582 729 834 771 immundos
859 729 905 771 in
930 729 1110 772 modum
1136 743 1355 771 ranarum.
1383 728 1419 755 ¹⁴
1436 729 1547 772 Sunt
1570 729 1689 772 enim
1714 728 1894 784 spiritus

72 786 390 834 daemoniorum
415 788 636 831 facientes
657 788 805 844 signa,
834 793 876 831 et
901 787 1144 844 procedunt
1163 787 1222 830 ad
1250 800 1374 842 reges
1400 787 1535 830 totius
1560 793 1686 830 terrae
1713 800 1894 842 congre-

72 860 177 902 gare
206 845 306 888 illos
331 846 375 888 in
405 847 605 903 praelium
635 847 691 889 ad
723 847 839 890 diem
865 859 1078 902 magnum
1102 845 1418 902 omnipotentis
1447 846 1542 889 Dei.
1575 846 1611 872 ¹⁵
1629 847 1745 888 Ecce
1765 845 1894 888 venio

70 905 186 947 sicut
226 905 314 947 fur.
358 905 523 948 Beatus
560 906 633 962 qui
671 906 850 961 vigilat,
888 911 934 948 et
970 905 1163 948 custodit
1203 905 1471 948 vestimenta
1510 919 1609 960 sua,
1652 919 1706 948 ne
1750 904 1894 946 nudus

69 963 290 1017 ambulet,
324 968 368 1006 et
396 965 578 1007 videant
607 965 929 1021 turpitudinem
958 964 1066 1019 ejus.
1099 964 1134 990 ¹⁶
1153 965 1211 1007 Et
1235 963 1524 1019 congregabit
1553 963 1654 1006 illos
1681 964 1727 1006 in
1749 962 1895 1006 locum

71 1022 144 1078 qui
170 1029 354 1065 vocatur
374 1023 579 1067 hebraice
604 1023 904 1079 Armagedon.

130 1080 163 1107 ¹⁷
185 1082 241 1124 Et
268 1082 484 1138 septimus
517 1083 703 1138 angelus
725 1082 886 1126 effudit
915 1082 1113 1139 phialam
1142 1095 1268 1125 suam
1293 1082 1338 1124 in
1364 1096 1508 1125 aerem
1530 1100 1539 1136 3
1568 1088 1611 1125 et
1643 1081 1784 1125 exivit
1808 1095 1896 1124 vox

70 1153 234 1196 magna
260 1140 313 1183 de
335 1141 500 1197 templo
527 1156 553 1183 a
577 1143 749 1194 throno,
775 1141 926 1184 dicens
950 1157 960 1184 ε
982 1141 1172 1184 Factum
1194 1146 1273 1184 est.
1298 1140 1333 1167 1⁸
1352 1141 1409 1183 Et.
1430 1141 1554 1183 facta
1574 1146 1678 1183 sunt
1699 1139 1893 1194 fulgura,

70 1205 114 1242 et
134 1213 286 1254 voces,
309 1205 352 1242 et
376 1200 592 1255 tonitrua,
619 1207 662 1244 et
695 1204 972 1243 terraemotus
1007 1200 1158 1243 factus
1181 1204 1247 1243 est
1271 1213 1481 1255 magnus,
1504 1199 1646 1255 qualis
1669 1212 1896 1253 nunquam

68 1258 159 1300 fuit
185 1272 237 1301 ex
263 1272 348 1314 quo
369 1258 570 1302 homines
592 1260 775 1302 fuerunt
799 1272 930 1315 super
953 1264 1129 1314 terram,
1152 1258 1255 1301 talis
1293 1264 1584 1314 terraemotus,
1607 1258 1670 1300 sic
1692 1271 1894 1312 magnus.

70 1315 108 1343 ¹⁹
126 1318 183 1360 Et
207 1318 332 1360 facta
354 1323 420 1360 est
445 1318 604 1360 civitas
635 1333 796 1373 magna
818 1318 863 1360 in
889 1323 977 1360 tres
1006 1324 1172 1374 partes,
1205 1323 1248 1360 et
1270 1318 1472 1361 civitates
1498 1317 1699 1372 gentium
1725 1315 1895 1359 cecide-

67 1382 183 1431 runt,
210 1382 253 1420 et
277 1376 480 1433 Babylon
507 1391 670 1433 magna
695 1377 817 1420 venit
842 1376 887 1419 in
909 1377 1168 1419 memoriam
1190 1381 1294 1419 ante
1314 1377 1468 1431 Deum,
1492 1376 1597 1419 dare
1617 1375 1683 1418 illi
1710 1374 1896 1418 calicem

68 1435 163 1478 vini
189 1435 510 1491 indignationis
534 1436 613 1479 irae
636 1436 744 1492 ejus.
774 1435 812 1462 ²⁰
830 1435 887 1478 Et
913 1435 1056 1478 omnis
1080 1435 1226 1478 insula
1251 1435 1392 1491 fugit,
1420 1440 1463 1478 et
1484 1441 1656 1478 montes
1677 1448 1765 1477 non
1793 1439 1895 1476 sunt

67 1494 256 1538 inventi.
283 1494 317 1521 2¹
340 1496 396 1537 Et
420 1495 590 1550 grando
620 1509 783 1550 magna
811 1494 928 1538 sicut
952 1495 1173 1538 talentum
1199 1494 1429 1537 descendit
1461 1494 1516 1537 de
1542 1494 1652 1537 caelo
1674 1493 1721 1535 in
1754 1492 1895 1535 homi-

68 1567 176 1609 nes3
219 1559 264 1597 et
306 1553 731 1610 blasphemaverunt
780 1555 924 1597 Deum
965 1553 1167 1596 homines
1208 1558 1386 1609 propter
1424 1553 1605 1609 plagam
1645 1551 1894 1608 grandinis,

8 1648 11 1650 ,
69 1612 278 1668 quoniam
300 1626 465 1667 magna
490 1612 615 1654 facta
641 1617 707 1655 est
731 1613 1029 1655 vehementer.

304 1762 470 1806 SECTIO
501 1761 594 1804 III.
615 1786 674 1794 —-
706 1762 1027 1804 DESCRIBITUR
1059 1773 1279 1804 UL'rrMUM
1314 1762 1405 1803 DEI
1437 1773 1662 1804 JUDIOIUM

631 1887 654 1940 ξ
675 1885 712 1927 I.
734 1909 794 1917 —-
816 1884 1051 1928 Judicium
1075 1884 1335 1940 Babylonis.

128 2001 236 2045 CAP.
261 2000 418 2043 XVII.
442 2026 502 2031 —
525 1999 539 2025 1
560 2000 618 2042 Et
639 1999 763 2042 venit
780 2014 892 2041 unus
919 1999 973 2042 de
998 2004 1168 2055 septem
1194 1999 1366 2054 angelis
1389 1999 1462 2054 qui
1480 1998 1706 2041 habebant
1727 2004 1897 2056 septem

68 2060 255 2118 phialas,
282 2064 326 2102 et
351 2059 524 2102 locutus
543 2066 609 2102 est
630 2072 818 2114 mecum,
839 2058 991 2101 dicens
1016 2074 1027 2102 :
1052 2058 1180 2112 Veni,
1208 2057 1441 2101 ostendam
1459 2057 1541 2100 tibi
1563 2057 1897 2101 damnationem

69 2119 312 2163 meretricis
343 2132 540 2173 magnae,
572 2132 670 2173 quae
703 2117 828 2160 sedet
860 2131 992 2174 super
1021 2131 1157 2172 aquas
1189 2117 1382 2171 multas;
1409 2115 1427 2142 2
1445 2131 1544 2159 cum
1575 2131 1660 2172 qua
1686 2116 1896 2160 fornicati

68 2184 171 2221 sunt
195 2191 322 2234 reges
354 2182 502 2232 terrae,
529 2182 573 2219 et
601 2176 809 2219 inebriati
836 2181 939 2219 sunt
959 2176 1034 2232 qui
1059 2175 1316 2218 inhabitant
1340 2182 1504 2218 terram
1530 2175 1584 2218 de
1609 2176 1712 2219 vino
1738 2176 1896 2232 prosti-

68 2237 252 2280 tutionis
277 2237 388 2292 ejus.

128 2296 221 2339 3Et
249 2295 434 2338 abstulit
466 2309 537 2339 me
569 2297 615 2338 in
648 2295 805 2352 spiritu
836 2295 883 2337 in
916 2294 1152 2338 desertum.
1187 2296 1245 2337 Et
1278 2294 1370 2337 vidi
1404 2294 1635 2337 mulierem
1667 2295 1896 2338 sedentem

69 2369 198 2412 super
233 2354 425 2397 bestiam
462 2355 738 2410 coccineam,
779 2354 958 2411 plenam
1000 2353 1253 2397 nominibus
1294 2353 1608 2410 blasphemiae,
1656 2353 1897 2398 habentem

69 2414 218 2471 capita
247 2420 418 2471 septem
450 2419 493 2457 et
524 2428 687 2457 cornua
721 2413 888 2457 decem.
914 2412 931 2439 4
951 2413 1008 2456 Et
1033 2413 1192 2456 mulier
1216 2418 1311 2456 erat
1336 2411 1611 2456 circumdata
1635 2428 1827 2469 purpura
1853 2420 1897 2456 et

69 2473 269 2529 coccino,
311 2478 354 2516 et
392 2473 596 2515 inaurata
632 2487 758 2529 auro,
797 2477 841 2515 et
875 2472 1025 2529 lapide
1068 2472 1280 2529 pretioso,
1325 2478 1369 2515 et
1410 2472 1682 2528 margaritis,
1728 2472 1896 2516 habens

68 2531 278 2589 poculum
312 2546 495 2576 aureum
531 2532 576 2574 in
617 2546 751 2575 manu
787 2546 886 2587 sua,
924 2531 1106 2588 plenum
1141 2531 1493 2587 abominatione,
1532 2537 1576 2574 et
1610 2531 1896 2573 immunditia

68 2591 379 2634 fornicationis
420 2591 545 2648 ejus3
585 2591 602 2617 5
631 2597 674 2634 et
709 2591 755 2633 in
790 2591 943 2635 ,fronte
981 2590 1077 2647 ejus
1114 2605 1276 2634 nomen
1316 2592 1529 2646 scriptum
1569 2607 1577 2633 :
1611 2590 1897 2646 Mysterium‚

71 2650 273 2706 Babylon
300 2665 477 2706 magna,
500 2655 642 2693 mater
663 2650 1013 2693 fornicationum
1039 2655 1082 2693 et
1105 2649 1488 2693 abominationum
1514 2655 1657 2693 terrae.
1685 2650 1702 2676 6
1721 2650 1778 2692 Et
1804 2649 1896 2692 vidi

68 2710 298 2752 mulierem
324 2710 491 2752 ebriam
511 2709 564 2753 de
581 2709 797 2765 sanguine
822 2715 1088 2764 sanctorum,
1112 2714 1157 2752 et
1175 2709 1228 2752 de
1250 2709 1467 2765 sanguine
1492 2714 1739 2765 martyrum
1760 2709 1894 2764 Jesu3

69 2775 113 2812 et
138 2769 322 2811 miratus
348 2783 466 2823 sum,
489 2783 589 2811 cum
613 2768 826 2811 vidissem
847 2768 993 2823 illam,
1017 2768 1312 2811 admiratione
1334 2783 1510 2824 magna.

128 2827 143 2853 ⁷
165 2829 221 2870 Et
246 2827 360 2870 dixit
385 2827 493 2870 mihi
515 2827 700 2884 angelus
729 2845 738 2872 :
764 2827 907 2878 Quare
931 2827 1138 2871 miraris?
1166 2829 1261 2883 Ego
1288 2827 1434 2870 dicam
1460 2828 1541 2870 tibi
1568 2833 1895 2871 sacramentum

69 2887 286 2941 mulieris,
314 2893 357 2929 et
387 2886 543 2929 bestiae
566 2901 663 2942 quae
685 2891 834 2943 portat
859 2901 976 2943 eam,
1005 2901 1103 2943 quae
1128 2887 1263 2929 habet
1295 2887 1441 2943 capita
1466 2893 1638 2943 septem
1664 2892 1707 2930 et
1733 2901 1895 2930 cornua

69 2946 235 2990 decem.
262 2947 278 2971 ὃ
299 2945 447 2988 Bestia
474 2960 605 3001 quam
628 2945 792 3001 vidisti,
815 2945 918 3002 fuit,
942 2950 984 2989 et
1005 2961 1094 2989 non
1112 2951 1177 2989 est
1197 2964 1208 3001 3
1231 2951 1274 2988 et
1291 2960 1526 2989 ascensura
1549 2951 1615 2989 est
1640 2945 1693 2988 de
1720 2946 1892 3002 abysso,

69 3012 114 3048 et
143 3005 191 3048 in
224 3004 453 3048 interitum
485 3004 597 3059 ibit;
633 3010 675 3048 et
709 3005 987 3047 mirabuntur
1018 3005 1321 3048 inhabitantes
1357 3010 1520 3047 terram
1555 3007 1770 3061 (quorum
1807 3019 1894 3048 non

69 3069 172 3107 sunt
212 3064 378 3121 scripta
425 3064 605 3106 nomina
651 3064 699 3106 in
736 3063 849 3107 libro
889 3064 995 3106 vitae
1032 3079 1059 3107 a
1100 3064 1415 3108 constitutione
1455 3063 1641 3120 mundi)
1693 3063 1893 3107 videntes

71 3122 271 3180 bestiam,
295 3138 392 3179 quae
423 3128 529 3177 erat,
557 3128 600 3166 et
621 3137 708 3166 non
730 3128 808 3166 est.
832 3122 849 3148 9
868 3124 925 3166 Et
950 3123 1022 3166 hic
1048 3129 1114 3167 est
1135 3138 1300 3178 sensus,
1328 3123 1399 3178 qui
1429 3123 1564 3166 habet
1589 3123 1854 3179 sapientiam
1884 3139 1892 3165 ε

68 3182 248 3238 Septem
271 3182 440 3240 capita,
475 3187 646 3238 septem
677 3187 849 3225 montes
882 3188 1006 3236 sunt,
1031 3197 1162 3239 super
1191 3197 1297 3238 quos
1328 3182 1486 3224 mulier
1517 3182 1662 3236 sedet,
1693 3187 1737 3224 et
1768 3195 1892 3236 reges

69 3246 239 3297 septem
263 3247 378 3284 sunt.
406 3241 442 3267 ¹⁰
459 3241 658 3297 Quinque
685 3240 966 3295 ceciderunt3
991 3256 1104 3284 unus
1129 3247 1214 3296 est,
1242 3246 1286 3284 et
1311 3241 1422 3284 alius
1449 3239 1645 3283 nondum
1671 3240 1820 3293 venit;
1849 3245 1893 3282 et

71 3314 171 3344 cum
196 3301 385 3356 venerit,
410 3306 580 3357 oportet
604 3300 731 3342 illum
752 3300 884 3343 breve
909 3305 1084 3357 tempus
1111 3314 1301 3343 manere.
1330 3299 1361 3325 1¹
1382 3301 1440 3342 Et
1463 3299 1626 3353 bestia,
1654 3313 1751 3354 quae
1778 3304 1890 3353 erat,

71 3365 113 3402 et
147 3373 234 3401 non
264 3365 349 3416 est,
384 3365 427 3403 et
459 3360 554 3416 ipsa
587 3364 744 3402 octava
774 3364 859 3414 est,
891 3365 933 3402 et
966 3359 1019 3402 de
1049 3365 1218 3416 septem
1244 3364 1329 3413 est,
1356 3363 1400 3402 et
1426 3359 1472 3401 in
1497 3358 1725 3401 interitum
1755 3356 1890 3401 vadit.

71 3417 107 3444 1'2
126 3418 184 3460 Et
209 3418 362 3461 decem
384 3433 546 3462 cornua
571 3433 670 3474 quae
695 3418 871 3474 vidisti,
895 3417 1049 3461 decem
1073 3433 1198 3474 reges
1228 3423 1351 3472 sunt,
1383 3417 1455 3472 qui
1482 3431 1667 3472 regnum
1697 3415 1893 3459 nondum

69 3481 361 3532 acceperunt;
407 3478 484 3520 sed
530 3482 794 3534 potestatem
835 3482 1048 3532 tanquam
1089 3491 1212 3532 reges
1252 3491 1336 3518 una
1376 3477 1482 3518 hora
1526 3475 1747 3532 accipient
1794 3480 1893 3532 post

70 3649 118 3682 15]
135 3647 255 3676 Matth.
276 3647 401 3682 XXIV,
420 3650 465 3676 43.
484 3649 564 3677 Luc.
583 3649 664 3683 XII,
685 3651 729 3676 39.
748 3648 825 3680 Sup.
846 3647 911 3682 111,
927 3650 954 3675 3.

1631 3712 1685 3755 86

2017 326 2148 363 quinta.

2029 562 2140 595 nexui,

2011 1082 2164 1120 septima.

2009 2009 2158 2042 Babylon

2009 2055 2045 2082 et
2063 2051 2157 2081 Anti-
2212 2069 2221 2077 .

2007 2095 2168 2125 christus.
