2456 3861
755 165 850 207 «105.
886 164 954 212 ΙΙ,
987 165 1039 206 21
1077 190 1134 196 -
1168 165 1248 218 IV,
1281 165 1321 206 5.
1870 166 1950 208 199

124 324 208 389 quo
230 332 448 389 adjurasti
475 347 567 376 nos.
593 332 626 359 '²¹
650 334 706 376 Et
729 333 808 376 illa
833 333 1059 389 respondit
1081 351 1089 377 :
1117 334 1238 377 Sicut
1265 333 1399 377 locuti
1426 333 1554 388 estis,
1582 333 1644 376 ita
1675 333 1764 376 fiat.
1790 333 1949 376 Dimit-

123 398 306 447 tensque
331 406 405 435 eos
430 396 479 435 ut
503 398 760 448 pergerent,
783 392 997 448 appendit
1020 392 1268 436 funiculum
1293 392 1548 435 coccineum
1571 391 1618 435 in
1640 393 1852 436 fenestra.

181 449 218 477 -2
235 450 311 494 Illi
335 465 440 494 vero
466 451 748 494 ambulantes
774 465 850 507 pei
854 457 1070 494 venerunt
1094 451 1150 494 ad
1175 456 1409 507 montana,
1432 457 1477 494 et
1501 456 1757 494 manserunt
1778 450 1840 493 ibi
1864 457 1950 493 tres

121 509 235 565 dies,
275 510 415 553 donec
454 514 779 553 reverterentur
817 509 891 565 qui
928 510 1109 553 fuerant
1145 511 1397 566 persecuti;
1437 514 1687 565 quaerentes
1719 510 1837 553 enim
1875 524 1951 565 per

121 583 296 612 omnem
314 569 456 624 viam,
478 583 567 612 non
587 574 844 624 repererunt
865 583 950 611 cos.
970 568 1008 595 2³
1024 568 1190 619 Quibus
1212 569 1398 612 urbem‘
1386 569 1617 636 ingressis,
1641 568 1802 612 reversi
1825 574 1948 622 sunt,

119 635 163 670 et
189 627 512 671 descenderunt
538 627 838 683 exploratores
860 627 914 669 de
940 633 1114 680 monte;
1142 633 1185 670 et
1211 628 1469 670 transmisso
1495 629 1711 683 Jordane,
1736 604 1949 671 venerunt⁷

118 687 176 729 ad
213 688 369 742 Josue,
406 687 548 729 filium
586 686 710 741 Nun,
749 691 1125 741 narraveruntque
1164 686 1204 729 ei
1239 687 1388 729 omnia
1419 702 1517 742 quae
1551 687 1806 730 acciderant
1839 686 1946 741 sibi,

119 744 155 772 “²⁴
179 752 311 802 atque
348 746 555 789 dixerunt
592 760 601 788 :
639 744 845 787 Tradidit
886 744 1105 787 Dominus
1142 759 1318 787 omnem
1360 752 1520 788 terram
1562 746 1676 788 hanc
1713 746 1758 788 in
1795 759 1951 788 manus

120 811 314 860 nostras,
341 810 386 847 et
406 804 563 847 timore
590 802 797 859 prostrati
823 808 926 846 sunt
951 803 1100 846 cuncti
1122 803 1396 846 habitatores
1423 804 1533 859 ejus.

652 924 677 981 ξ
712 924 800 967 ΙΙΙ.
830 950 889 955 -
923 924 1158 967 Transitua
1187 924 1417 967 ,sm-danis.

176 1040 282 1084 CAP.
307 1040 394 1083 111.
412 1065 472 1073 -—
490 1039 501 1065 ¹
520 1039 666 1095 Igitur
683 1039 709 1082 J
715 1053 819 1082 osue
841 1038 896 1082 de
922 1043 1051 1082 nocte
1078 1053 1347 1094 consurgens
1369 1039 1511 1082 movit
1528 1044 1673 1082 castra
1691 1057 1700 1094 ;
1724 1041 1948 1096 egredien-

117 1105 267 1154 tesque
308 1099 362 1142 de
391 1098 552 1153 Setim,
587 1102 804 1141 venerunt
839 1098 895 1141 ad
929 1098 1173 1141 Jonianem
1205 1098 1300 1154 ipse
1335 1103 1378 1141 et
1412 1111 1563 1141 omnes
1596 1098 1675 1141 filii
1708 1099 1872 1155 Israel,
1909 1106 1951 1142 et

116 1158 274 1202 morati
310 1162 413 1201 sunt
450 1157 511 1200 ibi
547 1163 638 1200 tres
671 1157 778 1200 dies.
813 1155 831 1182 2
855 1157 1023 1207 Quibus
1054 1157 1269 1212 evolutis,
1303 1157 1575 1200 transierunt
1614 1171 1840 1214 praecones
1876 1173 1952 1215 per

115 1223 358 1261 castrorum
397 1216 594 1260 medium
609 1252 619 1272 ,
660 1216 677 1243 3
702 1221 747 1259 et
789 1217 982 1259 clamare
1023 1222 1251 1272 coeperunt
1286 1232 1294 1260 :
1335 1216 1519 1267 Quando
1558 1217 1760 1260 videritis
1802 1231 1952 1261 arcam

114 1276 300 1320 foederis
325 1275 506 1320 Domini
533 1276 617 1319 Dei
641 1275 800 1330 vestri,
826 1281 871 1318 et
895 1275 1147 1319 sacerdotes
1172 1275 1322 1332 stirpis
1354 1275 1548 1319 leviticae
1575 1281 1802 1332 portantes
1828 1291 1947 1327 eam,

114 1349 191 1379 vos
228 1350 400 1392 quoque
437 1335 712 1391 consurgite,
747 1340 792 1377 et
824 1334 1061 1390 sequimini
1098 1335 1428 1391 praecedentes3
1461 1334 1640 1391 “sitque
1664 1335 1782 1379 inter
1805 1350 1883 1379 vos
1908 1342 1951 1379 et

114 1409 263 1438 arcam
296 1395 490 1451 spatium
525 1394 774 1437 cubitorum
808 1394 945 1436 duum
977 1393 1189 1449 millium,
1225 1399 1273 1436 ut
1305 1394 1458 1450 procul
1491 1394 1642 1438 videre
1671 1394 1873 1451 possitis,
1908 1401 1950 1438 et

114 1468 240 1497 nosse
269 1468 348 1510 per
376 1467 509 1509 quam
534 1453 656 1495 viam
679 1452 1018 1508 ingrediamini,
1049 1452 1152 1508 quia
1176 1453 1297 1509 prius
1323 1467 1410 1496 non
1437 1453 1698 1497 ambulastis
1723 1468 1802 1510 per
1825 1468 1947 1504 eam2

114 1518 157 1556 et
194 1518 348 1557 cavete
383 1527 440 1556 ne
468 1510 834 1568 appropinquetis
870 1511 927 1553 ad
964 1526 1128 1555 arcam.
1163 1511 1413 1567 ⁵Dixitque
1447 1514 1582 1555 Josue
1611 1513 1669 1555 ad
1701 1513 1911 1569 populum
1942 1530 1950 1557 :

114 1571 488 1626 Sanctificamini3
517 1585 613 1614 cras
635 1570 756 1614 enim
782 1570 924 1613 faciet
951 1570 1168 1613 Dominus
1194 1570 1310 1614 inter
1328 1585 1405 1613 vos
1430 1571 1665 1615 mirabilia.
1690 1572 1708 1598 ⁶
1726 1572 1784 1614 Et
1805 1572 1868 1615 ait
1894 1573 1950 1615 ad

112 1631 362 1674 sacerdotes
382 1647 390 1674 :
413 1629 576 1674 Tollite
602 1644 753 1672 arcam
773 1629 980 1685 foederis,
1005 1634 1049 1672 et
1073 1630 1314 1686 praecedite
1337 1631 1562 1686 populum.
1583 1630 1665 1681 Qui
1690 1631 1813 1687 jussa
1834 1645 1951 1674 com-

112 1690 309 1747 plentes,
350 1689 572 1745 tulerunt,
611 1694 656 1732 et
693 1689 1039 1732 ambulaverunt
1075 1694 1181 1732 ante
1220 1703 1305 1732 eos.
1342 1689 1357 1715 7
1385 1690 1598 1745 Dixitque
1642 1690 1859 1733 Dominus
1895 1691 1951 1734 ad

111 1750 278 1793 Josue:
310 1749 458 1792 Hodie
490 1748 706 1805 incipiam
732 1748 930 1792 exaltare
966 1753 1011 1791 te
1046 1762 1195 1791 coram
1229 1748 1350 1792 omni
1387 1749 1548 1804 Israel,
1579 1754 1627 1792 ut
1658 1749 1803 1792 sciant
1835 1750 1951 1805 quod

111 1807 225 1851 sicut
250 1823 348 1851 cum
375 1809 529 1865 Moyse
553 1808 644 1864 fui,
670 1807 735 1850 ita
760 1812 804 1851 et
828 1813 978 1851 tecum
1004 1807 1100 1851 sim.
1120 1807 1137 1834 8
1152 1808 1219 1850 Tu
1244 1813 1395 1851 autem
1417 1808 1611 1865 praecipe
1635 1809 1950 1863 sacerdotibus,

111 1867 185 1923 qui
206 1872 387 1924 portant
411 1882 561 1910 arcam
584 1867 788 1923 foederis,
812 1872 856 1910 et
879 1867 951 1910 dic
976 1867 1065 1910 eis:
1091 1867 1203 1911 Cum
1226 1868 1415 1923 ingressi
1432 1867 1611 1911 fueritis
1631 1873 1803 1924 partem
1826 1883 1952 1924 aquae

111 1927 342 1983 Jordanis,
371 1932 487 1970 state
512 1926 559 1969 in
584 1941 649 1970 ea.
677 1926 694 1952 9
714 1927 928 1982 Dixitque
951 1927 1087 1970 Josue
1110 1927 1166 1970 ad
1192 1926 1306 1970 filios
1328 1926 1468 1970 Israel
1491 1943 1499 1970 z
1528 1927 1744 1970 Accedite
1774 1927 1880 1982 huc,
1907 1933 1951 1970 et

110 1986 263 2029 audite
283 1987 468 2029 verbum
500 1986 679 2029 Domini
706 1985 794 2029 Dei
819 1985 971 2030 vestri.
999 1985 1037 2012 ¹⁰
1057 1987 1117 2029 Et
1145 2000 1348 2031 rursum:
1379 1987 1434 2030 In
1467 1987 1571 2040 hoc,
1601 1985 1768 2041 inquit,
1802 1986 1951 2030 scietis

110 2045 224 2101 quod
250 2045 467 2089 Dominus
493 2046 613 2089 Deus
634 2046 793 2088 vivens
815 2045 861 2087 in
883 2045 1032 2088 medio
1052 2045 1189 2088 vestri
1213 2051 1300 2101 est,
1320 2050 1364 2089 et
1391 2046 1622 2102 disperdet:
1639 2045 1687 2088 in
1712 2052 1951 2102 conspectu

110 2111 256 2147 vestro
289 2105 593 2148 Chananaeum
619 2109 663 2148 et
697 2105 962 2161 Hethaeum,
999 2106 1221 2148 Hevaeum
1252 2113 1296 2148 et
1326 2105 1635 2161 Pherezaeum,
1664 2106 1950 2161 Gergesaeum

110 2178 281 2219 quoque
317 2170 362 2207 et
398 2164 681 2220 Jebusaeum,
721 2168 767 2207 et
806 2164 1131 2207 Amorrhaeum.
1170 2164 1201 2190 ¹¹
1230 2165 1368 2221 Ecce,
1400 2179 1503 2207 arca
1542 2164 1726 2208 foederis
1769 2164 1951 2207 Domini

111 2223 253 2266 omnis
284 2229 414 2266 terrae
443 2223 682 2266 antecedet
712 2237 792 2266 vos
823 2237 902 2280 per
932 2223 1205 2268 Jordanem:
1237 2222 1273 2250 ¹⁵2
1293 2228 1448 2280 parate
1482 2223 1717 2268 duodecim
1746 2223 1863 2266 viros
1897 2223 1951 2266 de

110 2282 313 2326 tribubus
337 2283 495 2336 Israel,
521 2282 722 2338 singulos
740 2296 821 2339 per
844 2282 1044 2339 singulas
1067 2283 1234 2338 tribus3
1261 2282 1297 2309 ¹3
1314 2289 1359 2326 et
1384 2297 1485 2325 cum
1507 2283 1734 2339 posuerint
1759 2282 1950 2338 vestigia

109 2341 275 2408 pedum
300 2355 477 2385 suorum
511 2341 764 2384 sacerdotes
781 2341 856 2397 qui
872 2346 1056 2397 portant
1075 2356 1225 2384 arcam
1250 2342 1430 2385 Domini
1457 2342 1542 2385 Dei
1558 2342 1777 2385 universae
1796 2346 1948 2397 terrae,

108 2401 156 2443 in
177 2401 303 2456 aquis
325 2401 354 2444 J
358 2401 556 2457 ordanis
584 2415 733 2469 aquae,
758 2415 856 2456 quae
883 2400 1118 2444 inferiores
1147 2406 1271 2458 sunt,
1299 2401 1534 2444 decurrent
1555 2406 1688 2457 atque
1715 2400 1946 2455 deficient;

109 2474 207 2516 quae
230 2465 381 2504 autem
402 2460 590 2517 desuper
611 2460 818 2514 veniunt,
842 2460 888 2502 in
916 2475 1005 2503 una
1030 2461 1147 2503 mole
1169 2461 1426 2504 consistent.

170 2518 204 2545 ²4
223 2519 369 2575 Igitur
392 2533 595 2576 egressus
624 2525 692 2563 est
715 2495 903 2576 popiilus
929 2519 984 2562 de
1008 2519 1311 2562 tabernaculis
1339 2519 1449 2576 suis,
1477 2525 1527 2563 ut
1555 2494 1763 2562 transiret
1787 2520 1815 2562 J
1820 2519 1946 2562 01da

110 2592 238 2633 nem3
261 2584 306 2622 et
334 2579 607 2646 sacerdotes,
635 2579 709 2634 qui
738 2578 979 2636 pertabant
1004 2592 1154 2621 arcam
1182 2579 1387 2633 foederis,
1421 2579 1669 2635 pergebant
1697 2583 1802 2621 ante
1832 2591 1946 2621 eum.

54 2687 62 2693 p
112 2637 146 2665 ¹5
171 2638 476 2694 ingressisque
513 2638 579 2681 eis
609 2639 638 2681 J
643 2638 875 2692 ordanem,
911 2643 954 2681 et
986 2637 1173 2694 pedibus
1210 2652 1361 2681 eorum
1394 2637 1439 2680 in
1476 2642 1602 2694 parte
1635 2651 1764 2693 aquae
1794 2637 1947 2680 tinctis

112 2697 354 2754 (Jonianis
376 2703 527 2741 autem
550 2697 669 2754 ripas
695 2697 812 2740 alvei
835 2697 902 2740 sui
928 2703 1126 2753 tempore
1147 2697 1305 2740 messis
1326 2695 1648 2753 impleverat),
1676 2696 1711 2723 1⁶
1729 2700 1947 2739 steterunt

109 2771 236 2812 aquae
262 2756 582 2800 descendentes
606 2757 653 2799 in
675 2757 772 2800 loco
797 2771 904 2811 uno,
929 2761 974 2799 et
998 2755 1057 2798 ad
1084 2756 1226 2799 instar
1251 2756 1416 2799 monti-s
1438 2756 1787 2799 intumescentes
1812 2769 1947 2812 appa-

109 2816 267 2859 rebant
288 2817 460 2873 procul,
484 2816 540 2858 ab
567 2816 674 2860 urbe
697 2816 794 2872 quae
817 2820 1001 2858 vocatur
1024 2815 1172 2858 Adom
1193 2829 1332 2871 usque
1355 2815 1412 2858 ad
1433 2815 1580 2858 locum
1607 2814 1821 2869 Sarthan3
1847 2829 1948 2870 quae

109 2879 260 2918 autem
283 2875 516 2919 inferiores
538 2880 683 2932 erant,
705 2876 754 2918 in
775 2889 897 2917 mare
923 2874 1180 2918 solitudinis
1196 2875 1336 2932 (quod
1358 2889 1476 2917 nunc
1493 2879 1680 2917 vocatur
1696 2875 1944 2931 Mortuum)

109 2934 453 2991 descenderunt,
484 2949 710 2991 usquequo
740 2934 921 2977 omnino
954 2933 1206 2978 deficerent.
1243 2933 1276 2960 ¹⁷
1297 2933 1494 2990 Populus
1525 2938 1676 2976 autem
1709 2933 1952 2976 insedebat>

109 2999 262 3036 contra
283 2994 492 3049 Jerich03
514 2999 560 3037 et
583 2994 857 3047 sacerdotes,
885 2993 957 3048 qui
983 2993 1224 3050 portabant
1250 3007 1399 3035 arca-m
1424 2992 1607 3036 foederis
1630 2991 1832 3047 Domini,
1858 2998 1946 3035 sta·

108 3050 218 3095 bant
241 3067 372 3111 super
395 3053 561 3097 siccam
586 3054 771 3096 humum
795 3053 841 3095 in
867 3052 1014 3096 medio
1036 3052 1246 3096 soi-danis
1268 3051 1481 3107 accincti,
1507 3051 1737 3107 omnisque
1758 3052 1946 3108 populus

108 3125 189 3167 per
206 3118 405 3156 arentem
431 3112 608 3155 alveum
634 3112 868 3155 transibat.

168 3171 275 3216 CAP.
306 3172 387 3216 IV.
414 3197 472 3204 -—
503 3171 519 3198 ²
538 3171 705 3222 Quibus
734 3171 1042 3227 transgressis,
1075 3171 1193 3214 dixit
1222 3171 1440 3214 Dominus
1473 3170 1531 3214 ad
1564 3170 1706 3213 Josne
1734 3186 1744 3214 ε
1777 3169 1794 3196 '²
1816 3170 1947 3225 Elige

110 3229 344 3274 duodecim
365 3231 504 3287 viros,
535 3231 735 3287 singulos
762 3245 840 3287 per
868 3229 1069 3286 singulas
1090 3230 1253 3285 tribus,
1275 3230 1292 3256 3
1310 3236 1354 3273 et
1379 3229 1571 3286 praecipe
1597 3229 1680 3284 eis,
1710 3233 1760 3271 ut
1783 3228 1946 3271 tollant

110 3289 166 3333 de
198 3289 345 3333 medio
383 3290 595 3333 ‹on-danis
630 3290 782 3344 alveo,
822 3289 897 3332 ubi
938 3294 1157 3333 steterunt
1196 3289 1334 3346 pedes
1372 3289 1672 3343 sacerdotum,
1711 3287 1944 3330 duodecim

110 3347 364 3392 durissimos
389 3349 572 3406 lapides,
593 3363 699 3405 quos
724 3349 899 3405 ponetis
919 3348 966 3391 in
991 3349 1088 3395 loco
1110 3354 1277 3391 castror
1281 3363 1366 3404 um
1391 3348 1467 3391 ubi
1491 3347 1680 3390 fixeritis
1704 3347 1788 3388 hac
1810 3351 1942 3388 nocte

109 3408 313 3451 tentoria.
354 3408 379 3435 4
397 3409 674 3464 Vocavitque
718 3409 856 3451 Josue
896 3408 1131 3451 duodecim
1172 3422 1240 3450 v11
1243 3422 1317 3463 os,
1363 3421 1471 3463 quos
1512 3407 1708 3462 elegerat
1751 3405 1804 3447 de
1841 3404 1943 3447 filiis

111 3466 269 3522 Israel,
304 3467 501 3524 singulos
539 3467 592 3510 de
626 3467 814 3524 singulis
850 3457 1073 3520 tribubus,
1109 3467 1126 3494 5
1150 3472 1196 3510 et
1232 3467 1296 3509 ait
1330 3467 1384 3509 ad
1423 3481 1522 3509 eos:
1552 3466 1620 3508 Ite
1657 3469 1761 3507 ante
1793 3477 1944 3506 arcam

113 3525 292 3568 Domini
319 3527 402 3569 Dei
427 3527 562 3570 vestri
588 3526 646 3569 ad
672 3525 882 3570 Jordanis
907 3526 1125 3581 medium,
1152 3532 1199 3568 et
1221 3530 1395 3582 portate
1426 3524 1528 3567 inde
1555 3522 1720 3579 singuli
1744 3521 1943 3579 singulos

112 3668 140 3701 7]
158 3667 235 3700 Sup.
255 3668 280 3703 1,
293 3671 320 3697 5.
337 3682 373 3688 —
390 3670 436 3703 11]
455 3671 529 3698 Act,
548 3670 624 3705 VII⁷
641 3673 686 3698 45.
700 3685 734 3690 —-
758 3671 803 3703 15]
820 3668 922 3698 Eccli.
941 3669 1066 3702 XXIV,
1083 3672 1126 3696 36.

2064 463 2162 491 iacuit
2171 472 2186 490 u
2193 472 2207 491 5

2081 509 2193 540 cxph»

2060 555 2218 582 ratorum⁴

2076 1054 2204 1081 Instru-

2036 1095 2165 1124 ctione-3
2201 1098 2239 1125 da

2063 1146 2155 1169 trans
2143 1140 2219 1169 itu.

2047 2530 2226 2561 Tmnsitus

2076 2574 2190 2611 initia,

2055 3181 2215 3215 peractio.
