2391 3861
706 166 850 208 Hunn.
888 166 1027 219 VIII,
1063 167 1088 203 8
1120 192 1178 198 —
1212 166 1297 221 IX,
1333 166 1400 208 22.
1849 168 1958 211 1325

142 333 158 360 ὃ
179 333 444 391 Vituperans
470 334 588 378 enim
618 350 690 378 eos
721 335 829 378 dicit
855 353 863 380 :
894 337 1007 378 Ecce
1033 336 1125 379 (lies
1156 336 1354 390 venient,
1384 335 1493 379 dicit
1523 335 1759 389 Dominus,
1788 342 1830 379 et
1855 352 1957 380 con-

140 394 373 436 summabo
411 408 542 450 super
578 393 757 436 domum
795 395 954 448 Israel,
997 401 1040 437 et
1076 409 1205 451 super
1247 394 1426 437 domuin
1467 394 1606 450 Juda,
1645 400 1959 438 testamentum

140 465 333 507 novum3
366 451 486 495 ⁰non
518 453 760 495 secundum
791 458 1103 496 testamentum
1132 453 1244 508 quod
1276 453 1363 496 feci
1393 453 1588 509 patribus
1613 467 1784 507 eorum,
1818 454 1862 494 in
1889 454 1959 497 die

140 524 225 566 qua
246 511 518 567 apprehendi
542 526 721 554 manum
745 526 916 567 corum,
944 517 991 554 ut
1016 512 1246 555 educerem
1275 511 1372 555 illos
1398 511 1451 554 do
1474 517 1587 555 terra
1613 511 1801 568 AEgypti
1822 528 1830 566 ;
1855 527 1957 567 quo-

139 569 258 612 niam
283 569 367 625 ipsi
395 584 479 612 non
503 575 838 626 permanserunt
860 571 902 612 in
930 575 1194 614 testamento
1217 585 1333 625 mec,
1358 576 1400 613 et
1426 585 1507 626 ego
1533 570 1707 625 neglexi
1731 584 1823 626 eos,
1851 570 1959 613 dicit

143 628 371 672 Dominus.
404 628 437 654 ¹⁰
459 629 572 679 Quia
602 629 685 671 hoc
711 634 776 672 est
797 633 1112 672 testamentum
1135 629 1249 684 quod
1273 629 1503 685 disponam
1527 629 1675 672 domui
1702 629 1840 672 Israel
1862 635 1960 686 post

139 687 230 730 dies
263 687 382 743 illos,
414 687 522 730 dicit
553 687 766 730 Dominus
799 704 808 738 ;
843 687 1001 730 Dando
1035 688 1154 742 leges
1189 702 1308 730 meas
1340 687 1385 729 in
1420 693 1610 731 mentem
1643 702 1813 743 eorum,
1843 693 1886 731 et
1914 687 1959 730 in

139 747 269 790 corde
295 761 443 790 eorum
469 746 792 803 superscribam
818 760 919 799 eas3
948 751 990 789 et
1017 760 1088 789 ero
1114 746 1175 788 eis
1201 746 1247 788 in
1271 747 1426 801 Deum,
1455 752 1496 788 ct
1524 747 1606 803 ipsi
1630 753 1757 789 erunt
1784 747 1893 789 mihi
1913 747 1958 789 in

140 806 347 861 populum
370 823 378 859 3
407 805 435 830 ¹¹
457 811 500 848 ct
523 819 607 848 non
635 805 811 848 docebit
833 805 1131 860 unusquisque
1157 804 1408 860 proximum
1433 819 1572 859 suurn,
1596 812 1639 848 et
1661 806 1960 862 unusquisque

137 865 322 907 fratrem
356 878 505 919 suum,
532 864 683 907 dicens
714 881 721 907 :
748 864 974 919 Cognosce
1002 863 1270 919 Dominum;
1299 863 1507 919 quoniam
1534 878 1684 906 omncs
1706 865 1846 908 scient
1868 879 1957 920 me,

136 938 161 964 a
194 924 361 966 minore
397 937 532 978 usque
560 923 616 965 ad
651 922 865 978 majorem
895 936 1072 976 eorum;
1106 920 1141 947 ¹⁹·
1166 921 1269 977 quia
1302 922 1517 979 propitius
1550 937 1621 966 ero
1649 922 1960 978 iniquitatibus

137 996 307 1037 corum,
344 987 385 1024 et
420 987 703 1037 peccatorum
737 995 886 1025 eorum
922 981 1015 1037 jam
1057 995 1143 1024 non
1181 981 1470 1024 memorabor.
1508 981 1541 1008 ¹3
1572 981 1772 1025 Dicendo
1810 988 1959 1025 autem

137 1054 320 1095 novum,
349 1040 565 1083 veteravit.
591 1040 722 1096 prius,
751 1040 873 1091 Quod
906 1045 1054 1083 autem
1079 1039 1337 1095 antiquatur
1363 1044 1406 1082 et
1431 1040 1641 1096 senescit,
1666 1054 1801 1096 prope
1827 1041 1959 1084 inter-

135 1099 246 1143 itum
272 1107 349 1144 est.

194 1160 301 1203 CAP.
321 1161 402 1203 IX.
423 1186 479 1193 —
504 1160 513 1186 ¹
536 1160 708 1202 Habuit
727 1160 904 1216 quidem
922 1165 965 1203 ct
984 1160 1102 1216 prius
1120 1159 1458 1216 justificationes
1477 1159 1673 1216 culturae,
1694 1165 1737 1203 et
1754 1165 1959 1203 sanctum

134 1219 357 1262 saeculare.
381 1218 398 1244 ²³·
415 1219 771 1262 Tabernaculum
793 1218 911 1262 enim
935 1219 1110 1261 factum
1139 1223 1206 1262 est
1230 1218 1442 1275 primum,
1468 1219 1514 1261 in
1536 1233 1621 1274 quo
1646 1223 1773 1262 erant
1798 1218 1957 1262 cande-

134 1277 279 1334 labra,
315 1283 358 1321 et
392 1293 563 1334 mensa,
595 1282 639 1321 et
670 1277 909 1335 propositio
939 1292 1125 1334 panum,
1156 1291 1253 1333 quae
1280 1277 1441 1320 dicitur
1467 1279 1641 1322 Sancta.
1669 1277 1686 1304 3
1704 1278 1809 1321 Post
1839 1277 1958 1320 vela-

135 1342 334 1380 mentum
360 1342 510 1380 autem
532 1337 788 1390 secundum,
811 1337 1161 1392 tabernaculum,
1185 1336 1300 1392 quod
1323 1336 1485 1379 dicitur
1504 1337 1667 1380 Sancta
1690 1342 1957 1391 sanctorum,

133 1395 149 1422 ⁴
167 1410 349 1439 aureum
375 1396 542 1440 habens
567 1395 855 1451 thuribulum,
882 1401 925 1438 et
949 1398 1098 1439 arcam
1124 1394 1379 1439 testamenti
1406 1395 1739 1438 circumtectam
1761 1410 1814 1439 ex
1839 1396 1957 1438 omni

133 1460 256 1512 parte
282 1470 408 1511 auro,
438 1456 484 1497 in
507 1470 593 1511 qua
615 1469 724 1497 urna
744 1469 877 1498 aurea
905 1455 1074 1498 habens
1104 1469 1288 1510 manna,
1316 1460 1360 1497 et
1385 1455 1512 1510 virga
1540 1456 1687 1498 Aaron
1713 1469 1809 1510 quae
1835 1455 1956 1498 fron-

134 1514 309 1570 duerat,
344 1520 388 1558 et
424 1514 589 1557 tabulae
626 1513 911 1569 testamenti3
952 1514 969 1540 5
997 1528 1211 1570 superque
1245 1528 1344 1556 eam
1382 1519 1506 1557 erant
1540 1514 1768 1557 cherubim
1805 1513 1957 1570 gloriae

133 1573 445 1616 obumbrantia
483 1572 869 1628 propitiatorium:
911 1572 964 1616 de
1007 1572 1164 1628 quibus
1204 1587 1291 1615 non
1333 1578 1399 1616 est
1439 1573 1569 1616 modo
1607 1573 1844 1616 dicendum
1882 1587 1958 1629 per

131 1632 321 1687 singula.
352 1632 370 1658 ss
388 1632 473 1673 His
502 1645 606 1674 vero
638 1631 701 1673 ita
734 1631 1010 1687 compositis,
1040 1630 1086 1673 in
1116 1631 1249 1687 priori
1272 1632 1449 1687 quidem
1475 1632 1761 1675 tabernaculo
1786 1646 1959 1689 semper

131 1690 377 1733 introibant
409 1690 680 1745 sacerdotes,
714 1689 1030 1732 sacrificiorum
1065 1690 1207 1733 officia
1237 1695 1623 1746 consummantes;
1651 1690 1666 1716 7
1692 1690 1738 1733 in
1765 1691 1958 1734 secundo

130 1754 281 1793 autem
302 1749 438 1792 semel
463 1749 509 1792 in
534 1762 650 1791 anno
676 1749 794 1791 solus
817 1748 1044 1805 pontifex,
1072 1763 1159 1792 non
1185 1748 1278 1792 sine
1304 1749 1540 1805 sanguine,
1569 1764 1699 1805 quem
1725 1749 1856 1793 offert
1881 1765 1957 1806 pro

131 1823 211 1852 sua
239 1814 284 1852 et
312 1807 464 1866 populi
489 1807 771 1864 ignorantia3
798 1807 815 1834 8
837 1808 919 1851 hoc
945 1807 1225 1863 significante
1252 1807 1418 1864 Spiritu
1443 1813 1618 1864 sancto,
1642 1808 1838 1852 nondum
1861 1823 1955 1865 pro-

131 1869 326 1925 palatam
352 1882 445 1911 esse
467 1872 721 1910 sanctorum
745 1867 886 1923 viam,
909 1866 1055 1910 adhuc
1077 1867 1220 1924 priore
1245 1867 1533 1910 tabernaculo
1559 1867 1751 1911 habente
1777 1872 1957 1911 statum.

131 1927 149 1953 9
173 1927 278 1978 Quae
311 1927 523 1984 parabola
559 1932 626 1969 est
660 1926 871 1983 temporis
908 1926 1137 1981 instantis,
1174 1926 1304 1982 juxta
1338 1940 1470 1982 quam
1503 1941 1686 1970 munera
1719 1933 1763 1970 et
1799 1927 1956 1970 hostiae

132 1986 391 2042 offeruntur,
427 2000 524 2042 quae
552 2000 641 2029 non
673 1990 858 2042 possunt
885 1985 1016 2042 juxta
1047 1985 1366 2029 conscientiam
1399 1986 1651 2042 perfectum
1686 1986 1838 2029 facere
1870 2000 1957 2029 ser-

131 2045 341 2100 vientem,
367 2045 644 2089 solummodo
669 2045 716 2087 in
742 2044 865 2100 cibis,
895 2049 940 2087 et
963 2045 1009 2087 in
1039 2045 1228 2102 potibus,
1255 2044 1291 2071 ¹⁰
1309 2049 1352 2088 et
1373 2044 1507 2087 variis
1530 2044 1886 2101 baptismatibus,
1914 2052 1957 2089 et

131 2104 316 2161 justitiis
338 2104 502 2159 carnis,
530 2118 666 2159 usque
691 2103 748 2146 ad
774 2109 947 2161 tempus
970 2103 1254 2148 correctionis
1279 2103 1511 2160 impositis,

192 2163 224 2189 ¹¹
246 2163 444 2207 Christus
472 2169 621 2207 autem
646 2163 857 2206 assistens
889 2163 1096 2219 pontifex
1121 2163 1374 2206 futurorum
1398 2163 1632 2215 bonorum,
1661 2177 1737 2220 per
1765 2164 1957 2221 amplius

131 2228 175 2266 et
196 2222 438 2280 perfectius
460 2222 797 2265 tabernaculum
818 2235 907 2265 11011
924 2223 1248 2277 manufactum,
1266 2222 1312 2265 id
1331 2227 1409 2277 est,
1432 2236 1520 2266 non
1541 2222 1674 2279 hujus
1696 2222 1956 2276 creationis3

132 2281 168 2308 1⁸2
185 2296 326 2337 neque
359 2296 435 2338 per
463 2281 728 2337 sanguinem
756 2281 977 2324 hircorum
1006 2286 1084 2324 aut
1109 2281 1369 2337 vitulorum,
1396 2281 1471 2325 sed
1497 2296 1574 2338 per
1602 2282 1828 2338 proprium
1858 2297 1957 2326 san-

132 2341 333 2398 guinem,
367 2341 566 2384 introivit
599 2341 735 2384 semel
767 2341 814 2383 in
855 2345 1030 2397 sancta,
1074 2345 1238 2384 aeterna
1277 2340 1581 2397 redemptione
1616 2340 1814 2385 inventa.
1852 2340 1888 2368 ¹3
1913 2342 1957 2385 Si

132 2400 252 2444 enim
274 2400 454 2457 sanguis
479 2400 702 2443 hircorum
733 2405 776 2444 et
800 2404 1048 2457 taurorum,
1078 2405 1123 2443 et
1145 2399 1255 2443 cinis
1278 2400 1432 2442 vitulae
1453 2414 1676 2457 aspersus,
1702 2400 1958 2456 inquinatos

132 2459 382 2503 sanctificat
403 2459 460 2503 ad
482 2459 845 2503 emundationem
871 2459 1028 2514 carnis,
1058 2459 1093 2486 '¹4
1111 2464 1274 2516 quanto
1300 2459 1444 2515 magis
1469 2459 1651 2515 sanguis
1676 2458 1852 2516 Christi,
1883 2460 1958 2516 qui

131 2533 210 2575 per
247 2518 460 2576 Spiritum
500 2523 705 2562 sanctum
742 2518 1029 2575 semetipsum
1071 2518 1233 2562 obtulit
1268 2517 1608 2562 immaculatum
1647 2520 1762 2573 Deo,
1806 2533 1958 2562 emun-

132 2577 258 2621 dabit
290 2577 609 2621 conscientiam
642 2582 838 2621 nostram
870 2578 927 2620 ab
968 2577 1173 2635 operibus
1208 2578 1412 2633 mortuis,
1451 2578 1507 2621 ad
1545 2577 1827 2621 serviendum
1865 2580 1959 2622 Deo

131 2636 333 2680 viventi?

192 2695 228 2722 ¹5
257 2697 316 2738 Et
349 2697 450 2740 ideo
486 2697 588 2740 novi
622 2698 878 2741 testamenti
917 2697 1133 2741 mediator
1169 2703 1255 2754 est,
1295 2702 1342 2741 ut
1380 2703 1517 2741 morte
1550 2697 1852 2741 intercedente
1910 2698 1957 2740 in

133 2754 483 2812 redemptionem
505 2770 654 2799 earum
680 2757 1099 2813 praevaricationum
1125 2771 1223 2813 quae
1245 2761 1370 2801 erant
1400 2758 1481 2800 sub
1511 2757 1643 2814 priori
1669 2761 1956 2813 testamento,

132 2814 515 2870 repromissionem
536 2815 759 2872 accipiant
792 2816 864 2873 qui
882 2816 1029 2860 vocati
1051 2822 1155 2859 sunt
1177 2821 1354 2860 aeternae
1371 2815 1644 2860 hereditatis.
1673 2815 1708 2842 16
1727 2815 1816 2859 Ubi
1840 2816 1958 2859 enim

131 2877 449 2916 testamentum
475 2879 560 2931 est,
589 2889 705 2918 mors
734 2890 913 2919 necesse
943 2880 1008 2919 est
1031 2875 1281 2919 intercedat
1301 2875 1538 2919 testatoris.
1570 2874 1604 2901 ¹⁷
1622 2875 1958 2919 Testamentum

133 2931 250 2975 enim
275 2932 319 2975 in
343 2933 526 2976 mortuis
548 2933 857 2978 confirmatum
884 2940 973 2990 est;
1000 2934 1197 2990 alioquin
1224 2934 1420 2978 nondum
1446 2935 1584 2990 valet,
1611 2934 1715 2978 dum
1742 2934 1855 2977 vivit
1884 2933 1957 2990 qui

131 2996 318 3035 testatus
344 2997 422 3035 est.

192 3050 228 3078 18
254 3051 385 3095 Unde
418 3065 498 3094 nec
530 3052 721 3108 primum
755 3053 932 3109 quidem
965 3054 1060 3097 sine
1093 3054 1310 3110 sanguine
1349 3053 1603 3097 dedicatum
1637 3059 1715 3097 est.
1755 3052 1791 3080 ¹9
1821 3055 1957 3097 Lecto

133 3111 251 3157 enim
276 3111 394 3154 omni
417 3110 628 3154 mandato
656 3111 768 3167 legis
792 3127 818 3154 a
839 3113 993 3169 Moyse
1015 3112 1220 3156 universo
1243 3113 1425 3170 populo,
1448 3113 1671 3170 accipiens
1693 3114 1956 3168 sanguinem

133 3169 373 3213 vitulorum
402 3174 444 3213 et
476 3169 718 3225 hircorum,
751 3185 852 3213 cum
880 3186 1014 3227 aqua,
1047 3176 1090 3215 et
1115 3172 1218 3215 lana
1247 3172 1475 3228 coccinea,
1503 3177 1546 3215 et
1572 3172 1783 3228 hyssopo,
1811 3171 1955 3228 ipsum

134 3242 303 3285 quoque
342 3229 503 3272 librum
539 3234 583 3272 et
620 3243 795 3273 omnem
827 3230 1040 3287 populum
1079 3231 1288 3288 aspersit,
1330 3230 1367 3257 2⁰
1400 3231 1551 3274 dicens
1596 3247 1604 3274 :
1647 3230 1735 3273 Hic
1775 3230 1956 3286 sanguis

133 3288 387 3332 testamenti
414 3287 529 3345 quod
552 3288 784 3331 mandavit
808 3289 865 3332 ad
887 3303 964 3333 vos
987 3290 1120 3333 Deus
1148 3289 1181 3316 2¹
1204 3290 1353 3333 Etiam
1380 3289 1715 3333 tabernaculum
1738 3293 1782 3332 et
1806 3289 1954 3332 omnia

134 3361 241 3389 vasa
261 3347 494 3392 ministerii
520 3347 736 3404 sanguine
757 3348 962 3391 similiter
986 3349 1172 3406 aspersit
1192 3367 1200 3405 3
1224 3347 1261 3375 Ἠ
1279 3355 1321 3393 et
1347 3349 1494 3392 omnia
1520 3362 1631 3405 pene
1663 3347 1709 3390 in
1739 3347 1955 3403 sanguine

133 3405 376 3449 secundum
397 3406 542 3463 legem
564 3406 846 3462 mundantur,
876 3412 918 3449 et
942 3406 1037 3450 sine
1058 3407 1289 3464 sanguinis
1315 3407 1529 3451 effusione
1553 3420 1638 3449 non
1668 3406 1717 3449 fit
1742 3406 1952 3449 remissio.

132 3578 162 3611 8]
183 3578 252 3606 Jer.
270 3576 399 3614 XXXI,
415 3580 461 3607 31.
478 3594 514 3598 -
530 3579 560 3612 2]
577 3580 638 3607 Ex.
657 3578 783 3613 XXVI,
802 3581 814 3605 1
838 3579 872 3605 ct
891 3578 1050 3612 XXXVI,
1068 3581 1094 3607 8.
1112 3593 1148 3598 —-
1164 3579 1194 3611 4]
1214 3579 1292 3605 Lev.
1310 3578 1400 3605 XVI.
1419 3578 1515 3605 Num.
1529 3577 1639 3605 XVII.
1654 3577 1706 3605 111
1722 3578 1804 3611 Reg.
1820 3577 1954 3613 V111,9.

133 3621 169 3649 11
188 3622 261 3650 Par.
278 3622 317 3657 V,
337 3623 382 3651 10.
399 3637 435 3642 —
452 3623 482 3656 7]
504 3623 565 3652 Ex.
583 3623 699 3658 XXX,
717 3625 761 3651 10.
777 3622 855 3651 Lev.
874 3622 974 3658 XVI,
994 3625 1020 3650 2.
1038 3637 1074 3641 -—
1095 3623 1142 3656 13]
1164 3622 1242 3650 Lev.
1261 3621 1360 3656 XVI,
1379 3624 1421 3650 15.
1440 3637 1475 3640 —
1497 3621 1543 3654 14]
1562 3621 1576 3647 I
1597 3621 1684 3648 Petr.
1704 3621 1718 3648 I
1731 3641 1738 3652 ,
1755 3623 1798 3649 19.
1818 3621 1832 3649 1
1859 3622 1954 3650 Joan.

133 3666 161 3701 1,
179 3668 202 3695 7.
220 3667 323 3700 Apoo.
342 3666 370 3702 Ι,
384 3670 412 3696 5.
429 3681 464 3687 -
482 3668 530 3701 15]
547 3667 614 3696 Gal.
633 3668 699 3702 ΙΙΙ,
718 3669 761 3695 15.
779 3681 813 3687 --
832 3666 879 3700 20]
896 3667 957 3695 Ex,
976 3666 1101 3699 XXIV,
1117 3670 1143 3694 8.

2081 1171 2213 1200 VetcriS

2024 1214 2124 1248 Legis
2156 1217 2266 1245 taber-

2041 1260 2199 1288 naculum
2217 1263 2251 1288 ct

2042 1303 2164 1333 hostiae
2189 1304 2246 1333 ini-

2068 1347 2229 1380 perfecta.

2049 2178 2175 2208 Christi
2194 2182 2239 2207 ta-

2037 2223 2254 2252 bernaculum

2060 2269 2094 2295 et
2117 2267 2230 2296 hostia

2068 2312 2228 2345 perfecta.

2085 2711 2206 2738 Mortb:

2083 2754 2209 2783 Christi

2052 2798 2238 2827 necessitas

2023 2842 2095 2872 sive
2124 2850 2167 2871 ex
2191 2842 2263 2871 idea

2041 2886 2248 2922 testamenti,>

2078 3061 2149 3090 sive
2166 3068 2209 3090 ex

2065 3104 2220 3139 analogia

2023 3149 2155 3178 Veteris
2170 3147 2279 3183 Legis.
