2456 3861
238 587 260 616 J
262 595 343 616 osne
354 609 360 623 ‚

175 639 241 660 non
265 633 398 665 Moyses
408 653 414 666 ,

225 676 372 708 reliquas

245 724 353 748 terras

190 767 402 794 subacturus.

242 1712 329 1741 Audi
340 1734 347 1747 ,

207 1759 246 1786 ut
262 1756 379 1785 facias,

176 2720 224 2747 Ne
241 2719 418 2747 oblivisca-

176 2762 223 2790 ris
246 2764 417 2791 factorum

210 2805 243 2834 in
261 2807 384 2835 Horeb.

118 3505 127 3510 υ
194 3489 287 3521 Fuge
305 3487 407 3516 idol-›-

227 3531 371 3559 latriam.

487 175 568 218 164
1060 174 1207 218 DEUT.
1242 173 1336 226 ΠΙ,
1375 172 1432 215 20
1464 199 1523 204 —-
1555 173 1636 228 IV,
1674 172 1739 216 15.

482 344 626 398 vobis,
661 343 698 370 20
724 343 862 386 donec
895 341 1091 397 requiem
1125 340 1292 382 tribuat
1326 339 1543 383 Dominus
1578 339 1793 382 fratribus
1826 340 2006 395 vestris,
2041 340 2157 384 sicut
2189 341 2315 385 Vobis

482 402 658 457 tribuit,
697 408 739 445 et
775 401 1031 458 possideant
1067 399 1151 455 ipsi
1190 398 1325 441 0113111
1364 403 1548 454 terram,
1591 412 1723 454 quam
1763 398 1945 441 daturus
1986 404 2053 442 est
2091 400 2153 443 eis
2193 406 2315 444 trans

482 461 752 514 Jordanen13
797 466 902 502 tunc
935 463 1180 501 revertetur
1212 456 1513 513 unusquisque
1545 457 1591 500 in
1628 457 1952 514 possessionem
1991 471 2139 515 suam,
2182 473 2315 515 quam

482 520 583 562 dedi
611 519 749 562 vobis.

540 577 573 604 9¹
602 578 737 620 Josue
773 591 945 633 quoque
977 576 1024 619 in
1057 581 1255 632 tempore
1287 575 1367 619 illo
1387 575 1600 633 praecepi,
1628 575 1779 618 dicens
1813 591 1822 619 :
1858 575 1985 619 Oculi
2018 575 2084 618 tui
2109 576 2316 620 viderunt

481 651 579 693 quae
613 636 725 679 fecit
758 636 975 679 Dominus
1004 636 1123 678 Deus
1147 640 1294 678 vester
1318 635 1488 678 duobus
1518 634 1586 677 his
1616 634 1794 690 regibus
1818 652 1827 689 3
1852 634 1916 677 sic
1945 634 2086 677 faciet
2112 635 2316 679 omnibus

479 696 649 752 regnis,
682 695 739 738 ad
772 710 871 751 quae
900 694 1166 737 transiturus
1196 708 1254 737 es.
1289 693 1326 720 2⁹²
1355 695 1423 737 Ne
1455 694 1613 737 timeas
1652 707 1754 748 eos;
1792 693 2010 736 Dominus
2043 693 2163 737 enim
2197 695 2316 737 Deus

480 760 625 798 vester
666 753 885 811 pugnabit
922 767 999 811 pro
1033 753 1173 796 vobis.
1218 752 1255 780 23
1284 754 1582 809 Precatusque
1623 767 1721 796 sum
1760 752 2004 796 Dominum
2035 752 2083 795 111
2119 758 2317 810 tempore

479 813 578 869 illo,
607 813 758 856 dicens
797 831 805 858 :
839 812 876 840 94
911 812 1101 856 Domine
1129 813 1270 868 Deus,
1301 817 1349 855 tu
1379 812 1554 870 coepisti
1584 811 1815 856 ostendere
1841 826 1967 854 servo
1992 817 2069 855 tuo
2092 812 2316 868 magnitu-

481 872 631 916 dinem
654 879 790 929 tuam,
819 886 1088 927 manumque
1114 871 1409 915 fortissimam
1430 889 1438 927 3
1467 886 1609 927 neque
1635 871 1754 914 enim
1780 876 1846 914 est
1870 871 1984 914 alius
2014 872 2148 926 Deus,
2175 871 2246 914 vel
2269 871 2317 914 in

481 932 611 988 03010,
638 932 710 975 vel
734 931 781 974 in
812 938 948 987 terra,
975 932 1049 987 qui
1076 931 1214 988 possit
1239 932 1388 974 facere
1424 945 1554 988 opera
1583 935 1682 985 tua,
1713 935 1755 973 et
1785 930 2031 986 comparari
2060 930 2316 973 fortitudini

480 996 581 1035 11130.
610 990 646 1018 “²⁵
664 991 882 1034 Transibo
910 990 1061 1046 igitur,
1089 995 1132 1033 et
1157 990 1319 1033 videbo
1346 996 1509 1033 terram
1531 991 1646 1032 hanc
1674 989 1888 1046 optimam
1915 996 2036 1033 trans
2059 990 2086 1033 J
2092 990 2316 1044 ordanem,

481 1055 524 1093 et
549 1056 747 1093 montem
771 1050 908 1093 istum
935 1049 1185 1105 egregium,
1213 1055 1256 1092 et
1283 1049 1520 1092 Libanum.
1549 1048 1586 1075 2⁶
1603 1049 1838 1104 Iratusque
1867 1054 1934 1092 est
1965 1049 2182 1092 Dominus
2207 1048 2317 1091 mihi

480 1115 657 1166 propter
682 1123 773 1164 VOS,
797 1123 877 1152 nec
905 1108 1134 1152 exaudivit
1161 1122 1243 1163 me,
1271 1108 1348 1151 sed
1372 1108 1486 1151 dixit
1508 1107 1618 1150 mihi
1652 1124 1660 1151 :
1693 1107 1874 1151 Sufficit
1897 1108 1980 1151 tibi
2003 1126 2012 1163 3
2037 1122 2318 1164 nequaquam

479 1168 595 1211 ultra
628 1168 821 1224 loquaris
857 1168 911 1211 de
940 1168 1024 1210 hac
1056 1181 1101 1210 re
1134 1167 1191 1209 ad
1218 1181 1303 1210 me.
1330 1166 1365 1192 2⁷
1384 1167 1591 1210 Ascende
1617 1181 1831 1210 cacumen
1858 1167 2068 1224 Phasgae,
2096 1173 2139 1211 et
2169 1167 2317 1211 oculos

479 1232 576 1271 tuos
600 1227 841 1271 circumfer
866 1227 922 1269 ad
947 1226 1237 1282 occidentem,
1267 1231 1310 1269 et
1335 1226 1392 1269 ad
1417 1226 1687 1282 aquilonem,
1710 1230 1999 1282 austrumque
2021 1232 2064 1270 et
2090 1226 2317 1283 orient-em,

479 1291 523 1329 et
543 1287 721 1344 aspice,
750 1300 831 1329 1100
858 1285 976 1329 0111111
1007 1285 1216 1328 transibis
1243 1285 1487 1328 Jordanem
1512 1285 1662 1328 istum.
1690 1283 1727 1312 28
1746 1285 1944 1342 Praecipe
1967 1286 1995 1329 J
2001 1299 2124 1341 osue,
2155 1290 2198 1328 et
2227 1299 2319 1328 cor-

477 1345 634 1388 robora
661 1360 761 1388 eum
782 1350 916 1401 atque
943 1345 1168 1399 conforta,
1200 1344 1303 1400 quia
1332 1344 1426 1401 ipse
1452 1345 1673 1400 praecedet
1699 1344 1913 1401 populum
1940 1345 2098 1401 istum,
2125 1349 2169 1388 et
2206 1344 2316 1388 divi-

479 1404 553 1447 det
586 1405 648 1448 eis
678 1409 842 1448 terram
871 1418 1006 1460 quam
1031 1403 1204 1446 visurus
1231 1418 1290 1447 es.
1317 1402 1354 1429 ‘29
1372 1403 1708 1459 Mansimusque
1735 1403 1782 1446 in
1811 1403 1951 1460 valle,
1982 1409 2135 1448 contra
2159 1403 2319 1448 fanum

479 1463 666 1520 Phogor.

583 1589 605 1642 ξ
639 1587 701 1629 Π.
735 1612 794 1618 --
827 1587 1003 1642 Moyses
1035 1586 1237 1628 hortatur
1269 1586 1488 1629 Israelem
1520 1586 1583 1629 ad
1618 1586 1703 1629 Dea·
1726 1592 1950 1643 praecepta
1982 1586 2212 1629 servanda.

538 1706 645 1750 CAP.
680 1706 761 1749 IV.
794 1731 854 1738 —-
887 1705 900 1731 ‘¹
928 1706 986 1748 Et
1019 1719 1158 1760 nunc,
1203 1705 1363 1761 Israel,
1399 1705 1504 1748 audi
1538 1711 1763 1762 praecepta
1797 1711 1840 1749 et
1873 1705 2063 1761 judicia,
2098 1720 2198 1761 quae
2239 1719 2321 1761 ego

480 1765 614 1808 doceo
640 1770 703 1820 te,
731 1770 780 1807 ut
805 1764 978 1807 faciens
1004 1778 1076 1820 ea,
1102 1764 1249 1820 vivas,
1277 1770 1320 1807 et
1345 1764 1599 1820 ingrediens
1626 1764 1851 1821 possideas
1878 1772 2060 1820 terram,
2081 1779 2214 1820 quam
2233 1765 2322 1807 Do-

480 1824 625 1866 minus
680 1825 798 1867 Deus
843 1830 1019 1880 patrum
1060 1829 1307 1866 vestrorum
1349 1823 1531 1866 daturus
1573 1830 1638 1867 est
1679 1823 1818 1867 vobis.
1853 1822 1871 1849 2
1906 1824 2007 1867 Non
2050 1823 2224 1867 addetis
2263 1823 2321 1866 ad

480 1883 664 1927 verbum
704 1883 821 1939 quod
862 1883 988 1926 vobis
1028 1882 1201 1938 loquor,
1237 1897 1317 1925 1100
1358 1883 1572 1926 auferetis
1614 1897 1668 1926 ex
1709 1897 1758 1926 eo
1793 1899 1801 1926 ε
1844 1883 2064 1927 0081011110
2107 1883 2322 1926 mandata

481 1942 661 1985 Domini
698 1943 779 1986 Dei
813 1942 947 1986 vestri
982 1956 1080 1997 quae
1115 1956 1196 1998 ego
1227 1941 1438 1998 praecipio
1464 1942 1604 1985 vobis.
1638 1941 1656 1968 3
1683 1941 1811 1986 Oculi
1837 1941 1971 1985 vestri
1997 1942 2203 1986 viderunt
2228 1956 2322 1985 om-

480 2002 553 2044 nia
581 2016 679 2058 quae
705 2002 816 2044 fecit
851 2001 1068 2044 Dominus
1104 2006 1256 2044 contra
1294 2001 1588 2057 Beelphegor,
1625 2001 1843 2057 quomodo
1878 2001 2136 2044 contriverit
2170 2015 2321 2045 omnes

481 2060 669 2104 cultores
706 2061 802 2116 ejus
837 2060 891 2103 de
925 2060 1069 2103 medio
1103 2060 1263 2114 vestri;
1299 2059 1317 2086 4
1342 2074 1419 2103 vos
1451 2066 1602 2104 autem
1632 2060 1706 2116 qui
1735 2060 1974 2103 adhaeretis
2009 2060 2200 2104 Domino
2229 2062 2322 2104 Deo

480 2125 645 2175 vestro,
673 2119 825 2163 vivitis
852 2119 1047 2163 universi
1074 2134 1211 2175 usque
1236 2120 1283 2162 111
1309 2125 1575 2176 praesentem
1601 2119 1733 2163 diem.
1761 2120 1778 2146 5
1802 2120 1934 2163 Scitis
1961 2119 2078 2175 quod
2096 2119 2322 2163 docuerim

480 2193 557 2222 vos
583 2184 807 2236 praecepta
832 2185 966 2234 atque
990 2178 1209 2234 justitias,
1237 2179 1352 2221 sicut
1378 2178 1611 2222 mandavit
1639 2179 1749 2222 mihi
1780 2179 1998 2222 Dominus
2026 2180 2145 2222 Deus
2171 2193 2320 2234 111008;

480 2238 544 2281 810
578 2238 757 2281 facietis
789 2252 840 2282 ea
866 2238 913 2280 in
947 2243 1082 2294 terra,
1119 2252 1252 2293 quam
1285 2238 1527 2295 possessuri
1561 2239 1691 2294 estis3
1725 2238 1742 2265 θ
1767 2243 1810 2282 01
1845 2237 2138 2282 observabitis
2168 2244 2212 2282 et
2238 2238 2321 2280 im-

480 2297 659 2354 plebitis
693 2311 846 2354 opere,
881 2297 980 2340 11300
1013 2302 1080 2340 081
1116 2297 1235 2340 enim
1267 2303 1414 2341 vestra
1448 2297 1667 2354 sapientia
1701 2302 1745 2341 et
1776 2297 2031 2341 intellectus
2066 2311 2214 2341 coram
2246 2311 2323 2354 po-

481 2356 617 2413 pulis,
656 2362 702 2399 ut
734 2355 965 2399 audientes
992 2356 1197 2400 universa
1223 2362 1447 2414 praecepta
1473 2357 1590 2412 11300,
1618 2357 1770 2400 dicant
1804 2374 1812 2400 :
1839 2358 1907 2400 En
1932 2356 2120 2413 populus
2145 2356 2321 2413 sapiens

482 2420 525 2458 et
563 2415 841 2471 intelligens,
886 2429 995 2471 gens
1036 2430 1214 2472 magna.
1257 2415 1272 2442 ⁷
1305 2416 1400 2459 Nec
1441 2421 1507 2459 est
1546 2416 1636 2459 alia
1676 2416 1798 2459 natio
1839 2421 1932 2459 tam
1972 2415 2174 2472 grandis,
2223 2430 2322 2472 quae

481 2474 645 2517 habeat
679 2474 781 2518 deos
815 2475 1220 2531 appropinquantes
1254 2475 1360 2531 sibi,
1395 2475 1510 2518 sicut
1545 2477 1664 2519 Deus
1699 2481 1846 2519 noster
1879 2475 2006 2518 adest
2039 2475 2211 2518 cunctis
2245 2475 2323 2518 ob·

482 2533 802 2576 secrationibus
836 2534 1022 2589 nostris;
1057 2536 1073 2560 ὅ
1100 2549 1197 2590 quae
1233 2540 1298 2578 est
1331 2535 1450 2578 enim
1483 2534 1572 2578 alia
1606 2549 1714 2591 gens
1747 2535 1811 2577 sic
1843 2533 2034 2590 inclyta,
2069 2539 2119 2577 ut
2158 2533 2322 2577 habeat

483 2593 774 2648 ceremonias,
809 2592 1016 2649 justaque
1049 2593 1240 2650 judicia,
1272 2599 1315 2637 et
1342 2594 1591 2638 universam
1620 2594 1784 2651 legem,
1813 2607 1946 2649 quam
1971 2606 2052 2648 ego
2078 2607 2322 2650 proponam

483 2651 613 2695 hodie
637 2658 741 2695 ante
768 2652 917 2695 oculos
944 2652 1146 2696 vestros?

543 2710 560 2737 9
585 2711 768 2754 Custodi
801 2711 940 2767 igitur
972 2712 1277 2769 temetipsum,
1312 2719 1355 2757 et
1388 2714 1587 2756 animam
1612 2719 1736 2756 tuam
1760 2712 1964 2756 sollicite.
1991 2713 2059 2756 Ne
2084 2711 2321 2756 oblivisca-

483 2770 540 2813 ris
582 2770 837 2826 verborum,
881 2785 980 2826 quae
1021 2772 1228 2815 viderunt
1268 2773 1385 2816 oculi
1426 2773 1512 2828 tui,
1554 2778 1597 2816 et
1637 2787 1692 2816 ne
1732 2772 1941 2816 excidant
1981 2772 2035 2815 de
2075 2771 2206 2815 corde
2245 2777 2323 2815 tuo

485 2829 656 2872 cunctis
690 2829 844 2872 diebus
877 2830 985 2873 vitae
1018 2836 1121 2874 1030.
1158 2831 1348 2875 Docebis
1383 2847 1433 2875 ea
1466 2832 1579 2875 filios
1613 2846 1666 2874 ac
1699 2837 1879 2887 nepotes
1913 2836 2032 2887 tuos,
2068 2830 2104 2857 ¹⁰
2128 2845 2154 2873 a
2179 2830 2251 2874 die
2273 2830 2321 2874 in

485 2902 568 2944 quo
603 2888 764 2931 stetisti
799 2903 948 2932 coram
983 2890 1174 2933 Domino
1207 2892 1298 2934 Deo
1325 2896 1400 2934 tuo
1425 2891 1472 2934 in
1499 2891 1672 2947 Horeb,
1700 2890 1875 2946 quando
1904 2891 2122 2934 Dominus
2147 2890 2321 2933 locutus

485 2953 550 2990 est
577 2947 708 3002 mihi,
736 2947 886 2991 dicens
912 2965 921 2992 :
947 2948 1179 3005 Congrega
1204 2950 1262 2992 ad
1287 2965 1358 2994 me
1382 2950 1616 3007 populum,
1643 2955 1692 2993 ut
1716 2949 1902 2992 audiant
1927 2963 2149 2993 sermones
2178 2962 2320 3005 meos,

485 3012 528 3049 et
569 3005 743 3048 discant
784 3007 940 3051 timere
980 3022 1050 3051 me
1091 3008 1211 3051 omni
1252 3014 1449 3066 tempore
1482 3023 1567 3066 quo
1608 3009 1766 3052 vivunt
1796 3008 1843 3051 in
1878 3014 2013 3064 terra,
2047 3008 2324 3064 doceantque

484 3065 597 3108 filios
631 3079 744 3108 suos.
781 3065 813 3091 ¹¹
843 3067 899 3108 Et
932 3067 1181 3111 accessistis
1222 3068 1278 3111 ad
1319 3068 1489 3112 radices
1532 3068 1714 3124 montis,
1749 3067 1822 3123 qui
1872 3067 2058 3110 ardebat
2095 3081 2232 3123 usque
2263 3067 2320 3110 ad

485 3123 673 3177 caelum;
708 3130 919 3180 erantque
950 3126 997 3168 in
1031 3140 1080 3170 eo
1114 3127 1331 3183 tenebrae,
1368 3133 1411 3171 et
1444 3128 1603 3184 nubes,
1630 3133 1673 3170 et
1699 3126 1858 3182 caligo.
1886 3126 1922 3152 ¹2
1948 3128 2231 3182 Locutusque
2256 3131 2322 3169 est

486 3183 702 3226 Dominus
743 3183 800 3226 ad
834 3197 910 3227 vos
952 3184 1006 3228 de
1047 3186 1191 3229 medio
1233 3186 1364 3242 ignis.
1407 3187 1577 3230 Vocem
1619 3186 1851 3229 verborum
1892 3186 1988 3242 ejus
2028 3185 2237 3241 audistis,
2278 3190 2324 3228 et

484 3243 678 3285 formam
712 3243 886 3299 penitus
920 3257 1007 3286 11011
1041 3244 1229 3288 vidistis.
1266 3246 1301 3272 ¹3
1327 3247 1385 3289 Et
1417 3246 1610 3289 ostendit
1643 3245 1768 3288 vobis
1803 3250 1984 3301 pactum
2017 3259 2166 3299 suum,
2205 3243 2321 3300 quod

485 3302 697 3358 praecepit
730 3307 778 3344 ut
811 3302 1040 3358 faceretis,
1076 3310 1117 3346 et
1153 3304 1305 3347 decem
1338 3305 1494 3360 verba,
1529 3319 1626 3361 quae
1661 3304 1837 3360 scripsit
1869 3304 1915 3347 in
1949 3303 2121 3347 duabus
2155 3302 2322 3346 tabulis

486 3361 686 3417 lapideis.
723 3360 756 3387 ¹4
782 3361 982 3416 Mihique
1015 3363 1246 3405 mandavit
1278 3364 1325 3406 in
1357 3364 1435 3407 illo
1469 3370 1665 3421 tempore
1699 3369 1747 3405 ut
1781 3363 1984 3406 docerem
2017 3376 2094 3406 vos
2128 3375 2321 3405 ceremo-

486 3420 581 3462 nias
615 3426 658 3463 et
690 3420 880 3476 judicia,
916 3435 1014 3476 quae
1048 3421 1197 3464 facere
1231 3422 1448 3466 deberetis
1481 3423 1528 3466 111
1561 3429 1676 3466 10113
1710 3436 1842 3478 quam
1875 3421 2115 3479 possessuri
2142 3421 2260 3464 estis.

547 3479 580 3505 ¹5
607 3479 837 3523 Custodite
861 3479 998 3535 igitur
1023 3480 1212 3524 sollicite
1237 3481 1409 3524 animas
1436 3488 1617 3525 vestras.
1645 3481 1745 3524 Non
1772 3481 1946 3524 vidistis
1972 3481 2169 3536 aliquam
2198 3479 2317 3523 simi-

486 3537 741 3594 litudinem,
775 3539 821 3580 in
856 3538 927 3582 die
961 3553 1045 3594 qua
1079 3539 1252 3582 locutus
1294 3546 1360 3583 est
1400 3540 1526 3584 vobis
1572 3540 1789 3583 Dominus
1821 3539 1868 3582 in
1903 3539 2054 3583 Horeb
2087 3539 2141 3582 de
2175 3538 2319 3595 medio

485 3682 533 3715 21]
554 3681 648 3709 Num.
668 3684 812 3719 XXVII,
831 3686 873 3711 18.
887 3699 923 3703 -
939 3684 987 3717 27]
1009 3683 1073 3711 Ins.
1092 3683 1222 3718 XXXI,
1235 3685 1251 3710 2
1269 3686 1304 3711 ct
1321 3683 1479 3718 XXXIV,
1493 3686 1518 3711 4.
1537 3698 1573 3703 -
1588 3684 1617 3716 3]
1637 3683 1733 3711 Num.
1752 3683 1859 3717 XXV,
1875 3686 1902 3711 4.
1920 3698 1955 3702 -
1973 3684 2020 3717 11]
2038 3684 2099 3711 Ex,
2117 3682 2211 3718 XIX,
2228 3685 2272 3711 18.
