2423 3861
152 715 277 748 Joseph

111 759 251 786 edoctus
272 760 313 785 ab

153 802 250 835 angel
268 813 272 826 1

91 844 230 874 Mariam
268 845 332 874 vir-

90 890 201 924 ginem
218 889 251 918 in
266 898 332 918 nia-

116 933 311 962 trimonium

159 977 263 1005 ducit.
300 989 309 995 -

134 1533 225 1568 Magi
243 1534 276 1563 in

108 1579 307 1606 Bethlehem

138 1629 277 1654 puerum

99 1667 119 1694 J
124 1673 217 1694 esum
235 1667 312 1695 ado-

165 1711 252 1738 rant.

127 2731 221 2765 Fuga
238 2731 270 2760 in

97 2775 281 2808 AEgyptum
294 2782 303 2811 3

147 2819 252 2847 caedes

103 2869 294 2895 puerorum.

406 147 518 189 1098
993 145 1180 186 MATTH.
1216 145 1258 199 Ι,
1298 145 1349 187 18
1383 170 1441 176 -
1474 145 1544 199 II,
1580 145 1648 187 18.

1048 410 1322 464 PRIMA
1371 410 1586 465 PARS

574 548 852 588 CHRISTI
902 548 1231 587 INFANTIA
1281 547 1582 595 VITAQUE
1626 549 2064 589 ABSCONDITA

457 684 491 710 ¹⁸
519 683 680 727 Christi
711 689 862 726 autem
892 684 1119 739 generatio
1154 683 1216 726 sic
1251 689 1356 727 erat.
1385 684 1497 727 Cum
1527 689 1643 727 esset
1669 684 1936 741 desponsata
1966 691 2108 729 mater
2137 686 2241 742 ejus

397 743 539 785 Maria
573 743 762 798 ε10501111,
797 748 1033 798 antequam
1072 744 1381 794 convenirent,
1416 743 1600 786 inventa
1637 749 1703 787 est
1735 744 1780 786 in
1815 750 1938 787 utero
1978 744 2145 788 habens
2180 746 2233 789 de

398 802 561 858 Spiritu
585 808 752 844 sancto.
781 801 816 827 ¹9
838 802 1006 858 Joseph
1027 807 1178 845 autem
1203 802 1271 845 vir
1296 803 1413 859 ejus,
1440 817 1543 846 cum
1567 808 1681 846 esset
1706 803 1873 858 justus,
1901 810 1944 846 et
1970 804 2108 847 nollet
2134 819 2238 847 eam-

396 860 647 916 traducere,
671 860 813 903 voluit
838 862 1012 904 occulte
1031 861 1255 905 dimittere
1282 876 1392 908 eam.
1414 861 1581 905 20Ηο00
1606 867 1756 905 autem
1783 877 1833 906 eo
1860 863 2105 918 cogitante,
2131 878 2238 907 ecce·

394 920 578 975 angelus
611 920 789 963 Domini
821 920 1026 977 apparuit
1058 920 1105 963 in
1138 921 1304 964 somnis
1339 921 1398 978 01,
1430 921 1611 966 dicens:
1640 923 1829 978 Joseph,
1854 922 1915 964 fili
1945 922 2113 979 David,
2142 924 2232 966 noli

395 979 551 1023 timere
576 979 779 1035 accipere
800 980 990 1023 Mariam
1019 980 1260 1036 conjugem
1290 986 1437 1036 tuam3
1460 981 1575 1037 quod
1603 981 1722 1024 enim
1740 981 1785 1023 in
1811 996 1862 1025 ea
1888 987 2042 1024 natum
2066 987 2153 1039 est,
2178 982 2237 1026 de
2300 1013 2304 1018 -

393 1039 560 1096 Spiritu
582 1044 737 1082 sancto
764 1044 842 1083 est.
867 1038 904 1066 Ἢ
925 1040 1074 1082 Pariet
1098 1046 1249 1083 autem
1277 1040 1438 1096 tilium,
1459 1046 1504 1084 et
1528 1039 1712 1084 vocabis
1739 1054 1901 1084 nomen
1924 1041 2021 1097 ejus
2043 1042 2198 1085 «10511111
2219 1059 2230 1097 ;

393 1098 488 1155 ipse
518 1098 636 1141 001111
669 1098 843 1140 salvum
873 1099 1012 1143 faciet
1045 1099 1259 1156 populum
1292 1114 1420 1142 51111111
1449 1115 1475 1143 a
1498 1100 1694 1157 peccatis
1718 1115 1882 1145 eorum.
1904 1100 1941 1127 22
1961 1102 2059 1144 Hoc
2081 1106 2234 1144 autem

394 1163 536 1200 totum
562 1158 735 1200 factum
762 1163 828 1201 est,
860 1164 910 1201 ut
943 1159 1263 1216 adimpleretur
1293 1159 1408 1215 quod
1444 1159 1615 1203 dictum
1642 1165 1713 1203 est
1742 1175 1772 1203 a
1795 1161 1997 1212 ‚Domino
2024 1175 2101 1217 per
2133 1175 2236 1218 pro--

392 1217 575 1275 phetam
601 1217 824 1260 dicentem
850 1234 858 1262 :
882 1216 919 1244 ²3
937 1219 1053 1261 Ecce
1079 1218 1203 1274 virgo
1233 1218 1279 1261 in
1307 1224 1430 1262 utero
1451 1218 1656 1275 habebit,
1672 1224 1720 1262 et
1745 1220 1886 1276 pariet
1904 1220 2043 1262 filium
2062 1237 2070 1275 3
2092 1226 2135 1263 et
2158 1234 2236 1262 110--

394 1277 560 1319 cabunt
584 1291 745 1320 nomen
769 1277 866 1333 ejus
890 1278 1181 1334 Emmanuel,
1207 1278 1322 1334 quod
1345 1284 1410 1322 est
1431 1279 1800 1335 interpretatum:
1830 1279 2074 1321 Nobiscum
2097 1280 2235 1322 Deus.

394 1334 429 1361 24
455 1336 688 1392 Exurgens
714 1342 864 1380 autem
890 1338 1058 1394 Joseph
1081 1352 1106 1380 a
1136 1352 1311 1393 somno,
1343 1339 1455 1381 fecit
1481 1338 1596 1381 sicut
1625 1339 1839 1395 praecepit
1864 1337 1903 1381 ei
1929 1338 2115 1394 angelus
2143 1339 2236 1381 Do—

393 1394 523 1450 mini,
551 1401 594 1438 et
618 1396 792 1453 accepit
822 1397 1061 1453 conjugem
1095 1411 1234 1440 suam.
1271 1397 1307 1424 ‘25
1326 1398 1384 1440 Et
1416 1412 1504 1441 non
1535 1397 1833 1454 cognoscebat
1867 1412 1965 1441 eam
1992 1398 2130 1441 donec
2155 1412 2229 1454 pe-

395 1455 505 1511 perit
528 1455 668 1497 filium
694 1470 824 1498 suum
857 1456 1231 1513 primogenitum3
1260 1463 1303 1500 et
1325 1458 1503 1500 vocavit
1529 1471 1690 1500 nomen
1718 1457 1814 1513 ejus
1841 1457 1869 1499 J
1874 1471 2013 1500 esum.

452 1514 557 1558 CAP.
579 1515 642 1567 II.
657 1542 717 1548 —
734 1515 747 1541 ¹
768 1516 880 1560 Cum
906 1530 1011 1572 ergo
1036 1513 1166 1559 natus
1189 1523 1304 1560 esset
1326 1518 1355 1559 J
1359 1531 1457 1560 esus
1479 1518 1525 1560 in
1552 1517 1815 1560 Bethlehem
1842 1517 1870 1559 J
1875 1517 1981 1571 uda,
2007 1519 2050 1559 in
2074 1517 2235 1561 diebus-

394 1574 585 1617 Herodis
610 1575 746 1631 regis,
777 1590 877 1619 ecce
902 1576 1026 1631 Magi
1051 1576 1107 1619 ab
1136 1577 1314 1620 Oriente
1341 1582 1558 1620 venerunt
1581 1576 1908 1632 Jerosolymam
1923 1613 1932 1633 ,
1957 1576 1974 1602 “2
1993 1576 2190 1621 dicentes
2218 1594 2230 1621 :

393 1634 482 1676 Ubi
517 1640 582 1677 est
608 1634 847 1689 qui'natus
884 1640 950 1678 est
990 1650 1066 1679 rex
1104 1636 1402 1680 J11dae01·u1n?
1439 1637 1631 1679 vidimus
1669 1635 1786 1678 enim
1824 1635 2001 1679 stellam
2043 1636 2142 1692 ejus
2182 1637 2229 1679 in
2272 1666 2275 1669 -

393 1693 591 1748 Oriente,
615 1699 659 1735 et
679 1694 881 1737 venimus
906 1694 1088 1738 adorare
1113 1709 1227 1739 eum.
1247 1695 1264 1721 3
1282 1695 1482 1738 Audiens
1508 1702 1655 1739 autem
1686 1695 1886 1738 Herodes
1908 1709 2004 1751 rex,
2025 1696 2233 1739 turbatus-

392 1758 478 1807 est,
502 1758 546 1800 et.
571 1752 712 1795 omnis
740 1754 1019 1810 Jerosoly'ma
1047 1768 1147 1796 cum
1176 1755 1268 1797 illo.
1298 1755 1315 1781 ¹
1341 1756 1398 1798 Et
1424 1769 1700 1812 congregans
1728 1769 1880 1797 omnes
1910 1755 2132 1812 principes
2158 1770 2226 1798 sa-

392 1811 618 1854 cerdotum
642 1822 685 1855 et
710 1813 878 1856 scribas
904 1814 1076 1870 populi,
1104 1815 1416 1857 sciscitabatur
1441 1816 1497 1857 ab
1524 1815 1585 1858 eis
1612 1814 1687 1856 ubi
1719 1814 1920 1858 Christus
1959 1821 2232 1858 nasceretur..

392 1871 487 1913 5At
520 1871 585 1913 illi
620 1871 829 1915 dixerunt
859 1873 897 1916 ei
939 1889 949 1916 ε
985 1874 1037 1916 111
1072 1874 1338 1917 Bethlehem
1369 1875 1395 1916 J
1402 1875 1534 1930 udae3
1570 1874 1632 1916 510
1667 1873 1785 1916 enim
1815 1873 2031 1931 scriptum
2064 1880 2130 1917 est
2150 1889 2235 1931 per·

391 1931 651 1987 prophetam
686 1947 694 1975 :
725 1931 742 1957 ⁶
763 1932 822 1974 Et
855 1938 901 1974 tu
936 1932 1221 1988 Bethlehem,
1257 1939 1371 1976 terra
1405 1934 1433 1976 J
1440 1934 1546 1989 uda,
1582 1947 1864 1990 nequaquam
1896 1933 2084 1976 minima
2110 1947 2154 1977 05
2180 1933 2229 1976 in

390 1989 663 2047 principibus
689 1991 718 2033 J
721 1991 832 2045 uda;
854 2006 908 2035 ex
930 1996 972 2035 te
999 1992 1117 2035 enim
1143 1992 1261 2036 exiet
1283 1993 1393 2049 (11111,
1415 1993 1488 2049 qui
1511 1998 1638 2049 regat
1659 1992 1872 2050 populum
1902 2007 2051 2036 meum
2073 1992 2227 2036 Israel.

390 2047 549 2092 7Τ11110
584 2050 804 2107 Herodes,
839 2051 954 2094 clam
987 2052 1157 2094 vocatis
1189 2052 1359 2108 Magis,
1396 2052 1637 2109 diligenter
1671 2051 1829 2095 didicit
1862 2052 1921 2094 ab
1954 2052 2017 2096 015
2050 2057 2235 2109 tempus-

389 2108 530 2151 stellae
565 2124 663 2165 (111εο
697 2111 904 2167 apparuit
930 2111 1004 2154 015.
1038 2111 1055 2138 8
1075 2112 1132 2154 Et
1158 2111 1340 2155 mittens
1366 2111 1467 2155 illos
1491 2112 1539 2155 10
1573 2111 1860 2168 Bethlehem,
1885 2111 2000 2154 dixit
2029 2129 2038 2157 ε
2064 2112 2157 2167 Ite,
2183 2117 2235 2155 01

387 2167 656 2224 interrogate
687 2169 925 2225 diligenter
953 2171 1007 2214 de
1036 2185 1195 2229 puer03
1224 2176 1268 2214 et
1295 2185 1395 2214 cum
1424 2171 1707 2228 inveneritis,
1740 2171 1992 2214 renuntiate
2021 2171 2152 2227 mihi,
2178 2176 2236 2213 ut.

388 2232 430 2271 et
452 2241 533 2283 ego
556 2229 739 2272 veniens
764 2230 944 2273 adorem
966 2245 1081 2274 eum.

447 2286 463 2312 9
481 2287 564 2337 Qui
591 2302 691 2331 cum
715 2290 945 2333 audissent
970 2305 1140 2348 regem,
1160 2291 1381 2336 abierunt.
1406 2292 1464 2335 Et
1490 2306 1593 2336 0000
1623 2291 1753 2335 stella
1783 2306 1914 2347 quam
1947 2290 2152 2334 viderant
2179 2290 2235 2333 10Α

389 2346 586 2403 Oriente,
614 2349 909 2392 antecedebat
931 2365 1024 2406 005,
1052 2365 1186 2407 usque
1213 2351 1319 2394 dum
1342 2352 1524 2395 veniens
1550 2356 1686 2395 staret
1712 2365 1866 2408 supra,
1886 2349 1962 2393 ubi
1985 2355 2077 2393 erat
2103 2364 2230 2407 puer.

389 2404 424 2431 ¹⁰
448 2405 660 2451 Videntes
696 2413 847 2452 autem
885 2410 1084 2466 stellam,
1123 2411 1267 2466 gavisi
1305 2416 1408 2454 sunt
1445 2411 1608 2467 gaudio
1643 2425 1808 2467 magno
1845 2409 1989 2453 valde.
2023 2409 2054 2435 ¹¹
2077 2410 2135 2452 Et
2160 2409 2225 2452 in-

387 2469 554 2508 trantes
581 2466 782 2523 domum,
805 2468 1072 2513 invenerunt
1092 2485 1278 2528 puerum
1298 2485 1400 2513 cum
1425 2470 1567 2513 Maria
1590 2475 1731 2513 matre
1750 2470 1867 2526 ejus,
1884 2474 1927 2512 et
1945 2469 2233 2526 procidentes-

385 2524 680 2569 adoraverunt
702 2541 825 2583 eum,
847 2534 890 2571 et
915 2529 1080 2585 apertis
1103 2530 1322 2573 thesauris
1347 2530 1460 2585 suis,
1479 2529 1737 2573 obtulerunt
1762 2529 1800 2572 ei
1828 2543 2031 2583 munera,
2050 2543 2224 2583 aurum,

385 2584 488 2627 thus
516 2590 558 2627 et
586 2587 826 2642 myrrham.
857 2587 892 2613 ¹⁹2
911 2589 968 2631 Et
992 2603 1202 2646 responso
1229 2595 1413 2646 accepto
1438 2590 1484 2632 in
1510 2589 1676 2632 somnis
1702 2603 1757 2630 ne
1779 2587 1974 2631 redirent
1994 2587 2056 2630 ⁴ad
2084 2588 2234 2631 Hero*

389 2642 514 2699 dem,
543 2659 618 2701 per
635 2645 772 2688 aliam
795 2647 914 2690 viam
940 2648 1105 2691 reversi
1126 2654 1231 2692 sunt
1252 2649 1297 2691 in
1324 2648 1552 2704 regionem
1578 2663 1718 2692 suam.

449 2703 481 2729 ¹3
499 2704 581 2754 Qui
603 2719 705 2748 cum
723 2707 1019 2764 recessissent,
1042 2722 1143 2751 ecce
1161 2708 1346 2764 angelus
1366 2708 1547 2751 Domini
1566 2707 1772 2765 apparuit
1794 2706 1839 2750 in
1858 2706 2024 2751 somnis
2040 2707 2071 2750 J
2073 2706 2232 2764 oseph,

386 2762 538 2806 dicens
571 2781 579 2808 :
604 2765 766 2822 Surge,
790 2771 835 2809 et
857 2767 1012 2824 accipe
1033 2781 1218 2823 puerum
1244 2773 1287 2811 et
1313 2773 1501 2811 matrem
1527 2768 1646 2824 ejus,
1670 2772 1712 2810 et
1733 2767 1843 2822 fuge
1866 2767 1914 2810 in
1937 2767 2192 2824 AEgyptum
2215 2783 2233 2819 ;,

385 2827 428 2865 et
454 2827 547 2865 esto
568 2823 630 2866 ibi
657 2839 795 2881 usque
817 2826 922 2869 dum
947 2827 1095 2870 dicam
1121 2826 1220 2871 tibi.
1249 2827 1469 2870 Futurum
1494 2832 1561 2870 est
1591 2826 1710 2870 enim
1741 2832 1790 2869 ut
1825 2826 2026 2870 Herodes
2056 2830 2225 2881 quaerat

384 2896 568 2937 puerum
597 2884 654 2926 ad
688 2885 963 2941 perdendum
997 2900 1111 2930 eum.
1139 2885 1175 2912 ¹4
1194 2886 1277 2937 Qui
1311 2901 1604 2943 consurgens,
1631 2885 1806 2943 accepit
1838 2900 2025 2942 puerum
2057 2889 2102 2928 et
2131 2899 2232 2927 ma·

383 2946 495 2983 trem
523 2941 619 2997 ejus
644 2950 793 2999 nocte,
819 2950 865 2988 et
886 2946 1066 2989 secessit
1087 2946 1133 2989 in
1158 2947 1424 3003 AEgyptum.
1445 2946 1481 2972 ‘¹5
1507 2947 1565 2989 Et
1590 2950 1684 2989 erat
1712 2945 1775 2988 ibi
1807 2959 1943 3000 usque
1968 2944 2024 2987 ad
2051 2943 2224 2986 obitum

386 2999 602 3056 Herodis3
634 3008 682 3045 ut
713 3003 1034 3061 adimpleretur
1057 3005 1173 3061 quod
1205 3006 1375 3049 dictum
1401 3011 1467 3050 est
1492 3020 1518 3048 a
1550 3004 1742 3049 Domino
1775 3018 1852 3061 per
1872 3003 2136 3060 prophetam
2158 3003 2231 3046 di·-

385 3064 559 3101 centem
593 3077 602 3104 ε
630 3063 698 3104 Ex
723 3063 925 3120 AEgypto
950 3065 1107 3108 vocavi
1134 3065 1276 3108 filium
1302 3081 1465 3110 meum.

446 3118 480 3145 ¹⁶
501 3119 626 3163 Tunc
658 3122 878 3179 Herodes,
913 3124 1070 3168 videns
1108 3125 1319 3181 quoniam
1364 3126 1521 3170 illusus
1557 3131 1671 3170 esset
1706 3140 1733 3168 a
1773 3125 1941 3181 Magis,
1980 3124 2119 3167 iratus
2153 3128 2225 3166 est

385 3177 529 3221 valde.
574 3180 630 3222 Et
663 3181 845 3224 mittens
881 3184 1045 3227 occidit
1075 3199 1226 3228 omnes
1259 3200 1417 3242 pueros
1450 3186 1525 3242 qui
1555 3190 1680 3229 erant
1711 3184 1758 3226 in
1794 3184 2079 3238 Bethlehem,
2107 3187 2150 3226 et
2175 3181 2222 3224 in

385 3237 588 3281 omnibus
610 3238 771 3283 finibus
798 3241 916 3298 ejus,
938 3258 966 3285 a
990 3243 1162 3286 bimatu
1192 3250 1236 3288 et
1268 3245 1410 3300 infra,
1436 3244 1683 3288 secundum
1715 3249 1891 3300 tempus
1922 3242 2039 3299 quod
2068 3241 2223 3297 exqui-

383 3296 517 3339 sierat
546 3311 572 3340 a
602 3299 762 3355 Magis.
798 3299 831 3326 ¹⁷
851 3301 975 3344 Tunc
1007 3303 1302 3359 adimpletum
1333 3310 1399 3347 est
1429 3304 1546 3360 quod
1578 3303 1750 3346 dictum
1775 3307 1842 3346 est
1871 3317 1947 3359 per
1967 3301 2221 3345 ..Ieremiam

384 3356 901 3411 prophetanrdicentem
932 3378 940 3404 z
970 3361 1002 3387 ¹⁸
1021 3362 1121 3405 Vox
1149 3363 1194 3404 in
1233 3364 1372 3406 Rama
1402 3363 1560 3406 audita
1594 3367 1680 3416 est,
1714 3361 1912 3418 ploratus
1946 3367 1990 3404 et
2023 3360 2230 3404 ululatus>

385 3415 549 3458 multus
585 3433 592 3460 :
618 3418 785 3461 Rachel
808 3419 985 3476 plorans
1008 3420 1119 3463 filios
1145 3436 1266 3477 suos,
1294 3428 1337 3465 et
1364 3422 1504 3464 noluit
1532 3421 1770 3476 consolari,
1795 3420 1896 3477 quia
1919 3434 2006 3464 non
2032 3423 2147 3463 sunt.

386 3601 435 3634 18]
455 3602 533 3631 Luc.
554 3605 580 3638 Ι,
601 3609 645 3634 27.
660 3622 695 3626 —
713 3608 762 3641 21]
779 3608 860 3636 Luc.
880 3608 914 3643 1,
935 3611 979 3636 31.
998 3610 1072 3637 Act.
1091 3609 1150 3644 Iv,
1173 3612 1215 3637 12.
1237 3624 1274 3628 -
1291 3610 1338 3642 23]
1360 3610 1402 3636 Is.
1420 3609 1506 3642 vn,
1525 3610 1569 3636 14.
1588 3623 1624 3628 —-
1642 3609 1671 3642 1]
1694 3609 1774 3636 Luc.
1793 3608 1848 3643 11,
1867 3609 1892 3636 7.
1913 3621 1949 3627 —
1965 3608 1995 3642 6]
2013 3606 2115 3643 Mieh.
2133 3606 2228 3642 ’Ἐθ-

385 3645 482 3674 Joan.
504 3647 568 3675 VII
583 3669 591 3683 ,
605 3653 649 3677 42.
668 3664 703 3670 —
722 3652 768 3685 11]
788 3652 841 3680 Ps.
861 3652 984 3688 LXXI,
1004 3655 1045 3681 10.
1065 3667 1101 3672 -
1119 3653 1166 3687 15]
1189 3653 1242 3681 Os.
1257 3650 1318 3686 ΧἿ,
1338 3655 1361 3680 1.
1376 3665 1415 3672 -
1431 3652 1480 3685 18]
1499 3652 1568 3680 Jer.
1587 3652 1715 3683 XXXI.
1732 3655 1772 3681 15.
