2456 3861
679 162 776 205 Jos.
811 162 925 216 VII,
964 162 1016 204 123
1048 188 1105 194 -—
1137 163 1277 211 VIII,
1316 164 1380 205 11.
1856 164 1941 205 203

116 333 193 389 qui
226 333 359 388 hujrus
393 332 576 376 sceleris
607 347 708 375 reus
742 338 822 375 est.
862 332 894 358 ¹3
916 333 1076 388 Surge,
1110 332 1339 375 sanctifica
1372 332 1603 388 populum,
1643 337 1685 374 et
1719 332 1790 374 dic
1827 333 1889 375 eis
1931 349 1938 375 :

117 391 470 436 sanctificamini
507 392 553 434 in
591 391 864 445 crasti‘num3
903 391 998 433 haec
1036 391 1154 433 enim
1189 391 1298 433 dicit
1345 391 1559 434 Dominus
1600 393 1717 433 Deus
1754 391 1888 435 lsrael
1930 408 1938 434 :

119 451 374 494 Anathema
404 450 451 493 in
484 450 629 493 medio
662 451 725 493 tui
765 454 848 505 est,
887 450 1052 503 Is1·acl;
1093 465 1179 492 non
1212 450 1376 505 poteris
1413 455 1530 492 stare
1560 464 1707 492 coram
1741 449 1940 492 hostibus

117 510 224 565 tuis,
255 509 395 553 donec
424 510 624 552 deleatur
655 523 709 552 ex
739 515 781 552 te
811 508 885 564 qui
920 509 1000 551 hoc
1031 507 1357 551 contaminatus
1383 514 1450 551 est
1478 508 1654 552 scelere.
1687 508 1720 535 ¹¹
1744 508 1940 551 Accede-

117 568 260 624 tisque
284 582 413 611 mane
433 568 599 623 singuli
625 582 702 624 per
723 568 864 609 tribus
890 573 1082 621 vestras;
1105 571 1148 609 et
1174 581 1496 623 quamcumque
1518 567 1684 610 tribum
1705 581 1796 610 sors
1818 567 1939 610 inve-

119 627 254 679 nerit,
293 627 477 670 accedet
509 641 585 683 per
618 626 905 682 cognationes
934 639 1054 680 suas,
1086 632 1129 668 et
1156 626 1363 681 cognatio
1390 641 1468 682 per
1493 626 1670 682 domos,
1697 626 1937 681 domusque

118 700 195 742 per
223 686 368 740 viros3
401 685 436 712 ¹5
451 691 494 728 et.
520 686 784 740 quicumque
812 684 890 726 ille
916 684 962 726 in
991 685 1073 726 hoc
1094 684 1294 726 facinore
1323 685 1460 728 fuerit
1483 685 1798 741 deprehensus,
1822 699 1939 728 com-

118 745 298 788 buretur
317 744 412 800 igni
439 758 540 786 cum
562 744 679 787 omni
707 742 956 785 substantia
982 757 1073 797 sua,
1097 742 1306 797 quoniam
1331 744 1646 799 praevaricatus
1673 750 1738 787 est
1759 749 1940 800 pactum

118 804 319 858 Domini,
346 808 390 846 et
413 803 526 845 fecit
546 802 675 845 nefas
700 802 745 844 in
770 801 922 844 Israel.

177 862 213 889 ¹⁶
247 863 438 917 Surgens
477 861 628 916 itaque
660 861 796 904 Josue
837 875 988 915 mane,
1022 861 1239 917 applicuit
1277 861 1414 904 Israel
1448 876 1525 917 per
1558 862 1698 904 tribus
1734 876 1853 917 suaS,
1895 869 1939 906 et

117 922 300 964 inventa
332 925 398 963 est
426 920 567 963 tribus
595 920 729 963 Juda.
765 919 797 946 ¹⁷
821 920 926 970 Quae
960 933 1061 962 cum
1092 920 1223 976 juxta
1258 920 1458 962 familias
1491 935 1590 963 suas
1623 926 1738 963 esset
1767 921 1936 976 oblata,

117 980 300 1023 inventa
343 984 409 1022 est
451 979 629 1021 familia
672 980 791 1022 Zare.
839 978 972 1021 Illam
1013 993 1183 1035 quoque
1219 993 1297 1035 per
1333 979 1484 1022 domos
1526 979 1736 1034 offerens,
1777 980 1939 1035 reperit

117 1039 275 1094 Zabdi,
299 1038 335 1065 ¹8
353 1038 482 1094 cujus
507 1038 685 1081 domum
715 1038 760 1080 in
793 1037 992 1093 singulos
1020 1038 1226 1081 dividens
1254 1038 1387 1093 viros,
1414 1038 1588 1081 invenit
1616 1039 1773 1080 Achan
1800 1039 1939 1081 filium

118 1098 317 1153 Charmi,
345 1097 424 1139 filii
454 1098 613 1153 Zabdi,
643 1097 722 1139 filii
749 1099 856 1140 Zare
885 1097 940 1140 de
967 1097 1086 1140 tribu
1112 1098 1140 1140 ,J
1145 1097 1245 1141 uda.
1273 1097 1309 1123 ¹9
1329 1098 1386 1140 Et
1411 1097 1474 1139 ait
1495 1099 1630 1140 Josue
1655 1097 1711 1139 ad
1743 1098 1896 1140 Achan
1928 1113 1936 1139 :

119 1157 203 1200 Fili
230 1157 312 1213 mi,
343 1157 402 1199 da
425 1157 614 1212 gloriam
644 1156 836 1200 Domino
864 1157 956 1199 Deo
978 1157 1137 1213 Israel,
1168 1161 1212 1199 et
1237 1157 1464 1212 confitere,
1495 1161 1627 1212 atque
1655 1155 1805 1198 indica
1830 1156 1937 1198 mihi

117 1215 221 1272 quid
250 1215 432 1271 feceris,
462 1230 518 1258 ne
544 1216 804 1260 abscondas.
839 1215 877 1242 2⁰
903 1216 1232 1272 Responditque
1265 1216 1424 1259 Achan
1456 1215 1610 1271 Josue,
1646 1220 1690 1258 et
1722 1215 1836 1258 dixit
1861 1214 1899 1258 ei
1930 1232 1939 1258 :

119 1275 233 1318 Vere
263 1289 346 1331 ego
374 1274 558 1331 peccavi
594 1275 785 1318 Domino
819 1275 913 1318 Deo
951 1275 1119 1330 Israe13
1156 1280 1198 1318 et
1231 1275 1294 1318 sic
1323 1280 1366 1318 et
1394 1276 1457 1318 sic
1486 1274 1575 1317 feci
1610 1291 1618 1318 :
1649 1273 1683 1300 2¹
1702 1274 1794 1317 vidi
1821 1273 1940 1317 enirn

118 1333 233 1377 inter
260 1334 404 1391 spolia
432 1333 618 1391 pallium
640 1334 896 1377 coccineum
922 1333 1052 1377 valde
1073 1335 1258 1390 bonum,
1282 1339 1327 1377 et
1348 1334 1560 1377 ducentos
1588 1333 1718 1376 siclos
1743 1333 1938 1389 argenti,

118 1393 405 1449 regulamque
438 1408 617 1436 auream
647 1393 970 1448 quinquaginta
999 1393 1235 1448 siclorum3
1269 1399 1313 1436 et
1341 1393 1656 1449 concupiscens
1680 1392 1865 1448 abstuli,
1898 1401 1941 1435 et

118 1452 330 1496 abscondi
366 1452 412 1494 in
446 1457 561 1495 terra
597 1457 750 1494 contra
786 1452 982 1494 medium
1014 1452 1289 1495 tabernaculi
1323 1452 1430 1507 mei,
1464 1456 1783 1507 argentumque
1820 1452 1941 1494 fossa

119 1512 254 1554 humo
284 1511 446 1567 operui.
480 1510 517 1536 Ἡ
542 1510 666 1553 Misit
691 1525 794 1566 ergo
820 1511 956 1553 Josue
980 1511 1227 1566 ministros,
1250 1511 1324 1566 qui
1347 1516 1569 1554 currentes
1598 1511 1654 1553 ad
1679 1510 1942 1553 tabernacu-

119 1570 210 1613 lum
241 1570 382 1625 illius,
422 1574 679 1626 repererunt
715 1574 876 1612 cuncta
911 1570 1175 1613 abscondi-ta
1204 1570 1251 1612 in
1285 1570 1440 1613 eodem
1478 1570 1592 1624 loco,
1628 1574 1670 1612 et
1707 1574 1938 1624 argentum

118 1629 278 1684 simul;
313 1628 350 1655 23
374 1630 715 1684 auferentesque
748 1628 802 1671 de
833 1629 1026 1672 tentorio
1053 1628 1251 1671 tulerunt
1283 1643 1334 1672 ea
1363 1629 1419 1671 ad
1449 1630 1604 1683 Josue,
1636 1633 1680 1671 et
1708 1628 1764 1670 ad
1791 1642 1941 1670 omnes

118 1688 231 1731 filios
256 1689 416 1744 Israel,
441 1688 809 1744 projeceruntque
833 1693 936 1731 ante
960 1689 1215 1732 Dominum.

177 1746 214 1774 “²4
230 1747 409 1791 Tollens
432 1747 582 1803 itaque
607 1748 743 1790 Josue
769 1748 926 1790 Achan
951 1747 1092 1790 filium
1113 1749 1232 1803 Zare,
1256 1753 1576 1804 argentumque
1605 1752 1649 1790 et
1674 1747 1872 1803 palli-um,
1900 1751 1943 1789 et-

118 1821 297 1850 auream
328 1807 551 1863 regulam,
585 1806 698 1849 filios
731 1821 902 1862 quoque
936 1811 980 1850 et
1012 1807 1126 1850 filias
1159 1807 1277 1863 ers,
1307 1807 1442 1850 boves
1472 1812 1516 1850 et
1545 1806 1711 1861 asinos,
1746 1811 1789 1849 et
1818 1820 1940 1860 oves,

118 1866 349 1923 ipsumque
373 1866 732 1922 tabernaculum,
764 1871 807 1909 et
833 1871 1040 1908 cunctam
1065 1866 1388 1922 supellectilem
1416 1867 1489 1922 (et
1515 1865 1657 1908 omnis
1677 1865 1816 1908 Israel
1843 1879 1941 1908 cum

118 1927 219 1982 eo),
254 1925 478 1968 duxerunt
509 1940 583 1969 eos
615 1925 671 1968 ad
704 1925 866 1968 vallem
901 1926 1060 1981 Achor,
1091 1924 1128 1952 ‘²5
1153 1925 1230 1968 ubi
1259 1925 1374 1968 dixit
1402 1926 1542 1968 ‹losue›
1570 1941 1578 1968 :
1612 1924 1723 1974 Quia
1754 1924 1940 1967 turbasti

118 1999 194 2027 nos
218 1984 424 2028 exturbet
443 1989 488 2028 te
513 1985 730 2028 Dominus
749 1985 797 2027 in
823 1985 894 2028 die
916 1985 1000 2027 hac
1020 1985 1028 2028 ἱ
1058 1984 1386 2041 Lapidavitque
1412 1999 1512 2028 eum
1542 1983 1683 2026 omnis
1709 1983 1876 2038 Israe13
1900 1988 1943 2026 et

119 2049 280 2086 cuncta
316 2058 413 2100 quae
450 2044 570 2086 illius
613 2049 757 2100 erant,
794 2044 900 2100 igne
946 2049 1208 2100 consumpta
1247 2049 1364 2087 sunt.
1400 2043 1437 2070 2⁶
1466 2044 1944 2099 Congregaveruntque

118 2117 248 2159 super
281 2117 380 2146 eum
410 2117 616 2146 acervum
649 2117 864 2160 magnum
893 2103 1113 2160 lapidum,
1147 2103 1221 2159 qui
1253 2108 1484 2160 permanet
1514 2103 1721 2158 usquein
1753 2116 1943 2158 praesen-

117 2167 209 2205 tem
238 2162 370 2206 diem.
402 2164 460 2205 Et
487 2177 668 2205 aversus
696 2167 764 2205 est
789 2163 915 2206 furor
945 2162 1126 2206 Domini
1154 2163 1211 2205 ab
1245 2163 1337 2218 eis3
1367 2168 1662 2217 vocatumque
1689 2166 1754 2205 est
1782 2174 1943 2204 nomen

118 2220 203 2263 loci
227 2221 368 2277 illius,
397 2221 539 2264 Vallis
566 2222 725 2277 Achor,
749 2236 885 2278 usque
910 2222 1053 2265 hodie.

178 2280 285 2324 CAP.
318 2280 449 2324 VIII.
479 2307 538 2314 —-
570 2280 582 2306 ¹
613 2280 740 2323 Dixit
771 2286 923 2324 autem
954 2282 1170 2325 Dominus
1202 2282 1259 2325 ad
1288 2283 1424 2325 Josue
1454 2299 1462 2326 :
1498 2283 1564 2325 Ne
1599 2281 1776 2336 timeas,
1804 2293 1944 2335 neque

118 2339 347 2383 formides.
369 2340 495 2383 Tolle
519 2345 669 2383 tecum
695 2354 871 2383 omnem
901 2340 1235 2384 multitudinem
1262 2345 1583 2397 pugnatorum,
1611 2345 1654 2383 et
1676 2352 1944 2394 consurgens

120 2399 308 2442 ascende
332 2400 381 2442 iu
407 2399 618 2457 oppidum
646 2399 736 2442 Hai
756 2417 765 2454 3
791 2413 892 2442 ecce
914 2399 1077 2442 tradidi
1104 2399 1150 2442 in
1172 2415 1306 2443 manu
1332 2411 1409 2443 tua
1433 2414 1584 2455 regem
1607 2399 1716 2455 erS,
1745 2404 1787 2441 et
1807 2412 1944 2454 popu-

120 2455 225 2513 lum,
248 2458 490 2514 urbemque
515 2463 560 2502 et
583 2463 759 2501 terram.
790 2457 808 2484 2
826 2458 1068 2514 Faciesque
1090 2459 1186 2501 urbi
1213 2459 1318 2515 Hai,
1344 2464 1387 2502 et
1408 2459 1501 2515 regi
1524 2459 1633 2515 ejus,
1656 2458 1771 2501 sicut
1794 2456 1943 2499 fecisti

120 2517 147 2559 J
153 2517 312 2573 ericho,
336 2523 380 2561 et
403 2518 497 2574 regi
518 2518 640 2560 illius
660 2536 669 2572 3
694 2517 895 2574 praedam
919 2531 1035 2573 vero,
1056 2522 1100 2560 et
1121 2518 1270 2560 omnia
1293 2518 1544 2560 animantia
1565 2516 1782 2574 diripietis
1804 2515 1944 2558 vobis.

121 2576 241 2619 Pone
261 2577 446 2620 insidias
471 2577 568 2620 urbi
590 2582 690 2634 post
712 2591 823 2620 eam.

179 2635 197 2662 3
215 2636 498 2692 Surrexitque
527 2637 555 2679 J
561 2651 682 2692 osue,
715 2642 759 2679 et
784 2637 927 2680 omnis
957 2637 1175 2680 exercitus
1205 2637 1471 2680 bellatorum
1494 2651 1594 2679 cum
1624 2649 1693 2691 eo,
1721 2641 1769 2678 ut
1794 2648 1945 2677 ascen-

121 2695 276 2738 derent
303 2695 349 2738 in
383 2696 503 2751 Hai3
544 2701 588 2738 et
620 2696 762 2739 electa
795 2696 982 2752 triginta
1013 2696 1154 2738 millia
1183 2695 1378 2738 virorum
1410 2696 1596 2738 fortium
1636 2694 1758 2737 misit
1795 2698 1944 2747 nocte,

121 2753 452 2811 4praecepitque
484 2755 566 2811 eis,
605 2754 757 2798 dicens
785 2772 793 2798 ε
828 2756 985 2798 Ponite
1018 2755 1205 2798 insidias
1237 2760 1336 2811 post
1370 2754 1629 2809 civit-atem3
1656 2768 1738 2796 nec
1771 2752 1950 2808 longius-

120 2813 357 2870 recedatis,
384 2819 428 2857 et
456 2814 578 2857 eritis
608 2828 759 2857 omnes
788 2815 961 2871 parati3
991 2815 1104 2870 5ego
1124 2819 1295 2869 autem,
1320 2818 1363 2856 et
1387 2814 1555 2869 reliq-ua
1585 2812 1825 2856 multitudo
1848 2825 1945 2867 quae

121 2886 296 2916 mecum
314 2878 392 2929 est,
410 2873 672 2917 accedemus
699 2888 753 2917 ex
777 2874 962 2916 adverso
986 2878 1137 2916 contra
1159 2873 1312 2916 urbem
1333 2890 1342 2928 3
1371 2887 1558 2928 cumque
1584 2872 1772 2916 exierint
1794 2875 1947 2914 contra

120 2945 211 2980 nos.
236 2932 351 2975 sicut
371 2938 475 2976 ant-e
499 2933 703 2989 fecimus,
730 2933 969 2988 fugiemus,
998 2938 1042 2975 et
1062 2937 1188 2988 terga
1210 2939 1444 2988 vertemus,
1478 2932 1496 2958 ‘³
1515 2932 1653 2975 donec
1684 2944 1948 2987 persequen-

121 2996 187 3034 tes
211 2991 268 3033 ab
293 2991 401 3034 urbe
426 2992 602 3048 longius
630 2992 972 3048 protrahantur3
995 2991 1219 3048 putabunt
1244 2991 1364 3034 eni-m
1389 3005 1469 3034 nos
1489 2992 1647 3047 fugere
1674 2991 1788 3033 sicut
1813 2989 1946 3045 prius.

122 3049 137 3075 ⁷
156 3050 297 3093 Nobis
319 3064 422 3107 ergo
447 3051 747 3107 fugientibus,
776 3056 820 3094 et
843 3051 934 3093 illis
962 3050 1346 3107 persequentibus,
1380 3050 1654 3106 consurgetis
1676 3050 1730 3093 de
1751 3048 1943 3101 insidiis,

122 3114 167 3152 et
193 3109 430 3152 vastabitis
460 3110 720 3165 civitatem3
756 3110 988 3166 tradetque
1021 3125 1119 3153 eam
1154 3110 1372 3153 Dominus
1409 3111 1527 3153 Deus
1550 3114 1694 3152 vester
1717 3109 1763 3151 in
1792 3120 1949 3149 manus

122 3173 302 3212 vestras
337 3168 355 3195 ⁸
381 3170 577 3225 Cumque
613 3170 838 3226 ceperitis,
876 3169 1131 3212 succendite
1165 3183 1284 3224 eam,
1320 3175 1364 3212 et-
1397 3169 1460 3212 sic
1484 3169 1633 3212 omnia
1666 3166 1865 3220 facietis,
1899 3170 1949 3206 ut

121 3227 247 3283 jussi.
274 3227 291 3253 9
308 3227 576 3284 Dimisitque
599 3242 691 3285 eos,
717 3234 760 3272 et
781 3233 1067 3285 perrexerunt
1089 3228 1146 3271 ad
1173 3228 1320 3271 locum
1345 3228 1627 3283 insidiarum,
1655 3227 1952 3279 sederuntque

122 3286 238 3329 inter
272 3287 430 3330 Bethel
463 3295 507 3330 et
541 3288 653 3344 Hai,
686 3288 747 3331 ad
778 3287 1100 3331 occidentalem
1128 3287 1308 3344 plagam
1339 3286 1461 3330 urbis
1494 3286 1597 3329 Hai.
1632 3288 1766 3330 Josue
1799 3288 1950 3325 autem·

123 3351 251 3389 nocte
271 3346 352 3388 illa
374 3346 429 3389 in.
446 3347 594 3390 med-io
619 3347 783 3390 mansit
807 3347 972 3403 populi.

132 3426 137 3427 ⁷
183 3404 220 3431 ¹⁰
237 3406 516 3462 Surgensque
545 3406 740 3449 diluculo
767 3406 988 3449 recensuit
1012 3406 1174 3462 socios,
1208 3412 1251 3449 et
1275 3405 1475 3449 ascendit
1499 3419 1599 3447 cum
1629 3401 1874 3445 senioribus
1903 3399 1949 3441 in

125 3464 272 3507 fronte
305 3465 544 3520 exercitus,
580 3465 772 3508 vallatus
804 3465 972 3508 auxilio
1005 3470 1317 3522 pugnatorum.
1357 3464 1389 3490 ¹¹
1418 3464 1614 3518 Cumque
1649 3460 1872 3503 venissent
1907 3463 1951 3500 et

126 3621 174 3688 23]
193 3620 272 3648 Lev·
290 3621 366 3656 XX,
380 3623 405 3650 7.
426 3622 523 3650 Num.
542 3622 604 3656 XI,
623 3625 666 3650 ls.
689 3621 891 3656 Sup.111‚5.
914 3622 929 3649 I
955 3622 1035 3654 Reg.
1055 3621 1145 3655 XVI,
1159 3625 1184 3649 5.
1203 3636 1235 3640 —
1255 3622 1302 3654 26]
1323 3621 1360 3647 ΙΙ.
1384 3621 1464 3652 ch.
1484 3618 1614 3651 XVIII,
1633 3620 1675 3645 17.
1698 3632 1732 3636 —-
1755 3617 1783 3650 2]
1802 3616 1878 3648 Sup.
1896 3616 1957 3651 VI,

144 3664 170 3690 4.
189 3676 226 3682 —
241 3664 270 3696 5]
289 3664 366 3696 Sup.
383 3665 463 3700 VII,
479 3668 505 3693 4.

2051 1756 2208 1789 ,expiatio

2071 1801 2184 1833 culpae.

2057 2293 2206 2324 Impetus

2047 2336 2218 2365 sccundus

2066 2381 2098 2408 in
2117 2380 2180 2408 Hai
2192 2402 2197 2409 .

2057 2426 2202 2453 faustus.
