2423 3861
92 720 183 748 Onus
202 719 309 747 Moab.

78 1140 167 1169 Onus
201 1139 315 1166 Edoni.

151 1620 222 1649 Onu
229 1627 243 1647 s

89 1662 308 1692 philisthiim.

148 2164 253 2196 Tyrus

81 2211 253 2238 evertetur
286 2210 317 2234 ct

104 2251 292 2285 diripietur.

123 2758 265 2786 Chaldaei
279 2780 285 2792 ,

124 2801 284 2830 vindicta¹

99 2846 221 2875 divinae
244 2845 303 2874 mi-

142 2890 252 2919 uisu-i.

386 131 471 175 948
943 130 1017 170 Ez.
1052 127 1197 180 XXV,
1231 126 1257 168 5
1290 151 1348 158 -
1376 126 1560 180 XXVI,
1595 127 1662 168 13.

385 306 492 345 nent
523 301 570 343 in
606 306 649 342 te
683 297 872 342 tentoria
904 310 984 338 sua
1011 311 1019 338 :
1053 295 1139 351 ipsi
1170 294 1406 337 comedent
1438 294 1592 349 fruges
1621 298 1744 350 tuas,
1775 299 1818 337 et
1845 295 1932 351 ipsi
1961 296 2117 340 bibent
2148 298 2240 341 lac*

385 366 523 404 tuum.
550 360 567 385 5
595 357 807 411 Daboque
842 354 1051 398 Rabbath
1079 353 1126 395 in
1156 353 1466 395 habitaculum
1497 352 1788 407 camelorum⁷
1814 358 1857 396 et
1881 353 1994 397 filios
2024 357 2237 400 Ammon.

384 419 428 462 in
453 418 598 462 cubile
620 429 855 472 pecorum3
879 418 923 456 et
951 413 1099 456 scietis
1123 412 1225 468 quia
1252 426 1333 467 ego
1362 411 1593 455 Dominus.
1623 411 1641 437 6
1666 412 1777 463 Quia
1802 412 1898 454 haec
1926 412 2036 456 dicit
2066 416 2220 460 Domi-

383 492 466 520 nus
498 479 616 519 Deus
639 491 647 518 :
676 475 759 517 Pro
782 488 831 516 eo
854 472 970 529 quod
1000 471 1204 529 plausisti
1235 485 1369 514 manu
1396 476 1438 514 et
1467 470 1724 527 percussisti
1751 472 1885 528 pede,
1915 476 1959 515 et
1987 473 2142 529 gavisa
2175 490 2219 518 es

385 552 439 579 ex
461 540 552 578 toto
582 533 752 577 affectu
778 547 908 589 super
935 537 1098 575 terram
1123 530 1284 585 Israel,
1307 529 1320 555 7
1340 530 1507 573 idcirco
1537 544 1640 573 ecce
1665 544 1747 586 ego
1772 531 2013 577 extendam
2038 547 2223 577 manum

384 609 528 637 meam
562 607 692 650 super
721 597 786 646 te,
813 597 856 635 et
889 591 1064 633 tradam
1089 595 1133 633 te
1158 589 1205 632 in
1235 588 1530 646 direptionem
1555 589 1778 646 gentium,
1805 596 1850 633 et
1881 590 2149 634 interficiam
2177 598 2242 636 te»

384 654 437 695 de
462 652 658 710 populis,
687 657 730 694 et
755 651 935 708 perdam
964 650 1018 693 de
1043 649 1184 703 terris,
1208 654 1251 692 et
1277 654 1503 691 conteram
1522 666 1533 703 3
1550 654 1595 691 et
1619 649 1732 692 scies
1753 650 1856 705 quia
1883 663 1964 705 ego
1988 651 2227 695 Dominus-

442 712 459 739 8
478 713 592 755 Haec
617 711 727 754 dicit
750 710 967 753 Dominus
1000 710 1118 752 Deus
1141 725 1149 752 :
1177 709 1260 752 Pro
1285 722 1334 751 eo
1357 708 1473 763 quod
1500 707 1710 750 dixerunt
1730 708 1863 752 Moab
1891 714 1935 752 et
1961 709 2077 754 Seir:
2105 711 2245 755 Ecce-

382 772 498 816 sicut
528 785 681 815 omnes
715 775 889 827 gentes,
925 768 1080 812 domus
1114 768 1257 823 Juda,
1284 767 1484 810 9iclcirco
1515 781 1618 811 ecce
1651 782 1732 823 ego
1757 768 1955 825 aperiam
1987 769 2222 814 humerum

381 831 515 874 Moab
547 830 600 874 de
636 829 914 884 civitatibus,
953 828 1006 872 de
1041 827 1323 883 civitatibus,
1356 827 1562 883 inquam,
1597 827 1715 882 eJ‘US,
1747 832 1791 870 ct
1823 828 1878 871 de
1907 828 2069 872 finibus
2103 830 2242 886 ejus„

382 890 576 948 inclytas
597 895 727 932 terrae
755 888 1084 944 Bethjesimoth
1097 922 1107 942 ,
1130 892 1174 930 et
1200 887 1439 930 Beelmeon
1465 891 1509 929 et
1535 886 1831 942 Cariathaim,
1852 886 1888 913 ¹⁰
1905 887 2009 930 filiis
2029 888 2226 932 Orientis

383 965 486 993 cum
511 949 614 992 filiis
637 950 853 1003 Ammon,
879 952 922 990 et
944 947 1058 990 dabo
1085 961 1183 989 eam
1207 947 1254 989 in
1279 945 1589 1001 hereditatem,
1610 951 1659 988 ut
1681 960 1769 990 non
1791 946 1850 988 sit
1866 947 1984 990 ultra
2008 948 2223 991 memoria

382 1009 574 1053 filiorum
591 1009 788 1051 Ammon
814 1007 860 1049 in
886 1006 1108 1063 gentibus.
1130 1005 1162 1031 ¹¹
1184 1007 1242 1049 Et
1267 1006 1313 1048 in
1338 1005 1473 1049 Moab
1499 1005 1670 1048 faciam
1695 1005 1880 1062 judicia,
1896 1011 1939 1049 et
1957 1006 2100 1050 scient
2119 1007 2225 1064 quia

382 1083 464 1125 ego
491 1067 721 1112 Dominus.

443 1127 479 1154 ¹⁵2
499 1129 611 1171 Haec
635 1128 744 1171 dicit
768 1127 985 1170 Dominus
1012 1127 1158 1170 Deus:
1182 1126 1267 1169 Pro
1291 1140 1342 1169 eo
1368 1125 1486 1182 quod
1511 1125 1624 1169 fecit
1649 1126 1854 1171 Idumaea
1872 1125 2089 1170 ultionem
2108 1130 2156 1168 ut
2177 1139 2226 1169 se

381 1187 632 1231 vindicaret
658 1187 712 1230 de
741 1187 844 1230 filiis
869 1187 896 1230 J
900 1185 1009 1242 uda,
1037 1185 1330 1243 peccavitque
1356 1185 1637 1241 delinquens,
1667 1190 1710 1229 et
1736 1185 1982 1228 vindictam
2005 1184 2225 1242 expetivit

384 1247 439 1290 de
471 1246 553 1302 eie,
583 1246 618 1273 ¹3
641 1247 808 1290 idcirco
838 1246 935 1289 haec
966 1245 1076 1288 dicit
1113 1245 1332 1288 Dominus
1371 1246 1489 1287 Deus
1520 1261 1528 1288 :
1567 1245 1822 1288 Extendam
1855 1259 2039 1287 manum
2076 1259 2225 1288 meam

383 1321 512 1363 super
542 1306 817 1362 Idumaeam,
853 1311 895 1348 et
928 1305 1134 1348 auferam
1168 1304 1221 1347 de
1255 1318 1306 1346 ea
1340 1304 1566 1347 hominem
1597 1310 1640 1346 et
1671 1304 1946 1360 jumentum,
1981 1309 2024 1347 et
2053 1304 2228 1347 faciam

384 1381 481 1409 eam
507 1366 730 1419 desertam
754 1365 811 1408 ab
839 1370 1011 1420 austr03
1041 1370 1084 1407 et
1107 1363 1180 1419 qui
1208 1368 1311 1406 sunt
1335 1363 1381 1405 in
1406 1363 1571 1406 Dedan
1591 1364 1742 1419 gladio
1766 1363 1940 1407 cadent.
1968 1363 2005 1389 ¹4
2024 1363 2082 1406 Et
2108 1363 2227 1407 dabo

382 1425 597 1468 ultionem
620 1440 765 1469 mea-m
787 1439 918 1482 super
936 1423 1187 1467 Idumaeam
1209 1438 1287 1480 per
1306 1437 1487 1465 manum
1509 1423 1661 1480 populi
1686 1423 1773 1466 mei
1797 1424 1958 1479 Israel,
1984 1428 2027 1466 et
2051 1423 2225 1465 facient

382 1485 428 1527 in
451 1485 593 1528 Edoni
619 1485 749 1541 juxta
774 1485 886 1527 iram
909 1497 1057 1526 meam
1078 1488 1121 1527 et
1141 1483 1339 1526 furorem
1364 1496 1538 1538 meum;
1567 1487 1612 1525 et
1632 1483 1774 1526 scient
1792 1482 2042 1538 vindictam
2061 1497 2227 1538 meam,

383 1544 493 1587 dicit
519 1544 736 1588 Dominus
761 1545 892 1588 Deus.

447 1603 479 1629 ¹5
499 1604 611 1647 Haec
635 1603 743 1646 dicit
767 1602 986 1646 Dominus
1005 1603 1124 1646 Deus
1143 1619 1151 1646 :
1176 1603 1259 1644 Pro
1277 1616 1327 1645 eo
1346 1602 1462 1658 quod
1480 1602 1689 1644 fecerunt
1706 1601 1939 1645 Palaestini
1957 1602 2220 1658 vindictam,

383 1668 426 1706 et
451 1663 532 1706 ulti
559 1678 605 1706 se
630 1668 734 1705 sunt
758 1667 850 1705 toto
872 1662 1042 1717 animo,
1064 1661 1404 1716 interficientes,
1428 1666 1472 1703 et
1496 1661 1734 1717 implentes
1755 1661 2017 1704 inimicitias
2036 1666 2224 1716 veteres,

384 1722 420 1749 16
437 1729 670 1780 propterea
690 1723 789 1765 haec
811 1722 920 1764 dicit
944 1721 1161 1764 Dominus
1185 1722 1328 1765 Deus:
1357 1720 1474 1763 Ecce
1499 1734 1583 1776 ego
1609 1720 1849 1764 extendam
1872 1735 2056 1763 manum
2074 1735 2221 1764 meam

383 1796 511 1838 super
542 1781 827 1837 Palaestinos,
852 1786 894 1824 et
918 1780 1185 1824 interficiam
1210 1780 1541 1836 interfectores,
1569 1785 1613 1822 et
1643 1780 1828 1836 perdam
1851 1780 2062 1835 reliquias
2089 1780 2243 1822 mari-⁷

384 1842 505 1884 timae
529 1841 737 1897 regionis.
766 1840 799 1866 ¹7
823 1840 1095 1896 Faciamque
1120 1839 1168 1882 in
1195 1839 1257 1882 eis
1284 1839 1475 1882 ultiones
1501 1853 1708 1894 magnas,
1744 1853 1936 1895 arguens
1960 1839 2008 1881 in
2041 1839 2223 1895 furore;
2279 1871 2282 1875 .

384 1906 428 1944 et
451 1900 592 1944 scient
618 1901 720 1956 quia
743 1914 825 1956 ego
850 1899 1087 1955 Dominus,
1115 1913 1216 1942 cum
1240 1898 1400 1940 dedero
1425 1898 1675 1941 vindictam
1697 1913 1845 1940 meam
1870 1912 2001 1955 super
2027 1895 2113 1941 eos.

711 2023 735 2080 ξ
770 2022 832 2065 Π.
858 2048 918 2054 --
956 2022 1180 2064 Vatia-inici
1213 2027 1362 2063 contra
1402 2020 1570 2076 Tyrum
1602 2026 1642 2063 et
1673 2019 1892 2064 Sidonem.

443 2142 548 2186 CAP.
585 2140 756 2183 XXVI.
793 2164 852 2172 —-
882 2138 895 2163 ¹
925 2139 982 2180 Et
1019 2138 1193 2180 factum
1232 2141 1298 2179 est
1329 2136 1376 2178 in
1409 2135 1644 2179 undecimo
1680 2150 1817 2192 anno,
1855 2135 1999 2192 prima
2035 2136 2232 2189 mensis,

384 2202 531 2244 factus
567 2204 632 2243 est
665 2213 806 2242 sermo
844 2196 1024 2242 Domini
1058 2197 1115 2239 ad
1150 2211 1241 2251 me,
1277 2195 1429 2238 dicens
1460 2212 1468 2239 :
1498 2193 1516 2220 ‘2
1543 2195 1630 2238 Fili
1661 2195 1874 2251 hominis,
1911 2209 1988 2252 pro
2023 2209 2073 2238 eo
2106 2195 2227 2252 quod

384 2260 499 2303 dixit
524 2261 666 2316 Tyrus
694 2259 747 2301 de
774 2257 1027 2300 Jerusalem
1048 2273 1055 2300 :
1081 2257 1226 2311 Euge,
1251 2254 1496 2299 confi-actae
1521 2260 1626 2298 sunt
1646 2260 1785 2311 portae
1813 2255 2097 2312 populorum,
2122 2269 2226 2298 con-

384 2335 512 2363 versa
537 2324 602 2363 est
627 2319 684 2362 ad
711 2332 806 2372 me3
840 2315 1073 2373 implebor,
1109 2315 1281 2358 deserta
1311 2319 1402 2370 est;
1431 2313 1448 2340 3
1469 2319 1701 2371 propterea
1731 2315 1829 2357 haec
1864 2313 1974 2357 dicit
2005 2314 2231 2358 Dominus

381 2382 500 2424 Deus
519 2396 528 2423 t
557 2380 673 2422 Ecce
697 2393 777 2436 ego
804 2394 936 2436 super
958 2384 1021 2435 te,
1046 2378 1183 2435 Tyre,
1204 2382 1248 2421 et
1269 2376 1510 2420 ascendere
1531 2376 1702 2418 faciam
1724 2375 1780 2419 ad
1805 2380 1848 2419 te
1870 2380 2027 2432 gentes
2043 2376 2232 2434 multas,

381 2440 495 2482 sicut
528 2439 732 2482 ascendit
767 2453 888 2482 mare
921 2437 1157 2481 fluctuans.
1181 2436 1198 2463 4
1217 2438 1275 2480 Et
1297 2435 1582 2493 dissipabunt
1607 2449 1755 2478 muros
1781 2436 1908 2492 Tyri,
1933 2441 1976 2479 et
2002 2436 2232 2480 destruent

380 2504 520 2542 turres
544 2498 640 2554 ejus
658 2516 667 2553 3
686 2503 729 2542 et
751 2498 907 2541 radam
928 2498 1159 2555 pulverem
1183 2497 1278 2552 ejus
1303 2496 1356 2539 de
1378 2510 1442 2552 ea,
1464 2501 1507 2539 et
1530 2495 1647 2538 dabo
1669 2509 1768 2538 eam
1792 2495 1840 2538 in
1865 2495 2231 2552 limpidissimam

382 2565 568 2614 petram.
587 2557 604 2584 5
620 2558 811 2601 Siccatio
837 2571 1105 2614 sagenarum
1127 2556 1212 2599 erit
1238 2556 1286 2598 in
1311 2555 1458 2599 medio
1486 2554 1642 2611 maris,
1671 2555 1776 2611 quia
1797 2569 1879 2611 ego
1906 2555 2081 2598 locutus
2110 2569 2247 2611 sum,

387 2620 450 2662 ait
478 2619 695 2663 Dominus
727 2621 874 2675 Deus3
902 2624 945 2662 et
967 2618 1048 2662 erit
1071 2618 1119 2661 in
1145 2618 1439 2675 direptionem
1464 2618 1687 2674 gentibus.
1715 2618 1733 2644 6
1751 2617 1882 2666 Filiae
1909 2632 2081 2674 quoque
2104 2619 2223 2676 ejus,

387 2694 485 2735 quae
511 2685 615 2723 sunt
638 2679 684 2721 in
707 2693 834 2735 agro,
861 2678 1011 2734 gladio
1037 2677 1384 2732 interficientur;
1412 2683 1455 2721 et
1481 2677 1625 2722 scient
1650 2677 1752 2733 quia
1778 2691 1860 2733 ego
1886 2678 2121 2721 Dominus.

446 2739 461 2765 7
481 2739 591 2790 Quia
621 2739 717 2782 haec
744 2738 854 2782 dicit
878 2737 1096 2782 Dominus
1118 2739 1238 2780 Deus
1265 2754 1272 2781 :
1300 2739 1416 2781 Ecce
1439 2751 1521 2793 ego
1543 2736 1766 2780 adducam
1790 2737 1848 2780 ad
1876 2738 2045 2794 Tyrum
2071 2736 2224 2780 Nabu-

388 2799 662 2842 chodonosor
686 2812 837 2854 regem
869 2798 1135 2854 Babylonis,
1158 2797 1214 2840 ab
1244 2797 1471 2853 aquilone,
1501 2811 1654 2852 regem
1682 2811 1859 2852 regum,
1884 2810 1987 2839 cum
2012 2795 2155 2851 equis,
2180 2801 2225 2839 et

388 2857 605 2914 curribus,
631 2863 674 2901 et
700 2857 941 2913 equitibus,
965 2862 1008 2900 et
1036 2863 1172 2912 coetu,
1192 2857 1442 2913 populoque
1469 2870 1646 2911 magno.
1674 2855 1690 2882 8
1709 2856 1848 2899 Filias
1871 2860 1970 2898 tuas
1997 2869 2094 2911 quae
2121 2860 2226 2897 sunt

386 2917 432 2959 in
458 2931 564 2973 agro
588 2917 738 2973 gladio
765 2916 1026 2971 interficiet,
1054 2921 1096 2959 et
1119 2916 1415 2959 circumdabit
1434 2921 1476 2958 te
1502 2915 1841 2969 munitionibus,
1862 2919 1904 2958 et
1928 2914 2226 2971 comportabit

388 2990 595 3031 aggerem
620 2977 667 3019 in
697 2990 831 3032 gyro;
859 2981 902 3019 et
932 2975 1127 3019 elevabit
1153 2981 1306 3019 contra
1337 2980 1380 3018 te
1411 2975 1632 3032 clypeum.
1659 2974 1676 3000 9
1699 2974 1758 3017 Et
1787 2973 1960 3028 vineas,
1989 2979 2032 3016 et
2064 2973 2225 3016 arietes

387 3036 654 3091 temperabit
697 3036 742 3077 in
787 3049 933 3078 muros
974 3041 1098 3090 tuos,
1141 3040 1183 3078 et
1224 3040 1363 3077 turres
1406 3040 1504 3076 tuas
1546 3034 1740 3077 destruet
1778 3033 1824 3074 in
1864 3038 2089 3075 armatura
2131 3047 2222 3076 sua.

389 3094 425 3120 ¹0
442 3094 743 3137 Inundatione
765 3109 978 3150 equorum
1004 3096 1102 3150 ejus
1127 3094 1296 3151 operiet
1325 3099 1370 3136 te
1394 3093 1542 3150 pulvis
1576 3106 1748 3146 eorum3
1779 3106 1805 3134 a
1829 3092 1976 3134 sonitu
2002 3092 2218 3148 equitum,

389 3158 432 3197 et
456 3158 664 3207 rotarum,
685 3160 728 3196 et
754 3168 972 3210 curruum,
992 3154 1289 3197 movebuntur
1309 3153 1424 3195 muri
1449 3152 1529 3207 tui,
1550 3166 1650 3195 cum
1672 3151 1896 3206 ingressus
1915 3151 2052 3194 fuerit
2074 3156 2241 3208 portas⁴

388 3218 486 3256 tuas
527 3213 651 3268 quasi
689 3227 766 3269 per
801 3213 1033 3256 introitum
1070 3213 1190 3256 urbis
1229 3213 1471 3269 dissipatae.
1512 3211 1543 3237 ¹¹
1573 3210 1766 3266 Ungulis
1801 3225 2010 3266 equorum
2045 3223 2224 3254 suorum

389 3272 670 3316 conculcabit
697 3286 848 3314 omnes
877 3272 1048 3328 plateas
1075 3278 1196 3326 tuas3
1226 3272 1439 3328 populum
1468 3275 1595 3322 tuum
1624 3269 1774 3325 gladio
1799 3270 1962 3326 caedet,
1994 3275 2036 3313 et
2062 3274 2223 3312 statuae

388 3338 477 3374 tuae
502 3331 673 3374 nobiles
696 3330 742 3374 in
768 3338 931 3374 terram
957 3337 1175 3375 corruent.
1196 3330 1230 3356 '¹⁶2
1249 3331 1288 3374 V
1292 3331 1506 3373 astabunt
1527 3343 1630 3386 opes
1656 3336 1769 3384 tuas,
1794 3329 2004 3386 diripient
2023 3328 2222 3385 negotia-

389 3391 531 3434 tiones
549 3396 668 3446 tuas,
689 3388 732 3434 et
754 3390 983 3433 destruent
1005 3405 1151 3434 muros
1172 3396 1291 3446 tuos,
1313 3395 1355 3432 et
1379 3389 1530 3432 domos
1553 3393 1652 3431 tuas
1674 3389 1909 3444 praeclaras
1935 3388 2223 3442 subvertent3

390 3456 431 3492 et
454 3450 625 3507 lapides
644 3456 755 3506 tuos,
776 3454 819 3493 et
840 3449 964 3505 ligna
983 3454 1073 3502 tua,
1093 3455 1134 3493 ct
1160 3450 1390 3506 pulverem
1413 3454 1537 3490 tuum
1559 3447 1605 3489 in
1630 3448 1772 3492 medio
1800 3462 2015 3505 aquarum
2042 3452 2223 3505 ponent.

391 3507 426 3533 ¹3
443 3509 502 3551 Et
522 3509 745 3565 quiescere
768 3508 938 3552 faciam
957 3508 1289 3551 multitudinem
1315 3506 1590 3550 canticorum
1605 3512 1779 3550 tuorum
1796 3525 1804 3564 ;
1829 3512 1873 3550 et
1893 3507 2063 3550 sonitus
2082 3505 2223 3549 citha-

390 3653 767 3688 2G,13]Jer.VH.3-1.
