2456 3861
238 327 392 359 Regnum

251 371 364 400 Banasa.

225 1521 377 1553 Regnum

265 1565 332 1592 Eia.

228 2360 296 2391 Reg
303 2366 320 2386 11
330 2366 344 2385 c.
350 2365 382 2386 m

233 2403 323 2430 Zaml
335 2401 373 2429 ri.

238 3297 391 3329 Regnum

264 3341 337 3367 Amr
348 3340 364 3368 i.

494 144 580 187 338
1011 143 1084 185 111
1121 143 1231 184 ΒΕΘ.
1267 142 1365 195 XV,
1400 141 1457 183 33
1489 167 1548 173 —
1578 142 1713 196 XVI,
1746 142 1817 184 25.

553 313 589 339 33
618 314 750 354 Anno
783 311 914 353 tertio
946 312 1058 365 Asa,
1096 309 1213 365 regis
1251 308 1391 364 Juda,
1426 308 1632 364 regnavit
1667 310 1831 365 Baasa,
1866 309 1982 352 filius
2015 310 2166 366 Ahiae,
2201 325 2330 368 super

495 385 670 415 omnem
697 370 834 413 Israel
861 369 907 411 in
930 370 1118 417 Thersa,
1146 367 1309 424 viginti
1331 373 1518 423 quatuor
1543 367 1685 411 annis,
1717 368 1753 394 34
1776 369 1834 410 Et
1854 369 1966 411 fecit
1989 368 2157 411 malum
2179 383 2328 414 coram

496 430 705 484 Domino,
731 428 1067 484 ambulavitque
1099 427 1146 470 in
1171 427 1245 470 via
1274 426 1534 483 Jeroboam,
1558 432 1602 469 et
1630 426 1677 469 in
1706 427 1901 484 peccatis
1925 427 2022 483 ejus
2049 427 2206 483 quibus
2229 443 2326 484 1100-

492 503 590 532 0010
611 488 723 531 fecit
749 487 900 531 Israel.

551 548 658 591 CAP.
685 548 811 590 XVI.
833 573 893 581 —
926 547 934 573 ¹
960 547 1126 590 Factus
1159 551 1225 590 est
1255 552 1405 590 autem
1434 560 1577 590 sermo
1604 546 1785 589 Domini
1815 546 1872 589 ad
1903 547 1930 589 J
1936 546 2040 601 ehu,
2065 545 2207 589 filium
2238 547 2331 590 Ha-

491 607 616 662 nani,
653 612 807 650 contra
846 608 1010 661 Baasa,
1047 606 1198 649 dicens
1231 623 1239 650 :
1275 605 1291 631 ²
1321 607 1405 649 Pro
1436 620 1486 649 eo
1520 606 1635 661 quod
1665 605 1862 649 exaltavi
1892 611 1936 648 te
1967 605 2020 648 de
2053 605 2254 662 pulvere,
2288 611 2333 650 et

490 667 615 723 posui
647 672 691 709 te
719 666 875 709 ducem
906 680 1035 722 super
1064 665 1278 722 populum
1308 680 1456 709 meum
1487 665 1647 720 Israel,
1671 671 1718 707 tu
1743 670 1894 707 autem
1922 665 2164 707 ambulasti
2188 666 2235 708 in
2257 666 2332 709 via

491 726 753 782 Jeroboam,
785 731 829 769 et
860 739 1045 781 peccare
1074 725 1224 768 fecisti
1259 725 1473 782 populum
1507 739 1655 768 meum
1685 725 1845 780 Israel,
1878 729 1926 766 ut
1959 738 2028 766 me
2058 723 2253 768 irritares
2284 725 2332 767 in

489 785 686 841 peccatis
713 799 889 839 eorum;
924 784 942 811 3
967 799 1069 828 ecce
1099 799 1180 840 ego
1211 785 1434 841 demetam
1467 784 1710 841 posteriora
1738 785 1883 826 Baasa
1911 789 1955 826 et
1984 783 2226 840 posteriora
2256 784 2331 827 do-

490 859 587 887 mus
618 845 735 901 ejus,
768 852 812 887 et
844 844 1015 887 faciam
1048 844 1230 887 domum
1263 850 1388 887 tuam
1414 844 1529 887 sicut
1559 844 1741 886 domum
1770 843 2033 897 Jeroboam,
2058 842 2138 884 filii
2167 843 2332 889 Nabat.

488 904 505 930 4
531 904 613 954 Qui
649 909 847 947 mortuus
880 903 1019 947 fuerit
1049 903 1103 947 de
1135 905 1279 946 Baasa
1306 904 1353 946 in
1380 903 1585 958 civitate,
1613 903 1849 946 comedent
1878 916 1978 945 eum
2008 916 2160 956 canes,
2188 907 2232 946 et
2257 902 2334 958 qui

489 969 688 1007 mortuus
709 963 849 1007 fuerit
871 978 926 1006 ex
949 977 999 1006 eo
1020 963 1066 1005 in
1088 963 1289 1019 regione,
1317 962 1553 1006 comedent
1575 977 1677 1005 eum
1702 961 1902 1005 volucres
1928 961 2041 1005 caeli.

549 1023 565 1049 5
590 1023 778 1079 Reliqua
802 1028 954 1066 autem
976 1036 1230 1065 sermonum
1254 1023 1419 1077 Baasa,
1440 1027 1484 1064 et
1505 1035 1796 1076 quaecumque
1821 1021 1953 1076 fecit,
1973 1026 2017 1064 et
2039 1021 2196 1077 praelia
2219 1022 2331 1078 ejus,

487 1097 633 1126 nonne
659 1083 756 1126 haec
786 1083 950 1139 scripta
981 1086 1083 1124 sunt
1111 1082 1157 1124 in
1187 1081 1321 1124 Libro
1343 1080 1579 1124 verborum
1603 1080 1775 1123 dierum
1799 1094 1956 1136 regum
1980 1080 2149 1124 Israel?
2176 1080 2194 1107 ⁶
2220 1082 2331 1124 Dor-

487 1142 619 1186 mivit
651 1157 754 1198 ergo
792 1143 937 1185 Baasa
963 1156 1064 1184 cum
1097 1141 1299 1198 patribus
1331 1140 1446 1195 suis3
1479 1139 1765 1196 sepultusque
1795 1144 1862 1182 est
1892 1139 1940 1181 in
1973 1140 2152 1185 Thersa.
2183 1142 2240 1183 Et
2265 1156 2332 1184 re-

488 1202 646 1258 gnavit
672 1202 776 1257 Ela,
807 1201 922 1244 filius
949 1201 1066 1257 ejus,
1090 1215 1168 1257 pro
1194 1214 1257 1243 eo.
1283 1199 1298 1226 7
1318 1200 1429 1244 Cum
1456 1204 1606 1242 autem
1631 1199 1677 1241 in
1703 1213 1839 1241 manu
1865 1199 1893 1241 J
1898 1199 2005 1255 ehu,
2029 1199 2109 1241 filii
2132 1200 2330 1257 Hanani,

486 1262 736 1318 prophetae,
765 1260 948 1303 verbum
980 1259 1162 1303 Domini
1184 1260 1360 1302 factum
1392 1264 1508 1301 esset
1534 1263 1688 1301 contra
1723 1259 1867 1301 Baasa
1896 1262 1941 1301 et
1970 1264 2124 1302 contra
2149 1259 2332 1302 domum

484 1321 605 1377 erS,
630 1326 673 1364 et
699 1327 853 1364 contra
879 1334 1009 1363 omne
1031 1319 1200 1362 malum
1230 1319 1346 1375 quod
1372 1318 1544 1361 fecerat
1575 1332 1723 1361 coram
1747 1317 1962 1374 Domino,
1985 1318 2043 1361 ad
2064 1318 2332 1362 irritandum

485 1394 588 1423 eum
618 1380 663 1423 in
698 1380 903 1437 operibus
932 1394 1147 1422 manuum
1180 1393 1380 1434 suarum,
1415 1382 1465 1420 ut
1497 1378 1622 1420 fieret
1649 1376 1765 1420 sicut
1795 1377 1950 1420 domus
1985 1377 2248 1434 Jeroboam‚
2275 1379 2332 1422 ob

484 1440 601 1483 hanc
624 1454 804 1483 causam
832 1438 995 1482 occidit
1021 1453 1141 1494 eum,
1165 1439 1247 1481 hoc
1271 1444 1336 1481 est
1358 1437 1496 1493 ζ101111,
1521 1437 1663 1480 filium
1686 1436 1890 1491 Hanani,
1917 1437 2194 1494 prophetam.

545 1500 562 1526 8
586 1500 720 1542 Anno
754 1499 971 1555 vigesimo
1006 1503 1130 1541 sexto
1164 1500 1277 1553 Asa,
1308 1497 1426 1553 regis
1456 1497 1597 1552 Juda,
1632 1496 1840 1552 regnavit
1874 1497 1977 1553 Ela,
2013 1496 2128 1540 filius
2165 1499 2333 1555 Baasa,

485 1574 615 1617 super
642 1558 803 1615 Israel,
827 1558 873 1601 111
896 1558 1084 1613 Τ110180,
1109 1557 1279 1600 duobus
1309 1556 1451 1600 annis.
1483 1556 1500 1582 9
1527 1557 1584 1598 Et
1609 1556 1847 1599 rebellavit
1878 1561 2032 1599 contra
2054 1570 2155 1599 eum
2179 1571 2334 1600 servus

485 1634 588 1663 suus
610 1617 809 1673 Zambri,
836 1617 927 1660 dux
953 1617 1114 1660 mediae
1148 1616 1287 1673 partis
1310 1616 1523 1671 equitum.
1559 1617 1667 1658 Erat
1697 1620 1849 1658 autem
1880 1615 1964 1658 Ela
1995 1615 2042 1658 in
2072 1616 2241 1660 Thersa
2267 1616 2333 1659 bi-

485 1680 595 1722 bens
618 1683 661 1721 et
685 1677 958 1720 temulentus
980 1676 1026 1718 111
1046 1676 1177 1719 (101110
1195 1677 1322 1731 Arsa,
1343 1674 1550 1731 praefecti
1570 1675 1751 1720 Thersa.
1779 1674 1814 1700 ¹⁰
1833 1675 2012 1718 Irruens
2030 1689 2134 1731 ergo
2154 1675 2331 1719 Zambri

486 1737 703 1796 percussit
726 1742 770 1780 et
792 1736 958 1780 occidit
980 1750 1100 1791 eum,
1123 1749 1240 1778 anno
1263 1734 1480 1790 vigesimo
1508 1734 1697 1791 septimo
1726 1735 1840 1789 Asa,
1867 1734 1984 1789 regis
2015 1735 2159 1790 Juda;
2191 1740 2235 1779 et
2265 1750 2333 1780 re-

486 1797 644 1854 gnavit
676 1810 754 1853 pro
787 1810 852 1839 eo.
887 1795 916 1821 ¹¹
946 1795 1145 1850 Cumque
1178 1799 1428 1850 regnasset,
1456 1799 1500 1836 et
1522 1794 1709 1837 sedisset
1738 1808 1869 1850 super
1898 1793 2058 1836 solium
2088 1794 2207 1850 ejus,
2234 1809 2333 1851 per-

487 1857 625 1900 cussit
661 1870 839 1899 omnem
877 1855 1059 1898 domum
1099 1855 1262 1909 Baasa,
1302 1858 1346 1896 et
1382 1867 1471 1895 non
1506 1852 1743 1908 dereliquit
1779 1867 1834 1895 ex
1869 1867 1920 1896 ea
1958 1852 2238 1909 mingentem
2273 1854 2332 1898 ad

486 1916 723 1974 parietem,
763 1920 806 1958 et
838 1913 1107 1971 propinquos
1149 1918 1193 1956 et
1229 1912 1397 1955 amicos
1431 1911 1542 1968 ejus.
1580 1911 1615 1938 ¹2
1639 1912 1905 1967 Delevitque
1942 1912 2121 1955 Zambri
2155 1927 2334 1957 omnem

488 1976 666 2019 domum
696 1976 860 2030 Baasa,
892 1973 1020 2029 juxta
1050 1973 1237 2016 verbum
1272 1971 1453 2015 Domini
1486 1971 1602 2027 quod
1635 1971 1809 2014 locutus
1842 1971 1992 2015 fuerat
2021 1972 2078 2015 ad
2114 1973 2258 2015 Baasa
2286 1973 2333 2016 in

488 2050 622 2078 manu
646 2036 672 2077 0]
679 2034 763 2077 ehu
785 2033 1036 2090 prophetae,
1062 2032 1097 2058 ¹3
1123 2037 1300 2089 propter
1322 2031 1528 2074 universa
1558 2036 1745 2087 peccata
1776 2032 1921 2073 Baasa
1947 2036 1992 2074 et
2013 2037 2199 2088 peccata
2227 2032 2331 2089 Ela,

487 2095 566 2137 filii
591 2095 708 2151 ejus,
733 2094 806 2149 qui
829 2097 1130 2150 peccaverunt
1153 2097 1197 2134 et
1218 2105 1403 2147 peccare
1434 2091 1640 2133 fecerunt
1670 2090 1832 2146 Israel,
1860 2095 2154 2146 provocantes
2182 2091 2334 2134 Domi-

487 2169 593 2197 num
619 2155 763 2197 Deum
791 2152 930 2195 Israel
956 2151 1000 2193 in
1027 2151 1303 2194 vanitatibus
1326 2150 1429 2193 suis.

552 2213 584 2240 ¹4
609 2213 794 2268 Reliqua
817 2218 968 2254 autem
994 2224 1248 2254 sermonum
1271 2209 1353 2252 Ela
1375 2215 1420 2252 et
1438 2208 1586 2252 omnia
1608 2223 1706 2264 quae
1725 2209 1859 2265 fecit,
1878 2223 2025 2253 nonne
2047 2210 2145 2254 haec
2168 2210 2335 2268 scripta

489 2279 590 2316 sunt
615 2273 661 2316 in
687 2272 822 2316 Libro
847 2271 1083 2314 verborum
1110 2270 1281 2313 dierum
1306 2283 1463 2325 regum
1486 2267 1662 2311 Israel?

552 2333 584 2359 ¹5
616 2333 746 2376 Anno
778 2331 996 2387 vigesimo
1030 2329 1218 2386 septimo
1253 2330 1366 2384 Asa,
1393 2328 1509 2384 regis
1540 2328 1566 2370 ιΙ
1573 2327 1681 2383 11(10,
1712 2329 1920 2383 regnavit
1951 2328 2129 2372 Zambri
2163 2336 2335 2386 septem

490 2392 646 2436 diebus
671 2392 718 2434 in
740 2391 920 2434 Thersa.
949 2390 1083 2433 Porro
1106 2389 1326 2432 exercitus
1353 2387 1587 2430 obsidebat
1614 2386 1901 2443 Gebbethon,
1926 2388 2080 2432 urbem
2104 2388 2334 2432 Philisthi-

489 2466 659 2495 norum.
686 2451 721 2477 ¹6
744 2450 942 2506 Cumque
973 2449 1169 2492 audisset
1202 2448 1442 2491 rebellasse
1473 2447 1671 2502 Zambri,
1706 2451 1750 2489 et
1779 2447 1993 2491 occidisse
2023 2462 2196 2505 regem,
2223 2447 2338 2492 fecit

491 2511 575 2554 sibi
608 2525 760 2567 regem
786 2509 928 2553 omnis
956 2509 1096 2552 Israel
1122 2508 1271 2563 Amri,
1298 2507 1372 2563 qui
1398 2512 1492 2550 erat
1525 2505 1730 2563 princeps
1761 2505 1936 2549 militiae
1967 2521 2098 2564 super
2123 2508 2264 2551 Israel
2289 2507 2333 2551 in

493 2570 562 2614 die
581 2570 660 2613 illa
682 2569 727 2612 in
747 2568 916 2612 castris.
944 2568 975 2594 ¹⁷
995 2566 1213 2610 Ascendit
1235 2581 1338 2622 ergo
1360 2566 1509 2622 Amri,
1533 2571 1577 2608 et
1603 2565 1745 2608 omnis
1772 2566 1912 2609 Israel
1935 2580 2036 2609 cum
2062 2581 2113 2610 eo
2136 2567 2190 2610 de
2217 2567 2334 2611 Geb-

492 2631 681 2685 bethon,
706 2634 750 2672 et
776 2628 1043 2672 obsidebant
1068 2627 1248 2669 Thersa.
1276 2626 1308 2652 ¹⁸
1327 2626 1496 2669 Videns
1518 2631 1669 2668 autem
1695 2624 1872 2667 Zambri
1896 2626 2010 2681 quod
2033 2626 2337 2683 expugnanda

493 2694 609 2733 esset
627 2688 806 2744 civitas,
835 2687 1057 2743 ingressus
1088 2692 1154 2729 est
1182 2685 1420 2743 palatium,
1445 2690 1489 2728 et
1514 2683 1745 2727 succendit
1770 2698 1815 2726 se
1839 2698 1939 2727 cum
1966 2684 2097 2728 domo
2118 2685 2268 2742 regia3
2291 2690 2338 2729 et

495 2754 691 2792 mortuus
725 2752 792 2791 est
820 2746 926 2789 19111
959 2745 1155 2802 peccatis
1189 2745 1278 2787 suis
1312 2759 1410 2800 quae
1448 2749 1732 2800 peccaverat,
1774 2743 1948 2787 faciens
1982 2745 2148 2788 malum
2187 2759 2337 2789 coram

496 2808 707 2863 Domino,
732 2812 776 2850 et
806 2805 1040 2849 ambulans
1063 2805 1107 2847 in
1134 2804 1207 2847 via
1237 2804 1496 2859 Jeroboam,
1521 2807 1564 2846 et
1592 2802 1639 2845 in
1667 2808 1851 2859 peccato
1879 2804 1974 2860 ejus
1997 2818 2080 2860 quo
2102 2804 2214 2848 fecit
2236 2818 2335 2862 pec-

495 2881 594 2911 care
622 2867 774 2910 Israel.

554 2926 590 2952 '²0
617 2926 800 2982 Reliqua
823 2930 974 2968 autem
1000 2937 1252 2967 sermonum
1274 2923 1471 2979 Zambri,
1497 2928 1541 2966 et
1565 2922 1829 2966 insidiarum
1856 2922 2039 2979 01118,οῖ
2064 2923 2334 2981 tyrannidis,

496 2999 640 3028 nonne
668 2986 763 3028 haec
789 2984 953 3041 scripta
977 2988 1081 3026 sunt
1102 2983 1149 3025 in
1175 2982 1310 3025 Libro
1332 2982 1569 3025 verborum
1591 2982 1762 3025 dierum
1787 2995 1942 3037 regum
1964 2982 2135 3027 Israel?
2155 2982 2188 3009 2¹
2212 2984 2338 3026 Tunc

497 3044 664 3088 divisus
687 3050 753 3087 est
776 3044 963 3100 populus
995 3043 1134 3086 Israel
1160 3043 1205 3084 in
1236 3041 1344 3084 duas
1375 3047 1522 3098 partes
1549 3059 1558 3085 ε
1586 3041 1732 3085 media
1757 3055 1858 3098 pars
1888 3041 2041 3099 populi
2072 3042 2339 3098 sequebatur

496 3103 691 3158 Thebni,
720 3103 860 3145 filium
889 3102 1076 3158 Giueth‚
1101 3108 1149 3145 ut
1179 3101 1469 3144 constitueret
1498 3115 1598 3144 eum
1625 3114 1793 3156 regem,
1818 3106 1861 3143 et
1887 3101 2036 3144 media
2065 3115 2166 3159 pars
2196 3101 2337 3145 Amri.

496 3161 533 3188 2⁸²
556 3162 800 3205 Praevaluit
834 3168 984 3205 autem
1018 3161 1204 3218 populus
1239 3160 1312 3216 qui
1343 3165 1437 3204 erat
1470 3167 1572 3203 cum
1609 3159 1736 3203 Amri
1773 3160 1936 3216 populo
1969 3160 2043 3216 qui
2072 3160 2340 3216 sequebatur

497 3222 691 3278 Thebni,
719 3222 858 3264 filium
883 3221 1072 3274 Gineth3
1103 3226 1386 3275 mortuusque
1409 3224 1476 3262 est
1498 3219 1692 3274 Thebni,
1717 3224 1760 3261 et
1783 3219 1988 3275 regnavit
2013 3220 2154 3263 Amri.

556 3281 593 3307 ‘2³
611 3283 741 3324 Anno
772 3281 998 3336 trigesimo
1025 3280 1165 3337 primo
1193 3282 1303 3335 Asa,
1331 3279 1446 3335 regis
1469 3279 1496 3322 J
1505 3279 1609 3334 uda,
1631 3278 1837 3333 regnavit
1866 3279 1993 3321 Amri
2019 3293 2149 3336 super
2176 3279 2332 3335 Israel,
2425 3292 2428 3299 ·

499 3340 732 3384 duodecim
757 3340 910 3394 annis3
934 3340 979 3381 in
1003 3340 1168 3383 Thersa
1190 3339 1394 3394 regnavit
1421 3353 1499 3383 sex
1518 3338 1660 3380 annis.
1680 3337 1715 3363 ‘2⁴
1736 3337 1944 3394 Emitque
1966 3345 2162 3381 montem
2186 3339 2335 3383 Sama-

498 3401 575 3443 riae
602 3415 627 3443 a
655 3402 803 3444 Somer
822 3399 991 3442 duobus
1018 3399 1197 3442 talentis
1219 3398 1418 3453 argenti3
1443 3403 1487 3441 et
1511 3397 1750 3440 aedificavit
1772 3411 1893 3453 eum,
1913 3403 1954 3441 et
1978 3398 2156 3440 vocavit
2177 3412 2337 3441 nomen

500 3460 695 3502 civitatis
730 3473 863 3514 quam
895 3464 1192 3513 exstruxerat,
1228 3457 1408 3500 1101111110
1445 3458 1616 3512 Somer,
1656 3456 1823 3499 domini
1859 3457 2042 3512 montis,
2077 3457 2335 3501 Samariam.

500 3517 536 3544 25
555 3519 681 3562 Fecit
702 3525 852 3561 autem
870 3516 996 3560 Amri
1021 3514 1187 3559 malum
1208 3516 1253 3559 in
1278 3521 1515 3573 conspectu
1542 3515 1743 3572 Domini,
1764 3522 1807 3559 et
1829 3521 2033 3573 operatus
2052 3521 2118 3559 est
2140 3516 2338 3571 nequiter

503 3664 534 3697 4]
555 3664 631 3695 sup.
651 3664 743 3698 XIV,
762 3666 803 3690 11.
823 3678 858 3682 -
872 3663 900 3696 ⁵]
923 3663 956 3690 11
977 3662 1046 3689 rar.
1065 3662 1157 3697 XVI,
1176 3665 1197 3689 1.
1218 3662 1315 3695 —1-0]
1332 3661 1377 3688 lv
1394 3663 1475 3695 neg.
1496 3660 1546 3688 ix
1580 3665 1625 3691 31.
