2456 3861
621 142 767 184 DEUT.
802 142 978 195 XXVI,
1016 143 1035 183 1
1070 167 1129 175 —-
1160 142 1363 195 XXVII,
1397 142 1436 185 3.
1857 141 1938 184 185

176 312 284 356 CAP.
315 311 484 354 XXVI.
509 337 569 342 —
595 311 824 366 ¹Cumque
844 311 1077 355 intraveris
1104 317 1265 355 terram
1291 325 1424 367 quain
1452 311 1668 355 Dominus
1695 312 1812 354 Deus
1838 316 1938 354 tuus

118 370 199 413 tibi
223 370 404 412 daturus
427 375 492 412 est
517 369 849 426 possidendam,
873 377 916 413 ct
937 370 1179 413 obtinueris
1205 385 1323 425 eam,
1346 376 1479 425 atque
1508 370 1777 413 habitaveris
1799 369 1844 411 in
1867 384 1937 425 ea,

115 428 135 454 ‘²
156 428 284 472 tolles
315 428 368 471 de
398 429 568 471 cunctis
590 429 796 484 frugibus
819 429 905 471 tuis
928 429 1166 485 primitias,
1186 436 1229 472 et
1251 443 1383 485 pones
1408 430 1454 471 in
1476 429 1674 483 cartallo,
1697 442 1938 485 pergesque

115 487 172 530 ad
195 487 339 530 locum
362 501 493 543 quern
516 487 733 530 Dominus
758 489 874 530 Deus
893 493 994 529 tuus
1009 488 1217 543 elegerit,
1241 494 1289 530 ut
1309 488 1370 531 ibi
1393 488 1622 531 invocetur
1639 501 1797 531 nomen
1816 487 1936 543 ejus,

115 546 421 601 ³accedesque
448 546 505 588 ad
537 545 831 599 sacerdotem,
859 546 931 601 qui
962 547 1098 588 fuerit
1125 547 1173 588 in
1202 547 1356 589 diebus
1381 547 1492 602 illis,
1521 552 1565 590 et
1587 547 1705 590 dices
1730 546 1787 589 ad
1809 560 1907 589 eum
1929 563 1938 589 :

116 605 329 648 Profiteor
353 605 483 647 hodie
512 618 661 647 coram
688 605 878 646 Domino
907 606 1000 647 Deo
1026 611 1122 657 tuo,
1149 606 1262 660 quod
1295 606 1519 660 ingressus
1551 620 1648 648 sum
1680 606 1726 648 in
1755 611 1937 660 terram,

116 678 192 720 pro
226 678 311 719 qua
348 663 515 719 juravit
552 662 750 718 patribus
784 663 968 718 nostris,
1010 668 1058 705 ut
1092 663 1216 706 daret
1248 678 1347 706 eam
1386 665 1525 707 nobis.
1560 664 1575 691 ⁴
1602 665 1939 721 Suscipiensque

113 722 320 765 sacerdos
342 721 576 764 cartallum
602 721 656 764 de
685 735 819 763 manu
843 727 940 775 tua,
972 726 1105 777 ponet
1132 728 1236 764 ante
1264 723 1404 764 altare
1436 723 1614 765 Domini
1642 724 1723 767 Dei
1750 723 1813 765 tui
1830 740 1846 777 ς-
1863 723 1880 749 ⁵
1898 727 1941 765 et

114 781 305 836 loqueris
326 781 372 822 in
395 784 632 836 conspectu
657 779 836 821 Domini
861 779 950 822 Dei<
966 779 1030 821 tui
1050 796 1057 822 :
1079 781 1211 835 Syrus
1229 781 1572 836 persequebatur
1590 788 1758 837 patrem
1778 796 1938 837 meum,

114 840 189 895 qui
211 838 441 882 descendit
459 838 507 880 in
529 838 793 893 AEgyptum,
816 843 860 881 et
879 837 942 880 ibi
965 838 1269 894 peregrinatus
1291 845 1357 882 est
1378 839 1423 881 in
1446 841 1710 894 paucissimo
1732 854 1937 893 numero3

114 898 340 953 crevitque
378 897 426 939 in
466 903 646 952 gentem
687 910 899 952 magnam
935 911 990 940 ac
1032 897 1284 952 robustam,
1323 903 1366 940 et
1401 897 1588 940 infinitae
1625 898 1938 942 multitudinis.

114 957 132 983 ⁶
151 956 502 1011 Afflixeruntque
532 968 609 997 nos
638 955 866 1011 AEgyptii,
897 960 940 998 et
963 956 1182 1012 persecuti
1212 962 1336 1010 sunt,
1369 956 1645 1012 imponentes
1679 971 1808 999 onera
1842 972 1939 1011 gra-

113 1016 324 1069 vissima;
361 1014 375 1041 ‘⁴'
399 1020 442 1057 et
475 1014 768 1057 clamavimus
801 1014 858 1057 ad
894 1014 1136 1057 Dominum
1171 1016 1316 1058 Deum
1353 1020 1529 1072 patrum
1562 1022 1832 1071 nostrorum,
1867 1016 1940 1071 qui

114 1074 344 1118 exaudivit
364 1087 464 1128 nos,
488 1078 531 1116 et
554 1073 748 1130 respexit
769 1073 1071 1116 humilitatem
1099 1079 1316 1129 nostram,
1341 1080 1384 1117 et
1405 1073 1622 1129 laborem,
1644 1079 1776 1129 atque
1800 1089 1939 1130 angu-

112 1133 270 1187 stiam3
293 1132 310 1159 ⁸
328 1138 371 1176 et
395 1132 550 1176 eduxit
578 1146 657 1176 nos
687 1131 741 1175 de
770 1133 970 1189 AEgypto
999 1132 1045 1174 in
1076 1147 1210 1175 manu
1239 1133 1367 1188 forti,
1391 1138 1434 1176 et
1466 1133 1647 1176 brachio
1673 1138 1872 1187 extento,
1892 1133 1941 1175 in

112 1192 284 1248 ingenti
310 1205 494 1248 pavore,
516 1191 563 1234 in
588 1191 727 1247 signis
749 1197 882 1247 atque
902 1192 1142 1248 portentis3
1168 1191 1185 1217 9
1203 1196 1246 1235 et
1266 1191 1513 1235 introduxit
1533 1192 1590 1235 ad
1612 1192 1759 1235 locum
1783 1193 1938 1248 istum,

113 1261 157 1294 et
178 1251 363 1294 tradidit
385 1250 511 1294 nobis
533 1255 696 1294 terram
717 1250 833 1293 lacte
855 1255 898 1293 et
919 1250 1051 1294 melle
1069 1255 1340 1294 manantem.
1362 1250 1397 1277 ¹⁰
1411 1251 1469 1293 Et
1485 1251 1650 1294 idcirco
1668 1265 1785 1293 nunc
1802 1251 1940 1294 offero

112 1310 331 1368 primitias
363 1310 548 1364 frugum
581 1314 729 1364 terrae,
760 1323 893 1365 quam
929 1310 1145 1352 Dominus
1174 1309 1297 1352 dedit
1330 1309 1453 1352 mihi.
1480 1311 1537 1352 Et
1566 1310 1763 1352 dimittes
1790 1324 1864 1353 eas
1893 1310 1940 1353 in

110 1374 352 1426 conspectu
383 1368 563 1412 Domini
595 1368 677 1411 Dei
706 1369 796 1423 tui,
828 1374 871 1411 et
898 1369 1081 1412 adorato
1112 1369 1304 1411 Domino
1331 1370 1535 1418 Deotuo.
1558 1369 1592 1395 1¹
1614 1370 1670 1412 Et
1691 1369 1939 1425 epulaberis

109 1429 160 1471 in
181 1429 385 1471 omnibus
408 1427 534 1470 bonis
555 1441 655 1482 quae
680 1428 896 1470 Dominus
921 1429 1039 1470 Deus
1061 1432 1162 1470 tuus
1185 1427 1356 1475 dederit
1377 1427 1480 1482 tibi,
1504 1434 1547 1471 et
1571 1428 1721 1471 domui
1752 1434 1860 1484 tuae,
1891 1433 1939 1470 tu

112 1495 157 1530 et
178 1487 354 1542 levites,
381 1491 424 1530 et
444 1486 618 1529 advena
640 1486 713 1541 qui
736 1491 884 1528 tecum
906 1492 984 1529 est.

173 1545 208 1573 '¹⁹²
225 1546 410 1596 Quando
433 1544 723 1601 compleveris
745 1544 967 1588 decimam
989 1550 1250 1588 cunctarum
1272 1546 1456 1601 frugum
1472 1550 1663 1601 tuarum,
1684 1561 1800 1589 anno
1822 1546 1939 1589 deci-

113 1619 285 1648 marum
310 1605 461 1659 tertio,
481 1603 611 1647 dabis
633 1602 804 1659 levitae,
828 1610 870 1646 et
891 1604 1099 1660 advenae,
1123 1610 1166 1647 et
1187 1605 1357 1661 pupillo
1379 1610 1422 1647 et
1442 1604 1611 1660 viduae,
1634 1611 1682 1647 ut
1704 1605 1940 1648 comedant

110 1665 227 1707 intra
253 1669 400 1721 portas
422 1668 542 1718 tuas,
566 1668 608 1706 et
635 1667 911 1717 saturentur3
938 1663 974 1689 '¹3
991 1663 1268 1719 loquerisque
1296 1664 1342 1706 in
1372 1669 1610 1720 conspectu
1645 1664 1825 1707 Domini
1857 1664 1939 1707 Dei

108 1723 176 1766 tui
199 1740 207 1767 :
231 1722 412 1766 Abstuli
435 1721 550 1778 quod
571 1722 901 1765 sanctificatum
922 1728 989 1766 est
1011 1722 1064 1765 de
1087 1722 1216 1769 domo
1241 1737 1358 1778 mea,
1381 1728 1425 1765 et
1453 1722 1556 1765 dedi
1585 1723 1696 1765 illud
1717 1723 1867 1766 levitae
1897 1727 1941 1766 et

101 1782 316 1838 advenae,
340 1787 384 1826 et
413 1780 581 1839 pupillo
606 1795 659 1824 ac
680 1781 848 1838 viduae,
872 1783 987 1824 sieut
1016 1782 1186 1837 jussisti
1211 1782 1345 1837 mihi3
1370 1796 1458 1824 non
1479 1782 1702 1838 praeterivi
1728 1782 1939 1824 mandata

109 1847 208 1897 tua,
233 1856 314 1885 nec
336 1856 435 1884 sum
455 1840 620 1884 oblitus
640 1840 816 1897 imperii
839 1841 917 1884 tui.
942 1841 977 1867 ‘¹4
1000 1842 1100 1884 Non
1126 1841 1297 1884 comedi
1321 1856 1375 1884 ex
1401 1841 1462 1884 eis
1487 1841 1534 1883 in
1560 1841 1682 1884 luctu
1711 1855 1829 1893 meo,
1859 1855 1940 1884 nec

109 1901 311 1958 separavi
334 1915 386 1944 ea
409 1901 456 1943 in
480 1899 680 1955 qualibet
708 1899 1015 1956 immunditia,
1046 1914 1127 1944 nec
1154 1900 1345 1957 expendi
1373 1915 1429 1944 ex
1453 1901 1521 1943 his
1547 1900 1789 1956 quidquam
1814 1901 1862 1942 in
1894 1913 1940 1942 re

109 1960 303 2004 funebri.
332 1959 524 2004 Obedivi
552 1959 651 2002 voci
683 1959 864 2002 Domini
893 1960 978 2002 Dei
1005 1960 1114 2016 mei,
1149 1964 1193 2003 et
1228 1960 1320 2003 feci
1356 1959 1506 2003 omnia
1541 1959 1655 2002 sicut
1690 1959 1941 2016 praecepisti

109 2019 232 2062 mihi.
259 2019 295 2046 '¹⁵
314 2019 501 2076 Respice
528 2018 581 2062 de
607 2019 859 2062 sanctuario
880 2024 978 2075 tuo,
1007 2024 1051 2062 et
1075 2019 1130 2062 de
1156 2019 1331 2062 excelso
1356 2018 1565 2062 caelorum
1594 2018 1869 2073 habitaculo,
1897 2022 1941 2061 et

100 2078 298 2122 ‘benedic
329 2078 492 2136 populo
525 2082 601 2121 tuo
627 2079 787 2134 Israel,
824 2083 870 2122 et
903 2084 1053 2134 terrae,
1089 2093 1223 2134 quam
1261 2078 1424 2121 dedisti
1461 2077 1609 2133 nobis,
1639 2078 1753 2120 sicut
1780 2076 1940 2133 jurasti

102 2138 309 2194 patribus
334 2138 516 2193 nostris,
537 2142 669 2181 terrae
691 2138 808 2181 lacte
833 2143 878 2181 et
901 2138 1035 2181 melle
1057 2138 1273 2181 mananti.

169 2197 205 2224 '¹6
230 2197 378 2240 Hodie
418 2197 635 2240 Dominus
672 2199 791 2240 Deus
826 2202 927 2240 tuus
964 2197 1177 2254 praecepit
1213 2197 1297 2239 tibi
1336 2202 1385 2239 ut
1420 2197 1564 2239 facias
1596 2196 1809 2239 mandata
1844 2196 1940 2238 haec

100 2261 241 2312 <atque
273 2256 471 2313 judicia3
508 2261 553 2299 et
586 2257 829 2312 custodias,
865 2256 1132 2313 etimpleas
1170 2271 1224 2299 ex
1256 2261 1349 2299 toto
1387 2256 1516 2299 corde
1549 2261 1645 2311 tuo,
1680 2261 1724 2299 et
1760 2270 1815 2298 ex
1847 2259 1941 2297 tota

107 2316 260 2358 anima
284 2321 374 2359 tua.
396 2315 431 2342 ¹7
453 2314 696 2360 Dominum
721 2315 897 2372 elegisti
919 2315 1070 2371 hodie,
1094 2320 1142 2358 ut
1163 2315 1220 2358 sit
1240 2315 1325 2357 tibi
1348 2317 1488 2370 Deus,
1508 2320 1553 2358 et
1573 2315 1773 2358 ambules
1794 2314 1840 2356 in
1858 2314 1941 2357 viis

100 2375 227 2431 -ejus,
255 2380 299 2419 et
324 2375 546 2418 custodias
573 2375 846 2418 ceremonias
872 2374 1012 2431 illius,
1032 2379 1076 2418 et
1098 2374 1312 2417 mandata
1334 2379 1464 2430 atque
1486 2373 1675 2430 judicia,
1696 2380 1739 2416 et
1761 2373 1941 2416 obedias

107 2435 206 2489 ejus
228 2434 438 2491 imperio3
467 2435 501 2461 18
519 2439 564 2478 et
592 2434 808 2478 Dominus
831 2434 968 2490 elegit
996 2439 1040 2477 te
1065 2433 1218 2489 hodie,
1246 2439 1294 2476 ut
1319 2433 1378 2476 sis
1404 2433 1443 2476 ei
1472 2433 1659 2490 populus
1684 2431 1940 2489 peculiaris,

101 2493 222 2536 *sicut
254 2494 427 2537 locutus
452 2499 519 2538 est
543 2494 647 2550 tibi,
673 2499 718 2537 et
743 2492 966 2536 custodias
993 2492 1142 2536 omnia
1170 2497 1395 2550 praecepta
1428 2492 1572 2547 illius;
1596 2491 1632 2517 ‘¹9
1649 2498 1693 2535 et
1723 2491 1866 2533 faciat
1897 2495 1941 2533 te

102 2553 396 2596 excelsiorem
419 2553 591 2597 eunctis
619 2553 828 2610 gentibus
852 2566 962 2608 quas
985 2551 1175 2606 creavit,
1200 2551 1247 2594 in
1273 2551 1471 2607 laudem,
1499 2556 1544 2594 et
1571 2564 1755 2606 nomen,
1783 2554 1827 2592 et
1849 2550 1941 2607 glo-

100 2611 220 2655 riam
245 2626 390 2669 suam,
416 2616 466 2656 ut
489 2611 549 2655 sis
569 2612 759 2670 populus
785 2617 965 2655 sanctus
993 2610 1174 2654 Domini
1197 2610 1282 2653 Dei
1306 2610 1392 2665 tui,
1420 2609 1534 2652 sicut
1555 2609 1728 2652 loeutus
1750 2613 1829 2652 est.

680 2801 964 2858 SERMO
1014 2800 1375 2856 TERTIUS

531 2942 614 2980 DE
662 2939 1158 2980 RENOVATIONE
1207 2937 1519 2977 FOEDERIS

349 3077 374 3134 ἕ
407 3078 443 3121 Ι.
468 3102 528 3108 -
555 3075 758 3132 Haegy‘usce
789 3075 1082 3118 renovationis
1105 3073 1414 3131 praescribitur
1443 3079 1704 3129 apparatus.

170 3194 277 3238 CAP.
310 3193 507 3238 XXVII.
533 3218 593 3226 -
627 3191 879 3248 ¹Praecepit
906 3196 1055 3234 autem
1084 3190 1262 3247 Moyses
1290 3193 1336 3233 et
1366 3188 1561 3232 seniores
1595 3187 1754 3242 Israel,
1781 3186 1943 3243 populo

103 3252 337 3296 dicentes:
367 3251 594 3296 Oustodite
621 3265 750 3294 omne
779 3249 1040 3293 mandatum
1067 3248 1183 3305 quod
1216 3248 1428 3305 praecipio
1452 3247 1578 3290 vobis
1603 3246 1759 3300 hodie;
1787 3244 1806 3271 2
1822 3259 1942 3310 cum-

104 3324 195 3366 -que
216 3311 481 3354 transieritis
503 3310 748 3354 Jordanem
772 3309 819 3352 in
837 3314 1013 3363 terram,
1034 3323 1168 3364 quam
1195 3307 1411 3351 Dominus
1435 3308 1554 3350 Deus
1575 3311 1676 3348 tuus
1696 3304 1823 3347 dabit
1844 3303 1940 3357 tib1‚

105 3369 256 3426 eriges
281 3370 486 3426 ingentes
510 3369 703 3427 lapides,
729 3374 774 3412 et
798 3369 921 3411 calce
951 3367 1171 3423 levigabis
1197 3381 1292 3422 eos,
1317 3366 1336 3394 3
1353 3371 1402 3409 ut
1430 3365 1571 3422 possis
1595 3364 1641 3405 in
1667 3363 1729 3405 eis
1750 3362 1941 3405 scribere

107 3428 262 3471 omnia
286 3429 422 3473 verba
445 3429 557 3486 legis
581 3429 735 3485 hujus,
763 3427 960 3471 Jordane
990 3426 1271 3480 transmisso,
1297 3430 1348 3468 ut
1379 3424 1573 3466 introeas
1599 3427 1780 3475 terram,
1809 3434 1942 3486 quam

112 3486 331 3530 Dominus
363 3489 482 3531 Deus
514 3493 614 3531 tuus
649 3486 775 3530 dabit
803 3486 907 3542 tibi,
942 3491 1107 3529 temam
1140 3485 1257 3527 lacte
1289 3488 1335 3527 et
1359 3482 1490 3525 melle
1516 3484 1794 3535 manantem,
1828 3483 1942 3521 slcut

110 3647 165 3680 13]
183 3647 260 3679 Sul).
277 3647 368 3684 XIV,
385 3651 429 3678 29.
453 3663 489 3668 —-
510 3649 557 3682 15]
576 3649 621 3677 IS.
643 3649 773 3683 LXIII,
791 3650 831 3676 15.
865 3648 938 3675 Bar.
956 3647 1002 3681 11,
1025 3650 1068 3675 16.
1094 3661 1128 3665 —
1150 3646 1198 3679 18]
1216 3645 1295 3676 Sup.
1318 3643 1395 3677 V11,
1416 3645 1442 3670 6.

2017 319 2111 346 (ndat
2120 318 2148 345 io
2166 318 2231 350 pri-

2035 364 2203 387 1111L1a1·u111

2107 1561 2145 1582 ac

2017 1597 2231 1626 decimarum.

2005 2199 2148 2228 Secundi
2181 2206 2249 2227 ser-

2075 2243 2183 2272 monis

2036 2287 2218 2317 conclusio.

2092 3189 2162 3217 Lex

2045 3232 2213 3265 lapidibus

2018 3276 2240 3309 inscribenda,

2071 3321 2176 3348 altare

2025 3363 2231 3395 erigendum.
