2423 3861
195 525 315 554 'Oratio

197 569 323 598 Azariae

174 615 207 643 in
232 614 340 642 medio

181 660 331 687 fiaminae.

147 2793 235 2820 Deus
257 2799 375 2821 servos

171 2844 249 2865 suos
266 2844 350 2865 mire

183 2880 344 2915 protegit.

175 3267 350 3295 Canticum

210 3311 314 3339 trium

174 3353 348 3388 juvenum.

144 3401 175 3426 1⁰
190 3399 381 3429 Exordium.

454 100 538 144 978
1149 99 1266 142 mx.
1302 100 1401 155 111,
1435 101 1598 145 24-53.

451 278 535 328 est,
577 273 780 325 Sidi-ach,
816 270 989 312 Misach
1024 275 1066 312 et
1099 268 1375 325 Abdenago,
1412 270 1670 314 ceciderunt
1701 271 1747 313 in
1785 273 1933 315 medio
1971 273 2146 317 camino
2178 274 2298 331 iguis

448 332 665 387 ardentis,
690 328 905 385 colligati.

511 422 615 473 chce
640 425 881 475 sequuntur
906 419 951 461 in
972 418 1154 461 kebrceis
1179 419 1477 462 voluminibus
1501 434 1586 462 mm
1609 421 1764 476 reperi.

503 508 539 534 ⁵24
562 510 621 551 Et
644 507 940 551 ambulabant
967 507 1015 549 in
1040 507 1188 550 medio
1213 507 1431 563 flamma,
1459 508 1697 552 laudantes
1720 510 1885 564 Deum,
1914 512 1958 551 et
1979 508 2298 558 benedicentes

447 568 651 611 Domino.
679 567 716 594 ²5
735 567 865 611 Stans
890 572 1043 609 autem
1065 566 1252 609 Azarias
1279 567 1423 610 oravit
1448 567 1532 622 sic,
1556 568 1847 624 aperiensque
1868 581 1913 610 os
1936 582 2067 610 suum
2084 569 2132 612 in
2150 571 2298 614 medio

443 628 454 669 i
482 626 586 682 nis,
607 628 696 672 ait:
1262 654 1266 657 Δ

460 643 538 714 g‘ffi
570 687 841 730 Benedictus
878 701 943 743 es,
984 687 1197 743 Domine,
1234 688 1353 729 Deus
1386 691 1565 743 patrum
1602 692 1872 742 nostrorum,
1909 692 1952 730 et
1989 687 2216 732 laudabile
2254 694 2296 732 et

442 747 685 803 gloriosum
721 761 884 790 nomen
917 751 1043 788 tuum
1079 745 1127 788 in
1163 746 1331 789 saecula
1360 763 1368 790 ε
1400 744 1435 772 27
1458 745 1561 801 quia
1602 745 1749 802 justus
1787 760 1832 789 es
1869 746 1915 788 111
1953 746 2164 791 omnibus
2198 762 2296 804 quae

442 807 592 850 fecisti
626 807 774 862 nobis,
810 810 854 849 et
885 805 1093 849 universa
1126 820 1258 863 opera
1290 810 1367 848 tua
1403 820 1527 861 vera,
1557 810 1601 848 et
1630 807 1716 848 viae
1751 811 1841 848 tuae
1874 811 2031 862 rectae,
2069 811 2112 850 et
2146 808 2297 850 omnia

441 866 613 923 judicia
639 871 717 908 tua
741 880 859 910 vera.
887 865 923 891 23
939 865 1121 908 Judicia
1147 865 1267 908 enim
1293 879 1398 909 vera
1429 864 1580 908 fecisti
1613 865 1745 921 juxta
1771 864 1921 908 omnia
1947 880 2046 921 quae
2076 866 2296 910 induxisti

442 940 573 983 super
597 940 697 982 nos,
724 931 768 969 et
790 939 920 982 super
942 924 1174 968 civitatem
1195 929 1400 967 sanctam
1421 930 1601 981 patrum
1622 929 1885 980 nostrorum,
1907 925 2171 983 Jerusalem,
2191 926 2296 982 quia

441 986 487 1028 in
522 986 708 1029 veritate
742 991 785 1028 et
818 984 864 1027 in
897 984 1066 1040 judicio
1098 984 1318 1027 induxisti
1356 984 1505 1028 omnia
1542 985 1664 1040 haec,
1699 989 1878 1041 propter
1911 990 2097 1041 peccata
2129 992 2295 1031 nostra.

444 1044 479 1071 29
499 1045 790 1089 Peccavimus
816 1044 956 1100 enim,
985 1049 1028 1087 et
1056 1044 1208 1100 inique
1238 1043 1411 1099 egimus
1439 1044 1698 1087 recedentes
1732 1058 1758 1086 a
1783 1049 1848 1100 te,
1879 1049 1923 1087 et
1948 1044 2217 1101 deliquimus
2246 1045 2295 1088 in

443 1105 672 1159 omnibus3
697 1104 734 1131 30
753 1109 797 1148 et
817 1110 1044 1161 praecepta
1066 1109 1142 1146 tua
1167 1118 1257 1146 non
1281 1102 1557 1160 audivimus,
1584 1117 1667 1146 nec
1689 1102 2046 1161 observavimus,
2073 1119 2155 1149 nec
2182 1105 2293 1149 feci-

442 1179 540 1207 mus
565 1164 680 1207 sicut
713 1178 988 1221 praeceperas
1013 1163 1162 1220 nobis,
1197 1168 1246 1206 ut
1274 1163 1389 1206 bene
1414 1163 1542 1206 nobis
1575 1167 1703 1206 esset.
1727 1162 1763 1189 3¹
1783 1163 1946 1206 Omnia
1975 1178 2079 1220 ergo
2104 1179 2205 1220 quae
2228 1165 2296 1208 111-

442 1223 612 1267 duxisti
636 1238 766 1281 super
790 1238 891 1280 nos,
927 1228 970 1266 et
995 1223 1204 1266 universa
1229 1237 1328 1279 quae
1357 1222 1510 1266 fecisti
1540 1222 1689 1279 nobis,
1715 1223 1763 1265 in
1790 1237 1894 1266 vero
1919 1223 2088 1279 judicio
2114 1223 2290 1280 fecisti3

442 1283 479 1311 3⁷2
497 1289 540 1328 et
564 1283 790 1327 tradidisti
820 1297 900 1326 nos
924 1283 971 1325 in
996 1282 1204 1326 manibus
1235 1282 1519 1325 inimicorum
1544 1287 1796 1326 nostrorum
1823 1282 2102 1340 iniquorum,
2129 1288 2174 1326 et
2198 1298 2295 1341 pes-

442 1343 676 1398 simorum,
714 1343 1217 1400 praevaricatorumque,
1252 1347 1296 1385 et
1332 1342 1427 1398 regi
1459 1342 1629 1398 injusto
1663 1347 1707 1385 et
1739 1341 1932 1398 pessimo
1966 1342 2083 1386 ultra
2117 1357 2295 1387 omnem

442 1409 619 1447 terram.
643 1403 679 1429 33
701 1404 759 1446 Et
780 1417 898 1445 nunc
921 1417 1009 1445 non
1030 1416 1264 1459 possumus
1289 1402 1460 1459 aperire
1482 1416 1553 1457 os,
1579 1401 1787 1445 confusio
1809 1406 1852 1444 et
1874 1402 2159 1459 opprobrium
2182 1402 2294 1446 facti

443 1478 594 1506 sumus
617 1463 756 1506 servis
779 1462 867 1505 tuis
890 1467 933 1506 et
958 1461 1026 1504 his
1049 1462 1123 1517 qui
1147 1461 1299 1505 colunt
1325 1466 1382 1504 te.

502 1523 539 1549 34
562 1524 649 1579 Ne,
674 1537 948 1579 quaesumus,
976 1522 1128 1564 tradas
1145 1536 1224 1564 nos
1246 1521 1293 1563 in
1315 1525 1580 1578 perpetuum
1601 1527 1785 1578 propter
1807 1536 1970 1565 nomen
1996 1526 2146 1578 tuum,
2170 1527 2214 1565 et
2239 1537 2294 1566 ne

444 1583 631 1640 dissipes
654 1587 973 1625 testamentum
994 1586 1145 1635 tuum3
1169 1580 1206 1607 35
1223 1594 1366 1636 neque
1387 1580 1567 1623 auferas
1590 1580 1942 1624 misericordiam
1959 1586 2082 1623 tuam
2105 1596 2131 1624 a
2150 1581 2293 1637 nobis,

442 1647 621 1700 propter
654 1642 905 1697 Abraham,
944 1640 1160 1684 dilectum
1197 1645 1345 1696 tuum,
1384 1644 1428 1683 et
1465 1640 1615 1696 Isaac,
1654 1654 1832 1683 servum
1868 1644 2017 1696 tuum,
2053 1645 2096 1684 et
2130 1641 2292 1698 Israel,

444 1707 649 1745 sanctum
677 1707 825 1756 tuum,
852 1700 889 1727 36
916 1700 1075 1756 quibus
1109 1699 1283 1743 locutus
1317 1713 1362 1742 es
1391 1698 1607 1756 pollicens
1641 1699 1757 1755 quod
1791 1699 2115 1756 multiplicares
2141 1714 2294 1744 semen

445 1776 596 1805 eorum
616 1761 732 1804 sicut
757 1759 910 1804 stellas
936 1759 1056 1816 caeli,
1075 1764 1118 1803 et
1143 1759 1259 1802 sicut
1279 1773 1461 1802 arenam
1485 1773 1581 1814 quae
1604 1764 1670 1802 est
1695 1758 1741 1801 in
1762 1758 1912 1802 littore
1931 1759 2090 1813 maris,
2113 1759 2147 1786 3⁷
2167 1760 2291 1817 quia,

446 1821 656 1877 Domine,
685 1819 913 1863 imminuti
938 1833 1091 1862 sumus
1119 1818 1219 1875 plus
1242 1833 1377 1874 quam
1402 1832 1555 1861 omnes
1577 1823 1754 1874 gentes,
1777 1832 2016 1874 sumusque
2038 1819 2229 1862 humiles
2246 1820 2294 1862 111

446 1881 652 1923 universa
678 1885 792 1923 terra
814 1879 947 1922 hodie
971 1884 1149 1936 propter
1170 1882 1357 1934 peccata
1378 1883 1542 1920 nostra.
1570 1877 1606 1903 3⁸
1629 1879 1688 1920 Et
1712 1892 1800 1921 non
1824 1883 1889 1920 est
1913 1877 1961 1919 in
1982 1883 2180 1935 tempore
2210 1879 2294 1922 hoc

444 1940 669 1998 princeps,
704 1945 749 1982 et
785 1939 894 1995 dux,
931 1944 975 1981 et
1007 1938 1242 1995 propheta,
1281 1951 1424 1993 neque
1457 1937 1789 1992 holocaustum,
1827 1951 1970 1993 neque
2003 1936 2295 1994 sacrificium,

444 2014 587 2055 neque
614 1999 800 2053 oblatio,
824 2012 966 2054 neque
990 1997 1245 2052 incensum,
1269 2010 1410 2052 neque
1440 1996 1563 2040 locus
1588 1995 1889 2053 primitiarum
1912 2002 2066 2047 contra
2092 2002 2162 2053 te,
2188 1996 2224 2023 39
2246 2003 2297 2040 ut

445 2059 662 2116 possimus
688 2057 887 2102 invenire
919 2056 1271 2100 misericordiam
1297 2061 1435 2099 tuam.
1464 2055 1548 2099 Sed
1578 2055 1626 2098 in
1651 2055 1801 2099 animo
1828 2056 2040 2113 contrito,
2068 2061 2112 2100 et
2136 2056 2296 2113 spiritu

444 2117 709 2161 humilitatis
739 2117 1056 2174 suscipiamur,
1086 2115 1123 2142 4⁰
1148 2116 1264 2159 sicut
1292 2115 1339 2158 in
1371 2115 1630 2159 holocausto
1659 2115 1871 2172 arietum,
1903 2121 1948 2159 et
1976 2120 2225 2172 taurorum,
2250 2121 2297 2160 et

444 2178 559 2221 sicut
579 2178 627 2220 111
652 2177 850 2220 millibus
876 2190 1092 2233 agnorum
1114 2175 1371 2233 pinguium,
1395 2175 1458 2218 sic
1484 2175 1562 2218 fiat
1593 2175 1862 2219 sacrificium
1887 2179 2096 2219 nostrum.
2116 2175 2164 2220 in
2191 2189 2296 2219 con-

443 2243 597 2294 spectu
622 2242 699 2281 tuo
720 2236 873 2293 hodie,
897 2241 945 2278 ut
969 2235 1146 2292 placeat
1172 2235 1275 2292 tibi,
1302 2235 1513 2291 quoniam
1534 2249 1623 2278 non
1645 2240 1713 2277 est
1735 2234 1941 2278 confusio
1967 2232 2294 2280 confidentibus

442 2298 489 2340 in
514 2303 571 2341 te.
597 2296 631 2323 4¹
652 2297 711 2340 Et
736 2311 853 2339 nunc
878 2295 1103 2352 sequimur
1127 2300 1172 2338 te
1199 2294 1247 2337 in
1277 2299 1371 2337 toto
1401 2294 1556 2349 corde3
1585 2299 1628 2337 et
1658 2293 1868 2337 timemus
1893 2300 1957 2350 te,
1985 2299 2029 2337 et
2054 2294 2296 2349 quaerimus

442 2357 609 2400 faciem
633 2362 771 2400 tuam.

502 2415 540 2442 4⁹²
559 2418 626 2460 Ne
648 2416 900 2460 confundas
922 2431 1021 2472 nos,
1049 2415 1127 2459 sed
1152 2416 1229 2458 fac
1255 2415 1490 2459 nobiscum
1510 2415 1640 2470 juxta
1663 2413 2053 2458 mansuetudinem
2082 2419 2227 2471 tuam,
2250 2419 2294 2459 01,

443 2476 687 2520 secundum
716 2475 1051 2519 multitudinem
1080 2474 1396 2518 misericordiae
1426 2480 1529 2517 tuae.
1557 2473 1594 2500 43
1613 2474 1671 2516 Et
1697 2488 1799 2517 erue
1828 2487 1907 2517 nos
1936 2473 1985 2516 in
2013 2473 2293 2518 mirabilibus

444 2536 551 2592 tuis,
575 2542 618 2579 et
644 2536 700 2579 da
732 2535 922 2592 gloriam
951 2534 1121 2578 nomini
1147 2540 1244 2591 tuo,
1277 2534 1496 2589 Domine3
1531 2532 1567 2560 44
1590 2538 1633 2577 01
1664 2532 2002 2576 confundantur
2033 2546 2185 2577 omnes
2219 2534 2294 2590 qui

444 2595 684 2639 ostendunt
708 2594 846 2638 servis
872 2594 959 2637 tuis
989 2594 1129 2651 mala,
1158 2593 1493 2637 confundantur
1517 2593 1565 2636 in
1590 2593 1711 2636 omni
1737 2580 1938 2650 poten'tia
1960 2597 2056 2649 tua,
2089 2598 2132 2636 et
2162 2593 2294 2637 robur

446 2669 595 2698 eorum
618 2660 893 2709 conteratur3
914 2653 951 2680 45
969 2660 1012 2698 01
1033 2653 1178 2697 sciant
1200 2653 1303 2709 quia
1324 2657 1373 2696 tu
1399 2667 1444 2696 es
1471 2652 1691 2696 Dominus
1714 2653 1835 2696 Deus
1857 2652 1988 2708 solus,
2011 2657 2055 2696 et
2076 2651 2295 2708 gloriosus

445 2729 576 2771 super
600 2715 752 2758 orbem
776 2720 1006 2757 terrarum.

505 2774 542 2800 46
564 2774 622 2816 Ε1
647 2788 737 2817 11011
759 2774 994 2817 cessabant
1019 2773 1093 2830 qui
1122 2773 1336 2817 miserant
1365 2788 1439 2817 eos
1468 2772 1662 2816 ministri
1695 2772 1812 2828 regis
1843 2772 2117 2815 succendere·
2142 2771 2293 2814 forna-

448 2849 563 2890 cem,
586 2833 807 2890 naphtha,
835 2839 878 2877 et
903 2838 1086 2890 stuppa,
1107 2839 1150 2877 et
1174 2833 1294 2890 pice,
1314 2839 1357 2877 et
1382 2832 1626 2887 malleolis3
1652 2831 1687 2858 47
1707 2838 1751 2875 01
1773 2831 2087 2875 effundebatur
2111 2829 2295 2874 flamma

447 2908 577 2950 super
601 2894 833 2936 fornacem
859 2892 1020 2936 cubitis
1042 2892 1341 2948 quadraginta
1366 2907 1547 2948 novem,
1574 2891 1611 2918 48
1629 2896 1672 2935 01
1699 2891 1864 2948 erupit,
1891 2895 1935 2934 et
1959 2889 2160 2933 incendit
2185 2904 2294 2947 quos

447 2953 609 3009 reperit
633 2953 762 3009 juxta
787 2952 1019 2996 fornacem
1044 2952 1098 2995 de
1129 2952 1367 2996 Chaldaeis.
1394 2951 1431 2978 49
1448 2951 1652 3008 Angelus
1676 2955 1829 2994 autem
1856 2949 2037 2992 Domini
2063 2949 2294 2993 descendit

449 3026 550 3054 cum
574 3011 758 3067 Azaria,
785 3016 829 3055 et
853 3011 985 3055 sociis
1011 3012 1129 3068 ejus,
1158 3012 1207 3054 in
1239 3012 1496 3067 fornacem,
1529 3016 1572 3054 et
1604 3009 1801 3054 excussit
1829 3009 2059 3051 flammam
2087 3008 2205 3064 ignis
2239 3008 2294 3052 de

448 3071 652 3127 fornace,
680 3071 716 3098 ⁵0
734 3077 777 3115 et
801 3071 913 3115 fecit
938 3071 1135 3114 medium
1160 3071 1358 3114 fornacis
1385 3071 1509 3127 quasi
1532 3074 1716 3114 ventum
1744 3068 1854 3112 roris
1879 3067 2093 3123 flantem3
2129 3072 2171 3111 et
2205 3082 2295 3112 non

449 3130 598 3185 tetigit
634 3144 706 3173 eos
749 3130 927 3174 omnino
966 3130 1109 3186 ignis,
1152 3144 1294 3186 neque
1331 3129 1633 3185 contristavit,
1671 3142 1752 3171 nec
1794 3127 2037 3184 quidquam
2074 3127 2294 3171 molestiae

447 3189 625 3232 intulit.

509 3248 543 3275 5¹
563 3249 688 3292 Tunc
709 3249 755 3292 hi
778 3255 865 3293 tres
892 3251 1017 3306 quasi
1039 3265 1095 3294 ex
1119 3265 1207 3294 uno
1230 3265 1301 3294 ore
1322 3249 1588 3305 laudabant,
1617 3252 1660 3291 et
1684 3248 2018 3303 glorificabant,
2043 3251 2085 3289 et
2110 3245 2293 3290 benedi-

450 3309 612 3352 cebant
634 3310 778 3352 Deum
800 3310 845 3351 iu
871 3310 1074 3365 fornace,
1098 3310 1296 3354 dicentes
1318 3326 1326 3353 z
1798 3329 1803 3333 ·

628 3367 665 3395 52
687 3368 956 3412 Benedictus
978 3384 1045 3424 es,
1074 3369 1285 3425 Domine,
1314 3371 1434 3413 Deus
1456 3372 1631 3425 patrum
1657 3372 1932 3422 nostrorum,

747 3433 792 3471 et
812 3427 1072 3484 laudabilis,
1096 3435 1139 3472 et
1164 3429 1402 3484 gloriosus,
1426 3433 1469 3470 et
1490 3427 1845 3483 superexaltatus
1871 3425 1917 3467 in
1940 3425 2130 3481 saecula;

689 3493 733 3531 et
754 3487 1041 3531 benedictum
1063 3502 1224 3531 nomen
1249 3487 1404 3543 gloriae
1430 3491 1519 3528 tuae
1542 3492 1766 3542 sanctum,

747 3552 790 3591 et
814 3546 1060 3601 laudabile,
1088 3552 1131 3589 et
1155 3546 1536 3603 superexaltatum
1560 3545 1607 3587 in
1634 3546 1837 3589 omnibus
1859 3543 2048 3588 saeculis.

630 3607 667 3634 ⁵3
689 3606 956 3651 Benedictus
979 3619 1024 3648 es
1047 3605 1095 3648 in
1120 3605 1286 3662 templo
1312 3609 1466 3648 sancto
1492 3604 1645 3660 gloriae
1671 3611 1779 3662 tuae,
