2423 3861
426 98 511 142 580
953 103 1094 146 Pnov.
1129 104 1290 159 XVII,
1326 106 1351 148 8
1383 133 1443 137 —
1474 108 1660 163 XVIII,
1695 109 1735 151 5.

622 271 639 298 ⁸
663 273 852 316 Gemma
876 274 1131 329 gratissima
1158 276 1408 332 expectatio
1435 277 1762 334 praestclanti83

721 346 998 389 quocumque
1020 349 1066 377 se
1092 335 1246 391 vertit,
1270 336 1511 392 prudenter
1535 337 1764 393 intelligit.

623 389 640 415 ⁰
661 391 744 441 Qui
771 392 887 434 celat
908 393 1123 436 delictum
1145 395 1304 450 quaerit
1328 395 1577 451 amicitias3

721 451 794 506 qui
819 451 958 496 altero
981 467 1182 497 sermone
1207 455 1368 511 repetit
1390 459 1568 511 separat
1591 455 1850 500 foederatos.

603 508 639 535 '¹0
661 509 765 553 Plus
787 511 961 566 proficit
987 513 1202 570 correptio
1225 515 1343 570 apud
1370 514 1654 571 prudentem,

721 583 856 625 quam
878 578 1057 615 centum
1083 573 1230 630 plagae
1251 574 1371 630 apud
1397 573 1598 616 stultum.

605 628 637 654 ‘¹¹
662 628 844 686 Semper
867 630 1016 687 jurgia
1039 633 1198 688 quaerit
1223 634 1390 687 malus3

721 689 908 745 angelus
932 697 1084 735 autem
1107 693 1296 736 crudelis
1322 693 1526 737 mittetur
1551 698 1706 737 contra
1731 709 1845 739 eum.

608 745 640 772 ¹²
663 749 859 804 Expedit
883 751 1028 807 magis
1051 767 1164 795 ursae
1192 767 1418 796 occurrere
1444 753 1584 809 raptis
1610 753 1801 809 fetibus,

722 822 855 864 quam
876 810 1004 854 fatuo
1029 812 1269 855 confidenti
1295 813 1342 855 in
1368 812 1559 855 stultitia
1581 827 1672 859 sua.

606 865 641 892 ¹3
661 867 745 918 Qui
770 869 916 912 reddit
941 871 1060 913 mala
1081 886 1158 928 pro
1181 872 1329 927 bonis,

721 942 809 971 non
831 930 1008 973 recedet
1034 931 1203 973 malum
1229 931 1282 974 de
1309 932 1440 975 domo
1467 933 1576 989 ejus.

606 985 639 1012 ¹4
660 986 742 1038 Qui
771 987 959 1032 dimittit
983 1005 1146 1046 aquam
1169 996 1304 1047 eaput
1330 997 1396 1034 est
1419 992 1689 1050 jurgiorum,

721 1052 766 1090 et
786 1053 1028 1105 antequam
1052 1049 1250 1107 patiatur
1275 1052 1594 1094 contumeliam
1619 1053 1841 1108 judicium
1867 1053 2041 1098 deserit.

603 1103 639 1131 15
659 1105 742 1156 Qui
766 1107 985 1162 justificat
1009 1109 1218 1167 impium,
1246 1116 1290 1153 et
1317 1111 1389 1166 qui
1418 1112 1687 1156 condemnat
1712 1113 1901 1169 justum,

719 1166 1036 1212 abominabilis
1062 1174 1128 1213 est
1152 1176 1335 1226 uterque
1360 1172 1479 1228 apud
1507 1173 1665 1216 Deum.

603 1222 638 1249 1⁶
659 1224 773 1275 Quid
800 1227 979 1283 prodest
1003 1229 1139 1273 stulto
1161 1230 1325 1273 habere
1352 1230 1555 1287 divitias,

721 1300 822 1328 cum
847 1287 1115 1344 sapientiam
1140 1304 1285 1333 emere
1310 1305 1399 1333 non
1425 1291 1592 1347 possit?

661 1344 743 1395 Qui
769 1345 910 1389 altam
935 1347 1050 1391 facit
1075 1349 1257 1392 domum
1282 1365 1410 1394 suam
1435 1351 1596 1406 quaerit
1619 1351 1815 1408 ruinam,

720 1410 765 1447 et
790 1406 864 1462 qui
888 1407 1029 1450 evitat
1042 1405 1210 1452 discere
1223 1409 1390 1453 incidet
1412 1409 1458 1452 in
1481 1411 1613 1454 mala.

603 1462 636 1488 '¹7
661 1463 793 1507 Omni
820 1470 1018 1524 tempore
1045 1470 1194 1524 diligit
1220 1469 1293 1525 qui
1316 1469 1488 1512 amicus
1512 1478 1598 1526 est,

719 1530 762 1567 et
787 1525 929 1569 frater
953 1527 1000 1569 in
1021 1529 1242 1584 angustiis
1263 1529 1590 1585 comprobatur.

603 1581 635 1608 ¹3
659 1583 827 1628 Stultus
854 1586 985 1629 homo
1007 1587 1191 1643 plaudet
1215 1589 1422 1631 manibus

719 1657 820 1686 cum
841 1647 1129 1702 spoponderit
1153 1662 1231 1704 pro
1252 1648 1397 1691 amico
1424 1663 1516 1692 suo.

602 1701 637 1727 '¹9
659 1701 741 1752 Qui
768 1705 1010 1748 meditatur
1032 1707 1275 1750 discordias
1302 1708 1454 1763 diligit
1474 1708 1614 1766 rixas,

720 1769 763 1806 et
789 1764 863 1820 qui
887 1766 1057 1808 exaltat
1079 1767 1240 1810 ostium
1267 1767 1424 1823 quaerit
1445 1768 1634 1811 ruinam.

601 1819 637 1847 2⁰
659 1822 741 1872 Qui
768 1825 963 1880 perversi
991 1826 1134 1869 cordis
1159 1832 1224 1869 est
1249 1842 1337 1870 non
1360 1827 1559 1870 inveniet
1585 1828 1771 1888 bonum,

720 1887 763 1925 et
788 1883 863 1939 qui
887 1885 1021 1927 vertit
1046 1886 1249 1941 linguam
1275 1886 1444 1930 incidet
1468 1886 1515 1928 in
1541 1888 1724 1932 malum.

601 1938 633 1965 2¹
659 1940 803 1985 Natus
830 1948 895 1986 est
920 1945 1081 1988 stultus
1106 1945 1153 1987 in
1176 1945 1472 2001 ignominiam
1498 1961 1649 2004 suam3

717 2002 794 2045 sed
820 2017 902 2046 nec
924 2009 1051 2060 pater
1071 2005 1118 2047 in
1141 2005 1268 2049 fatuo
1295 2005 1536 2049 laetabitur.

600 2058 636 2085 ‘22
657 2061 848 2105 Animus
873 2063 1074 2119 gaudens
1098 2070 1279 2109 aetatem
1304 2065 1509 2109 floridam
1532 2066 1670 2122 faeit;

719 2121 900 2179 spiritus
925 2124 1064 2167 tristis
1091 2124 1289 2168 exsiccat
1315 2140 1426 2169 ossa.

600 2178 637 2205 “²3
657 2180 843 2225 Munera
866 2183 919 2226 de
942 2184 1041 2227 sinu
1067 2185 1230 2242 impius
1256 2185 1442 2243 accipit,

719 2246 768 2284 ut
793 2249 1017 2299 pervertat
1042 2245 1226 2288 semitas
1249 2245 1425 2301 judicii.

603 2298 638 2325 ²4
659 2300 714 2343 In
739 2301 860 2345 facie
885 2304 1116 2360 prudentis
1138 2305 1257 2348 lucet
1283 2305 1526 2361 sapientia;

719 2362 834 2404 oculi
861 2363 1097 2407 stultorum
1122 2365 1170 2407 in
1196 2364 1358 2408 finibus
1381 2370 1522 2408 terrae.

600 2417 635 2443 '2⁵
658 2420 732 2462 Ira
756 2422 895 2477 patris
918 2423 1033 2466 filius
1060 2424 1243 2480 stultus,

718 2486 762 2523 et
789 2481 912 2525 dolor
938 2483 1092 2526 matris
1119 2499 1217 2540 quae
1243 2485 1399 2540 genuit
1425 2500 1537 2528 eum.

602 2537 638 2564 ‘²⁶
660 2540 760 2583 Non
786 2546 852 2584 est
877 2542 1044 2585 bonum
1072 2543 1286 2586 damnum
1311 2544 1479 2588 inferre
1501 2545 1641 2601 justo,

718 2614 799 2642 nec
825 2608 1053 2658 percutere
1075 2603 1324 2660 principem
1346 2604 1421 2660 qui
1444 2609 1564 2648 recta
1589 2604 1775 2660 judicat.

601 2655 635 2682 '27
658 2658 742 2708 Qui
764 2660 1019 2704 moderatur
1044 2677 1267 2706 sermones
1293 2678 1394 2707 suos
1421 2663 1575 2707 doctus
1602 2668 1646 2706 et
1670 2664 1862 2721 prudens
1891 2671 1976 2721 est,

719 2725 762 2762 et
786 2720 968 2776 pretiosi
993 2722 1174 2778 spiritus
1201 2722 1268 2765 vir
1289 2723 1499 2766 eruditus.

599 2775 635 2803 “²8
652 2777 824 2821 Stultus
846 2794 1038 2836 quoque,
1066 2781 1102 2824 si
1129 2782 1338 2838 tacuerit,
1366 2782 1542 2839 sapiens
1564 2783 1854 2840 reputabitur,

719 2843 762 2881 et
787 2838 823 2881 si
850 2841 1159 2896 compresserit
1184 2841 1305 2884 labia
1329 2856 1429 2898 sua,
1456 2842 1728 2898 intelligens.

142 2910 325 2940 inm-erma
481 2895 585 2942 OAP.
609 2897 790 2940 XVIII.
817 2925 874 2930 —
901 2899 912 2924 '¹
936 2900 1201 2944 Occasiones
1225 2902 1384 2957 quaerit
1409 2902 1483 2957 qui
1510 2902 1606 2945 vult
1630 2902 1835 2945 recedere
1861 2902 1918 2944 ab
1944 2903 2118 2959 amico;

139 2954 334 2986 manmena.
718 2958 838 3000 omni
867 2963 1063 3016 tempore
1089 2960 1172 3003 erit
1194 2961 1531 3017 exprobrabilis,

617 3015 635 3043 2
656 3017 756 3059 Non
777 3018 937 3074 recipit
961 3019 1124 3062 stultus
1151 3020 1287 3063 verba
1312 3021 1583 3077 prudentiae,

716 3076 800 3119 nisi
827 3091 878 3120 ea
905 3078 1069 3121 dixeris
1096 3093 1193 3134 quae
1216 3085 1448 3122 versantur
1472 3080 1519 3122 in
1545 3081 1675 3124 corde
1701 3081 1812 3136 ejus.

617 3133 636 3162 3
657 3135 849 3192 Impius,
877 3151 977 3180 cum
1002 3138 1049 3180 in
1075 3139 1349 3194 profundum
1375 3140 1546 3182 venerit
1571 3146 1876 3196 peccatorum,
1904 3141 2178 3198 contemnit3

719 3195 794 3237 sed
820 3197 1018 3251 sequitur
1043 3212 1145 3240 eum
1171 3197 1418 3254 ignominia
1441 3204 1485 3242 et
1509 3198 1806 3256 opprobrium.

616 3253 634 3280 4
655 3255 786 3310 Aqua
809 3256 1031 3311 profunda
1054 3257 1189 3300 verba
1212 3272 1266 3300 ex
1293 3272 1365 3301 ore
1387 3258 1490 3314 viri,

717 3320 763 3356 et
786 3319 955 3357 torrens
976 3315 1230 3360 redundans
1255 3317 1358 3361 fons
1385 3317 1632 3374 sapientiae.

617 3372 634 3398 5
654 3373 870 3430 Accipere
897 3389 1130 3430 personam
1151 3376 1279 3432 impii
1302 3391 1389 3420 non
1417 3382 1482 3420 est
1507 3376 1692 3431 bonum,

717 3438 766 3474 ut
788 3432 983 3476 declines
1004 3449 1029 3476 a
1052 3435 1239 3478 veritate
1265 3435 1434 3491 judicii.

423 3591 467 3623 13]
495 3591 589 3619 Rom.
607 3591 695 3626 XII,
714 3594 757 3619 17.
776 3592 790 3618 Ι
810 3591 923 3620 Thess.
940 3593 979 3626 V,
998 3595 1041 3620 15.
1061 3593 1074 3620 I
1095 3592 1183 3620 Petr.
1205 3593 1277 3627 ΙΙΙ,
1294 3595 1319 3620 9.
1339 3607 1374 3611 -
1393 3593 1439 3626 15]
1460 3593 1502 3621 Is.
1521 3594 1560 3628 V,
1578 3596 1622 3622 23.
1648 3609 1684 3614 —
1709 3595 1757 3629 22]
1778 3595 1855 3629 Sup.
1875 3597 1949 3632 XV,
1969 3600 2011 3626 13.
2030 3612 2065 3618 —
2084 3598 2132 3632 24]
2151 3597 2245 3626 Eccl.

427 3633 472 3658 tt,
493 3636 526 3661 Μ
544 3637 579 3662 et
595 3635 697 3662 VHI.
719 3638 742 3662 1.
771 3646 806 3652 —-
831 3635 879 3664 252]
897 3635 969 3661 Jac.
990 3635 1001 3657 Ι
1042 3635 1082 3659 ie.
