2391 3861
724 149 861 190 ,ir-00.
898 147 974 202 lv,
1013 148 1032 188 1
1069 171 1125 178 -
1159 147 1212 200 V,
1251 146 1316 188 10.
1822 142 1929 183 1353

655 378 861 434 PARS
911 377 1391 433 POSTERIOR

231 507 379 555 ουκ
432 510 495 547 ix
547 509 947 549 Novissims
998 508 1243 547 manns
1294 506 1610 546 vnNTURA
1659 505 1811 545 SINT

392 637 553 678 Sessio
593 635 624 680 ῐ.
648 661 706 667 -
744 636 885 677 Lmna
919 647 1097 677 SEPTEM
1133 647 1325 677 smitms
1360 646 1643 676 onmes-wrm

682 752 703 804 g*
735 750 764 791 Ι.
792 775 850 780 —-
883 750 999 791 Visio
1020 751 1357 804 prcepm‘atoria.

164 859 271 902 ΟΑΡ.
306 857 380 900 [V.
409 884 465 890 —
490 857 502 883 ¹
524 858 628 900 Post
657 856 754 900 haec
779 856 892 913 vidi,
923 861 967 900 et
995 870 1099 900 ecce
1129 856 1290 898 ostium
1316 861 1517 912 apertum
1547 855 1592 897 in
1616 855 1747 909 caelo,
1774 860 1816 899 et
1846 871 1932 900 vox

106 919 245 974 prima
276 930 408 972 quam
440 915 613 970 audivi,
644 920 856 972 tanquam
886 914 1005 958 tubae
1031 914 1250 971 loquentis
1283 928 1478 968 mecum,
1513 913 1664 956 dicens
1692 931 1700 958 :
1728 915 1932 958 Ascende

105 982 210 1030 huc,
249 982 290 1018 et
329 975 559 1018 ostendam
594 974 676 1018 tibi
713 989 810 1031 quae
845 979 1016 1032 oportet
1050 973 1141 1017 fieri
1175 978 1274 1030 post
1311 973 1419 1016 haec.
1457 972 1475 998 2
1505 974 1562 1015 Et
1593 973 1742 1015 statim
1783 973 1850 1016 fui
1886 974 1931 1016 in

103 1034 259 1091 spiritu
277 1051 286 1087 ;
314 1040 358 1077 et
379 1048 481 1077 ecce
503 1033 628 1077 sedes
650 1034 794 1091 posita
816 1038 910 1077 erat
930 1033 976 1076 in
999 1033 1130 1088 caelo,
1158 1037 1202 1076 et
1221 1046 1354 1089 supra
1376 1032 1526 1075 sedem
1548 1032 1718 1074 sedens.
1742 1032 1759 1058 ⁵³
1778 1034 1834 1075 Et
1860 1032 1931 1088 qui

103 1093 306 1149 sedebat,
333 1093 490 1136 similis
521 1099 615 1136 erat
644 1093 842 1150 aspectui
877 1093 1038 1150 lapidis
1064 1091 1252 1149 jaspidis
1279 1097 1322 1134 et
1350 1091 1568 1145 sardinis;
1595 1095 1638 1133 et
1663 1091 1738 1132 iris
1765 1097 1857 1134 erat
1886 1091 1931 1133 in

98 1152 290 1196 circuitu
312 1152 447 1208 sedis,
475 1153 633 1195 similis
656 1152 813 1196 visioni
836 1152 1148 1208 smaragdinae.

161 1212 179 1238 ⁴
199 1213 254 1255 Et
279 1212 323 1254 in
355 1211 543 1255 circuitu
569 1211 685 1255 sedis
717 1211 876 1256 sedilia
903 1211 1064 1267 vigint-i
1091 1216 1292 1268 quatuor,
1329 1216 1374 1255 et
1408 1224 1540 1267 super
1564 1210 1744 1254 thronos
1770 1209 1933 1266 viginti

100 1278 290 1328 quatuor
310 1271 503 1314 seniores
528 1271 744 1328 sedentes,
772 1270 1093 1315 circumamicti
1116 1270 1394 1314 vestimentis
1418 1269 1546 1326 albis,
1576 1274 1621 1312 et
1644 1269 1691 1312 in
1713 1268 1932 1326 capitibus

102 1344 251 1374 eorum
282 1344 454 1373 coronae
482 1345 658 1386 aureae3
693 1330 770 1374 ⁵et
800 1330 854 1374 de
887 1330 1043 1373 throno
1077 1330 1378 1387 procedebant
1409 1328 1612 1386 fulgura,
1639 1333 1684 1372 et
1707 1342 1859 1383 voceS‚
1890 1333 1933 1372 et

102 1389 324 1444 tonitrua3
360 1395 405 1432 et
433 1395 603 1446 septem
633 1389 861 1447 lampades
890 1390 1096 1433 ardentes
1128 1395 1233 1432 ante
1261 1389 1489 1443 thronum,
1521 1388 1595 1444 qui
1629 1392 1731 1431 sunt
1763 1394 1932 1445 septem

101 1448 280 1506 spiritns
315 1449 408 1492 Dei.
441 1448 458 1475 ⁶
476 1450 534 1492 Et
566 1449 610 1491 in
642 1454 879 1506 conspectu
908 1449 1025 1492 sedis
1051 1455 1263 1505 tanquam
1297 1462 1418 1491 mare
1447 1448 1635 1490 vitreum
1663 1447 1808 1491 simile
1838 1461 1932 1503 cry-

101 1507 261 1563 stallo;
294 1513 338 1551 et
369 1508 415 1550 in
449 1507 593 1552 medio
627 1508 764 1564 sedis,
797 1513 840 1551 et
867 1508 914 1551 in
944 1508 1132 1551 circuitu
1164 1507 1303 1562 sedIS‚
1337 1512 1525 1563 quatuor
1555 1506 1769 1550 animalia
1801 1506 1933 1563 plena

101 1566 240 1610 oeulis
280 1572 385 1610 ante
424 1572 467 1611 et
503 1573 631 1611 retro.
671 1567 686 1594 ⁷
718 1569 776 1611 Et
815 1567 981 1610 animal
1019 1568 1213 1624 primum
1249 1567 1395 1610 simile
1430 1566 1568 1622 leoni,
1607 1571 1652 1610 et
1687 1565 1931 1609 secundum

99 1626 267 1669 animal
289 1625 436 1669 simile
461 1626 619 1680 vitulo,
643 1631 687 1670 et
717 1626 898 1670 tertium
919 1626 1087 1669 animal
1109 1626 1278 1669 habens
1299 1626 1466 1669 faeiem
1496 1625 1619 1681 quasi
1648 1625 1862 1681 hominis,
1891 1630 1934 1668 et

100 1691 304 1742 quartum
333 1684 500 1727 animal
530 1684 675 1728 simile
707 1685 871 1740 aquilae
905 1685 1088 1729 volanti.
1124 1685 1142 1712 8
1168 1685 1227 1728 Et
1263 1690 1450 1740 quatuor
1484 1685 1718 1741 animalia,
1757 1683 1934 1740 singula

99 1758 248 1788 eorum
274 1744 502 1788 habebant
535 1744 629 1786 alas
656 1758 804 1800 senas,
837 1750 880 1787 et
909 1744 955 1787 in
982 1744 1170 1787 circuitu
1192 1749 1235 1787 et
1260 1744 1380 1786 intus
1410 1743 1542 1800 plena
1566 1749 1671 1787 sunt
1699 1743 1836 1786 oculis
1857 1760 1866 1797 3
1891 1749 1934 1786 et

98 1803 294 1860 requiem
316 1818 403 1846 non
429 1803 656 1846 habebant
679 1803 751 1847 die
776 1817 828 1846 ac
854 1809 996 1859 nocte,
1025 1803 1221 1847 dicentia
1251 1820 1259 1847 :
1281 1803 1485 1858 Sanctus,
1513 1803 1716 1858 Sanctus,
1745 1803 1932 1845 Sanctus

100 1863 316 1907 Dominus
342 1864 460 1906 Deus
486 1863 787 1920 omnipotens,
815 1863 889 1919 qui
915 1869 1028 1919 erat,
1057 1868 1100 1906 et
1121 1862 1194 1919 qui
1217 1867 1304 1918 est,
1328 1867 1371 1906 et
1397 1862 1471 1918 qui
1498 1867 1708 1905 venturus
1735 1866 1814 1905 est.
1841 1861 1858 1887 9
1877 1862 1934 1903 Et

100 1936 201 1966 cum
223 1922 380 1966 darent
404 1921 482 1964 illa
507 1922 720 1965 animalia
745 1922 955 1978 gloriam,
982 1928 1026 1965 et
1050 1923 1282 1978 honorem,
1310 1927 1354 1964 et
1379 1921 1734 1965 benedictionem
1760 1920 1932 1964 sedenti

99 1999 229 2042 super
249 1982 478 2040 thronum,
506 1981 675 2027 viventi
704 1983 750 2025 in
772 1982 936 2025 saeoula
961 1982 1246 2038 saeculorum,
1275 1980 1311 2007 ¹⁰
1328 1980 1620 2037 procidebant
1646 1980 1805 2036 viginti
1828 1994 1933 2035 qua-

101 2050 198 2088 tuor
221 2044 414 2087 seniores
439 2048 544 2087 ante
568 2042 799 2086 sedentem
827 2041 874 2084 in
904 2041 1082 2097 throno,
1111 2046 1155 2085 et
1175 2040 1423 2084 adorabant
1444 2039 1670 2083 viventem
1695 2041 1741 2082 in
1767 2039 1933 2082 saecula

99 2104 376 2158 saeculorum,
401 2109 444 2146 et
472 2102 710 2145 mittebant
732 2115 914 2145 coronas
941 2115 1041 2143 suas
1064 2106 1168 2143 ante
1192 2100 1413 2154 thronum,
1439 2099 1636 2143 dicentes
1664 2116 1673 2143 ε
1703 2099 1736 2125 ¹¹
1761 2099 1932 2154 Dignus

98 2178 165 2216 es,
206 2163 393 2206 Domine
427 2163 545 2206 Deus
579 2167 738 2218 noster,
773 2160 974 2217 accipere
1015 2160 1223 2217 gloriam,
1262 2164 1306 2201 et
1346 2159 1576 2214 honorem,
1619 2164 1663 2202 et
1699 2158 1931 2213 virtutem,

100 2223 201 2279 quia
244 2230 290 2265 tu
330 2222 488 2266 creasti
531 2221 700 2277 omnia,
743 2225 788 2264 et
828 2225 1006 2277 propter
1044 2220 1322 2263 voluntatem
1363 2224 1486 2260 tuam
1528 2223 1654 2261 erant
1698 2223 1741 2260 et
1785 2222 1932 2261 creata

98 2288 213 2325 sunt.

610 2346 632 2399 ξ
657 2343 719 2386 Π.
743 2367 802 2377 -
825 2342 985 2398 Aqnus
1009 2347 1050 2385 et
1074 2340 1182 2384 liber
1206 2341 1418 2396 siynatus.

158 2453 265 2497 CAP.
291 2453 347 2496 V.
373 2478 431 2484 —
456 2451 469 2478 ¹
491 2451 550 2495 Et
574 2450 667 2495 vidi
691 2451 739 2494 in
771 2451 953 2495 dextera
977 2449 1172 2494 sedentis
1198 2463 1329 2505 supra
1354 2448 1582 2503 thronum,
1614 2446 1797 2502 librum,
1827 2445 1931 2488 scri-

99 2517 224 2570 ptum
249 2511 368 2554 intus
393 2516 438 2555 et
458 2511 589 2568 foris,
619 2511 847 2567 signatum
872 2509 1032 2566 sigillis
1057 2513 1242 2566 septem.
1272 2507 1290 2534 2
1307 2509 1366 2551 Et
1386 2506 1479 2550 vidi
1505 2506 1715 2562 angelum
1745 2506 1929 2562 fortem,

89 2571 417 2629 epraedicantem
450 2584 557 2614 voce
587 2584 751 2626 magna
783 2586 792 2614 ε
826 2569 931 2620 Quis
963 2573 1031 2612 est
1063 2568 1225 2625 dignus
1258 2566 1428 2624 aperire
1464 2565 1648 2621 librum,
1687 2569 1731 2608 et
1763 2564 1932 2609 solvere

98 2630 329 2686 signacula
351 2629 481 2687 ejus?
503 2629 522 2656 3
540 2630 598 2673 Et
623 2644 752 2673 nemo
778 2633 972 2686 poterat,
996 2642 1138 2684 neque
1158 2627 1202 2670 in
1231 2627 1360 2683 caelo,
1387 2640 1530 2682 neque
1554 2625 1601 2668 in
1626 2630 1762 2680 terra,
1790 2639 1932 2681 neque

98 2690 253 2733 subtus
287 2694 468 2743 terram,
506 2689 677 2746 aperire
708 2689 892 2745 librum,
926 2702 1069 2744 neque
1100 2686 1318 2744 respicere
1350 2685 1492 2729 illum.
1526 2684 1544 2711 ‘¹
1570 2685 1628 2727 Et
1661 2699 1742 2740 ego
1768 2683 1932 2728 fiebam

100 2748 312 2804 multum,
341 2748 549 2805 quoniam
581 2762 711 2791 nemo
743 2748 904 2805 dignus
937 2747 1145 2790 inventus
1171 2750 1238 2790 est
1258 2745 1428 2803 aperire
1458 2744 1643 2799 librum,
1674 2758 1755 2787 nec
1781 2743 1931 2787 videre

99 2821 213 2852 eum.
560 2835 563 2841 ·

157 2868 174 2895 ⁵
203 2869 258 2911 Et
289 2882 400 2911 unus
430 2867 484 2911 de
515 2868 760 2912 senioribus
798 2868 913 2912 dixit
945 2868 1055 2911 mihi
1097 2884 1106 2912 ε
1148 2868 1215 2911 Ne
1248 2867 1451 2921 fleveris3
1487 2879 1589 2909 ecce
1625 2864 1734 2907 vicit
1772 2864 1838 2907 leo
1877 2863 1931 2907 de

98 2927 216 2972 tribu
235 2927 263 2970 J
270 2927 368 2982 uda,
388 2927 516 2970 radix
535 2927 695 2985 David,
719 2928 889 2985 aperire
910 2927 1087 2983 librum,
1111 2932 1156 2970 et
1177 2927 1348 2970 solvere
1374 2930 1541 2982 septem
1563 2922 1795 2979 signacula
1818 2922 1928 2979 ejus.

98 2987 115 3015 ⁶
141 2988 198 3031 Et
227 2986 341 3042 vidi,
379 2991 423 3030 et
458 3000 561 3030 ecce
591 2987 638 3029 in
672 2987 817 3030 medio
849 2987 995 3031 throni
1030 2992 1074 3030 et
1106 2992 1294 3042 quatuor
1324 2984 1606 3038 animalium,
1634 2988 1677 3026 et
1705 2982 1751 3024 in
1785 2982 1930 3025 medio

98 3046 340 3102 seniorum,
374 3048 555 3101 Agnum
579 3051 772 3089 stantem
797 3051 1010 3102 tanquam
1036 3046 1252 3102 occisum,
1279 3045 1519 3087 habentem
1549 3057 1710 3086 cornua
1737 3049 1927 3097 septem,

99 3113 142 3150 et
167 3105 316 3149 oculos
338 3111 528 3162 septem,
556 3105 630 3161 qui
659 3112 762 3148 sunt
790 3112 957 3162 septem
984 3105 1165 3162 spiritus
1193 3104 1295 3161 Dei,
1326 3103 1449 3146 missi
1475 3103 1519 3144 in
1551 3116 1724 3144 omnem
1752 3109 1927 3143 terram.

100 3163 114 3191 ⁷
134 3165 193 3208 Et
217 3164 361 3220 venit,
385 3171 429 3207 et
449 3164 623 3221 accepit
645 3163 699 3207 de
725 3164 907 3208 dextera
929 3164 1122 3208 sedentis
1144 3164 1190 3206 in
1215 3164 1372 3207 throno
1395 3162 1571 3205 librum.

156 3223 174 3251 ⁸
197 3225 249 3269 Et
274 3238 375 3267 cum
401 3223 645 3281 aperuisset
672 3223 845 3277 librum,
873 3228 1060 3279 quatuor
1083 3223 1297 3266 animalia
1323 3228 1366 3265 et
1387 3221 1546 3277 viginti
1575 3225 1761 3276 quatuor
1787 3218 1927 3262 senio-

100 3298 165 3327 res
190 3283 446 3327 ceciderunt
468 3297 616 3326 coram
642 3285 794 3339 Agno,
825 3282 1038 3326 habentes
1069 3282 1233 3338 singuli
1261 3281 1473 3336 citharas,
1501 3285 1543 3322 et
1574 3278 1745 3335 phialas
1772 3291 1926 3320 aureas

100 3343 252 3399 plenas
282 3343 688 3397 odoramentorum,
723 3355 820 3397 quae
857 3347 961 3384 sunt
998 3342 1217 3385 orationes
1250 3346 1530 3392 sanctorum;
1566 3338 1583 3364 ⁰
1609 3343 1652 3380 et
1685 3337 1927 3380 cantabant

100 3403 322 3445 canticum
358 3416 542 3458 novum,
574 3401 770 3444 dicentes
812 3416 821 3444 :
861 3400 1033 3456 Dignus
1069 3415 1136 3456 es,
1176 3399 1387 3455 Domine,
1425 3398 1625 3454 accipere
1664 3396 1846 3452 librum,
1884 3402 1927 3440 et

98 3460 268 3518 aperire
288 3461 520 3517 signacula
546 3461 663 3517 ejus,
692 3459 900 3516 quoniam
925 3460 1094 3503 occisus
1117 3474 1182 3515 es,
1210 3464 1252 3502 et
1275 3457 1498 3502 redemisti
1530 3471 1606 3499 nos
1635 3457 1726 3499 Deo
1756 3456 1801 3498 in
1827 3470 1926 3499 san-

99 3519 232 3576 guine
259 3526 353 3574 tue,
384 3535 440 3563 ex
467 3521 587 3564 omni
619 3519 754 3575 tribu,
786 3523 829 3561 et
854 3518 1028 3574 lingua,
1055 3524 1100 3561 et
1128 3517 1310 3575 populo,
1345 3521 1390 3558 et
1414 3514 1622 3571 natione3
1652 3514 1687 3541 '¹0
1704 3519 1747 3558 et
1776 3513 1923 3558 fecisti

99 3672 190 3706 sjts.
215 3672 364 3705 V123.--
387 3673 475 3706 ijssz
509 3673 550 3706 Η,
569 3679 595 3702 9.

2078 866 2164 894 Deus

2033 909 2063 937 in
2085 910 2204 937 throno

2054 953 2184 980 sedens).

2053 1216 2187 1250 Viginti

2045 1264 2192 1294 quatuor

2047 1313 2143 1334 senes
2161 1308 2196 1333 et

1997 1353 2144 1382 ‹matuor
2171 1347 2241 1378 ani·

2065 1392 2174 1423 mulia.

1997 2452 2101 2479 Nemo
2123 2454 2239 2484 potest

2051 2503 2182 2528 anerlre

2048 2540 2173 2568 lim-nm
2183 2560 2193 2576 ,

2030 2864 2096 2892 nisi
2115 2864 2207 2892 solus

2051 2911 2186 2942 Agnus,

1993 3231 2089 3257 quem
2121 3231 2236 3252 cinnes

2002 3267 2229 3301 magnificant.
