2456 3861
772 178 917 221 DEUT.
952 179 1130 232 XXXI,
1168 180 1298 223 1-21.
1857 181 1936 224 191

536 428 1017 485 CONCLUSIO
1069 430 1521 486 HISTORICA

448 566 713 605 MOYSIS
770 567 1106 605 EXTREMA
1162 568 1608 608 NARRANTUR

559 701 583 756 ξ
619 701 653 742 I.
675 725 734 732 —
774 700 947 742 Ulcimae
980 700 1282 756 dispositiones
1315 702 1495 757 Moysis.

175 817 281 861 CAP.
302 815 472 858 XXXI.
494 839 553 846 —-
578 813 736 856 ¹Abiit
762 813 909 868 itaque
938 814 1132 870 Moyses,
1161 819 1204 857 et
1226 814 1398 858 locutus
1423 821 1490 858 est
1514 817 1663 859 omnia
1688 818 1824 861 verba
1844 819 1941 862 haec

114 875 172 918 ad
205 873 459 917 universum
494 871 652 927 Israel,
688 871 705 897 2
726 876 771 914 et
805 871 920 914 dixit
952 872 1008 915 ad
1042 886 1116 915 eos
1147 889 1155 916 ε
1190 872 1377 916 Centum
1408 873 1569 929 viginti
1602 890 1817 919 annorum
1845 892 1941 920 sum

115 933 266 987 hodie,
296 946 384 975 non
418 945 596 988 possum
621 930 737 973 ultra
769 930 941 987 egredi,
968 935 1013 974 et
1036 931 1229 987 ingredi,
1261 931 1506 987 praesertim
1532 946 1631 976 cum
1657 939 1700 977 et
1727 935 1940 979 Dominus

114 991 278 1035 dixerit
302 990 412 1033 mihi
442 1007 450 1034 :
486 991 587 1033 Non
608 989 818 1032 transibis
841 989 1084 1033 Jorda11em
1110 990 1258 1034 istum.
1283 989 1301 1017 3
1326 990 1542 1034 Dominus
1567 1006 1671 1047 ergo
1698 994 1817 1036 Deus
1842 999 1941 1037 tuus

113 1050 323 1093 transibit
344 1054 448 1093 ante
469 1053 512 1092 te
533 1066 541 1103 ;
569 1048 662 1105 ipse
689 1048 856 1092 delebit
876 1062 1028 1092 omnes
1049 1054 1205 1105 gentes
1226 1048 1306 1092 has
1328 1048 1373 1091 in
1399 1056 1639 1106 conspectu
1664 1056 1760 1107 tuo,
1779 1057 1823 1095 et
1844 1067 1940 1108 pos-

114 1109 279 1152 sidebis
306 1123 409 1163 eas3
437 1113 481 1151 et
514 1109 651 1151 Josue
676 1107 758 1150 iste
783 1106 992 1150 transibit
1026 1112 1130 1151 ante
1163 1113 1228 1163 te,
1262 1107 1377 1151 sicut
1408 1108 1579 1152 locutus
1612 1115 1679 1152 est
1713 1110 1940 1155 Dominus.

114 1168 132 1194 4
154 1168 394 1223 Facietque
420 1167 635 1210 Dominus
660 1166 723 1210 eis
744 1166 858 1209 sicut
882 1166 994 1210 fecit
1020 1167 1163 1211 Sehon
1189 1172 1234 1210 et
1251 1167 1340 1222 Og,
1362 1167 1541 1223 regibus
1563 1169 1937 1226 Amorrhaeorum,

112 1232 160 1270 et
181 1233 308 1270 terrae
334 1240 504 1281 eorum,
531 1225 784 1281 delebitque
810 1240 896 1269 eos.
923 1226 940 1252 5
965 1225 1076 1269 Cum
1097 1240 1202 1282 ergo
1227 1231 1272 1269 et
1292 1226 1372 1269 hos
1396 1225 1630 1269 tradiderit
1650 1227 1797 1284 vobis,
1821 1228 1941 1271 simi-

114 1286 216 1329 liter
245 1285 422 1329 facietis
451 1284 534 1341 eis,
560 1285 676 1328 sicut
707 1285 899 1341 praecepi
924 1284 1061 1328 vobis.
1092 1285 1109 1312 6
1132 1285 1331 1328 Viriliter
1359 1285 1501 1341 agite,
1524 1289 1568 1329 et
1597 1287 1941 1342 confortamini3

111 1343 253 1389 nolite
285 1345 461 1399 timere,
486 1358 567 1387 nec
600 1343 802 1400 paveatis
835 1343 892 1386 ad
926 1349 1211 1400 conspectum
1245 1358 1416 1399 eorum,
1443 1343 1546 1399 quia
1573 1345 1788 1389 Dominus
1823 1347 1941 1390 Deus

111 1410 213 1450 tuus
244 1403 337 1461 ipse
370 1409 437 1447 est
470 1403 625 1446 ductor
656 1407 777 1458 tuus,
808 1408 853 1446 et
882 1417 968 1445 non
1002 1402 1218 1458 dimittet,
1250 1417 1332 1445 nec
1365 1403 1642 1459 derelinquet
1669 1409 1726 1448 te.
1761 1404 1776 1431 7
1799 1406 1940 1448 Voca-

113 1464 264 1520 vitque
291 1463 466 1518 Moyses
488 1463 645 1517 Josue,
673 1467 718 1504 et
739 1461 853 1504 dixit
875 1460 916 1504 ei
941 1475 1089 1504 coram
1115 1461 1234 1504 omni
1261 1462 1399 1504 Israel
1426 1479 1434 1506 ε
1469 1462 1753 1519 Confortare,
1779 1469 1823 1506 et·
1848 1470 1941 1508 esto

112 1523 346 1576 robustus;
381 1526 429 1564 tu
454 1521 574 1564 enim
597 1519 850 1563 introduces
876 1519 1087 1576 populum
1122 1520 1256 1563 istum
1293 1520 1338 1562 in
1363 1525 1547 1575 terram,
1578 1535 1710 1576 quam
1735 1522 1942 1565 daturum

112 1596 158 1625 se
188 1579 389 1638 patribus
422 1594 572 1623 eorum
596 1578 765 1635 juravit
799 1578 1036 1633 Dominus,
1071 1583 1115 1621 et
1144 1583 1191 1621 tu
1216 1593 1316 1622 eam
1349 1584 1463 1622 sorte
1498 1579 1683 1624 divides.
1720 1580 1737 1607 8
1764 1582 1821 1624 Et
1854 1582 1941 1625 Do-

112 1641 282 1697 minus,
301 1639 376 1696 qui
398 1639 553 1682 ductor
578 1643 645 1681 est
665 1642 822 1693 vester,
848 1637 940 1694 ipse
963 1637 1046 1680 crit
1077 1643 1253 1694 tecum3
1282 1651 1370 1680 non
1404 1637 1619 1695 dimittet,
1647 1654 1727 1682 nec
1754 1639 1940 1683 derelin-

111 1704 216 1756 quet
237 1703 309 1754 te;
335 1697 427 1741 noli
451 1698 627 1754 timere,
651 1711 733 1740 nec
758 1712 934 1753 paveas.

171 1758 188 1784 ⁹
210 1757 396 1814 Scripsit
421 1757 569 1813 itaque
593 1758 768 1813 Moyses
793 1756 941 1812 legem
965 1757 1102 1814 hanc,
1122 1762 1165 1801 et
1187 1757 1374 1800 tradidit
1395 1772 1493 1801 eam
1516 1759 1818 1802 sacerdotibus
1840 1760 1942 1803 filiis

113 1817 248 1874 Levi,
281 1816 356 1873 qui
381 1817 620 1873 portabant
644 1830 795 1859 arcam
820 1815 1001 1859 foederis
1026 1816 1226 1873 Domini,
1253 1822 1298 1860 et
1323 1817 1494 1859 cunctis
1520 1817 1765 1861 senioribus
1788 1819 1940 1862 Israel.

115 1877 150 1904 ¹⁰
172 1876 477 1933 Praecepitque
507 1876 590 1931 eis,
615 1875 766 1918 dicens
793 1892 802 1919 :
837 1876 944 1918 Post
967 1880 1137 1932 septem
1163 1890 1323 1931 annos,
1348 1890 1465 1919 anno
1490 1875 1781 1932 remissionis,
1805 1877 1851 1919 in
1875 1892 1940 1921 so-

112 1936 346 1980 lemnitate
375 1935 783 1990 tabernaculorum,
816 1933 848 1960 ¹¹
874 1934 1241 1978 convenientibus
1267 1934 1438 1978 cunctis
1459 1949 1515 1978 ex
1549 1935 1708 1991 Israel,
1735 1942 1784 1979 ut
1807 1952 1941 1994 appa-

112 2000 240 2039 reant
265 1995 311 2037 in
333 1999 572 2051 conspectu
595 1993 775 2037 Domini
800 1993 883 2037 Dei
904 1994 990 2050 tui,
1010 1994 1056 2036 in
1078 1993 1174 2037 loco
1199 2008 1331 2050 quem
1351 1994 1536 2050 elegerit
1563 1995 1798 2048 Dominus,
1822 1996 1942 2052 leges

111 2054 250 2097 verba
270 2053 382 2110 legis
407 2053 541 2109 hujus
563 2067 711 2095 coram
736 2053 857 2096 omni
884 2053 1043 2110 Israel,
1067 2053 1351 2096 audientibus
1372 2053 1455 2109 eis,
1479 2052 1515 2079 ¹2
1534 2058 1578 2096 et
1602 2053 1648 2096 in
1666 2069 1802 2097 unum
1824 2055 1943 2098 omni

112 2113 275 2171 populo
297 2117 587 2169 congregato,
614 2117 708 2155 tam
732 2111 838 2155 viris
864 2127 998 2168 quam
1026 2112 1304 2168 mulieribus,
1333 2112 1550 2168 parvulis,
1573 2118 1618 2156 et
1639 2113 1842 2168 advenis,
1869 2114 1944 2170 qui

112 2177 216 2216 sunt
237 2172 354 2215 intra
375 2177 524 2228 portas
545 2178 643 2214 tuas
666 2189 675 2227 3
700 2176 749 2214 ut
773 2171 1004 2215 audientes
1030 2171 1224 2227 discant,
1255 2176 1298 2215 et
1318 2171 1508 2214 timeant
1534 2172 1773 2215 Dominum
1800 2174 1943 2218 Deum

113 2237 331 2286 vestrum,
357 2236 402 2274 et
427 2230 699 2286 custodiant,
723 2230 1026 2287 impleantque
1052 2245 1203 2274 omnes
1232 2244 1455 2274 sermones
1482 2230 1594 2287 legis
1618 2231 1776 2288 hujus,
1808 2232 1843 2258 ¹3
1864 2232 1943 2275 filii

111 2305 284 2346 quoque
322 2304 472 2333 eorum
505 2289 579 2345 qui
613 2303 729 2332 nunc
763 2289 989 2346 ignorant,
1013 2295 1062 2333 ut
1093 2289 1245 2333 audire
1277 2289 1468 2346 possint,
1494 2295 1539 2332 et
1570 2290 1759 2334 timeant
1793 2291 1942 2334 Domi-

114 2364 221 2392 num
247 2350 392 2392 Deum
417 2363 544 2392 suum
570 2348 740 2392 cunctis
767 2348 921 2391 diebus
942 2348 1100 2405 quibus
1122 2353 1353 2392 versantur
1380 2348 1427 2391 in
1452 2354 1587 2406 terra,
1611 2349 1668 2392 ad
1690 2364 1822 2405 quam
1843 2365 1941 2406 vos,

113 2409 144 2452 J
147 2409 311 2452 ordane
333 2408 614 2463 transmisso,
636 2407 822 2464 pergitis
844 2408 1145 2452 obtinendam.

174 2467 210 2494 ¹4
232 2468 290 2510 Et
314 2467 378 2510 ait
402 2466 618 2510 Dominus
639 2466 695 2509 ad
722 2468 907 2524 Moysen
931 2483 942 2511 z
969 2468 1086 2511 Ecce
1111 2482 1246 2525 prope
1271 2474 1375 2512 sunt
1395 2469 1489 2512 dies
1513 2468 1666 2512 mortis
1691 2474 1804 2524 tuae,
1836 2484 1944 2512 voca

113 2528 269 2580 Josue,
290 2532 335 2570 et
359 2531 473 2569 state
495 2526 541 2569 in
566 2526 854 2569 tabernaculo
876 2526 1140 2581 testimonii,
1168 2532 1216 2570 ut
1237 2527 1495 2584 praecipiam
1521 2528 1574 2571 ei.
1598 2526 1817 2571 Abierunt
1840 2542 1943 2584 ergo

115 2587 290 2643 Moyses
319 2591 364 2629 et
388 2586 417 2629 J
422 2599 544 2641 osue,
576 2590 621 2629 et
645 2590 862 2629 steterunt
887 2585 933 2628 in
965 2586 1252 2629 tabernaculo
1284 2586 1556 2641 testimonii,
1594 2585 1628 2612 ¹5
1652 2586 1942 2643 apparuitque

116 2645 332 2689 Dominus
377 2644 439 2688 ibi
483 2644 529 2687 in
577 2644 782 2688 columna
830 2645 980 2701 nubis,
1027 2660 1124 2700 quae
1173 2645 1297 2689 stetit
1341 2645 1387 2688 in
1427 2645 1610 2689 introitu
1652 2646 1942 2690 tabernaculi.

116 2704 152 2731 ¹⁶
178 2704 390 2760 Dixitque
427 2704 642 2747 Dominus
675 2704 733 2747 ad
770 2705 955 2761 Moysen
986 2721 994 2748 :
1031 2705 1147 2756 Ecce
1183 2709 1231 2747 tu
1258 2704 1446 2748 dormies
1477 2718 1577 2748 cum
1609 2705 1809 2760 patribus
1834 2705 1941 2759 tuis,

113 2768 160 2807 et
191 2763 380 2820 populus
417 2763 500 2807 iste
538 2777 806 2820 consurgens
842 2763 1138 2807 fornicabitur
1170 2769 1269 2821 post
1302 2763 1405 2808 deos
1438 2763 1606 2807 alienos
1639 2763 1685 2806 in
1717 2769 1854 2820 terra,
1888 2764 1945 2808 ad

113 2837 248 2879 quam
280 2822 529 2878 ingreditur
553 2827 602 2865 ut
633 2822 806 2866 habitet
830 2823 877 2866 in
910 2837 990 2878 ea3
1019 2823 1080 2866 ibi
1107 2822 1382 2879 derelinquet
1415 2837 1505 2879 me,
1532 2828 1577 2866 et
1602 2822 1774 2866 irritum
1806 2824 1945 2867 faciet

114 2882 282 2937 foedus,
309 2882 424 2938 quod
449 2881 601 2938 pepigi
627 2897 728 2925 cum
752 2897 829 2937 eo;
854 2881 887 2908 ¹⁷
907 2887 951 2925 et
972 2881 1184 2925 irascetur
1209 2882 1333 2926 furor
1353 2897 1476 2925 meus
1501 2886 1655 2925 contra
1679 2896 1780 2926 eum
1804 2882 1850 2925 in
1876 2882 1945 2926 die

112 2941 192 2984 illo
211 2957 220 2995 ;
242 2946 287 2984 et
320 2940 625 2997 derelinquam
649 2956 769 2996 eum,
797 2946 841 2984 et
865 2941 1134 2984 abscondam
1160 2941 1327 2985 faciem
1359 2956 1505 2984 meam
1531 2942 1587 2984 ab
1613 2955 1684 2997 eo,
1716 2947 1760 2984 et
1789 2942 1872 2985 erit
1900 2941 1945 2984 in

113 2999 447 3044 devorationem
469 3017 478 3055 3
512 3000 743 3044 invenient
772 3015 871 3044 eum
898 2999 1047 3043 omnia
1072 3000 1191 3044 mala
1220 3005 1264 3044 et
1288 3000 1569 3056 afflictiones,
1597 3000 1660 3043 ita
1685 3005 1734 3043 ut
1759 3001 1878 3043 dicat
1899 3001 1944 3043 in

114 3059 192 3102 illo
225 3059 295 3102 die
328 3075 336 3103 :
380 3060 495 3102 Vere
531 3059 634 3115 quia
667 3074 755 3103 non
789 3066 856 3103 est
891 3060 1010 3103 Deus
1047 3074 1242 3116 mecum,
1275 3060 1541 3103 invenerunt
1573 3074 1643 3103 me
1679 3060 1776 3102 haec
1813 3060 1944 3103 mala.

117 3117 152 3144 ¹⁸
175 3119 272 3173 Ego
304 3123 455 3161 autem
487 3119 779 3175 abscondam,
811 3123 855 3162 et
888 3119 1041 3163 celabo
1077 3119 1244 3163 faciem
1277 3133 1424 3162 meam
1457 3119 1503 3161 in
1535 3119 1605 3162 die
1639 3118 1735 3174 illo,
1771 3124 1946 3175 propter

115 3177 266 3220 omnia
291 3177 410 3220 mala
435 3192 532 3234 quae
557 3178 690 3234 fecit,
714 3179 817 3234 quia
839 3182 1014 3221 secutus
1039 3184 1108 3222 est
1126 3178 1229 3222 deos
1254 3178 1435 3222 alienos.
1460 3177 1496 3204 ¹9
1514 3179 1644 3221 Nunc
1669 3178 1820 3233 itaque
1842 3176 1944 3220 scri-

115 3236 208 3279 bite
234 3236 359 3279 vobis
385 3237 609 3280 canticum
634 3236 772 3293 istud,
796 3242 841 3280 et
866 3237 1020 3281 docete
1052 3237 1166 3281 filios
1196 3237 1357 3293 Israel,
1380 3243 1430 3281 ut
1462 3237 1715 3280 memoriter
1743 3241 1942 3292 teneant,

116 3300 163 3338 et
202 3309 273 3339 ore
311 3295 569 3352 decantent,
603 3301 648 3340 et
683 3297 741 3340 sit
776 3296 886 3339 mihi
923 3310 1101 3340 carnem
1132 3297 1252 3340 istud
1287 3311 1366 3353 pro
1402 3295 1655 3340 testimonio
1687 3295 1801 3338 inter
1833 3294 1945 3337 filios

118 3354 272 3398 Israel.
298 3354 335 3381 2⁰
358 3355 644 3398 Introducam
669 3356 788 3399 enim
810 3370 910 3398 eum
934 3356 982 3398 in
1015 3360 1198 3411 terram,
1221 3370 1299 3412 pro
1324 3370 1410 3411 qua
1430 3355 1576 3411 juravi
1602 3355 1799 3411 patribus
1826 3353 1941 3408 ejus,

118 3413 233 3457 lacte
259 3419 304 3457 et
324 3414 454 3457 melle
479 3420 751 3459 manantem.
775 3415 972 3470 Cumque
994 3415 1288 3471 comederint,
1316 3420 1361 3457 et
1381 3414 1586 3469 saturati,
1607 3413 1827 3467 crassique
1848 3412 1945 3455 fue-

117 3472 227 3528 rint,
262 3478 518 3516 avertentur
540 3474 597 3516 ad
631 3474 736 3517 deos
768 3474 956 3529 alienos,
985 3479 1030 3517 et
1053 3474 1249 3517 servient
1281 3473 1364 3529 eis,
1393 3473 1711 3527 detrahentque
1745 3470 1875 3525 mihi,
1901 3476 1946 3514 et

118 3529 291 3573 irritum
322 3532 495 3575 facient
520 3538 701 3589 pactum
734 3546 894 3576 meum.
925 3531 958 3559 2¹
988 3534 1228 3589 Postquam
1259 3532 1512 3576 invenerint
1536 3545 1637 3574 eum
1662 3529 1781 3573 mala
1804 3529 1946 3573 multa

119 3675 150 3708 2]
166 3674 266 3704 Num.
283 3674 487 3711 XXV11,13.
509 3676 586 3709 Sup,
606 3676 672 3712 111,
689 3679 733 3705 27.
755 3692 791 3696 —
808 3678 837 3710 4]
869 3677 965 3705 Num.
984 3677 1079 3712 XXI,
1096 3679 1140 3704 24.
1155 3691 1190 3696 --
1206 3677 1235 3710 5]
1256 3676 1332 3708 Sup,
1351 3675 1428 3710 VII,
1446 3677 1471 3702 2.
1493 3688 1528 3692 —-
1542 3674 1569 3707 7]
1588 3674 1700 3709 Jos.1‚
1721 3677 1746 3703 6.

2062 828 2195 861 Moyses

2076 873 2181 900 Josue

2060 916 2199 948 praeflcit

2062 961 2194 993 populo.

2046 1773 2153 1800 Jubet
2171 1776 2209 1801 ut

2025 1816 2081 1844 Iex
2097 1823 2228 1849 quoque

2041 1860 2217 1892 septennio

2056 1904 2198 1937 legatur.

2034 2476 2230 2505 Auctoritas

2008 2521 2112 2549 Josue
2141 2528 2160 2549 a
2181 2522 2248 2549 Deo

2057 2564 2187 2593 sancita
2198 2573 2205 2599 ;

2034 2609 2227 2637 mandatum

2029 2653 2067 2681 de
2089 2652 2231 2682 cantion.
