2423 3861
667 149 769 192 J1-2n.
804 150 932 204 xm,
972 151 1024 194 10
1056 177 1113 183 -
1147 152 1300 206 xiiii,
1339 153 1404 195 15.
1869 156 1947 198 891

134 343 138 346 ·
188 321 223 347 ¹⁰
241 323 297 364 Et
323 322 522 378 captivus
553 322 680 365 duxit
707 323 901 366 Ismahel
928 338 1078 367 omnes
1109 324 1316 379 reliquias
1342 325 1489 381 populi
1518 325 1589 381 qui
1617 331 1740 369 erant
1766 326 1807 368 in
1839 328 1952 369 Mas-

126 379 286 438 phath,
322 380 434 423 filias
468 382 603 437 regis,
631 387 673 424 et
708 382 960 425 universum
988 383 1198 439 populum
1227 384 1298 438 qui
1326 390 1597 427 remanserat
1622 385 1666 426 in
1692 385 1949 441 illasphath,

124 453 231 494 quos
258 439 648 483 commendaverat
676 441 991 494 Nabuzardan,
1020 442 1223 498 princeps
1250 442 1442 497 lnilitiae,
1470 443 1697 498 Godoliae,
1725 443 1814 486 tilio
1841 445 1949 487 Ahi-

123 512 247 552 eam;
276 504 319 541 et
342 499 459 555 cepit
484 513 556 541 eos
585 500 800 555 Ismahel,
829 500 943 542 tilius
970 500 1229 554 Nathanize,
1250 508 1293 544 et
1314 501 1426 543 abiit
1455 506 1503 544 ut
1525 502 1730 546 transiret
1753 502 1810 545 ad
1838 503 1949 546 filios

123 557 331 599 Ammon.
357 557 384 583 ¹¹
407 558 593 600 Audis-it
618 565 767 601 autem
791 559 1020 612 dolianan,
1048 559 1162 601 filius
1188 562 1345 614 Caree,
1369 566 1412 603 et
1437 574 1587 603 omnes
1614 561 1832 618 principes
1858 562 1947 606 bel-

123 615 309 658 latorum
347 616 420 672 qui
459 623 583 659 erant
617 632 717 659 011111
751 633 820 672 eo,
861 632 988 660 omne
1023 619 1187 660 malum
1223 618 1338 674 quod
1375 619 1545 662 fecerat
1581 620 1798 675 Ismahel,
1833 621 1948 664 tilius

123 674 387 730 Nathaniae,
427 675 459 701 ¹”-'
484 684 527 718 et
567 677 806 732 assumptis
847 677 1062 720 universis
1101 677 1230 732 viris,
1272 677 1461 733 profecti
1502 684 1604 720 sunt
1644 685 1693 721 ut
1733 679 1949 724 bellarent

119 733 354 777 adversum
383 735 589 789 Ismahel,
614 735 755 777 filium
782 735 1044 788 Nat-lianiae3
1074 740 1116 778 et
1138 735 1402 778 invenerunt
1423 750 1523 778 eum
1546 737 1601 779 ad
1627 752 1763 793 aquas
1788 739 1948 782 multas

120 807 218 847 qua}
255 800 357 835 sunt
394 794 437 835 in
478 794 678 836 Gabaon.
718 794 750 819 ¹3
779 795 976 849 Cumque
1005 794 1190 837 vidisset
1224 794 1365 837 omnis
1399 795 1584 851 populus
1623 797 1694 852 qui
1725 803 1818 840 erat
1848 813 1948 841 cum

120 851 315 895 Ismaliel
353 852 582 907 Johanan,
622 853 763 895 lilium
801 854 956 906 Caree,
992 859 1034 896 et
1065 853 1290 895 universos
1323 853 1542 910 principes
1576 855 1840 898 bellatorum
1874 858 1947 912 qui

120 916 244 953 erant
266 925 366 953 cum
394 925 463 965 eo,
494 912 632 954 laetati
659 917 784 966 sunt3
811 912 899 955 Ι401-
924 926 1122 955 reversus
1149 917 1214 954 est
1241 912 1382 954 omnis
1406 913 1592 969 populus
1619 928 1748 969 quem
1772 922 1948 971 ceperat

120 969 340 1023 Ismaliel,
381 969 428 1012 in
470 971 734 1027 Maspliath,
776 985 1062 1026 reversusque
1097 970 1210 1013 abiit
1250 971 1305 1014 ad
1347 971 1579 1027 dolianau,
1618 973 1758 1015 tilium
1797 976 1945 1017 Uarec.

120 1027 155 1054 ¹5
174 1029 367 1071 Ismahel
390 1036 561 1083 autem,
589 1031 704 1072 filius
729 1030 987 1085 Nathaniae,
1011 1030 1132 1085 fugit
1158 1044 1259 1072 cum
1283 1036 1379 1073 octo
1399 1030 1502 1072 viris
1524 1045 1550 1073 a
1577 1031 1695 1074 facie
1717 1032 1945 1088 Johanan,

119 1091 163 1130 et
193 1087 305 1130 abiit
333 1088 389 1130 ad
416 1089 529 1131 tilios
557 1090 764 1133 Ammon.
791 1088 963 1132 16Τ11111
996 1103 1098 1144 ergo
1131 1089 1361 1143 Johariali,
1392 1089 1508 1132 filius
1538 1090 1694 1146 Caree,
1722 1096 1765 1133 et
1796 1105 1946 1134 omnes

117 1146 337 1203 principes
371 1147 635 1190 bellatorum
669 1148 742 1204 qui
777 1153 902 1191 erant
936 1162 1036 1191 cum
1071 1161 1144 1202 eo,
1180 1148 1408 1191 universas
1445 1148 1653 1204 reliquias
1680 1149 1804 1206 vulgi
1839 1165 1945 1206 quas

116 1205 351 1249 reduxerat
376 1206 432 1248 ab
456 1207 672 1260 Ismahel,
700 1207 789 1251 filio
817 1207 1077 1261 Nathaniae,
1105 1206 1158 1249 de
1188 1207 1447 1264 Masphath,
1472 1213 1704 1263 postquam
1731 1210 1946 1265 percussit

117 1264 367 1319 Godoliam‚
391 1265 531 1308 filium
555 1267 776 1309 Ahieam:
801 1266 934 1309 t'ortes
953 1266 1069 1309 viros
1090 1266 1146 1308 ad
1167 1266 1384 1322 praelium,
1404 1272 1447 1309 et
1467 1267 1685 1322 mulieres,
1707 1274 1749 1310 et
1771 1283 1940 1325 pueros,

116 1328 160 1366 et.
180 1325 422 1380 eunuchos,
447 1339 554 1380 quos
576 1325 812 1368 reduxerat
837 1324 890 1367 de
914 1325 1114 1369 Gabaon.

177 1382 208 1409 ¹⁷
233 1385 289 1426 Et
314 1384 538 1439 abierunt,
567 1389 609 1427 et
634 1384 841 1427 sederunt
867 1384 1198 1440 peregrinantes
1227 1385 1274 1427 in
1300 1385 1567 1441 Chamaam,
1596 1401 1694 1442 quae
1720 1392 1785 1430 est
1815 1387 1944 1443 juxta

117 1442 398 1497 Bethlehem,
422 1448 470 1485 ut
492 1447 736 1499 pergerent,
760 1448 803 1486 et
824 1442 1057 1485 introirent
1078 1443 1350 1499 AEgyptum,
1375 1444 1406 1470 ¹8
1422 1459 1448 1487 a
1465 1445 1584 1488 facie
1604 1445 1936 1489 Chaldaeorum:

113 1501 332 1544 timebant
358 1501 476 1544 enim
501 1515 594 1555 eos,
618 1501 721 1556 quia
743 1506 1017 1557 percusserat
1042 1502 1253 1557 Ismahel,
1277 1503 1392 1545 filius
1418 1504 1667 1558 Nathaniae,
1693 1504 1940 1560 Godoliam,

112 1559 253 1602 filium
278 1559 490 1615 Ahicam,
518 1573 650 1614 quem
674 1565 972 1616 praeposuerat
995 1574 1072 1602 rex
1096 1560 1338 1616 Babylonis
1364 1561 1410 1603 in
1436 1567 1550 1604 terra
1573 1563 1600 1605 J
1605 1563 1706 1608 uda.

467 1681 490 1738 ξ
526 1682 615 1724 ΠΙ.
648 1705 708 1714 —-
738 1682 890 1724 Judoei
922 1697 1020 1724 cum
1055 1682 1254 1725 Jeremia
1292 1683 1336 1724 in
1369 1682 1582 1739 AEqypto.

169 1799 274 1842 CAP.
302 1799 450 1841 XLII.
477 1825 536 1830 --
564 1797 574 1824 ¹
596 1799 653 1841 Et
678 1803 960 1842 accesserunt
987 1813 1138 1842 omnes
1168 1797 1389 1855 principes
1423 1798 1710 1855 bellatorum,
1737 1803 1780 1843 et
1806 1800 1941 1842 Joha-

109 1871 217 1913 nan,
245 1857 360 1900 filius
388 1857 545 1913 Caree,
573 1862 617 1900 et
643 1857 872 1911 Jezonias,
899 1857 1015 1900 filius
1040 1858 1207 1910 Osaiae,
1235 1863 1278 1900 et
1302 1857 1523 1913 reliquum
1547 1858 1727 1914 vulgus,
1754 1873 1780 1901 a
1805 1873 1941 1915 parvo

108 1930 244 1972 usque
268 1916 325 1959 ad
349 1931 581 1972 magnum,
607 1915 624 1942 ‘⁴'
642 1916 936 1972 dixeruntque
962 1915 1019 1960 ad
1046 1916 1290 1960 ἱ101011110111
1316 1917 1600 1973 prophetam:
1633 1917 1776 1960 Cadat
1803 1918 1940 1960 oratio

108 1981 255 2018 nostra
281 1976 326 2018 in
354 1981 593 2032 conspectu
615 1981 712 2032 tuo,
740 1981 784 2019 et
806 1990 878 2018 ora
905 1990 982 2033 pro
1008 1976 1135 2019 nobis
1160 1976 1218 2018 ad
1246 1975 1488 2019 Dominum
1514 1977 1658 2019 Deum
1688 1982 1834 2033 tuum,
1863 1991 1940 2034 pro

106 2034 324 2078 universis
361 2035 559 2090 reliquiis
599 2035 717 2091 istis,
750 2035 853 2091 quia
892 2036 1092 2078 derelicti
1130 2050 1280 2078 sumus
1313 2035 1444 2091 pauci
1483 2034 1537 2077 de
1570 2035 1790 2092 pluribus,
1825 2036 1939 2079 sicut

107 2093 222 2136 oculi
248 2094 313 2137 tui
348 2109 426 2137 nos
458 2094 713 2150 intuentur3
749 2094 766 2120 3
787 2100 830 2137 et
858 2095 1094 2137 annuntiet
1127 2095 1254 2138 nobis
1290 2094 1506 2137 Dominus
1538 2096 1656 2137 Deus
1689 2099 1789 2137 tuus
1819 2095 1939 2138 viam

106 2167 182 2210 per
215 2169 347 2210 quam
389 2169 645 2211 pergamus,
684 2158 728 2196 et
759 2154 944 2197 verbum
982 2154 1096 2209 quod
1133 2153 1370 2196 faciamus.
1397 2153 1560 2195 4Dixit
1592 2159 1741 2197 autem
1775 2154 1832 2197 ad
1865 2168 1936 2197 eos

106 2213 133 2254 J
139 2213 324 2256 eremias
351 2214 564 2270 prophet-a
591 2230 600 2257 ε
626 2213 807 2256 Audivi.
840 2214 957 2256 Ecce
983 2227 1064 2268 ego
1096 2227 1169 2255 oro
1193 2213 1250 2255 ad
1280 2212 1521 2255 Dominum
1551 2213 1695 2255 Deum
1720 2218 1934 2266 vestrum,

105 2272 349 2315 secundum
386 2273 520 2315 verba
557 2278 733 2326 vestra3
777 2286 905 2315 omne
942 2272 1126 2314 verbum
1168 2271 1476 2327 quodcumque
1516 2272 1790 2328 responderit
1826 2272 1936 2315 mihi

105 2330 314 2374 indicabo
341 2331 476 2386 vobis,
501 2345 580 2374 1100
604 2331 758 2374 celabo
783 2345 862 2374 vos
884 2331 1139 2386 quidquam,
1161 2331 1177 2356 5
1197 2332 1253 2373 Et
1274 2330 1340 2372 illi
1364 2330 1570 2373 dixerunt
1592 2331 1647 2373 ad
1667 2332 1934 2376 Jeremiam:

105 2389 170 2433 Sit
206 2390 423 2432 Dominus
455 2390 572 2433 inter
603 2404 682 2432 nos
715 2390 839 2433 testis
865 2390 1066 2433 veritatis
1098 2394 1141 2432 et
1173 2389 1296 2445 fidei,
1327 2390 1363 2432 si
1398 2403 1506 2443 non,
1532 2390 1660 2445 juxta
1686 2405 1816 2433 omne
1840 2405 1935 2434 ver-

105 2448 210 2491 bum
234 2448 281 2491 in
309 2463 392 2504 quo
418 2449 587 2492 miserit
613 2455 655 2492 te
689 2450 905 2493 Dominus
937 2452 1054 2493 Deus
1088 2454 1188 2492 tuus
1218 2449 1275 2492 ad
1310 2463 1408 2504 nos,
1436 2449 1498 2492 sic
1532 2449 1776 2505 faciemus3
1804 2449 1822 2476 ⁶
1842 2450 1935 2493 sive

105 2507 267 2550 bonum
293 2514 379 2564 est,
407 2509 500 2552 sive
528 2509 717 2564 malum,
745 2509 843 2552 voci
879 2509 1058 2552 Domini
1088 2508 1170 2552 Dei
1196 2508 1355 2564 nostri,
1385 2508 1442 2551 ad
1469 2522 1599 2564 quem
1625 2508 1844 2552 mittimus
1868 2514 1932 2565 te,

102 2566 382 2622 obediemus,
407 2574 454 2610 ut
480 2568 592 2611 bene
621 2568 678 2610 sit
704 2567 831 2611 nobis
858 2583 959 2611 cum
983 2567 1253 2610 audierimus
1279 2582 1436 2610 vocem
1462 2567 1642 2610 Domini
1673 2567 1755 2610 Dei
1781 2568 1932 2611 nostri.

161 2626 177 2652 ⁷
196 2627 307 2669 Cum
329 2632 479 2670 autem
511 2626 719 2684 completi
747 2633 892 2670 essent
922 2627 1075 2670 decem
1105 2626 1220 2682 dies,
1242 2627 1417 2670 factum
1442 2631 1508 2670 est
1532 2627 1718 2669 verbum
1753 2627 1933 2670 Domini

102 2686 158 2728 ad
188 2687 457 2741 Jeremiam,
494 2685 793 2741 8vocavitque
827 2687 1055 2741 Johanan,
1090 2686 1231 2728 filium
1260 2685 1417 2741 Caree,
1452 2691 1494 2729 et
1528 2700 1679 2729 omnes
1712 2685 1932 2742 principes

103 2744 367 2788 bellatorum
389 2746 463 2801 qui
487 2750 612 2788 erant
635 2759 735 2787 cum
761 2759 832 2801 eo,
855 2751 900 2788 et
922 2744 1177 2787 universum
1202 2744 1435 2802 populum,
1462 2760 1488 2787 a
1511 2744 1696 2787 minimo
1718 2759 1854 2800 usque
1875 2745 1931 2788 ad

101 2818 328 2860 magnum.

159 2864 176 2890 9
195 2866 251 2908 Et
281 2867 396 2910 dixit
421 2868 477 2911 ad
504 2883 606 2913 eos:
634 2870 747 2911 Haec
775 2868 883 2911 dicit
911 2868 1149 2923 Dominus,
1178 2869 1296 2911 Deus
1328 2867 1488 2922 Israel,
1513 2866 1570 2909 ad
1597 2880 1727 2921 quem
1749 2865 1931 2908 misistis

37 2924 40 2926 ’
100 2939 169 2968 1110
199 2931 248 2967 ut
280 2932 599 2983 prosternerem
635 2942 787 2984 preces
817 2932 985 2970 vestras
1018 2927 1065 2969 in
1099 2932 1335 2983 conspectu
1367 2925 1492 2982 ejus:
1526 2925 1561 2952 ¹⁰
1585 2925 1628 2969 Si
1655 2924 1931 2981 quiescentes

99 2985 349 3028 manseritis
370 2986 417 3028 in
443 2992 559 3029 terra
584 2987 689 3042 hac,
716 2986 945 3029 aedificabo
964 3000 1063 3039 vos,
1086 2990 1130 3028 et
1151 2999 1238 3027 non
1265 2985 1513 3038 destruam3
1539 2983 1752 3040 plantabo
1775 2989 1818 3027 et
1843 2998 1931 3027 non

99 3043 309 3100 evellam,
336 3044 432 3100 jam
464 3046 583 3088 enim
613 3046 814 3102 placatus
840 3059 938 3087 sum
967 3059 1098 3101 super
1129 3044 1246 3087 malo
1279 3043 1394 3100 quod
1427 3043 1517 3087 1001
1548 3043 1688 3086 vobis.
1720 3042 1752 3069 ¹¹
1781 3043 1931 3086 Nolite

97 3102 253 3146 timere
277 3118 304 3146 a
333 3104 453 3148 facie
481 3105 598 3160 regis
631 3104 893 3161 Babylonis,
925 3118 1054 3159 quem
1080 3118 1157 3146 vos
1179 3103 1331 3160 pavidi
1360 3102 1642 3157 formidatis,
1669 3102 1807 3146 nolite
1838 3116 1929 3145 me-

97 3167 219 3205 tuere
245 3176 368 3219 eum,
395 3163 506 3207 dicit
529 3164 769 3217 Dominus,
796 3163 900 3218 quia
918 3162 1148 3205 vobiscum
1169 3176 1265 3205 sum
1292 3176 1375 3218 ego
1399 3167 1448 3204 ut
1472 3161 1620 3204 salvos
1637 3175 1714 3204 vos
1737 3161 1928 3215 faciam,

98 3226 142 3263 et
173 3236 325 3265 eruam
359 3222 413 3266 de
446 3237 580 3266 manu
618 3223 742 3278 ejus3
782 3221 815 3247 ¹2
839 3227 883 3264 et
917 3221 1032 3264 dabo
1064 3221 1189 3264 vobis
1226 3221 1570 3277 misericordias,
1609 3225 1654 3263 et
1690 3220 1930 3263 miserebor

99 3280 253 3336 vestri,
281 3287 325 3324 et
350 3281 553 3325 habitare
579 3296 657 3325 vos
683 3282 851 3325 faciam
877 3281 921 3323 in
949 3286 1065 3324 terra
1086 3286 1246 3324 vestra.

157 3339 192 3365 ¹3
211 3340 254 3384 81
277 3345 427 3384 autem
450 3340 652 3384 dixeritis
670 3355 776 3384 vos:
804 3341 902 3383 Non
928 3339 1230 3383 habitabimus
1255 3341 1302 3383 in
1327 3346 1441 3385 terra
1466 3341 1565 3396 ista,
1588 3355 1670 3384 nec
1695 3340 1927 3384 audiemus

99 3411 251 3441 vocem
295 3399 476 3442 Domini
519 3400 601 3443 Dei
643 3400 806 3454 nostri,
848 3399 879 3425 ¹¹
914 3399 1110 3442 dicentes
1148 3416 1156 3443 :
1199 3401 1514 3456 Nequaquam,
1556 3399 1633 3442 sed
1669 3399 1726 3441 ad
1764 3404 1927 3442 terram

99 3457 287 3514 AEgypti
322 3472 578 3514 pergemus,
613 3459 688 3502 ubi
722 3473 808 3501 non
836 3458 1086 3500 videbimus
1117 3458 1305 3513 bellum,
1333 3465 1376 3502 et
1405 3459 1658 3513 clangorem
1691 3458 1810 3501 tubae
1839 3472 1927 3501 non

99 3515 350 3572 audiemus,
388 3523 433 3559 et
465 3518 636 3561 famem
669 3532 756 3561 11011
794 3516 1129 3573 sustinebimus,
1165 3523 1208 3561 et
1240 3518 1303 3560 ibi
1336 3517 1663 3570 habitabimus3
1691 3515 1726 3542 ¹⁵
1750 3523 1928 3574 propter

99 3573 181 3617 hoc
217 3589 335 3617 nunc
373 3576 523 3620 audite
560 3577 745 3620 verbum
777 3576 978 3629 Domini,
1013 3576 1212 3631 reliquiae
1246 3577 1379 3620 Juda.
1412 3578 1524 3619 Haeo
1562 3576 1671 3619 dicit
1709 3576 1926 3619 Dominus

99 3632 394 3686 exercituum,
427 3636 546 3678 Deus
581 3636 747 3679 Israel:
774 3635 818 3679 81
853 3634 1084 3691 posueritis
1113 3635 1278 3679 faciem
1304 3642 1497 3679 vestram
1532 3641 1578 3678 ut
1612 3634 1925 3691 ingrediamini

2067 341 2208 369 ismahel

2047 384 2188 417 fugatur
2205 392 2223 412 a

2052 427 2224 463 schanan,

2046 1406 2104 1441 qui
2122 1410 2217 1441 parat

2025 1450 2096 1484 ipse
2114 1452 2230 1486 fugam

2010 1495 2042 1524 in
2058 1497 2248 1530 AEgyptum.

2042 1823 2207 1851 ¹Ieremias

2030 1866 2222 1895 consulitur

2053 1911 2094 1940 de
2111 1912 2204 1945 fugae

2031 1956 2225 1988 opportuni-

2087 2003 2168 2029 tate.

2045 2646 2200 2675 Praedicit

2014 2691 2158 2719 salutem
2177 2699 2225 2720 re-

2013 2735 2228 2764 manentibus

2028 2778 2061 2807 in
2079 2780 2213 2816 Judaea‚

2045 2823 2190 2852 exitium

2005 2866 2230 2900 fugientibus.
