2423 3861
229 508 332 535 scena

171 550 386 579 describitur.

198 737 358 765 Parabola

162 780 386 809 seminatoris.

159 1274 265 1309 Quare
282 1275 384 1303 Jesus

166 1317 325 1350 loquatur
343 1317 376 1346 in

184 1361 361 1394 parabolis.

192 2046 353 2074 parabola

164 2089 378 2118 seminatoris

169 2133 370 2167 explicatur.

187 2676 346 2705 Parabola

157 2726 370 2750 zizaniorum.

187 3394 347 3424 Parabola

218 3446 314 3472 gram

197 3489 332 3516 sinapis.

470 165 581 207 1110
1111 161 1300 203 MATTH.
1335 161 1477 215 ΧΠΙ,
1514 163 1533 202 1
1549 162 1646 204 -30,

925 368 946 420 ξ
979 365 1114 408 VIII.
1140 390 1200 397 —
1222 365 1464 407 Parabolae
1484 367 1607 420 reym‘
1628 366 1842 409 oculorum.

522 482 628 525 CAP.
656 480 790 522 XIII.
812 505 872 513 —-
892 479 905 505 ¹
926 480 980 522 In
1006 479 1084 522 illo
1107 479 1177 522 die
1205 479 1357 522 exiens
1387 480 1517 522 Jesus
1549 479 1602 522 de
1629 479 1781 535 domo,
1805 480 1989 523 sedebat
2011 495 2134 524 secus
2160 498 2296 528 mare.

462 540 478 566 9
499 542 554 583 Ε1
577 544 859 594 congregatae
881 543 984 581 sunt
1004 538 1061 581 ad
1087 552 1188 581 eum
1210 538 1353 580 turbae
1376 538 1545 593 multae,
1560 538 1624 580 ita
1642 545 1690 581 ut
1707 539 1753 581 in
1773 539 2028 581 naviculam
2053 542 2298 585 ascendens

461 599 632 642 sederet
652 615 660 653 3
689 603 732 640 et
758 598 900 640 onmis
922 597 1052 640 turba
1075 597 1224 640 stabat
1245 597 1291 639 in
1317 597 1478 640 littore.
1503 597 1520 623 3
1538 598 1596 639 Et
1618 598 1790 640 locutus
1814 603 1880 640 est
1901 598 1962 641 eis
1983 599 2125 642 multa
2149 599 2195 642 in
2219 616 2298 658 pa-

460 657 646 712 rabolis,
675 657 826 700 dicens
861 674 868 700 :
2335 662 2338 665 ’

520 718 636 759 Εο00
663 716 773 759 exiit
798 716 871 772 qui
898 717 1108 772 seminat,
1133 715 1365 759 seminare.
1396 715 1412 742 4
1432 718 1489 759 Et
1520 717 1625 759 dum
1652 717 1863 773 seminat,
1892 718 2096 773 quaedam
2128 719 2297 763 cecide-

458 781 561 819 runt
593 790 719 818 secus
751 776 896 830 viam,
932 782 976 818 et
1008 781 1224 818 venerunt
1256 775 1456 819 volucres
1493 776 1622 831 caeli,
1649 782 1692 819 et
1726 776 2014 819 comederunt
2047 791 2110 822 ea.
2150 774 2168 804 5
2191 778 2296 821 Alia

458 840 609 878 autem
635 834 890 878 ceciderunt
913 834 959 877 in
985 840 1179 891 petrosa,
1199 834 1274 877 ubi
1297 848 1384 877 non
1405 835 1633 879 habebant
1658 841 1821 879 terram
1846 836 2062 892 multam3
2087 841 2132 879 et
2157 837 2297 880 conti-

458 909 543 943 nuo
571 899 723 937 exorta
745 898 867 949 sunt,
895 894 998 949 quia
1020 908 1108 937 non
1133 893 1360 936 habebant
1382 894 1665 938 altitudinem
1691 900 1821 938 terrae
1847 895 1892 938 :6
1909 896 2000 939 sole
2025 901 2176 939 autem
2202 901 2297 940 orto

462 959 763 996 aestuaverunt
786 971 795 1008 ς
820 958 864 996 01
886 952 988 1008 quia
1014 967 1100 996 non
1126 953 1355 996 habebant
1386 954 1603 1010 radicem,
1630 960 1853 998 aruerunt.
1886 954 1901 980 7
1920 955 2025 998 Alia
2049 960 2201 998 autem
2227 970 2296 999 00-

459 1013 660 1056 01ᾶο1·11111
684 1012 731 1054 111
756 1012 906 1069 spinas
928 1029 936 1067 3
962 1017 1005 1055 et
1031 1017 1264 1055 creverunt
1289 1012 1450 1069 spinae,
1471 1023 1514 1056 et
1536 1013 1871 1057 suffocaverunt
1893 1028 1958 1057 ea.
1984 1014 2001 1041 8
2018 1014 2123 1057 Α110
2145 1020 2295 1058 01110111

460 1072 715 1115 ceciderunt
754 1071 800 1114 in
842 1077 1004 1114 terram
1038 1072 1233 1126 bonam3
1270 1078 1314 1114 et
1345 1071 1513 1116 dabant
1553 1073 1774 1128 fructum,
1816 1073 1938 1116 aliud
1977 1073 2294 1130 centesimum,

457 1131 577 1174 aliud
611 1131 960 1187 sexagesimum,
995 1130 1117 1174 aliud
1147 1131 1440 1187 trigesimum.
1475 1131 1593 1182 9Qui
1626 1132 1762 1175 habet
1794 1146 1921 1175 aures
1951 1133 2183 1189 audiendi,
2217 1148 2296 1176 au-

458 1192 562 1234 diat.

521 1250 552 1276 ¹⁰
572 1252 627 1293 Et
648 1251 912 1295 accedentes
939 1251 1146 1307 discipuli
1173 1251 1382 1294 dixerunt
1407 1251 1446 1295 ei
1467 1269 1475 1296 :
1499 1251 1641 1302 Quare
1665 1252 1712 1295 in
1738 1251 1962 1309 parabolis
1983 1251 2173 1308 loqueris
2196 1252 2296 1295 eis?

458 1310 489 1336 ¹¹
515 1311 596 1361 Qui
628 1310 898 1367 respondens
930 1311 993 1353 ait
1025 1310 1115 1353 illis
1144 1327 1152 1354 :
1187 1311 1298 1361 Quia
1331 1310 1456 1353 vobis
1492 1311 1646 1354 datum
1680 1316 1746 1355 est
1771 1325 1898 1354 nosse
1925 1311 2136 1367 mysteria
2167 1312 2293 1367 regni

457 1370 686 1425 caelorum,
716 1369 806 1412 illis
839 1376 988 1412 autem
1025 1385 1113 1413 non
1147 1375 1213 1413 est
1250 1371 1417 1414 datum.
1455 1369 1488 1396 19
1507 1370 1589 1421 Qui
1622 1371 1742 1414 enim
1775 1370 1932 1426 habet,
1963 1371 2143 1414 dabitur
2167 1370 2228 1426 ei,
2251 1376 2296 1414 et

456 1429 704 1472 abundabit
731 1446 740 1484 3
769 1429 842 1485 qui
864 1434 1014 1472 autem
1048 1444 1135 1472 non
1157 1429 1313 1483 habet,
1341 1435 1384 1473 et
1410 1430 1524 1486 quod
1551 1430 1687 1473 habet
1709 1430 1937 1473 auferetur
1957 1430 2013 1473 ab
2040 1444 2103 1473 eo.
2131 1429 2168 1457 ¹3
2186 1430 2296 1474 Ideo

455 1488 500 1530 in
535 1488 757 1545 parabolis
795 1488 948 1544 loquor
977 1489 1059 1545 eis,
1095 1488 1196 1544 quia
1230 1489 1433 1532 videntes
1458 1503 1547 1532 non
1576 1489 1752 1546 vident,
1777 1495 1820 1533 et
1845 1489 2077 1533 audientes
2103 1504 2192 1533 non
2217 1504 2294 1532 au-

457 1548 604 1603 diunt,
624 1562 766 1603 neque
787 1548 1061 1604 intelligunt.
1086 1548 1121 1574 ¹4
1141 1550 1199 1591 Et
1220 1549 1490 1605 adimpletur
1514 1549 1560 1591 in
1584 1549 1646 1593 eis
1669 1549 1900 1606 prophetia
1926 1549 2058 1592 Isaiae
2087 1548 2292 1593 dicentis:

456 1607 627 1650 Auditu
653 1607 867 1663 audietis,
893 1612 935 1650 et
957 1622 1045 1650 non
1066 1607 1354 1663 intelligetis3
1384 1613 1427 1651 et
1452 1608 1656 1652 videntes
1682 1607 1912 1664 videbitis,
1941 1614 1984 1651 et
2010 1622 2099 1650 non
2120 1608 2292 1651 videbi-

456 1666 525 1709 tis.
554 1666 588 1692 ¹5
605 1667 909 1709 Incrassatum
939 1671 1005 1709 est
1037 1666 1157 1710 enim
1184 1681 1257 1709 cor
1281 1667 1433 1723 populi
1459 1667 1613 1723 hujus,
1643 1672 1686 1710 et
1707 1667 1886 1710 auribus
1916 1667 2111 1722 graviter
2140 1667 2293 1711 audie-

456 1730 577 1780 runt,
602 1730 644 1768 et
667 1725 815 1768 oculos
840 1740 940 1768 01100
962 1726 1217 1768 clauserunt
1246 1743 1255 1770 ε
1282 1740 1336 1768 110
1359 1726 1535 1782 quando
1558 1726 1741 1770 videant
1764 1726 1925 1781 oculis,
1945 1732 1988 1770 et
2009 1726 2189 1769 auribus
2215 1741 2293 1769 au-

457 1784 601 1840 diant,
625 1790 668 1826 et
687 1784 817 1827 corde
839 1784 1116 1841 intelligant,
1140 1790 1183 1828 et
1205 1791 1532 1841 convertantur,
1557 1791 1600 1828 et
1622 1800 1775 1829 sanem
1797 1800 1882 1828 000.
1912 1785 1948 1812 ¹⁶
1966 1785 2117 1829 Vestri
2138 1790 2291 1829 autem

455 1843 574 1887 beati
601 1844 737 1899 oculi,
763 1844 862 1899 quia
889 1844 1064 1900 vident,
1093 1850 1136 1887 et
1161 1859 1288 1887 aures
1309 1850 1492 1901 vestrae,
1526 1845 1628 1900 quia
1658 1845 1861 1888 audiunt.
1896 1844 1928 1871 ¹⁷
1949 1845 2095 1887 Amen
2126 1845 2289 1902 quippe

457 1902 554 1945 dico
577 1902 723 1958 vobis,
751 1903 853 1958 quia
878 1903 1006 1945 multi
1032 1903 1259 1960 prophetae
1286 1908 1329 1946 et
1350 1903 1459 1959 justi
1486 1903 1719 1960 cupierunt
1747 1903 1899 1947 videre
1921 1918 2020 1959 quae
2042 1903 2225 1959 videtis,
2247 1909 2293 1947 et

454 1976 542 2005 non
568 1961 798 2016 viderunt3
828 1967 870 2005 et
891 1963 1044 2005 audire
1071 1977 1167 2018 quae
1192 1963 1379 2017 auditis,
1407 1969 1449 2005 et
1467 1977 1554 2006 non
1580 1963 1828 2006 audierunt.

514 2021 549 2047 ¹8
568 2022 659 2064 Vos
696 2035 800 2076 ergo
822 2021 973 2064 audite
1006 2021 1265 2078 parabolam
1295 2022 1571 2065 seminantis.
1601 2022 1637 2048 ¹9
1656 2022 1810 2066 Omnis
1842 2022 1913 2078 qui
1947 2022 2074 2065 audit
2103 2021 2290 2066 verbum

454 2080 599 2137 regni,
633 2085 675 2123 et
717 2094 804 2122 non
837 2080 1072 2137 intelligit,
1107 2081 1230 2124 venit
1267 2082 1430 2137 malus,
1467 2087 1510 2124 et
1541 2081 1659 2138 rapit
1691 2081 1806 2137 quod
1840 2081 2110 2125 seminatum
2143 2086 2209 2124 est
2241 2081 2288 2124 in

454 2140 584 2183 eorde
625 2139 746 2196 ejus3
779 2139 851 2182 hic
886 2145 952 2183 est
985 2141 1059 2196 qui
1093 2154 1218 2184 secus
1253 2141 1372 2183 viam
1405 2141 1651 2184 seminatus
1682 2147 1760 2184 est.
1795 2140 1832 2167 90
1851 2141 1933 2191 Qui
1971 2146 2120 2184 autem
2159 2154 2293 2198 super

453 2204 626 2256 petrosa
652 2199 897 2242 seminatus
920 2205 1005 2255 est,
1032 2200 1103 2243 hic
1126 2206 1193 2243 est
1214 2201 1287 2256 qui
1315 2200 1499 2244 verbum
1524 2201 1670 2256 audit,
1696 2206 1739 2244 et
1765 2200 1975 2244 continuo
1999 2214 2100 2243 cum
2125 2200 2293 2256 gaudio

451 2258 615 2315 accipit
639 2258 775 2313 illud3
797 2258 831 2285 91
851 2273 939 2302 11011
960 2259 1095 2303 habet
1119 2265 1269 2303 autem
1293 2259 1340 2302 in
1366 2274 1411 2303 se
1436 2260 1652 2316 radicem,
1673 2260 1749 2303 sed
1777 2265 1842 2303 est
1864 2259 2145 2316 temporalis:
2164 2259 2290 2302 facta

451 2324 601 2362 autem
627 2318 915 2362 tribulatione
942 2324 985 2362 et
1007 2320 1312 2376 persecutione
1339 2325 1516 2376 propter
1538 2319 1744 2375 verbum,
1774 2319 1982 2362 continuo
2009 2318 2285 2362 scandaliza-

451 2383 534 2421 tur.
562 2377 598 2404 99
616 2378 699 2429 Qui
725 2384 876 2422 autem
897 2379 1140 2422 seminatus
1167 2385 1233 2422 est
1265 2379 1311 2421 in
1345 2379 1503 2436 spinis,
1542 2379 1615 2424 hic
1647 2384 1713 2422 est
1747 2378 1819 2435 qui
1850 2378 2036 2421 verbum
2069 2377 2215 2433 audit,
2243 2382 2290 2420 et

451 2437 704 2481 sollicitudo
731 2438 882 2481 saeculi
919 2438 1068 2494 istius,
1097 2443 1139 2482 et
1160 2438 1347 2481 fallacia
1370 2438 1628 2480 divitiarum
1658 2438 1851 2481 suffocat
1883 2438 2089 2493 verbum,
2121 2441 2164 2480 et
2193 2436 2291 2480 sine

450 2497 601 2540 fructu
636 2497 844 2540 efficitur.
880 2496 917 2524 93
935 2498 1017 2548 Qui
1052 2512 1155 2541 vero
1177 2498 1223 2540 in
1254 2503 1417 2541 terram
1442 2497 1607 2540 bonam
1633 2497 1877 2541 seminatus
1904 2501 1990 2552 est,
2016 2496 2089 2540 hic
2119 2500 2185 2539 est
2211 2495 2285 2552 qui

450 2556 576 2600 audit
600 2557 808 2612 verbum,
835 2563 879 2600 et
903 2557 1138 2613 intelligit,
1163 2562 1207 2600 et
1231 2557 1432 2600 fructum
1453 2556 1608 2612 affert,
1633 2562 1675 2600 01
1700 2556 1814 2600 facit
1839 2555 1962 2599 aliud
1983 2555 2162 2612 quidem
2185 2569 2285 2598 cen-

450 2615 679 2672 tesimum,
701 2617 824 2660 aliud
849 2622 1001 2660 autem
1023 2616 1371 2673 sexagesimum,
1396 2615 1517 2658 aliud
1539 2630 1643 2659 vero
1664 2616 1959 2672 trigesimum.

509 2674 545 2701 91
563 2675 713 2719 Α110111
739 2676 997 2733 parabolam
1021 2676 1249 2733 proposuit
1269 2675 1380 2731 illis,
1406 2675 1558 2718 dicens
1584 2692 1592 2719 ε
1618 2675 1773 2719 Simile
1794 2675 1968 2718 fac-tum
2001 2679 2067 2718 est
2098 2689 2285 2731 regnum

450 2735 659 2778 caelorum
684 2735 854 2778 homini
880 2735 954 2791 qui
979 2735 1220 2779 seminavit
1241 2735 1407 2778 bonum
1432 2749 1584 2778 semen
1609 2734 1655 2777 in
1688 2749 1795 2790 agro
1827 2749 1919 2777 suo.
1946 2733 1982 2760 95
2000 2734 2113 2777 Cum
2133 2739 2284 2776 autem

450 2794 693 2838 dormirent
714 2795 936 2850 homines,
961 2795 1082 2838 venit
1102 2794 1310 2837 inimicus
1333 2794 1450 2850 ejus,
1475 2799 1517 2838 et
1539 2793 1911 2850 superseminavit
1931 2793 2101 2836 zizania
2121 2792 2166 2835 in
2195 2806 2285 2835 me—

450 2853 522 2896 dio
549 2854 706 2910 tritici,
735 2859 778 2897 01
800 2854 925 2898 abiit.
956 2853 993 2880 96
1011 2855 1123 2898 Cum
1152 2859 1304 2897 autem
1339 2854 1548 2897 crevisset
1581 2853 1738 2908 herba,
1775 2858 1819 2896 et
1846 2853 2044 2895 fructum
2077 2851 2280 2907 fecisset,

450 2918 555 2956 tunc
591 2919 891 2970 apparuerunt
927 2918 970 2957 01
1005 2913 1191 2956 zizania.
1226 2912 1261 2939 97
1281 2913 1559 2956 Accedentes
1593 2918 1744 2956 autem
1777 2911 1892 2955 servi
1922 2910 2284 2968 patrisfamilias,

450 2971 656 3015 dixerunt
678 2972 718 3016 ei
743 2989 752 3017 ε
777 2973 986 3028 Domine,
1009 2987 1154 3016 nonne
1176 2972 1342 3015 bonum
1364 2986 1513 3015 semen
1541 2970 1772 3015 seminasti
1796 2971 1844 3014 in
1869 2984 1976 3026 agro
2000 2969 2113 3012 tuo?
2149 2969 2283 3013 Unde

450 3044 552 3085 ergo
577 3031 711 3076 habet
736 3032 943 3077 zizania?
965 3031 1002 3059 93
1021 3034 1078 3075 Ε1
1099 3032 1163 3075 011
1189 3032 1277 3074 11110
1297 3048 1306 3075 z
1332 3031 1548 3074 Inimicus
1572 3031 1705 3074 homo
1726 3031 1810 3073 hoc
1831 3029 1955 3073 fecit.
1984 3027 2104 3072 Servi
2130 3034 2281 3071 autem

449 3089 655 3133 dixerunt
681 3091 720 3134 ei
743 3107 751 3135 :
776 3091 877 3147 Vis,
904 3092 1018 3135 imus
1041 3096 1084 3135 01
1106 3091 1358 3147 colligimus
1381 3105 1432 3134 ea
1453 3090 1473 3134 ⁸?
1507 3089 1544 3116 99
1563 3092 1620 3134 Ε1
1644 3090 1709 3133 011
1738 3106 1747 3134 :
1775 3089 1875 3132 Non
1899 3105 1908 3142 ;
1935 3101 1990 3130 110
2015 3088 2131 3130 forte
2158 3087 2283 3130 colli-

447 3153 602 3204 gentes
627 3149 817 3206 zizania,
837 3151 1070 3194 eradicetis
1093 3151 1225 3194 simul
1249 3165 1349 3194 cum
1375 3151 1436 3194 eis
1459 3155 1503 3193 et
1527 3149 1740 3192 triticum.
1759 3146 1796 3174 3⁰
1817 3147 1956 3191 Sinite
1979 3152 2162 3207 utraque
2188 3160 2281 3190 cre-

447 3222 567 3252 scere
593 3223 728 3265 usque
749 3210 806 3252 ad
827 3224 1034 3265 messem,
1054 3216 1098 3254 et
1122 3211 1167 3252 in
1187 3215 1383 3267 tempore
1407 3209 1560 3252 messis
1583 3209 1729 3252 dicam
1750 3205 2014 3250 messoribus
2035 3221 2042 3248 :
2068 3205 2179 3249 Colli
2187 3205 2283 3261 gite

447 3268 639 3324 primum
664 3268 855 3325 zizania,
883 3274 926 3312 et
947 3269 1131 3325 alligate
1157 3284 1207 3313 ea
1232 3269 1277 3311 in
1312 3268 1553 3312 fasciculos
1582 3267 1638 3310 ad
1665 3264 2013 3310 comburendum
2038 3281 2046 3319 3
2081 3264 2280 3307 triticum

447 3333 594 3371 autem
621 3333 889 3385 congregate
915 3328 961 3371 in
983 3329 1187 3372 horreum
1209 3343 1370 3372 meum.

505 3387 539 3414 3¹
561 3388 711 3430 Aliam
737 3387 995 3445 parabolam
1020 3388 1247 3445 proposuit
1268 3388 1351 3444 eis,
1376 3388 1526 3431 dicens
1558 3403 1567 3431 :
1590 3386 1743 3431 Simile
1769 3390 1835 3429 est
1856 3397 2042 3440 regnum
2070 3383 2278 3426 caelorum

447 3459 583 3499 grano
609 3447 798 3504 sinapis,
826 3447 941 3503 quod
966 3448 1190 3504 accipiens
1216 3448 1347 3490 homo
1369 3446 1606 3490 seminavit
1630 3445 1676 3488 in
1698 3458 1804 3501 agro
1831 3458 1921 3486 suo.
1942 3442 1978 3469 39
1996 3442 2120 3493 Quod
2146 3442 2281 3485 mini-

448 3578 478 3610 2]
496 3579 596 3606 Marc.
621 3580 676 3613 IV,
694 3582 718 3607 1.
740 3580 819 3608 Luc.
845 3580 939 3613 v111,
956 3582 983 3607 4.
1008 3595 1044 3599 -
1074 3580 1120 3612 12]
1141 3578 1205 3606 Ius.
1226 3577 1332 3611 XXV,
1349 3579 1394 3604 29.
1420 3591 1456 3596 —
1481 3577 1528 3610 14]
1549 3577 1592 3604 Is.
1617 3575 1676 3609 VI,
1692 3577 1718 3603 9.
1739 3574 1840 3602 Marc.
1864 3574 1921 3609 IV,
1940 3576 1984 3603 12.
2010 3573 2090 3602 Luc.
2113 3573 2209 3609 vm,
2231 3576 2280 3603 10.

449 3623 545 3650 Joan.
565 3623 651 3658 XII,
668 3626 712 3651 40.
731 3625 804 3651 Act.
824 3623 996 3658 XXVIII,
1013 3625 1057 3651 26.
1078 3624 1172 3650 Rom.
1196 3622 1263 3656 XI,
1280 3625 1306 3649 8.
1324 3636 1360 3640 ——
1378 3622 1424 3655 17]
1445 3621 1524 3648 Luc.
1543 3620 1593 3654 X,
1609 3622 1654 3647 24.
1674 3633 1707 3637 -
1730 3620 1779 3652 24]
1796 3620 1896 3647 Marc.
1917 3618 1974 3654 IV,
1991 3620 2035 3646 26.
2054 3631 2090 3638 -
2106 3619 2154 3652 31]
2173 3619 2278 3647 Marc-

454 3667 568 3700 1v,31.
589 3667 665 3694 Luc.
685 3666 781 3701 XIII,
798 3669 840 3695 19.
