2456 3861
115 1458 149 1484 30
167 1454 336 1484 Nehemiae

132 1499 323 1534 integritas.

169 2347 294 2375 Hostes

135 2391 153 2419 J
161 2392 327 2419 udaeorum

157 2433 300 2464 exitium

137 2480 326 2507 moliuntur

138 2524 315 2552 Nehemiae.

134 3475 217 3504 Pseu
223 3474 338 3508 (101)ῖο-

115 3520 226 3552 pnetae
260 3518 355 3547 illum

175 3566 301 3592 terrere

133 3609 265 3636 frustra
287 3615 338 3637 co-

171 3654 304 3680 uantur.

392 148 498 191 '458
1033 142 1153 185 NEH.
1188 143 1242 197 V,
1279 144 1304 186 7
1336 169 1396 174 -—
1425 143 1618 209 V1,210.

412 318 520 360 haec.
544 314 558 341 ³
586 314 898 370 Cogitavitque
923 327 996 356 cor
1021 327 1170 356 meum
1197 327 1392 369 mecum,
1426 317 1470 356 et
1500 312 1727 369 increpavi
1758 311 1994 368 optimates
2026 317 2070 355 et
2100 312 2255 369 magi-

412 380 594 429 stratus,
622 379 666 417 et
684 372 775 416 dixi
799 373 860 415 eis
882 388 890 416 :
913 373 1141 416 Usurasne
1161 371 1328 428 singuli
1352 387 1380 414 a
1399 372 1615 414 fratribus
1636 370 1793 413 vestris
1820 369 2035 425 exigitis?
2057 370 2116 413 Et
2140 386 2244 415 con-

410 433 594 489 gregavi
619 432 855 475 adversum
881 445 954 475 eos
976 430 1234 474 concionem
1254 445 1489 486 magnam3
1518 430 1535 457 ⁸
1557 435 1600 473 et
1622 429 1715 473 dixi
1748 429 1810 472 eis
1841 445 1849 473 :
1872 429 1986 485 Nos,
2019 433 2070 472 ut
2097 430 2248 486 scitis,

409 492 677 535 redemimus
702 492 863 534 fratres
888 496 1080 545 nostrOS,
1104 490 1309 546 Judaevos,
1336 491 1409 546 qui
1434 489 1604 533 venditi
1627 489 1809 532 fuerant
1833 488 2063 544 gentibus,
2089 502 2250 532 secun-

411 551 517 594 dum
541 550 884 607 possibilitatem
909 554 1130 605 nostram3
1157 555 1201 593 et
1224 564 1302 593 vos
1323 550 1459 606 igitur
1484 548 1685 592 vendetis
1710 547 1872 590 fratres
1897 551 2084 603 vestros,
2112 552 2156 591 et
2178 561 2246 591 re-
2292 564 2293 567 ¹

411 610 630 654 dimemus
656 609 762 653 eos?
787 609 846 651 Et
870 609 1107 665 siluerunt,
1134 623 1216 652 nec
1235 609 1502 652 invenerunt
1527 607 1631 663 quid
1657 606 1985 663 responderent.
2009 606 2026 633 ⁹
2051 606 2258 663 Dixique:

409 670 466 712 ad
493 684 564 712 eos
595 685 603 712 :
630 669 730 711 Non
753 673 819 711 est
839 668 956 711 bona
976 682 1043 712 res
1074 683 1206 724 quam
1231 668 1409 722 facitis-3
1445 681 1578 723 quare
1609 680 1697 709 non
1728 666 1774 707 in
1804 664 1963 708 timore
1991 665 2074 708 Dei
2107 666 2248 710 nostri

409 728 669 783 ambulatis,
701 742 755 771 ne
781 729 1068 784 exprobretur
1099 728 1226 771 nobis
1258 742 1285 770 a
1317 727 1524 783 gentibus
1553 725 1745 768 inimicis
1775 724 1968 767 nostris?
2001 724 2036 750 ¹⁰
2061 725 2120 767 Et
2141 739 2246 781 ego,

410 792 453 831 et
474 788 636 830 fratres
666 787 772 844 mei,
807 793 850 830 et
882 787 1005 844 pueri
1034 787 1141 843 mei,
1173 786 1553 830 commodavimus
1581 784 1782 842 plurimis
1814 783 2050 841 pecuniam
2079 788 2123 827 et
2151 784 2247 827 fru-

410 852 633 901 mentum;
657 861 746 889 non
768 852 1019 903 repetamus
1035 846 1082 888 in
1101 860 1334 890 commune
1350 844 1470 887 istud
1489 862 1497 888 ε
1522 859 1581 888 aes
1599 844 1795 887 alienum
1814 842 2111 886 concedamus
2129 843 2246 899 quod

412 906 596 950 debetur
620 906 760 950 nobis
785 906 817 932 11
844 906 1032 950 Reddite
1057 906 1121 949 eis
1145 905 1277 947 hodie
1297 918 1427 959 agros
1459 918 1580 960 suos,
1604 909 1648 947 et
1680 903 1834 946 vineas
1863 917 1985 958 suas,
2013 907 2056 945 et
2081 902 2258 945 oliveta

410 979 509 1021 sua,
537 971 582 1009 et
603 965 754 1009 domos
777 981 901 1020 suas3
928 966 1032 1021 quin
1055 965 1200 1022 potius
1226 969 1270 1007 et
1295 963 1582 1006 centesimam
1617 962 1838 1018 pecuniae,
1869 961 2107 1017 frumenti,
2130 961 2245 1017 vini,

411 1030 454 1069 et
480 1025 584 1080 olei,
609 1039 740 1080 quam
767 1026 942 1081 exigere
968 1025 1117 1067 soletis
1142 1023 1198 1066 ab
1229 1023 1310 1077 eis,
1339 1021 1443 1064 dat-e
1462 1036 1540 1078 pro
1568 1021 1671 1064 illis.
1702 1020 1740 1047 ¹²
1760 1021 1818 1064 Et
1851 1021 2059 1064 dixerunt
2091 1037 2100 1064 :
2132 1020 2246 1064 Red-

412 1084 587 1141 demus,
611 1090 654 1127 et
676 1086 733 1127 ab
755 1084 818 1128 eis
839 1084 951 1126 nihil
978 1096 1243 1140 quaeremus,
1267 1082 1418 1136 sicque
1446 1081 1665 1124 faciemus
1692 1086 1741 1123 ut
1769 1080 1973 1135 loqueris.
2009 1080 2067 1122 Et
2087 1079 2246 1123 vocavi

412 1143 683 1199 sacerdotes,
709 1149 752 1186 et
783 1143 989 1198 adjuravi
1020 1157 1112 1198 eos,
1137 1147 1185 1184 ut
1214 1141 1417 1183 facerent
1448 1140 1578 1196 juxta
1607 1140 1723 1195 quod
1750 1139 1963 1183 dixeram.
1998 1138 2035 1165 13
2059 1139 2260 1196 Insuper·

411 1202 586 1246 excussi
607 1203 753 1245 sinum
768 1216 937 1257 meum,
965 1206 1008 1245 et
1033 1201 1126 1244 dixi
1157 1217 1165 1244 :
1194 1201 1266 1244 Sic
1293 1199 1491 1243 excutiat
1514 1200 1635 1242 Deus
1663 1213 1837 1241 omnem
1871 1199 2016 1241 virum
2050 1198 2123 1254 qui
2159 1213 2249 1242 non

411 1261 699 1318 compleverit
721 1261 905 1304 verbum
926 1261 1065 1316 istud,
1090 1261 1143 1304 de
1176 1260 1306 1303 domo
1339 1273 1438 1314 sua,
1462 1263 1505 1302 et
1538 1258 1593 1302 de
1625 1257 1851 1301 laboribus
1873 1257 1987 1312 suis3
2019 1256 2083 1300 sic
2117 1271 2259 1300 excu--

410 1320 564 1376 tiatur,
596 1327 638 1364 et
671 1335 838 1364 vacuus
867 1321 956 1363 fiat.
988 1321 1046 1363 Et
1071 1320 1184 1363 dixit
1213 1319 1419 1362 universa
1448 1316 1687 1360 multitudo
1721 1333 1731 1361 ε
1756 1317 1916 1361 Arnen.
1951 1317 2010 1360 Et
2038 1316 2248 1360 laudave·
2308 1358 2313 1361 ,

408 1386 512 1423 runt
538 1381 697 1423 Deum.
722 1380 849 1423 Fecit
874 1394 977 1436 ergo
998 1380 1186 1436 populus
1208 1378 1324 1422 sicut
1348 1382 1441 1421 erat
1463 1377 1646 1421 dictum.

471 1439 506 1466 1⁴
531 1440 572 1482 A
610 1440 682 1483 die
713 1445 864 1482 autern
899 1440 980 1482 illa
1013 1454 1097 1495 qua
1138 1442 1408 1495 praeceperat
1440 1452 1516 1481 rex
1546 1436 1655 1479 mihi
1689 1441 1738 1478 ut
1767 1449 1909 1479 essem
1943 1434 2033 1478 dux
2056 1435 2104 1478 in
2133 1440 2258 1479 terra.

412 1500 556 1556 Juda,
590 1500 646 1542 ab
675 1513 792 1542 anno
826 1499 1039 1555 vigesimo
1068 1513 1206 1554 usque
1237 1498 1293 1540 ad
1322 1511 1490 1539 annum
1519 1495 1798 1553 trigesimum
1835 1495 2080 1538 secundum
2117 1495 2247 1538 Arta-

412 1560 560 1602 xerxis
582 1558 712 1614 regis,
732 1573 809 1615 per
828 1573 968 1601 annos
991 1557 1240 1613 duodecim,
1258 1571 1339 1612 ego
1365 1562 1408 1599 et
1430 1556 1592 1599 fratres
1611 1555 1698 1597 mei
1718 1568 1916 1597 annonas
1940 1568 2039 1609 quae
2062 1554 2260 1598 ducibus<

413 1618 688 1662 debebantur
721 1631 807 1660 non
839 1617 1124 1660 comedimus.
1148 1616 1184 1643 15
1206 1617 1352 1659 Duces
1380 1621 1528 1658 autem
1559 1614 1689 1671 primi
1725 1614 1797 1670 qui
1830 1614 2012 1656 fuerant
2041 1618 2146 1656 ante
2178 1627 2259 1656 me·

413 1683 712 1733 gravaverunt
737 1677 970 1733 populum,
997 1681 1040 1720 et
1062 1681 1327 1732 acceperunt
1353 1675 1408 1717 ab
1432 1675 1493 1717 eis
1518 1675 1563 1717 in
1590 1688 1724 1731 pane,
1753 1679 1797 1717 et
1819 1673 1943 1728 vino,
1968 1678 2011 1715 et
2037 1672 2257 1729 pecunia„

414 1736 611 1792 quotidie
637 1736 768 1779 siclos
795 1735 1115 1791 quadraginta3
1140 1736 1215 1778 sed
1235 1740 1278 1778 et
1303 1735 1493 1777 ministri
1517 1748 1667 1776 eorum
1690 1733 1999 1788 depresserunt
2021 1731 2250 1788 populum.

414 1796 510 1852 Ego
544 1801 693 1839 autem
727 1810 814 1838 non
847 1795 937 1838 feci
967 1796 1050 1852 ita,
1085 1800 1262 1852 propter
1295 1794 1497 1836 timorem
1530 1793 1635 1847 Dei3
1673 1792 1704 1818 ¹6
1734 1792 1840 1847 quin
1869 1791 2014 1847 potius
2044 1792 2090 1833 in
2120 1805 2251 1848 opere

413 1856 525 1899 muri
550 1855 790 1910 aedificavi,
816 1861 859 1899 et
884 1869 1040 1911 agrum
1063 1869 1149 1897 non
1172 1853 1278 1909 emi,
1299 1858 1341 1896 et
1363 1867 1513 1895 omnes
1535 1852 1657 1908 pueri
1678 1851 1763 1894 mei
1784 1850 2041 1906 congregati
2061 1850 2117 1894 ad
2141 1864 2259 1906 opus¹

414 1921 552 1959 erant.
580 1914 613 1940 ¹7
641 1914 788 1957 Judaei
815 1929 986 1970 quoque
1009 1919 1052 1957 et
1074 1913 1382 1968 magistratus,
1407 1917 1586 1954 centum
1621 1909 1947 1966 quinquaginta
1977 1909 2080 1965 viri,
2109 1914 2152 1953 et
2174 1909 2250 1965 qui

413 1975 654 2018 veniebant
675 1975 731 2016 ad
754 1988 833 2017 nos
855 1974 910 2017 de
930 1973 1138 2030 gentibus
1161 1986 1259 2028 quae
1283 1971 1329 2013 in
1356 1970 1543 2014 circuitu
1573 1975 1721 2013 nostro
1747 1973 1870 2024 sunt,
1896 1968 1943 2010 in
1977 1982 2130 2011 mensa
2152 1982 2260 2012 mea.

413 2039 552 2077 erant.
579 2034 614 2060 18
639 2034 886 2076 Parabatur
918 2037 1067 2076 autem
1100 2031 1210 2074 mihi
1242 2045 1320 2087 per
1353 2030 1445 2073 dies
1479 2028 1678 2085 singulos
1708 2029 1786 2071 bos
1819 2042 1954 2084 unus,
1985 2027 2145 2071 arietes
2173 2041 2252 2071 sex

414 2093 563 2148 electi,
588 2092 785 2149 exceptis
802 2092 1084 2146 volatilibus3
1106 2097 1149 2135 et
1173 2090 1289 2133 inter
1303 2089 1397 2133 dies
1420 2089 1574 2132 decem
1595 2088 1701 2131 vina
1722 2087 1917 2144 diversa,
1941 2092 1984 2130 et
2005 2087 2095 2130 alia
2110 2087 2262 2129 multa.

413 2152 678 2196 tribuebam.
705 2153 892 2209 Insuper
917 2157 962 2195 et
985 2165 1185 2194 annonas
1210 2149 1397 2193 ducatus
1423 2148 1510 2191 mei
1533 2162 1619 2190 non
1643 2146 1853 2204 quaesivi,
1884 2146 2018 2190 valde
2043 2146 2160 2190 enim
2182 2151 2257 2189 at·

413 2217 621 2255 tenuatus
644 2217 738 2255 erat
757 2212 959 2268 populus.
987 2210 1022 2237 ¹9
1042 2211 1269 2253 Memento
1290 2208 1397 2264 mei,
1426 2209 1545 2250 Deus
1567 2221 1704 2262 meus,
1723 2206 1768 2248 in
1795 2206 1982 2262 bonum,
2005 2205 2259 2249 secundum.

414 2271 563 2315 omnia
589 2286 688 2327 quae
710 2271 800 2314 feci
825 2271 987 2328 populo
1009 2271 1125 2313 huic.

475 2332 581 2375 CAP.
609 2332 690 2375 VI.
716 2357 775 2364 —
796 2331 808 2356 1
828 2332 1016 2373 Factum
1043 2336 1108 2374 est
1137 2336 1306 2385 autem,
1333 2344 1431 2372 curn
1463 2328 1659 2371 audisset
1688 2325 1969 2381 Sanaballat,
1997 2330 2040 2368 et
2065 2324 2260 2380 Tobias,.

415 2397 459 2435 et
485 2391 682 2446 Gossem,
711 2392 867 2446 Ara-bg
895 2395 938 2433 et
960 2390 1092 2434 ceteri
1118 2389 1289 2432 inimici
1321 2388 1473 2443 nostri,
1502 2387 1615 2443 quod
1643 2386 1933 2428 aedificassem
1955 2398 2037 2440 ego
2060 2398 2259 2438 murum,

415 2456 458 2493 et
488 2464 574 2493 non
609 2456 724 2493 esset
754 2450 800 2492 in
832 2450 927 2507 ipso
961 2449 1136 2493 residua
1168 2447 1432 2504 interruptio
1465 2447 1634 2505 (usque
1664 2445 1721 2488 ad
1755 2449 1928 2500 tempus
1953 2449 2104 2487 autem
2136 2441 2250 2485 illud
2303 2482 2309 2488 .

415 2510 569 2552 valvas
592 2524 679 2552 non
702 2524 934 2566 posueram
958 2510 1004 2552 in
1026 2509 1216 2566 portis),
1244 2507 1493 2550 2·n]ise1·unt
1518 2504 1779 2549 sanaballat
1800 2507 1843 2546 et
1865 2503 2049 2546 Gossem
2075 2502 2131 2545 ad
2157 2515 2259 2557 me,

416 2569 614 2612 dicentes
648 2585 656 2612 ;
684 2570 817 2619 Yeni,
847 2575 889 2612 et
916 2569 1214 2625 percutiamus
1240 2567 1390 2610 foedus
1418 2566 1581 2623 pariter
1604 2565 1650 2607 in
1680 2562 1860 2618 viculis,
1886 2562 1932 2604 in
1959 2575 2116 2618 campo
2140 2561 2258 2604 Ono.-

416 2627 508 2685 Ipsi
541 2633 690 2671 autem
726 2628 985 2682 cogitabant
1009 2633 1057 2670 ut
1077 2628 1279 2670 facerent
1304 2626 1413 2668 mihi
1441 2625 1620 2667 malum.
1651 2622 1789 2666 3Misi
1818 2635 1920 2676 ergo
1950 2621 2007 2663 ad
2033 2635 2105 2664 eos
2138 2634 2250 2663 nun-

416 2687 514 2742 tios,
542 2687 692 2730 dicens
722 2703 731 2731 :
760 2692 879 2744 Opus
908 2687 1075 2743 grande
1102 2701 1182 2740 ego
1204 2687 1338 2741 facio,
1367 2690 1410 2728 et
1435 2699 1522 2727 non
1545 2697 1723 2740 possum
1746 2679 2024 2734 descendere,
2052 2694 2108 2723 ne
2132 2680 2260 2723 forte-

416 2746 682 2802 negligatur,
719 2761 819 2789 cum
851 2760 1010 2790 venero
1046 2752 1089 2789 et
1123 2745 1389 2789 descendero
1422 2743 1480 2786 ad
1510 2757 1602 2786 vos.
1632 2741 1649 2769 ⁴
1668 2741 1885 2784 Miserunt
1913 2744 2062 2782 autem
2095 2739 2152 2782 ad
2179 2752 2251 2782 me

416 2805 660 2848 secundum
683 2806 866 2849 verbum
888 2806 970 2849 hoc
995 2820 1071 2863 per
1094 2810 1280 2860 quatuor
1300 2804 1445 2857 vices3
1472 2808 1516 2846 et
1539 2800 1744 2858 respondi
1767 2799 1828 2842 eis
1851 2798 1981 2854 juxta
2002 2811 2249 2841 sermonem

417 2864 617 2920 priorem.
653 2865 670 2891 5
696 2866 753 2907 Et
789 2865 910 2908 misit
943 2865 998 2908 ad
1032 2879 1104 2908 me
1133 2863 1395 2908 Sanaballat
1428 2863 1555 2918 juxta
1589 2859 1772 2903 verbum
1805 2857 1924 2915 prius
1961 2857 2115 2912 quinta
2152 2857 2251 2899 vice

417 2937 599 2979 puerum
634 2938 781 2979 suum,
809 2930 852 2968 et
881 2924 1114 2981 epistolam
1147 2923 1342 2966 habebat
1369 2922 1416 2964 in
1446 2935 1580 2963 manu
1613 2933 1692 2962 sua
1721 2917 1931 2974 scriptam
1962 2917 2045 2959 hoc
2078 2915 2208 2959 modo
2239 2932 2259 2959 τ.

417 2982 434 3008 6
452 2983 505 3025 In
535 2983 740 3037 gentibus
774 2984 976 3026 auditum
1006 2988 1089 3036 est,
1123 2989 1165 3026 et
1195 2983 1380 3026 Gossem
1407 2981 1541 3036 dixit,
1569 2978 1683 3035 quod
1713 2983 1760 3020 tu
1793 2981 1836 3019 et
1862 2975 2012 3018 Judaei
2043 2975 2248 3031 cogitetis

417 3041 650 3095 rebellare,
693 3048 736 3084 et
776 3048 1004 3098 propterea
1043 3043 1235 3085 aedifices
1275 3055 1470 3096 murum,
1509 3043 1552 3082 et
1597 3038 1745 3081 levare
1779 3041 1823 3078 te
1858 3035 1968 3078 velis
2006 3048 2136 3090 super
2176 3048 2260 3077 eos-

417 3114 591 3155 regem;
619 3108 795 3157 propter
828 3116 958 3157 quam
992 3116 1171 3145 causam
1197 3101 1212 3127 7
1233 3107 1275 3145 et
1308 3099 1544 3157 prophetas
1574 3095 1789 3154 posueris,
1821 3094 1893 3150 qui
1925 3094 2169 3151 praedicent
2195 3093 2253 3136 de

419 3164 463 3203 te
493 3159 538 3202 in
569 3160 838 3215 Jerusalem,
870 3161 1066 3204 dicentes
1099 3177 1109 3204 τ
1136 3162 1230 3203 Rex
1255 3160 1302 3202 in
1328 3159 1489 3202 <Iudaea
1519 3162 1596 3200 est.
1631 3154 1877 3198 Auditur-us
1907 3160 1974 3197 est
2006 3167 2081 3197 rex
2114 3153 2250 3196 verba

418 3218 544 3273 haec3
571 3218 736 3262 idcirco
769 3234 888 3262 nunc
920 3220 1042 3275 veni,
1076 3226 1126 3262 ut
1149 3219 1352 3262 ineamus
1373 3216 1608 3261 consilium
1631 3213 1806 3271 pariter.
1834 3212 1851 3239 ⁸
1871 3214 1928 3255 Et
1953 3213 2052 3255 misi
2075 3212 2130 3255 ad
2154 3226 2250 3267 eos,

420 3277 572 3322 dicens
601 3295 609 3322 :
637 3279 736 3320 Non
762 3284 829 3321 est
848 3279 1022 3321 factum
1043 3278 1287 3321 secundum
1313 3278 1447 3321 verba
1476 3276 1573 3318 haee
1599 3288 1697 3331 quae
1717 3278 1764 3315 tu
1790 3272 2008 3329 loqueris;
2039 3271 2093 3315 de
2119 3271 2260 3314 corde·

420 3337 537 3381 enim
571 3342 646 3380 tuo
675 3342 722 3379 tu
757 3337 984 3394 componis
1015 3337 1124 3381 haec.
1161 3336 1179 3362 ⁰
1204 3338 1365 3381 Omnes
1390 3335 1517 3379 -enim
1549 3333 1594 3376 hi
1625 3333 1849 3376 terrebant
1874 3346 1972 3388 nos,
2001 3331 2250 3387 cogitantes

421 3396 536 3452 quod
567 3402 789 3440 cessarent
819 3411 973 3438 manus
1007 3403 1169 3439 nostrae
1198 3397 1252 3438 ab
1280 3409 1428 3452 opere,
1459 3399 1503 3436 et
1527 3392 1878 3449 quiesceremus3
1907 3405 2040 3447 quam
2062 3390 2118 3433 ob
2147 3403 2259 3432 cau—

420 3469 514 3498 sam
541 3456 685 3511 magis
709 3455 959 3499 confortavi
982 3469 1137 3497 manus
1160 3469 1293 3497 meas.

481 3514 516 3541 ¹⁰
547 3516 604 3557 Et
649 3515 874 3570 ingressus
919 3528 1018 3556 sum
1062 3514 1241 3557 domum
1276 3513 1486 3567 Semaiae,
1528 3511 1607 3553 filii
1650 3510 1842 3565 Dalaiae,
1884 3509 1963 3552 filii
2004 3506 2257 3562 Metabeel,

420 3584 599 3617 secreto.
627 3574 708 3623 Qui
731 3575 794 3617 ait
826 3591 834 3618 :
860 3574 1118 3617 Tractemus
1140 3572 1372 3615 nobiscum
1392 3572 1436 3614 in
1461 3570 1590 3613 domo
1618 3569 1720 3625 Dei,
1750 3569 1795 3611 in
1826 3569 1972 3612 medio
2002 3566 2178 3623 templi,
2205 3570 2256 3608 et·

421 3631 680 3676 claudamus
717 3638 864 3690 portas
904 3632 1040 3688 aedis3
1080 3631 1183 3687 quia
1218 3630 1392 3674 venturi
1429 3634 1615 3680 suntnt
1643 3628 1914 3671 interficiant
1945 3632 2008 3683 te,
2043 3631 2086 3669 et
2118 3629 2260 3668 nocte:
