2423 3861
120 745 305 776 Tribulatio

153 797 273 823 magna

127 832 159 861 in
180 833 293 861 Israel.

125 1227 291 1256 Jonathas

115 1269 257 1304 eligitur
270 1269 303 1298 in

90 1314 200 1343 locum
224 1315 244 1343 J
250 1314 330 1342 udae.

152 1577 257 1610 Fugit
266 1598 273 1611 ,

126 1621 292 1650 Bacchide

90 1669 231 1695 mortem
265 1664 331 1698 ipsi

115 1710 308 1739 minitante.

106 1870 155 1899 Oh
172 1874 315 1898 mortem

107 1914 228 1943 fratris
260 1914 313 1943 sui

92 1959 233 1989 Joannis
262 1966 332 1992 per-

108 2003 199 2033 cutit
225 2003 314 2032 filios

142 2046 283 2076 sambri.

97 2821 250 2850 Praelium
259 2829 333 2851 cum

129 2863 304 2894 Bacchide.

133 3416 315 3446 Bacchides

154 3458 295 3491 propriae

134 3502 311 3532 securitati

149 3545 305 3575 consulit.

402 148 515 192 1060
1052 139 1073 180 Ι
1105 139 1257 180 MACH.
1293 136 1381 190 rx,
1417 136 1580 178 23-52.

399 322 544 360 cetera
580 315 711 358 verba
749 311 967 354 bellorum
1000 307 1154 361 Judae,
1188 311 1231 349 et
1264 306 1480 348 virtutum
1514 319 1622 361 quas
1656 304 1794 360 fecit,
1829 309 1873 348 et
1905 305 2230 362 magnitudinis

398 375 514 431 ejus,
538 387 625 416 non
650 376 753 414 sunt
775 368 1016 424 descripta,
1044 365 1186 408 multa
1207 364 1326 408 enim
1352 368 1479 407 erant
1499 363 1644 408 valde.

819 504 983 546 SECTIO
1018 502 1109 545 III.
1135 528 1194 532 —
1226 501 1543 543 PizmcirA'rus
1577 501 1810 544 JONATHAE

744 620 768 677 ξ
802 619 839 662 I.
873 644 932 652 --
962 617 1184 660 Jonathas
1208 622 1386 672 puynat
1416 622 1565 659 contra
1598 616 1881 660 Bacchidem.

455 730 491 757 23
509 731 567 773 Et
591 729 765 771 factum
791 732 878 781 est,
901 730 1001 783 post
1023 725 1194 768 obitum
1220 725 1248 767 J
1252 724 1352 767 udae
1375 729 1647 767 emerserunt
1671 723 1812 779 iniqui
1837 724 1884 766 in
1911 725 2116 768 omnibus
2138 725 2235 769 fini-

395 791 476 834 bus
499 788 650 843 Israel,
675 791 719 830 et
741 786 882 830 exorti
905 789 1008 828 sunt
1031 798 1182 827 omnes
1208 783 1281 839 qui
1305 783 1603 840 operabantur
1623 783 1920 838 iniquitatem.
1948 783 1985 810 ‘24
2002 785 2056 827 In
2080 784 2235 828 diebus

394 849 485 892 illis
510 848 634 891 facta
663 851 729 891 est
761 846 907 889 fames
941 858 1106 900 magna
1133 843 1288 899 valde,
1324 847 1368 886 et
1396 841 1580 885 tradidit
1609 857 1655 886 se
1690 842 1906 886 Bacchidi
1941 843 2082 886 omnis
2114 843 2237 900 regio

395 922 547 953 eorum
578 921 679 951 cum
708 905 828 963 ipsis.
855 903 892 930 35
919 905 977 947 Εῖ
1010 902 1144 959 elegit
1175 901 1424 945 Bacchides
1457 901 1575 945 viros
1607 902 1790 959 impios,
1824 906 1869 945 et
1902 902 2136 946 constituit
2164 917 2237 947 eos

397 968 599 1012 dominos
623 964 841 1022 regionis,
870 962 907 990 33
924 967 970 1007 θῖ
991 961 1305 1018 exquirebant,
1333 966 1376 1004 et
1401 961 1796 1018 perscrutabantur
1820 961 1988 1006 amicos
2013 961 2168 1018 Judae,
2194 967 2238 1006 et

395 1026 680 1071 adducebant
705 1039 777 1069 eos
802 1023 859 1067 ad
888 1022 1181 1077 Bacchidem,
1209 1025 1255 1064 et
1279 1020 1541 1064 vindicabat
1568 1020 1616 1063 in
1640 1020 1761 1077 illos,
1790 1026 1832 1064 et
1858 1021 2089 1067 illudebat.
2117 1020 2153 1048 37
2179 1021 2238 1065 Εῖ

396 1088 519 1130 facta
551 1090 616 1129 est
641 1083 868 1128 tribulatio
895 1096 1061 1138 magna
1089 1081 1136 1124 in
1167 1080 1328 1137 Israel,
1353 1080 1496 1136 qualis
1526 1094 1615 1123 non
1640 1080 1730 1122 fuit
1755 1095 1809 1124 ex
1835 1080 1906 1123 die
1936 1095 2021 1138 qua
2055 1095 2144 1124 non
2173 1084 2237 1124 est

396 1146 515 1190 visus
541 1145 756 1202 propheta
780 1143 828 1186 in
854 1141 1008 1186 Israel.

455 1205 491 1232 28
510 1205 569 1248 Et
594 1203 853 1260 congregati
876 1206 980 1245 sunt
1009 1216 1160 1245 omnes
1190 1200 1324 1244 amici
1355 1200 1508 1256 Judae,
1532 1204 1577 1242 et
1606 1199 1815 1242 dixerunt
1840 1199 2052 1242 Jonathae
2076 1216 2085 1243 :
2115 1199 2152 1225 29
2170 1201 2238 1243 Ex

397 1280 481 1322 quo
503 1266 644 1307 frater
668 1269 770 1306 tuus
793 1263 821 1306 J
827 1262 935 1305 udas
962 1262 1202 1305 defunctus
1230 1265 1308 1316 est,
1335 1259 1403 1302 vir
1423 1258 1583 1302 similis
1609 1258 1648 1302 ei
1674 1273 1763 1302 non
1786 1263 1864 1314 est,
1885 1258 1959 1314 qui
1981 1263 2112 1302 exeat
2137 1273 2238 1302 con-

396 1330 464 1368 tra
493 1324 699 1367 inimicos
725 1327 917 1378 nostros,
947 1320 1241 1376 Bacchidem,
1269 1325 1312 1363 et
1338 1333 1410 1362 eos
1441 1317 1516 1375 qui
1544 1317 1715 1360 inimici
1749 1322 1853 1360 sunt
1881 1317 2029 1374 gentis
2061 1322 2238 1362 nostrae.

396 1384 433 1411 30
452 1386 581 1428 Nunc
607 1383 756 1438 itaque
778 1387 822 1426 te
843 1380 975 1424 hodie
998 1379 1215 1436 elegimus
1239 1393 1332 1423 esse
1351 1393 1427 1436 pro
1448 1391 1498 1421 eo
1520 1377 1648 1421 nobis
1669 1377 1716 1420 in
1738 1376 1999 1434 principem,
2019 1382 2063 1421 et
2081 1377 2240 1421 ducem

396 1444 452 1487 ad
478 1442 739 1487 bellandum
763 1441 933 1484 bellum
959 1445 1173 1483 nostrum.
1201 1438 1235 1466 31
1256 1439 1314 1482 Et
1339 1437 1534 1494 suscepit
1558 1436 1778 1480 Jonathas
1802 1441 2001 1494 tempore
2021 1436 2099 1481 illo
2121 1436 2240 1494 prin-

397 1504 614 1561 cipatum,
639 1506 683 1545 et
704 1500 894 1544 surrexit
916 1500 1012 1543 loco
1039 1499 1194 1553 Judae,
1218 1498 1371 1541 fratris
1397 1497 1478 1541 sui.

456 1562 493 1590 32
516 1564 573 1606 Et
606 1560 815 1617 cognovit
851 1558 1118 1614 Bacchides,
1154 1563 1197 1601 et
1234 1556 1462 1613 quaerebat
1496 1571 1597 1600 eum
1631 1556 1844 1600 occidere.
1876 1556 1913 1583 33
1940 1558 1997 1599 Et
2031 1556 2241 1613 cognovit

396 1622 638 1677 Jonathas,
665 1625 709 1663 et
732 1619 903 1675 Simon,
928 1618 1070 1660 frater
1096 1617 1212 1673 ejus,
1242 1621 1284 1659 et
1306 1630 1458 1660 omnes
1485 1616 1560 1672 qui
1584 1630 1685 1659 cum
1708 1629 1757 1659 eo
1781 1620 1925 1671 erant,
1953 1621 1998 1659 et
2026 1617 2241 1672 fugerunt

395 1683 443 1724 in
461 1682 685 1725 desertum
704 1679 917 1733 Thecuae,
940 1682 984 1720 et
1006 1676 1299 1720 consederunt
1324 1675 1381 1718 ad
1404 1689 1567 1731 aquam
1589 1675 1713 1718 lacus
1735 1675 1926 1731 Asphar.
1946 1674 1983 1701 34
2002 1675 2061 1717 Et
2079 1689 2237 1731 cogno-

397 1741 463 1784 vit
485 1739 744 1794 BacchideS,
769 1742 812 1781 et
834 1737 905 1780 die
928 1736 1215 1779 sabbatorum
1234 1734 1357 1777 venit
1379 1734 1485 1791 ipse,
1512 1738 1555 1777 et
1577 1734 1721 1777 omnis
1744 1733 1964 1777 exercitus
1988 1734 2098 1791 ejus,
2118 1739 2240 1777 trans

398 1801 426 1843 J
432 1800 655 1842 ordanem.

457 1859 493 1886 35
522 1860 578 1901 Et
611 1859 830 1902 Jonathas
869 1858 992 1900 misit
1026 1858 1214 1899 fratrem
1247 1871 1376 1899 suum
1409 1855 1566 1899 ducem
1595 1854 1769 1911 populi,
1801 1859 1844 1896 et
1877 1853 2052 1908 rogavit
2089 1853 2242 1896 Nabu-

397 1920 559 1974 thaeos,
592 1918 759 1961 amicos
799 1931 921 1972 ευοε,
955 1921 1005 1959 ut
1048 1915 1382 1959 commodarent
1423 1914 1513 1956 illis
1550 1917 1816 1970 apparatum
1850 1926 2001 1968 suum,
2037 1912 2113 1968 qui
2149 1917 2244 1956 erat

399 1978 613 2035 copiosus.
649 1977 686 2004 36
716 1979 774 2020 Εῖ
806 1977 1009 2021 exierunt
1051 1975 1131 2017 filii
1170 1973 1345 2018 Jambri
1382 1988 1438 2017 ex
1475 1972 1693 2028 Madaba,
1734 1976 1777 2015 et
1811 1971 2244 2028 comprehenderunt

397 2039 641 2092 Joa-nnem,
671 2041 714 2080 et
740 2036 888 2080 omnia
917 2050 1017 2092 quae
1048 2033 1266 2090 habebat,
1293 2038 1337 2076 et
1367 2033 1574 2076 abierunt
1601 2032 1819 2075 habentes
1853 2045 1919 2074 ea.
1950 2031 1985 2057 37
2008 2031 2115 2075 Post
2146 2031 2242 2075 haec

398 2097 553 2152 verba,
579 2096 884 2139 renuntiatum
907 2100 972 2138 θεῖ
1001 2093 1232 2149 Jonathae,
1256 2097 1301 2136 et
1323 2091 1516 2149 Simoni,
1540 2091 1671 2134 fratri
1699 2091 1814 2147 erS,
1837 2091 1939 2147 quia
1963 2090 2043 2133 filii
2066 2090 2241 2134 Jambri

397 2156 572 2199 faciunt
597 2155 775 2212 nuptias
806 2168 1015 2210 magnas,
1043 2157 1087 2197 et
1115 2152 1283 2196 ducunt
1310 2166 1520 2210 sponsam
1551 2166 1606 2194 ex
1626 2150 1842 2206 Madaba,
1866 2150 2004 2193 filiam
2029 2150 2159 2194 unius
2189 2150 2243 2194 de

396 2215 571 2271 magnis
596 2214 871 2271 principibus
898 2214 1134 2269 Chanaan,
1164 2227 1266 2255 cum
1290 2211 1535 2255 ambitione
1557 2224 1736 2266 magna.
1763 2209 1800 2236 33
1819 2211 1877 2252 Εῖ
1896 2209 2117 2254 recordati
2141 2215 2243 2253 sunt

397 2274 628 2331 sanguinis
661 2273 869 2330 Joannis,
904 2272 1057 2315 fratris
1097 2272 1187 2327 sui,
1222 2276 1266 2315 et
1299 2271 1615 2326 ascenderunt,
1648 2274 1692 2313 et
1725 2268 2054 2313 absconderunt
2085 2283 2132 2313 se
2161 2269 2242 2312 sub

396 2338 655 2390 tegumento
692 2333 869 2376 montis.
906 2332 942 2359 39
968 2333 1026 2375 Εῖ
1062 2332 1352 2376 elevaverunt
1390 2330 1540 2374 oculos
1569 2343 1691 2385 suos,
1723 2334 1767 2372 et
1798 2328 2025 2385 viderunt,
2061 2333 2104 2372 et
2141 2342 2243 2373 ecce

397 2393 636 2449 tumultus,
667 2398 710 2436 et
742 2397 981 2450 apparatus
1016 2391 1208 2447 multus3
1246 2396 1290 2434 et
1319 2404 1506 2447 sponsus
1539 2388 1774 2447 processit,
1809 2393 1853 2431 et
1881 2387 2014 2431 amici
2049 2387 2166 2444 ejus,
2201 2394 2243 2431 et

397 2453 559 2497 fratres
585 2452 683 2508 ejus
706 2452 885 2496 obviam
910 2452 1000 2495 illis
1023 2466 1124 2494 cum
1152 2450 1379 2508 tympanis
1406 2455 1449 2493 et
1474 2448 1677 2505 musicis,
1702 2453 1745 2491 et
1769 2447 1904 2490 armis
1934 2447 2100 2491 multis.
2127 2446 2165 2474 40
2186 2449 2243 2491 Et

399 2517 681 2555 surrexerunt
708 2512 765 2554 ad
791 2526 864 2555 eos
887 2526 942 2555 ex
965 2510 1163 2567 insidiis,
1189 2515 1233 2553 et
1263 2509 1522 2553 occiderunt
1548 2522 1642 2564 θοε,
1670 2512 1714 2551 θῖ
1741 2507 1997 2550 ceciderunt
2022 2505 2243 2550 vulnerati

399 2571 550 2627 multi,
580 2576 624 2614 et
643 2571 808 2615 residui
830 2571 1047 2628 fugerunt
1070 2570 1118 2613 in
1144 2573 1338 2625 montes,
1363 2573 1408 2612 et
1437 2571 1705 2624 acceperunt
1727 2566 1875 2610 omnia
1901 2565 2042 2623 spolia
2065 2580 2240 2622 eorum;

399 2630 433 2658 ‘¹¹
466 2636 509 2674 et
545 2645 768 2674 conversae
800 2635 904 2674 sunt
940 2629 1110 2687 nuptiae
1146 2629 1194 2672 in
1227 2628 1423 2684 luctum,
1463 2632 1506 2671 et
1538 2641 1626 2669 vox
1658 2625 1929 2668 musicorum
1964 2625 2162 2682 ipsorum
2197 2625 2242 2668 in

399 2689 660 2734 lamentum.
683 2689 720 2717 4⁹2
739 2691 797 2734 Et
819 2690 1163 2735 vindicaverunt
1185 2688 1434 2732 vindictam
1463 2685 1695 2742 sanguinis
1717 2684 1870 2727 fratris
1896 2684 1984 2742 sui,
2012 2689 2057 2728 et
2081 2683 2244 2728 reversi

400 2755 501 2792 sunt
522 2749 578 2792 ad
603 2750 747 2807 ripam
772 2750 800 2793 J
804 2750 995 2794 ordanis.

459 2808 496 2835 43
523 2810 580 2852 Et
609 2809 782 2852 audivit
809 2809 1078 2867 Bacchides,
1106 2813 1151 2854 et
1176 2809 1300 2853 venit
1330 2808 1401 2852 die
1427 2806 1716 2850 sabbatorum
1747 2819 1884 2861 usque
1913 2804 1970 2847 ad
1997 2818 2119 2847 oram
2145 2803 2174 2845 J
2179 2817 2241 2846 or-

402 2868 528 2911 danis
564 2869 611 2911 in
648 2868 817 2912 virtute
851 2883 1030 2926 magna.
1071 2869 1108 2896 44
1138 2870 1195 2912 Et
1234 2868 1348 2912 dixit
1380 2867 1438 2910 ad
1476 2880 1576 2909 suos
1618 2865 1869 2909 Jonathas:
1902 2864 2165 2919 Surgamus,
2200 2867 2242 2905 et

401 2941 650 2984 pugnemus
675 2932 829 2971 contra
853 2928 1060 2972 inimicos
1089 2933 1282 2984 nostros,
1314 2942 1403 2971 non
1429 2931 1495 2969 est
1526 2925 1645 2969 enim
1670 2924 1802 2968 hodie
1832 2923 1946 2966 sicut
1975 2921 2067 2965 heri
2095 2926 2138 2965 et
2163 2935 2242 2964 nu-

402 2986 682 3040 diustertius;
707 2987 744 3014 45
766 3002 868 3031 ecce
898 2988 1017 3032 enim
1045 2988 1215 3032 bellum
1245 3002 1299 3031 ex
1325 2986 1533 3042 adverso,
1560 2999 1675 3041 aqua
1705 2997 1808 3026 vero
1835 2981 2043 3025 Jordanis
2070 2980 2176 3023 hinc
2200 2986 2243 3024 et

402 3045 526 3101 inde,
554 3051 597 3088 et
626 3046 754 3102 ripae,
782 3052 825 3090 et
851 3047 1056 3104 paludes,
1081 3053 1124 3091 et
1149 3047 1310 3102 saltus,
1338 3051 1381 3090 et
1407 3059 1495 3088 non
1522 3049 1587 3088 est
1612 3044 1735 3087 locus
1766 3039 2030 3085 divertendi.
2053 3039 2091 3066 4⁶
2112 3040 2242 3083 Nunc

405 3118 508 3160 ergo
527 3104 717 3147 clamate
742 3106 789 3148 in
815 3106 987 3162 caelum,
1007 3103 1055 3150 lit
1076 3106 1327 3150 liberemini
1354 3105 1409 3149 de
1434 3119 1570 3147 manu
1595 3102 1877 3146 inimicorum
1900 3104 2160 3143 vestrorum.
2185 3100 2243 3142 Et

405 3163 687 3207 commissum
713 3169 777 3207 est
801 3165 982 3209 bellum.
1009 3165 1044 3192 4⁷
1073 3168 1130 3210 Et
1159 3165 1361 3209 extendit
1388 3165 1415 3207 J
1421 3164 1608 3207 onathas
1639 3174 1820 3204 manum
1857 3174 1984 3202 suam
2014 3163 2242 3216 percutere

406 3222 699 3278 Bacchidem,
723 3228 766 3266 et
791 3223 973 3268 divertit
994 3225 1050 3267 ab
1074 3240 1124 3269 eo
1145 3230 1289 3280 retro3
1317 3224 1354 3251 4⁸
1373 3229 1417 3268 et
1439 3222 1618 3267 dissiliit
1641 3221 1669 3264 J
1673 3219 1874 3272 onathaS‚
1900 3224 1943 3262 et
1968 3219 2043 3274 qui
2067 3233 2166 3262 cum
2192 3231 2242 3261 eo

406 3287 550 3339 erant,
576 3282 622 3325 in
645 3282 903 3339 Jordanem,
927 3288 969 3327 et
990 3288 1383 3327 transnataverunt
1405 3283 1461 3326 ad
1485 3296 1556 3326 eos
1576 3281 1604 3324 J
1609 3279 1834 3324 ordanem.
1854 3277 1892 3304 4⁰
1912 3280 1969 3321 Et
1987 3277 2242 3321 ceciderunt

406 3341 460 3384 de
481 3347 607 3398 parte
635 3342 873 3385 Bacchidis
897 3342 968 3385 die
993 3342 1072 3385 illa
1097 3343 1220 3386 mille
1242 3343 1351 3399 viri3
1379 3347 1423 3387 et
1447 3340 1610 3385 reversi
1636 3343 1739 3382 sunt
1759 3338 1805 3380 in
1829 3337 2091 3381 Jerusalem.

466 3400 503 3427 ⁵⁰
520 3402 578 3444 Et
604 3401 938 3445 aedificaverunt
964 3401 1169 3445 civitates
1199 3401 1393 3445 munitas
1418 3401 1465 3444 in
1491 3399 1674 3454 Judaea,
1699 3397 1993 3441 munitionem
2023 3411 2122 3452 quae
2148 3399 2240 3440 erat

406 3459 451 3501 in
474 3460 500 3502 J
506 3460 674 3517 ericho,
705 3465 748 3504 et
772 3461 818 3503 in
845 3461 1107 3517 Ammaum,
1131 3466 1173 3504 et
1202 3461 1248 3504 in
1280 3461 1527 3515 Bethoron,
1552 3463 1595 3502 et
1618 3458 1665 3500 in
1698 3456 1875 3512 Bethel,
1900 3461 1943 3500 et
1965 3457 2239 3510 Thamnata,

409 3522 452 3560 et
474 3519 639 3575 Phara,
665 3525 709 3563 et
734 3521 908 3577 Thopo,
933 3519 1069 3563 muris
1092 3520 1302 3576 excelsis,
1327 3526 1369 3564 et
1395 3518 1552 3576 portis,
1576 3522 1620 3561 et
1642 3516 1774 3571 seris3
1802 3515 1834 3541 5¹
1856 3521 1899 3558 ct
1923 3515 2070 3572 posuit
2096 3518 2239 3557 custo·

410 3576 529 3618 diam
555 3578 598 3619 in
625 3579 708 3634 eis,
731 3584 779 3621 ut
809 3579 1070 3623 inimicitias
1100 3584 1356 3622 exercerent
1389 3579 1434 3621 in
1468 3575 1620 3621 Israel.
1648 3574 1684 3602 53
1707 3576 1764 3618 Et
1790 3575 1982 3618 munivit
2011 3573 2239 3618 civitatem

413 3635 687 3691 Bethsuram,
711 3643 755 3680 et
781 3638 1013 3694 Gazaram,
1041 3643 1085 3681 et
1106 3652 1277 3692 arcem;
1306 3643 1349 3681 et
1374 3636 1520 3695 posuit
1543 3635 1590 3678 in
1616 3634 1677 3679 eis
1703 3633 1884 3690 auxilia,
1911 3638 1956 3677 et
1976 3636 2239 3691 apparatum
