2456 3861
603 86 671 129 lv
707 89 819 134 nm.
852 88 992 146 vm,
1030 88 1086 134 15
1116 115 1176 125 -
1208 88 1296 142 IX,
1330 89 1370 131 7.
1818 88 1903 130 357

76 255 119 299 ei
141 270 150 299 τ
177 254 291 306 Quid
313 254 428 298 dixit
449 254 530 298 tibi
558 254 765 299 Eliseus?
799 256 860 298 At
885 255 960 299 ille
984 256 1211 313 respondit
1236 273 1244 300 :
1269 256 1398 300 Dixit
1430 255 1539 299 mihi
1562 272 1571 300 :
1602 255 1805 312 Recipies
1837 269 1904 298 sa-

79 314 279 357 nitatem.
307 313 342 340 ¹⁵
359 314 555 369 Cumque
581 313 776 357 venisset
793 314 886 358 dies
903 315 1057 370 altera,
1076 315 1179 358 tulit
1196 315 1457 372 stragulum,
1477 320 1522 359 et
1539 314 1709 358 infudit
1726 328 1900 370 aquam,

74 377 122 415 et
143 371 358 429 expandit
377 386 508 428 super
529 372 694 415 faciem
717 372 838 428 ejus3
868 387 952 429 quo
977 378 1170 430 mortuo,
1197 374 1403 430 regnavit
1428 373 1598 417 Hazael
1625 388 1700 430 pro
1727 387 1792 416 eo.

275 499 438 543 SECTIO
472 499 563 542 III.
585 525 644 531 —
675 500 833 543 JORAM
868 513 924 543 Er
958 502 1186 544 Ocuozms
1221 513 1438 544 REGNANT
1472 514 1522 545 1N
1556 502 1702 558 JUDA,

590 566 716 608 JEHU
748 577 875 608 somo
910 578 1110 610 Porirun
1142 579 1191 609 IN
1225 567 1392 610 IsRAEr„

521 680 546 737 §
580 679 615 721 Ι.
642 703 701 710 —-
731 680 892 722 Joram
924 686 964 723 et
998 680 1210 724 ochozias
1242 682 1289 723 in
1319 682 1457 725 ιῙιιαῑσι.

134 787 170 814 1⁶
192 788 323 831 Anno
356 786 510 843 quinto
544 787 719 841 Joram,
753 785 833 828 filii
871 786 1050 842 Achab,
1084 786 1200 842 regis
1239 787 1397 842 Israel,
1437 793 1479 831 et
1517 789 1754 844 Josaphat,
1788 789 1904 845 regis

73 846 214 901 Juda,
252 845 457 901 regnavit
494 845 668 901 Joram,
706 844 822 887 filius
857 845 1095 901 Josaphat,
1133 859 1211 888 rex
1244 846 1377 888 Juda.
1420 846 1450 872 ¹⁷
1477 847 1681 902 Triginta
1718 847 1905 890 duorum

73 919 290 948 annorum
315 909 408 948 erat
434 918 536 947 cum
567 917 753 959 regnare
786 903 1010 960 coepisset,
1045 909 1088 947 et
1122 910 1220 947 octo
1255 905 1383 947 annis
1417 905 1622 960 regnavit
1646 905 1692 947 in
1727 906 1904 948 Jerusa-

74 963 174 1008 lem.
210 963 244 991 ¹⁸
275 963 625 1019 Ambulavitque
660 962 707 1005 in
743 962 827 1005 viis
862 977 1019 1018 regum
1055 963 1215 1018 Israel,
1253 963 1368 1006 sicut
1405 963 1712 1006 ambulaverat
1749 964 1905 1007 domus

74 1022 263 1067 Achab:
290 1022 382 1064 filia
415 1021 533 1065 enim
570 1021 728 1065 Achab
763 1026 856 1065 erat
888 1036 998 1065 uxor
1033 1022 1158 1078 ejus3
1184 1028 1227 1066 et
1260 1023 1372 1066 fecit
1409 1021 1524 1078 quod
1557 1023 1725 1065 malum
1757 1028 1823 1066 est
1858 1023 1905 1065 in

70 1086 311 1138 conspectu
339 1080 534 1124 Domini.
561 1080 598 1107 ¹9
619 1080 775 1124 Noluit
800 1085 951 1124 autem
986 1081 1204 1124 Dominus
1234 1081 1485 1138 disperdere
1510 1081 1698 1137 Judam‚
1729 1087 1906 1138 propter

75 1141 221 1184 David
247 1154 425 1184 servum
449 1154 598 1195 suum,
625 1140 741 1183 sicut
765 1140 1026 1197 promiserat
1059 1140 1119 1196 ei,
1147 1145 1196 1183 ut
1220 1140 1344 1183 daret
1375 1140 1443 1183 illi
1468 1140 1696 1183 lucernam
1730 1145 1773 1183 et
1801 1140 1904 1183 filiis

73 1200 170 1256 ejus
196 1199 368 1243 cunctis
394 1199 564 1242 diebus.
591 1197 628 1225 2⁰
649 1199 705 1241 In
735 1199 890 1242 diebus
916 1199 1013 1255 ejus
1038 1199 1219 1242 recessit
1245 1199 1409 1255 Edom,
1436 1213 1491 1243 ne
1516 1204 1630 1242 esset
1654 1198 1735 1242 sub
1762 1199 1902 1255 Juda,

72 1264 116 1303 et
141 1258 371 1302 constituit
396 1257 481 1301 sibi
506 1271 670 1314 regem.
705 1257 739 1284 2¹
764 1258 986 1314 Venitque
1012 1259 1167 1301 Joram
1201 1259 1341 1314 Seii-a,
1368 1264 1411 1302 et
1445 1272 1595 1301 omnes
1628 1272 1777 1301 currus
1803 1272 1905 1301 cum

71 1332 152 1374 e03
180 1323 224 1361 et
247 1317 437 1361 surrexit
461 1323 610 1373 nocte,
645 1317 947 1373 percussitque
973 1317 1218 1374 Idumaeos,
1253 1317 1327 1373 qui
1363 1331 1464 1361 eum
1500 1316 1902 1373 circumdederant,

71 1382 116 1421 et
136 1376 356 1434 principes
380 1390 610 1431 curruum;
635 1376 823 1432 populus
844 1382 995 1420 autem
1016 1376 1139 1432 fugit
1159 1376 1206 1418 in
1227 1376 1515 1419 tabernacula
1536 1390 1628 1418 sua.
1652 1374 1689 1401 22
1708 1376 1904 1420 Recessit

71 1450 177 1492 ergo
213 1435 354 1479 Edem
389 1449 445 1477 ne
482 1440 596 1478 esset
627 1434 708 1477 sub
742 1434 882 1490 Juda,
917 1448 1055 1490 usque
1091 1435 1148 1477 ad
1181 1435 1300 1478 diem
1333 1435 1461 1478 hanc.
1496 1435 1620 1477 Tunc
1649 1435 1829 1478 recessit
1861 1440 1904 1478 et

74 1495 227 1538 Lobna
251 1494 298 1537 in
323 1499 520 1550 tempore
543 1493 635 1536 illo.

130 1553 167 1580 '23
194 1552 380 1608 Reliqua
405 1557 556 1596 autem
581 1567 834 1596 sermonum
856 1553 885 1596 J
890 1567 1031 1608 oram,
1059 1558 1102 1596 et
1126 1552 1332 1595 universa
1358 1567 1456 1608 quae
1477 1554 1608 1609 fecit,
1635 1566 1782 1596 nonne
1806 1552 1904 1594 haec

70 1612 236 1668 scripta
254 1617 356 1654 sunt
375 1611 423 1654 in
442 1611 577 1654 Libro
595 1611 830 1655 verborum
852 1611 1024 1654 dierum
1041 1626 1199 1667 regum
1217 1612 1245 1654 J
1249 1611 1368 1654 uda?
1387 1610 1424 1637 24
1443 1613 1500 1654 Et
1518 1611 1729 1655 dormivit
1748 1610 1778 1653 J
1781 1625 1904 1654 oram

69 1686 173 1714 cum
198 1671 398 1728 patribus
423 1671 533 1727 suis,
553 1670 838 1728 sepultusque
865 1676 930 1714 est
952 1685 1054 1713 cum
1079 1671 1140 1714 eis
1162 1671 1209 1713 in
1235 1670 1418 1714 civitate
1438 1670 1598 1715 David.
1620 1671 1678 1713 Et
1698 1669 1904 1726 regnavit

69 1730 307 1786 Ochozias,
333 1730 450 1773 filius
476 1730 592 1786 ejus,
619 1744 696 1786 pro
721 1743 786 1773 eo.

130 1789 166 1816 ²⁵
183 1790 316 1832 Anno
341 1788 604 1832 duodecimo
630 1789 659 1832 J
663 1803 804 1844 oram,
824 1788 905 1831 filii
923 1789 1102 1844 Achab,
1123 1789 1239 1844 regis
1258 1789 1417 1845 Israel,
1437 1789 1644 1845 regnavit
1667 1788 1902 1844 Ochozias,

68 1849 185 1892 filius
207 1849 236 1892 J
240 1863 382 1904 oram,
408 1848 526 1904 regis
551 1849 581 1891 J
584 1848 698 1891 udae.
729 1847 766 1875 26
791 1848 966 1904 Viginti
989 1848 1176 1891 duorum
1199 1862 1417 1891 annorum
1441 1853 1536 1891 erat
1566 1847 1780 1892 Ochozias
1802 1861 1905 1890 cum

69 1922 253 1964 regnare
279 1908 504 1965 coepisset,
532 1912 575 1951 et
596 1922 684 1951 uno
704 1921 821 1950 anno
843 1907 1048 1963 regnavit
1067 1907 1115 1949 in
1137 1907 1400 1950 Jerusalem.
1429 1908 1602 1951 Nomen
1627 1906 1782 1949 matris
1807 1906 1904 1962 ejus

71 1967 275 2023 Athana,
305 1967 397 2009 filia
424 1966 572 2023 Amri,
598 1966 715 2022 regis
741 1967 894 2010 Israel.
929 1965 964 1993 2⁷
992 1968 1050 2010 Et
1077 1966 1328 2009 ambulavit
1351 1966 1397 2009 in
1427 1966 1512 2009 viis
1541 1966 1698 2009 domus
1722 1965 1902 2020 Achab,

71 2032 113 2071 et
136 2025 249 2070 fecit
274 2025 391 2082 quod
413 2026 583 2069 malum
608 2030 674 2069 est
699 2040 847 2069 coram
875 2026 1087 2081 Domino,
1106 2025 1221 2068 sicut
1243 2025 1399 2069 domus
1426 2025 1607 2080 Achab3
1632 2038 1768 2081 gener
1784 2023 1902 2067 enim

69 2085 226 2128 domus
250 2084 410 2128 Achab
434 2085 537 2128 fuit.
561 2084 597 2111 ⁶28
619 2084 747 2127 Abiit
772 2099 943 2141 quoque
969 2099 1071 2128 cum
1096 2085 1272 2141 Joram,
1295 2085 1387 2127 filio
1411 2084 1591 2140 Achab,
1617 2084 1674 2127 ad
1698 2083 1903 2140 praelian-

68 2145 176 2188 dum
201 2149 354 2188 contra
381 2143 571 2198 Hazael‚
598 2158 749 2199 regem
771 2144 930 2200 Syriae,
960 2144 1007 2186 in
1035 2145 1228 2187 Ramoth
1254 2144 1426 2188 Galaad
1448 2161 1456 2199 3
1492 2148 1536 2186 et
1559 2143 1904 2186 vulneraverunt

70 2203 167 2259 Syri
193 2204 222 2246 J
227 2217 361 2246 oram.
388 2202 425 2229 ²⁹
445 2202 528 2253 Qui
550 2217 750 2246 reversus
777 2208 843 2245 est
867 2208 914 2245 ut
940 2208 1166 2246 curaretur
1189 2203 1237 2245 in
1259 2203 1485 2259 Jezrahel,
1513 2202 1615 2258 quia
1641 2201 1902 2244 vulnerave-

69 2267 170 2305 rant
205 2277 308 2306 eum
346 2261 442 2318 Syri
481 2262 529 2304 in
568 2262 780 2318 Ramoth,
815 2262 1096 2318 praeliantem
1137 2267 1289 2305 contra
1327 2262 1518 2317 Hazael,
1558 2275 1710 2317 regem
1749 2259 1900 2316 Syriae.

70 2321 204 2364 Porro
227 2321 463 2377 Ochozias,
486 2321 602 2364 filius
630 2322 805 2376 Joram,
826 2335 905 2364 rex
930 2321 958 2363 J
962 2320 1069 2375 uda,
1095 2321 1323 2364 descendit
1347 2321 1538 2364 invisere
1565 2321 1594 2364 J
1598 2334 1740 2375 oram,
1760 2318 1903 2361 filium

68 2380 248 2437 Achab,
274 2380 321 2423 in
347 2379 572 2436 Jezrahel,
600 2380 703 2436 quia
730 2379 979 2436 aegrotabat
1003 2379 1080 2422 ibi.

546 2504 568 2557 ξ
600 2501 664 2544 II.
689 2527 749 2533 —
778 2501 898 2545 Jehu
928 2507 1083 2557 regma&
1113 2515 1243 2557 super
1273 2501 1431 2544 Israel.

129 2617 234 2661 CAP.
261 2616 343 2660 IX.
365 2642 424 2649 —
456 2615 470 2642 1
498 2615 670 2660 Eliseus
695 2621 846 2659 autem
871 2616 1103 2673 prophetes
1136 2615 1315 2658 vocavit
1347 2629 1485 2658 unum
1510 2615 1564 2658 de
1589 2614 1691 2657 filiis
1717 2615 1902 2672 prophe-

67 2681 234 2730 tarum,
259 2680 303 2718 et
326 2675 390 2718 ait
414 2675 482 2718 illi
512 2691 520 2719 ε
553 2675 756 2731 Accinge
784 2675 957 2718 lumbos
983 2680 1101 2729 tuos,
1125 2680 1168 2718 et
1189 2674 1295 2718 tolle
1319 2674 1580 2717 lenticulam
1607 2673 1691 2717 olei
1715 2674 1830 2716 hanc
1855 2673 1902 2717 in

69 2749 204 2777 manu
227 2740 324 2790 tua,
359 2740 403 2778 et
435 2734 550 2778 vade
573 2734 621 2777 in
648 2735 841 2778 Ramoth
867 2733 1054 2778 Galaad.
1088 2732 1106 2759 2
1135 2733 1335 2790 Cumque
1368 2733 1539 2777 veneris
1571 2733 1700 2789 illuc,
1727 2732 1901 2776 videbis

68 2795 95 2838 J
101 2794 207 2850 ehu,
230 2793 372 2836 filium
397 2794 637 2850 Josaphat,
660 2794 740 2836 filii
767 2792 951 2848 Namsi3
973 2797 1017 2836 et
1039 2792 1267 2849 ingressus
1291 2792 1527 2836 suscitabis
1553 2807 1654 2836 eum
1680 2792 1734 2835 de
1753 2791 1900 2835 medio

67 2853 260 2896 fratrum
284 2867 483 2909 suorum,
510 2858 554 2897 et
577 2853 830 2896 introduces
854 2852 902 2895 in
933 2852 1120 2895 interius
1153 2851 1421 2895 cubiculum.
1448 2851 1465 2878 3
1486 2852 1745 2907 Tenensque
1770 2850 1899 2894 lenti-

68 2911 216 2955 culam
253 2911 357 2968 olei,
394 2911 557 2955 fundes
593 2926 724 2969 super
756 2916 890 2968 caput
922 2911 1039 2968 ejus,
1073 2915 1118 2954 et
1150 2911 1269 2954 dices
1298 2928 1307 2955 :
1342 2911 1458 2954 Haec
1494 2910 1603 2953 dicit
1641 2910 1857 2954 Dominus
1890 2927 1899 2954 ε

69 2970 190 3014 Unxi
227 2975 272 3014 te
307 2985 457 3027 regem
494 2985 624 3028 super
659 2970 812 3015 Israel.
846 2969 1116 3027 Aperiesque
1150 2970 1332 3023 ostium,
1363 2974 1407 3013 et
1437 2969 1606 3026 fugies,
1641 2974 1686 3013 et
1717 2983 1806 3012 non
1837 2968 1900 3011 ibi

65 3029 292 3074 subsistes.
315 3029 333 3056 4
354 3030 482 3073 Abiit
507 3044 610 3086 ergo
635 3030 893 3074 adolescens
918 3044 1025 3086 puer
1048 3030 1276 3087 prophetae
1299 3029 1347 3072 in
1374 3029 1567 3072 Ramoth
1592 3028 1787 3084 Galaad,
1815 3028 1832 3054 5
1857 3032 1901 3071 et

67 3089 290 3144 ingressus
316 3094 383 3132 est
403 3089 534 3145 illuc;
564 3104 666 3133 ecce
689 3095 839 3133 autem
864 3088 1084 3146 principes
1107 3089 1327 3133 exercitus
1349 3088 1584 3144 sedebant,
1604 3093 1647 3131 et
1668 3088 1732 3131 ait
1754 3105 1764 3132 ι
1793 3088 1899 3130 Ver-

67 3147 175 3190 bum
199 3148 310 3190 mihi
331 3148 389 3191 ad
411 3153 474 3204 te,
495 3163 519 3191 0
541 3149 757 3206 princeps
779 3148 991 3204 Dixitque
1015 3149 1044 3191 J
1048 3148 1133 3192 ehu
1158 3165 1166 3192 ε
1190 3148 1262 3191 Ad
1288 3162 1420 3204 quem
1444 3162 1499 3191 ex
1520 3147 1724 3190 omnibus
1743 3145 1899 3189 nobis?

68 3206 131 3249 At
164 3206 240 3250 ille
265 3207 380 3250 dixit
402 3224 411 3252 ε
438 3207 510 3250 Ad
543 3213 607 3262 te,
638 3222 663 3251 o
687 3207 904 3265 princeps.
939 3207 956 3234 6
978 3208 1036 3250 Et
1067 3207 1277 3262 surrexit,
1305 3212 1348 3250 et
1372 3207 1596 3262 ingressus
1622 3211 1688 3249 est
1721 3204 1898 3248 cubicu—

68 3265 189 3322 lum;
216 3270 264 3308 at
288 3266 364 3310 ille
389 3266 511 3309 fudit
543 3266 690 3310 oleum
723 3280 853 3323 super
885 3271 1019 3323 caput
1052 3267 1169 3323 ejus,
1197 3271 1240 3309 et
1264 3266 1328 3309 ait
1353 3283 1362 3310 ε
1390 3266 1504 3308 Haec
1539 3265 1648 3308 dicit
1682 3263 1898 3307 Dominus

70 3323 188 3367 Deus
211 3325 349 3368 Israel
374 3342 382 3369 ε
410 3325 531 3370 Unxi
556 3330 601 3369 te
624 3340 774 3381 regem
795 3340 924 3381 super
948 3326 1160 3382 populum
1183 3324 1364 3369 Domini
1387 3325 1540 3368 Israel.
1567 3324 1581 3350 7
1604 3325 1660 3366 Et
1681 3322 1900 3379 percuties

68 3381 250 3425 domum
272 3384 429 3427 Achab
452 3384 620 3427 domini
643 3385 730 3441 tui,
754 3389 797 3428 et
822 3384 1011 3427 ulciscar
1036 3384 1300 3440 sanguinem
1325 3397 1551 3427 servorum
1577 3395 1774 3425 meorum
1799 3394 1898 3437 pro-

70 3541 118 3573 17]
140 3541 175 3568 11
201 3541 273 3569 Par.
298 3543 400 3577 XXI,
424 3546 450 3571 5.
467 3557 503 3562 -—
519 3543 567 3575 19]
594 3542 628 3569 11
655 3542 738 3574 Reg.
763 3540 849 3575 VII,
875 3542 918 3568 16.
935 3553 972 3560 -·
988 3541 1036 3574 20]
1064 3541 1097 3568 ΙΙ
1125 3540 1197 3568 Par.
1224 3540 1327 3574 XXI,
1351 3542 1377 3567 8.
1395 3552 1431 3558 —
1448 3539 1496 3572 25]
1521 3539 1554 3565 II
1578 3537 1649 3565 Par.
1673 3538 1795 3572 XXII,
1817 3539 1841 3564 1.
1864 3550 1899 3556 -

0 3613 2 3628 ÷
68 3583 100 3617 2]
119 3583 173 3611 111
191 3584 273 3617 neg.
291 3586 386 3621 xrx,
404 3589 447 3615 16.

2026 809 2159 840 Regnat

2027 853 2154 881 ,lux-am.

2025 1800 2050 1826 P.
2057 1800 2158 1832 pgnat
2175 1787 2179 1792 .

2006 1842 2175 1872 Ocnozias.

1966 2615 2055 2643 Je'nzz
2066 2613 2210 2648 ungitur

1999 2665 2031 2686 :n
2050 2664 2172 2691 segem.
