2423 3861
697 127 835 169 ZACH.
868 126 956 179 VI,
994 128 1013 169 1
1049 153 1106 159 —
1140 127 1252 180 VH,
1286 127 1325 169 7.
1814 125 1928 168 1035

209 341 232 393 ᾗ
259 337 341 380 VI.
363 362 423 369 —
454 337 571 381 Visio
593 345 746 381 octava
767 355 781 380 :
802 339 839 380 J
842 339 1035 381 inliciunt
1056 339 1101 381 in
1123 345 1282 394 aetates,
1310 338 1529 381 beatitudo
1539 337 1702 394 populi
1721 337 1824 380 Dei.

157 461 250 503 CAP
284 459 470 502 V1.—¹
493 460 551 502 Et
576 475 809 503 conversus
837 474 954 516 sum,
978 466 1021 503 ct
1046 460 1192 504 levavi
1214 460 1362 504 oculos
1390 475 1528 516 meon,
1551 465 1595 505 et
1614 459 1704 502 vidi
1726 476 1735 504 :
1758 463 1801 503 et
1826 472 1929 503 ecce

99 524 284 574 quatuor
317 518 544 574 quadrigae
579 519 853 575 egredientes
886 519 940 562 de
978 519 1122 562 medio
1156 519 1341 561 duorum
1376 519 1617 573 montium3
1649 524 1693 562 et
1734 522 1926 574 montes,

99 584 269 621 montes
304 578 418 622 aerei.
453 576 470 603 2
490 578 542 620 ln
568 577 782 633 quadriga
808 578 950 634 prima
972 578 1069 633 eqni
1097 578 1197 632 rufi,
1217 584 1262 621 et
1289 578 1333 620 in
1365 578 1579 633 quadriga
1608 577 1803 621 secunda
1828 577 1927 632 equi

98 636 233 691 nigri,
259 636 276 662 3
294 643 336 678 et
364 636 411 679 in
436 637 649 692 quadriga
681 637 809 679 tertia
835 636 935 692 equi
963 636 1076 690 albi,
1104 643 1146 679 et
1180 637 1222 678 in
1254 636 1471 692 quadriga
1500 642 1656 692 quarta
1688 637 1787 693 equi
1817 636 1927 679 varii

97 702 139 738 et
161 695 312 738 fortes.
340 695 356 721 4
376 695 433 738 Et
463 695 687 751 respondi,
715 702 757 738 et
784 695 873 737 dixi
901 695 958 737 ad
987 695 1196 750 angelum
1227 695 1299 750 qui
1328 695 1589 750 loquebatur
1613 696 1657 738 in
1686 711 1754 738 ine
1777 711 1784 738 :
1813 695 1926 746 Quid

95 759 198 796 sunt
222 754 339 809 haec,
375 754 552 797 domine
578 753 672 796 mi?
700 754 716 779 ⁵
735 754 792 796 Et
825 753 1051 810 respondit
1081 754 1286 809 angelus,
1321 760 1364 796 et
1392 754 1456 796 ait
1487 754 1543 797 ad
1578 769 1647 797 me
1673 772 1681 798 ε
1717 754 1797 797 Isti
1826 758 1928 797 sunt

96 818 282 869 quatuor
320 813 439 856 venti
476 813 595 867 caeli,
623 813 695 868 qui
734 812 1020 868 egrediuntur
1057 818 1105 854 ut
1140 817 1259 855 stent
1292 826 1441 855 coram
1476 813 1751 856 dominatore
1785 813 1928 856 omnis

96 878 234 915 terrae.
262 873 279 898 ὓ
304 872 358 914 In
391 886 477 927 qua
507 878 632 914 erant
664 871 762 927 equi
793 871 929 927 nigri,
960 870 1302 926 egrediebantur
1333 871 1376 913 in
1408 876 1568 914 terram
1598 871 1846 927 aquilonis3
1886 876 1929 914 et

95 931 186 973 albi
216 931 378 986 egressi
408 935 512 972 sunt
543 936 642 986 post
667 944 759 985 eos,
795 936 840 973 et
868 930 977 972 varii
1011 930 1174 985 egressi
1207 935 1312 973 sunt
1342 930 1398 973 ad
1434 935 1595 973 terram
1626 930 1778 973 austri.
1806 930 1820 956 ⁷
1847 930 1928 981 Qui

93 995 243 1033 autem
277 995 402 1032 erant
435 989 748 1044 robustissimi,
785 989 1007 1044 exierunt,
1041 994 1085 1031 et
1119 989 1375 1044 quaerebant
1408 989 1470 1032 ire
1503 994 1548 1032 et
1579 989 1820 1032 discurrere
1854 1003 1930 1046 per

94 1062 271 1092 omnem
297 1053 473 1091 terram.
506 1049 562 1090 Et
588 1048 731 1092 dixit:
763 1049 851 1103 Ite,
886 1047 1191 1105 perambulate
1222 1052 1408 1102 terram3
1438 1053 1480 1091 et
1510 1048 1930 1104 perambulaverunt

94 1112 271 1151 terram.
293 1107 310 1133 8
329 1106 388 1150 Et
405 1107 584 1150 vocavit
606 1122 696 1162 me,
716 1111 759 1151 et
781 1107 955 1150 locutus
976 1111 1042 1150 est
1062 1106 1119 1149 ad
1142 1121 1232 1162 me,
1257 1106 1408 1150 dicens
1426 1123 1435 1150 :
1460 1108 1575 1150 Ecce
1596 1107 1670 1162 qui
1697 1106 1930 1163 egrediun-

95 1171 165 1209 tur
185 1166 231 1208 in
254 1171 415 1209 terram
437 1166 669 1222 aquilonis,
689 1166 959 1222 requiescere
981 1166 1186 1209 fecerunt
1210 1165 1413 1222 spiritum
1436 1180 1584 1209 meum
1605 1167 1650 1208 in
1674 1172 1788 1208 terra
1806 1165 1929 1221 aqui-

94 1225 219 1269 lonis.

153 1284 170 1310 ⁰
187 1285 246 1328 Et
272 1285 446 1328 factum
472 1290 538 1328 est
561 1284 744 1328 verbum
773 1283 951 1327 Domini
973 1283 1030 1327 ad
1060 1299 1150 1339 me,
1178 1284 1329 1328 dicens
1351 1301 1359 1327 :
1385 1284 1419 1311 ¹⁰
1437 1285 1569 1328 Sume
1594 1299 1621 1327 a
1644 1285 1931 1340 transmigra-

95 1344 233 1399 tione,
264 1344 321 1386 ab
356 1343 543 1399 Holdai,
578 1349 621 1387 et
653 1358 678 1386 a
711 1343 872 1397 Tobia,
905 1348 947 1386 et
976 1343 1031 1386 ab
1063 1343 1217 1399 Idaia,
1253 1350 1296 1386 et
1321 1344 1471 1387 venies
1501 1349 1548 1386 tu
1576 1343 1623 1386 in
1653 1344 1724 1386 die
1755 1343 1854 1399 illa,
1889 1348 1934 1386 et

94 1403 280 1446 intrabis
306 1403 488 1446 domum
512 1403 674 1457 Josiae,
707 1402 784 1445 filii
819 1402 1074 1458 Sophoniae,
1106 1402 1180 1457 qui
1210 1408 1424 1445 venerunt
1454 1403 1507 1446 de
1542 1403 1786 1459 Babylone.
1816 1402 1846 1428 ¹¹
1876 1403 1932 1444 Et

95 1476 241 1505 sumes
265 1476 422 1504 aurum
444 1467 490 1504 et.
511 1467 768 1517 argentum,
792 1467 835 1504 et
856 1461 996 1503 facies
1024 1475 1220 1516 coronas,
1235 1466 1286 1510 ‚et
1310 1475 1444 1517 pones
1469 1461 1682 1518 incapite
1705 1462 1828 1514 ἄθεα,
1852 1461 1932 1504 filii

95 1521 304 1575 Josedec‚
339 1520 579 1563 sacerdotis
615 1520 791 1575 magni3
822 1519 857 1545 '¹2
875 1524 918 1562 et
948 1520 1137 1574 loqueris
1170 1520 1226 1562 ad
1257 1534 1377 1574 eum,
1407 1520 1585 1563 dicens:
1616 1521 1730 1563 Haec
1755 1521 1818 1563 ait
1844 1521 1932 1563 Do-

94 1580 238 1622 minus
273 1579 567 1634 exercituum,
596 1578 778 1622 dicens:
810 1579 926 1621 Ecce
952 1578 1018 1619 vir
1044 1578 1198 1621 Oriens
1233 1593 1394 1621 nomen
1429 1579 1549 1634 ejus,
1581 1585 1624 1622 et
1656 1579 1806 1622 subter
1832 1594 1931 1622 eum

95 1639 274 1694 orietur,
317 1644 362 1681 et
404 1637 643 1681 aedificabit
683 1638 900 1694 templum
943 1637 1148 1680 Domino.
1183 1636 1218 1663 13
1245 1637 1303 1679 Et
1344 1638 1436 1694 ipse
1485 1643 1683 1681 exstruet
1716 1638 1931 1694 templum

95 1698 312 1753 Domino3
348 1702 391 1740 et
415 1697 510 1754 ipse
535 1696 729 1753 portabit
750 1696 958 1752 gloriam,
987 1700 1034 1738 et
1055 1696 1246 1751 sedebit,
1275 1703 1318 1739 et
1345 1697 1646 1740 dominabitur
1671 1711 1800 1754 super
1825 1697 1935 1740 solio

94 1772 197 1812 suo;
225 1764 268 1800 et
293 1757 376 1800 erit
408 1756 611 1799 sacerdos
645 1770 774 1812 super
808 1755 916 1799 solio
950 1769 1048 1810 suo,
1082 1760 1125 1798 et
1159 1756 1392 1799 consilium
1422 1756 1545 1813 pacis
1578 1757 1660 1800 erit
1692 1756 1807 1799 inter
1834 1756 1934 1798 illos

94 1816 216 1859 duos.
244 1815 280 1842 ¹4
302 1817 360 1859 Et
386 1829 559 1860 coronae
593 1822 721 1858 erunt
754 1815 938 1870 Helem,
966 1820 1009 1857 et
1034 1815 1207 1870 Tobiae,
1236 1820 1279 1858 et
1306 1816 1466 1872 Ida-iae,
1495 1821 1538 1859 et
1573 1816 1714 1872 Hem,
1743 1815 1833 1859 filio
1860 1816 1934 1859 So-

94 1875 292 1932 phoniae,
319 1874 575 1919 memoriale
603 1874 650 1917 in
679 1874 848 1931 templo
874 1874 1069 1918 Domini.
1102 1874 1137 1901 15
1163 1875 1221 1917 Et
1251 1875 1324 1930 qui
1350 1875 1504 1932 procul
1533 1880 1636 1918 sunt
1664 1875 1864 1930 venient,
1891 1880 1935 1918 et

96 1934 383 1978 aedificabunt
406 1935 452 1978 in
477 1933 646 1991 templo
671 1935 879 1989 Domini;
903 1940 946 1976 et
970 1933 1119 1977 scietis
1143 1934 1246 1990 quia
1271 1935 1487 1978 Dominus
1510 1935 1787 1978 exercituum
1814 1933 1936 1977 misit
1983 1955 1986 1956 ⁷

95 2007 166 2036 me
201 1993 258 2036 ad
295 2007 387 2037 vos.
427 1993 524 2036 Erit
561 1997 710 2036 autem
737 1993 858 2048 hoc,
901 1993 938 2036 si
979 1993 1134 2036 auditu
1172 1993 1400 2036 audieritis
1438 2008 1594 2037 vocem
1633 1993 1814 2036 Domini
1852 1992 1936 2037 Dei

96 2052 244 2097 vestri.

618 2171 874 2226 LIBER
925 2171 1409 2227 SERMONUM

154 2308 404 2347 VERBIS
451 2309 777 2348 PROPRIIS
827 2310 995 2350 IDEM
1044 2309 1223 2356 QUOD
1274 2309 1499 2347 ANTEA
1549 2305 1885 2347 SYMBOLIS

747 2383 1290 2423 PRONUNTI-ATUR

238 2518 395 2562 SERMO
430 2518 551 2560 1.-
584 2518 754 2561 ISRAEL
787 2531 836 2561 IN
871 2531 1088 2562 TEMPORE
1122 2530 1394 2562 PRAETERITO
1429 2531 1485 2560 ET
1519 2531 1570 2561 ΙΝ
1605 2530 1789 2561 FUTURO

158 2641 265 2684 CAP.
293 2641 400 2683 VII.
433 2666 493 2673 —
526 2640 539 2666 1
567 2642 626 2684 Et
653 2641 827 2685 factum
860 2647 926 2685 est
953 2641 1001 2684 in
1024 2656 1141 2684 anno
1167 2646 1321 2697 quarto
1349 2640 1472 2683 Darii
1501 2639 1638 2696 regis,
1667 2639 1842 2682 factum
1872 2644 1939 2682 est

99 2700 284 2743 verbum
318 2699 500 2742 Domini
540 2699 597 2742 ad
630 2700 916 2755 Zachariam,
947 2700 994 2743 in
1028 2707 1183 2756 quarta
1212 2700 1376 2743 mensis
1409 2699 1539 2756 noni,
1573 2698 1647 2755 qui
1681 2703 1747 2741 est
1775 2697 1939 2741 casleu.

99 2757 116 2784 2
136 2760 193 2802 Et
218 2759 433 2802 miserunt
453 2758 511 2802 ad
538 2758 719 2802 domum
746 2760 848 2814 Dei,
874 2762 1064 2815 Sarasar,
1088 2767 1132 2813 et
1155 2758 1520 2816 Rogommelech,
1544 2763 1589 2800 et
1608 2757 1690 2801 viri
1717 2756 1792 2813 qui
1813 2763 1937 2800 erant

100 2832 203 2861 cum
239 2832 310 2874 eo,
351 2817 410 2861 ad
447 2818 771 2875 deprecandam
813 2819 980 2863 faciem
1022 2818 1227 2872 Domini3
1265 2818 1283 2844 3
1306 2823 1355 2860 ut
1393 2817 1591 2860 dicerent
1633 2815 1940 2860 sacerdotibus

100 2876 254 2921 domus
273 2877 456 2921 Domini
479 2878 777 2933 exercituum,
795 2883 838 2922 et
860 2878 1109 2936 prophetis,
1127 2877 1354 2933 loquentes
1372 2893 1381 2920 ε
1403 2875 1631 2932 Numquid
1653 2874 1850 2918 flendum
1872 2879 1937 2918 est

99 2936 209 2980 mihi
241 2936 289 2980 in
322 2937 476 2994 quinto
508 2951 678 2993 mense,
707 2937 777 2980 vel
807 2937 1084 2981 sanctificare
1115 2951 1183 2980 me
1217 2936 1375 2991 debeo,
1406 2935 1520 2978 sicut
1544 2935 1641 2991 jam
1662 2934 1752 2978 feci
1785 2933 1940 2977 multis

98 2995 227 3038 annis
243 2996 263 3040 ἱ)
862 3034 865 3037 .

159 3056 177 3083 4
196 3058 255 3100 Et
281 3058 458 3102 factum
483 3064 550 3103 est
575 3059 756 3103 verbum
786 3057 965 3101 Domini
992 3056 1266 3101 exercituum
1291 3055 1347 3099 ad
1375 3070 1465 3109 me,
1492 3054 1644 3098 dicens
1665 3070 1674 3098 ε
1700 3054 1716 3080 5
1739 3054 1939 3110 Loquere

101 3116 158 3160 ad
181 3131 357 3161 omnem
382 3118 598 3175 populum
618 3124 766 3174 terrae,
794 3121 837 3160 et
857 3116 915 3160 ad
940 3115 1211 3171 sacerdotes,
1239 3115 1391 3158 dicens
1413 3131 1422 3158 :
1448 3114 1560 3158 Cum
1585 3113 1872 3170 jejunaretis,
1895 3118 1938 3156 et

101 3176 372 3233 plangeretis
397 3177 444 3221 in
465 3177 624 3233 quinto
642 3183 686 3221 et
706 3176 893 3233 septimo
915 3190 992 3233 per
1007 3175 1086 3219 hos
1104 3173 1389 3231 septuaginta
1406 3186 1544 3216 annos
1556 3207 1567 3227 ,
1584 3172 1800 3228 numquid
1822 3172 1938 3228 jeju-

102 3235 227 3277 nium
248 3235 489 3292 jejunastis
511 3237 655 3280 mihi?
678 3237 695 3263 6
715 3238 771 3279 Et
793 3250 893 3278 cum
913 3233 1166 3278 comedistis
1189 3239 1232 3277 et
1256 3233 1446 3289 bibistis,
1466 3231 1681 3288 numquid
1707 3246 1794 3275 non
1812 3231 1938 3274 vobis

103 3295 358 3338 comedistis
399 3301 445 3339 et
477 3296 807 3352 vobismetipsis
844 3293 1056 3337 bibistis?
1094 3292 1109 3319 ⁷
1140 3292 1369 3349 Numquid
1409 3307 1497 3335 non
1534 3296 1637 3334 suut
1670 3291 1805 3350 verba
1839 3304 1937 3346 quae

102 3352 276 3397 locutus
301 3359 368 3398 est
401 3355 620 3399 Dominus
646 3355 694 3398 in
723 3369 857 3398 manu
886 3353 1201 3410 prophetarum
1223 3353 1439 3409 priorum,
1466 3365 1565 3393 cum
1590 3350 1737 3393 adhuc
1759 3351 1937 3393 Jerusa-

104 3411 193 3456 lem
224 3412 515 3471 habitaretur,
542 3419 586 3458 et
614 3419 731 3458 esset
754 3413 984 3470 opulenta,
1010 3411 1106 3469 ipsa
1132 3417 1176 3455 et
1204 3411 1334 3454 urbes
1366 3410 1412 3454 in
1438 3408 1625 3453 circuitu
1655 3408 1771 3464 ejus,
1806 3412 1849 3451 et
1880 3407 1937 3450 ad

103 3476 324 3531 austrum,
349 3478 391 3516 et
412 3473 458 3516 in
485 3473 806 3530 campestribus
827 3468 1136 3514 habitaremu‘?

107 3630 155 3663 12]
175 3630 255 3659 Luc.
275 3631 302 3665 Ι,
319 3632 363 3659 78.
381 3645 418 3650 -
432 3632 462 3665 5]
483 3632 527 3660 IS.
545 3633 671 3665 LVIII,
691 3636 715 3661 5.

2039 488 2191 522 Quatuor

2021 529 2200 563 quadriga».

2067 1304 2087 1332 J
2090 1310 2168 1333 esus

2032 1346 2187 1379 pontifex
2201 1368 2207 1381 ,

2021 1394 2219 1426 coronatus,

2069 1437 2168 1468 typus

1997 1479 2130 1507 Messiae
2148 1478 2239 1513 regis

1999 1526 2033 1551 et
2043 1522 2238 1551 sacerdotis.

2054 2655 2192 2685 Occasio

2036 2706 2208 2729 sermOmS.

2003 3064 2245 3100 obedientiam,

2039 3117 2104 3138 non
2123 3108 2210 3143 jeju-

2018 3153 2122 3190 nium,
2145 3154 2234 3181 Deus

2039 3196 2208 3230 praecepit.
