2456 3861
746 167 902 218 RUTH,
934 167 977 218 1,
1013 167 1065 210 ‘21
1099 192 1157 199 ———
1192 168 1288 218 ΙΙΙ,
1324 168 1360 213 l.
1883 169 1969 211 249

132 328 447 385 Omnipotens.
474 330 508 358 ‘²¹
530 333 718 389 Egressa
751 349 847 378 sum
871 335 1021 392 plena,
1044 340 1088 378 et
1112 349 1300 377 vacuam
1332 334 1507 378 reduxit
1533 348 1602 377 me
1629 332 1856 376 Dominus.
1883 332 1971 375 Cur

131 401 247 445 ergo
272 391 440 434 vocatis
472 406 541 435 me
576 393 755 446 Noemi,
781 409 915 450 quam
944 395 1159 438 Dominus
1189 393 1462 449 humiliavit,
1486 399 1529 438 et
1560 392 1728 436 afflixit
1759 391 1967 447 Omnipo—

140 448 269 516 tenss?
295 448 332 476 ‘²²
359 451 494 495 Venit
518 465 621 508 ergo
651 453 810 497 Noemi
838 468 938 496 cum
967 455 1086 497 Ruth
1111 454 1376 510 Moabitide,
1408 468 1518 496 nuru
1543 468 1643 508 sua,
1671 452 1724 495 de
1750 457 1864 494 terra
1888 463 1964 507 pe·

139 509 454 610 reggissationis
485 525 599 568 suae,
621 528 673 556 ac
704 527 878 557 reversa
908 520 972 556 est
1004 513 1050 556 iu
1079 513 1360 568 Bethlehem,
1388 513 1562 569 quando
1587 511 1778 569 primum
1804 509 1967 552 hordea

132 581 212 611 me
235 582 258 611 e
291 574 436 613 antur.

603 655 627 713 ξ
654 655 717 698 ΙΙ.
742 679 802 688 -
831 655 1092 713 Cmvjuyz‘zzm
1116 655 1238 699 Ruth
1264 672 1361 699 cum
1385 657 1515 700 Booz.

199 752 304 795 CAP.
334 753 395 795 ΙΙ.
421 779 481 785 -
508 752 518 778 ¹
549 752 655 794 Erat
676 757 825 794 autem
851 753 944 794 viro
969 751 1214 794 Elimelech
1240 752 1615 807 consanguineus,
1642 752 1771 794 homo
1797 757 1966 808 potens,

128 816 184 854 et
208 825 471 867 magnarum
495 824 648 867 opum,
677 809 855 853 nomine
876 812 1006 853 Booz.
1030 809 1048 835 ”²
1067 810 1278 865 Dixitque
1300 810 1441 865 Ruth,
1462 810 1692 865 Moabitis,
1714 811 1771 852 ad
1796 824 1967 853 socrum

126 883 262 912 ,suam
289 885 298 913 :
326 870 370 913 Si
396 869 546 925 jubes,
568 869 732 911 vadam
756 868 803 910 in
827 883 1005 925 agrum,
1037 874 1080 912 et
1105 868 1315 923 colligam
1347 869 1491 924 spicas
1516 883 1613 923 quae
1647 870 1847 923 fugerint
1876 884 1967 912 ma-

138 943 220 971 nus
246 929 530 984 metentium,
558 928 823 984 ubicumque
850 928 1082 971 clementis
1100 928 1148 970 in
1166 941 1242 971 ,me
1268 927 1609 983 patrisfamilias
1638 941 1837 983 reperero
1870 942 1966 984 gra-

136 987 261 1030 tiam.
285 987 365 1030 Cui
394 987 475 1030 illa
502 987 730 1043 respondit
761 1003 770 1030 :
806 987 950 1043 Vade,
985 987 1076 1029 filia
1109 1000 1221 1029 mea.
1259 986 1277 1013 ³
1301 986 1429 1028 Abiit
1456 986 1626 1041 itaque,
1661 992 1704 1028 et
1729 986 1970 1041 colligebat

126 1046 283 1103 spicas
304 1052 403 1104 post
427 1053 552 1103 terga
579 1046 854 1091 metentium.
880 1045 1060 1089 Accidit
1082 1051 1229 1088 autem
1252 1050 1300 1088 ut
1321 1059 1427 1101 ager
1447 1044 1523 1088 ille
1542 1044 1722 1087 haberet
1740 1045 1969 1087 dominum

137 1106 316 1149 nomine
344 1107 480 1162 Booz,
505 1106 579 1161 qui
601 1111 696 1149 erat
721 1105 776 1148 de
798 1105 1062 1161 cognatione
1098 1104 1359 1147 Elimelech.
1382 1103 1399 1130 1
1422 1105 1479 1146 Et
1504 1117 1605 1146 ecce
1629 1104 1724 1160 ipse
1759 1103 1970 1146 veniebat

128 1164 192 1208 -de
220 1165 503 1221 Bethlehem,
528 1165 728 1221 dixitque
761 1164 1025 1208 messoribus
1052 1181 1063 1208 t
1098 1163 1314 1206 Dominus
1343 1162 1586 1206 vobiscum.
1621 1162 1704 1213 Qui
1736 1163 1970 1219 responde-

135 1230 239 1267 runt
262 1225 300 1268 ei
331 1241 339 1269 :
364 1224 611 1268 Benedicat
635 1225 717 1267 tibi
746 1223 976 1267 Dominus.
998 1224 1015 1250 5
1039 1223 1252 1278 Dixitque
1280 1224 1394 1265 Booz
1423 1222 1576 1278 juveni
1609 1222 1683 1277 qui
1705 1222 1970 1265 messoribus

135 1290 326 1340 praeerat
354 1301 363 1328 :
389 1285 528 1341 Cujus
551 1289 617 1327 est
637 1284 733 1326 haec
758 1283 943 1340 puella?
971 1283 990 1309 ⁶
1010 1283 1089 1327 Cui
1115 1281 1342 1337 respondit
1372 1298 1380 1323 .·
1410 1282 1522 1324 Haec
1546 1286 1614 1324 est
1636 1280 1845 1324 Moabitis
1870 1295 1969 1337 quae

137 1343 261 1387 venit
284 1358 387 1386 cum
413 1344 454 1387 N
458 1343 592 1399 oemi,
617 1343 670 1386 de
693 1343 874 1399 regione
897 1341 1155 1385 Moabitide.
1183 1341 1198 1367 7
1226 1341 1284 1383 Et
1308 1340 1482 1397 rogavit
1506 1345 1555 1382 ut
1572 1340 1716 1396 spicas
1742 1340 1970 1396 colligeret

136 1408 438 1458 remanentes,
464 1416 650 1458 sequens
672 1416 914 1445 messorum
936 1402 1153 1457 vestigia3
1178 1405 1224 1443 et
1254 1400 1307 1443 de
1337 1413 1467 1442 mane
1500 1413 1635 1454 usque
1664 1412 1780 1441 nunc
1803 1405 1892 1441 stat
1922 1399 1969 1441 in

126 1475 269 1518 agro,
297 1467 341 1505 et
364 1476 419 1505 ne
444 1462 500 1505 ad
525 1466 802 1504 momentum
827 1461 1007 1516 quidem
1033 1461 1212 1502 domum
1237 1473 1412 1501 reversa
1437 1464 1515 1502 est.

197 1520 214 1547 8
236 1522 296 1564 Et
327 1521 391 1563 ait
420 1522 536 1564 Booz
570 1520 628 1563 ad
658 1520 778 1563 Ruth
805 1536 813 1563 :
850 1519 990 1575 Audi,
1021 1519 1113 1561 filia
1144 1535 1154 1562 z
1183 1533 1239 1561 ne
1269 1518 1406 1560 vadas
1437 1518 1485 1560 in
1517 1519 1706 1561 alterum
1731 1531 1888 1573 agrum
1912 1517 1970 1561 ad

126 1580 459 1636 colligendum,
482 1594 564 1623 nec
588 1579 769 1623 recedas
790 1579 847 1622 ab
868 1579 952 1621 hoc
978 1579 1100 1632 loco;
1124 1578 1200 1621 sed
1221 1577 1408 1633 jungere
1430 1577 1590 1633 puellis
1615 1577 1749 1631 meis,
1784 1576 1800 1602 9
1825 1581 1870 1619 et
1891 1576 1968 1619 ubi

135 1639 421 1695 messuerint,
455 1653 664 1695 sequere3
697 1638 908 1681 mandavi
945 1637 1065 1681 enim
1093 1637 1240 1693 pueris
1274 1635 1384 1678 meis
1419 1641 1468 1678 ut
1497 1650 1626 1679 nemo
1663 1635 1874 1678 molestus
1911 1634 1969 1678 sit

134 1698 247 1754 tibi3
274 1698 350 1742 sed
384 1699 544 1753 etiam,
578 1698 614 1741 si
648 1697 830 1753 sitieris,
860 1698 974 1741 vade
1007 1696 1064 1740 ad
1092 1696 1355 1750 sarcinulas,
1376 1700 1420 1738 et
1445 1695 1548 1738 bibe
1573 1709 1710 1751 aquas
1732 1694 1785 1737 de
1810 1694 1969 1750 quibus

134 1762 182 1801 et
203 1758 327 1814 pueri
352 1757 525 1802 bibunt.
550 1757 586 1784 '¹⁰
611 1759 716 1810 Quae
741 1757 905 1800 cadens
933 1757 980 1799 in
1005 1755 1172 1799 faciem
1201 1769 1328 1798 suam
1361 1761 1404 1798 et
1432 1754 1620 1797 adorans
1642 1767 1771 1809 super
1791 1759 1968 1809 terram,

126 1817 252 1860 >dixit
276 1817 334 1860 ad
359 1832 460 1860 eum
493 1834 502 1861 :
530 1817 661 1861 Unde
689 1817 799 1859 mihi
825 1817 928 1872 hoc,
961 1821 1012 1859 ut
1042 1815 1290 1858 invenirem
1320 1814 1512 1869 gratiam
1538 1819 1642 1856 ante
1672 1812 1820 1855 oculos
1846 1817 1967 1867 tuos,

133 1881 182 1919 et
201 1891 330 1920 nosse
356 1891 426 1920 me
444 1877 690 1933 dignareris
710 1875 992 1932 peregrinam
1018 1874 1280 1917 mulierem?
1308 1873 1340 1899 11
1362 1873 1443 1917 Cui
1459 1872 1536 1916 ille
1561 1871 1787 1928 respondit
1808 1888 1818 1915 :
1847 1872 1969 1914 Nun-

133 1935 250 1979 tiata
271 1941 373 1979 sunt
406 1936 516 1978 mihi
546 1935 695 1979 omnia
727 1949 824 1991 quae
857 1935 1018 1978 feceris
1047 1933 1189 1977 socrui
1223 1938 1311 1976 tuae
1343 1937 1443 1989 post
1475 1937 1661 1974 mortem
1694 1930 1778 1973 viri
1812 1930 1898 1986 tui,
1926 1935 1970 1973 et

125 1995 253 2051 -quod
276 1995 505 2051 reliqueris
529 2000 736 2052 parentes
760 2000 858 2037 tuos
879 1999 924 2037 et
945 1999 1108 2037 terram
1127 1994 1175 2036 in
1201 2007 1287 2048 qua
1312 1998 1418 2035 nata
1445 2007 1513 2047 es,
1545 1997 1588 2034 et
1615 1989 1787 2033 veneris
1812 1989 1870 2032 ad
1893 2004 1970 2047 po-

133 2054 290 2111 pulum
316 2069 446 2110 quem
481 2060 615 2098 antea
646 2054 891 2098 nesciebas
925 2053 960 2080 '¹2
983 2053 1159 2096 Reddat
1189 2051 1271 2095 tibi
1303 2052 1520 2095 Dominus
1545 2065 1622 2107 pro
1655 2063 1782 2105 opere
1807 2054 1902 2104 tuo,
1927 2054 1970 2092 et

135 2113 317 2170 plenam
352 2114 602 2157 mercedem
633 2113 822 2170 recipias
855 2127 882 2155 a
915 2113 1106 2156 Domino
1142 2113 1235 2155 Deo
1266 2111 1425 2166 Israel,
1455 2110 1512 2153 ad
1543 2123 1673 2165 quem
1705 2107 1886 2164 venisti,
1925 2113 1970 2151 et

135 2172 218 2215 sub
244 2173 372 2229 cujus
398 2173 642 2229 confugisti
665 2173 784 2216 alas!
809 2172 846 2199 13
870 2173 975 2223 Quae
999 2172 1066 2214 ait
1094 2188 1103 2216 ε
1132 2171 1290 2215 Inveni
1315 2170 1507 2226 gratiam
1531 2169 1647 2226 apud
1674 2167 1820 2211 oculos
1845 2172 1965 2222 tuos,

123 2231 315 2275 domine
337 2232 420 2287 mi,
444 2231 518 2288 qui
541 2232 792 2275 consolatus
814 2246 859 2274 es
884 2246 975 2287 me,
1003 2235 1048 2274 et
1072 2232 1243 2275 locutus
1270 2245 1316 2274 es
1338 2229 1395 2273 ad
1423 2243 1496 2272 cor
1522 2228 1698 2271 ancillae
1725 2232 1838 2282 tuae,
1872 2240 1969 2282 quae

134 2305 224 2334 non
265 2305 362 2334 sum
401 2291 562 2334 similis
597 2291 726 2334 unius
766 2291 1015 2347 puellarum
1054 2296 1245 2333 tuarum.
1276 2289 1313 2316 ¹4
1337 2289 1549 2344 Dixitque
1582 2287 1639 2330 ad
1676 2300 1774 2329 eam
1816 2286 1929 2328 Booz
1959 2301 1970 2329 ε

125 2351 322 2402 Quando
357 2351 465 2394 hora
498 2350 706 2393 vescendi
743 2350 901 2405 fuerit,
936 2350 1039 2392 veni
1077 2349 1183 2405 huc,
1219 2354 1264 2392 et
1301 2348 1481 2392 comede
1508 2360 1691 2404 panem,
1724 2350 1767 2388 et
1799 2344 1972 2400 intinge

136 2409 386 2453 buccellam
406 2414 532 2453 tuam
565 2410 614 2452 in
642 2415 783 2453 aceto.
816 2409 938 2453 Sedit
965 2409 1115 2464 itaque
1147 2408 1206 2451 ad
1234 2421 1476 2451 messorum
1501 2406 1638 2461 latus,
1667 2410 1713 2448 et
1749 2403 1972 2459 congessit

134 2469 366 2526 polentam
397 2469 503 2525 sibi,
539 2469 838 2524 comeditque,
877 2474 921 2511 et
950 2473 1147 2511 saturata
1180 2472 1266 2522 est,
1297 2473 1341 2510 et
1371 2466 1476 2509 tulit
1503 2465 1725 2521 reliquias.
1764 2462 1799 2489 ¹5
1825 2464 1972 2518 Atque

136 2529 240 2571 inde
262 2529 452 2572 surrexit
474 2533 522 2571 ut
553 2528 698 2585 spicas
732 2543 787 2571 ex
815 2542 934 2571 more
967 2527 1209 2583 colligeret.
1247 2525 1466 2581 Praecepit
1493 2529 1643 2567 autem
1679 2524 1794 2566 Booz
1824 2520 1970 2577 pueris

124 2588 246 2643 suis,
282 2588 433 2631 dicens
467 2605 476 2633 z
509 2588 699 2630 Etiamsi
733 2587 963 2630 vobiscum
996 2591 1162 2629 metere
1194 2585 1404 2640 voluerit,
1440 2599 1494 2627 ne
1528 2581 1800 2639 prohibeatis
1837 2594 1968 2634 eam3

140 2647 176 2674 ¹⁶
197 2653 244 2691 et
268 2648 322 2692 de
342 2648 501 2691 vestris
525 2661 697 2704 quoque
722 2647 962 2703 manipulis
985 2645 1190 2702 projicite
1215 2644 1270 2687 de
1294 2643 1531 2698 industria,
1560 2647 1603 2685 et
1623 2653 1850 2684 remanere
1875 2652 1970 2695 per-

135 2707 324 2764 mittite,
349 2711 398 2750 ut
417 2707 584 2763 absque
609 2706 766 2749 rubore
793 2705 997 2762 colligat,
1026 2709 1071 2747 et
1095 2704 1381 2760 colligentem
1406 2715 1537 2745 nemo
1559 2700 1779 2756 corripiat.

197 2765 231 2793 17
254 2766 447 2822 Collegit
475 2780 579 2822 ergo
605 2765 654 2808 in
685 2779 794 2822 agro
827 2778 962 2820 usque
995 2764 1052 2806 ad
1085 2777 1339 2820 vesperam3
1375 2766 1420 2805 et
1451 2775 1549 2817 quae
1583 2759 1824 2815 collegerat
1844 2758 1972 2814 virga

125 2826 313 2869 -caedens
349 2831 394 2869 et
430 2826 678 2882 excutiens,
712 2824 885 2868 invenit
922 2823 1073 2866 hordei
1111 2822 1236 2879 quasi
1268 2821 1372 2878 ephi
1408 2833 1682 2873 mensuram,
1712 2817 1758 2860 id
1789 2821 1855 2860 est
1881 2822 1971 2860 tres

136 2885 320 2930 modios.
343 2885 380 2912 ¹8
405 2886 521 2936 Quos
541 2890 723 2941 portans
743 2898 918 2927 reversa
947 2888 1014 2926 est
1037 2883 1084 2924 in
1111 2881 1361 2936 civitatem,
1385 2885 1429 2923 et
1462 2878 1657 2922 ostendit
1685 2877 1826 2921 socrui
1852 2890 1968 2930 suae3

136 2945 316 3001 insuper
351 2944 554 3001 protulit,
594 2949 638 2987 et
671 2943 794 2987 dedit
831 2943 870 2986 ei
896 2942 950 2985 de
984 2941 1183 2998 reliquiis
1217 2940 1306 2983 cibi
1331 2939 1419 2995 sui,
1455 2952 1540 2994 quo
1574 2941 1772 2981 saturata
1807 2935 1967 2978 fuerat.

139 3003 175 3030 ¹⁹
200 3004 410 3060 Dixitque
447 3003 489 3047 ei
516 3018 664 3047 socrus
693 3017 772 3046 sua
798 3019 807 3047 :
846 3002 935 3046 Ubi
961 3002 1091 3044 hodie
1125 2999 1365 3056 collegisti,
1397 3003 1441 3042 et
1473 2997 1549 3041 ubi
1573 2996 1724 3040 fecisti
1745 2994 1888 3052 opus?
1913 2993 1972 3036 sit

137 3063 396 3107 benedictus
417 3063 491 3120 qui
522 3063 727 3106 misertus
748 3067 815 3105 est
843 3061 909 3104 tui
932 3062 940 3105 !
976 3059 1288 3115 Indicavitque
1316 3058 1357 3102 ei
1381 3057 1500 3115 apud
1533 3071 1663 3113 quem
1686 3054 1847 3098 fuisset
1869 3067 1969 3109 ope-

134 3127 253 3178 rata,
284 3127 330 3166 et
361 3135 524 3165 nomen
549 3121 665 3165 dixit
697 3122 801 3177 viri,
824 3120 940 3177 quod
962 3121 1076 3163 Booz
1099 3123 1343 3162 vocaretur.
1367 3117 1501 3161 90(3111
1526 3113 1754 3172 respondit
1779 3112 1936 3156 Noemi
1959 3127 1968 3155 :

140 3181 408 3224 Benedictus
441 3181 499 3224 sit
530 3195 557 3223 a
592 3181 805 3236 Domino,
843 3180 1051 3236 quoniam
1090 3177 1293 3221 eamdem
1327 3176 1519 3234 gratiam
1556 3189 1687 3231 quam
1721 3172 1971 3230 praebuerat

135 3239 252 3283 vivis
273 3239 470 3283 servavit
490 3246 535 3283 et
561 3240 768 3283 mortuis!
805 3240 1080 3294 Rursumque
1102 3238 1166 3280 ait
1195 3254 1203 3282 :
1242 3237 1518 3293 Propinquus
1551 3239 1698 3278 noster
1726 3237 1793 3275 est
1825 3231 1969 3275 homo.

127 3298 175 3325 '²¹
201 3300 259 3342 Et
282 3299 401 3342 Ruth
429 3316 439 3344 ι
475 3300 575 3342 Hoc
607 3312 800 3355 quoque,
830 3298 993 3353 inquit,
1033 3296 1246 3353 praecepit
1271 3295 1401 3346 mihi,
1431 3300 1481 3337 ut
1504 3293 1676 3337 tamdiu
1704 3288 1970 3334 messoribus

139 3358 237 3414 ejus
260 3358 490 3415 jungerer,
519 3358 660 3401 donec
686 3371 838 3401 omnes
859 3357 1031 3412 segetes
1058 3360 1339 3399 meterentur.
1360 3353 1399 3380 ³²
1423 3353 1503 3397 Cui
1525 3352 1640 3395 dixit
1660 3363 1808 3394 socrus
1834 3365 1843 3391 ε
1877 3348 1970 3390 Me-

140 3416 222 3460 lius
247 3417 433 3472 est,filia
459 3431 578 3473 mea,
602 3423 652 3461 ut
673 3431 774 3460 cum
798 3415 959 3473 puellis
992 3415 1090 3471 ejus
1111 3428 1245 3458 exeas
1268 3413 1326 3456 ad
1359 3412 1637 3466 metendum,
1664 3423 1718 3452 ne
1748 3409 1793 3451 in
1823 3406 1970 3450 alieno

127 3488 246 3530 agro
267 3476 487 3533 quispiam
507 3476 685 3519 resistat
705 3476 802 3519 tibi.
837 3474 874 3501 '²3
895 3475 924 3518 J
928 3480 1062 3516 uncta
1094 3479 1162 3517 est
1188 3473 1339 3528 itaque
1365 3471 1525 3528 puellis
1550 3471 1686 3523 Booz,
1720 3473 1765 3511 et
1797 3465 1971 3510 tamdiu

129 3546 242 3575 -cum
258 3534 322 3577 eis
344 3535 548 3591 messuit,
572 3535 711 3578 donec
735 3533 899 3577 hordea
924 3538 969 3576 et
992 3532 1191 3575 triticum
1216 3531 1262 3574 in
1287 3529 1453 3574 horreis
1475 3529 1778 3572 conderentur.

201 3595 305 3639 CAP.
333 3596 422 3639 ΠΙ.
444 3622 504 3628 -
528 3596 541 3621 1
566 3596 806 3650 Postquam
841 3597 991 3635 autem
1023 3605 1200 3634 reversa
1232 3594 1298 3632 est
1326 3589 1383 3631 ad
1415 3601 1588 3630 socrum
1617 3600 1762 3638 suam,
1796 3584 1969 3627 audivit

129 3652 197 3695 ab
219 3667 297 3696 ea:
322 3653 438 3696 Filia
470 3667 590 3710 mea,
624 3667 821 3709 quaeram
858 3650 939 3694 tibi
976 3649 1193 3705 requiem,
1226 3653 1270 3690 et
1299 3645 1539 3703 providebo
1573 3650 1619 3687 ut
1649 3644 1761 3686 bene
1784 3643 1842 3686 sit
1870 3642 1967 3685 tibi.

2085 762 2222 796 Colligit

2069 814 2177 840 spicas
2203 813 2236 834 m

2050 858 2131 884 agro
2158 851 2255 878 Booz.

2062 3532 2247 3563 Consilium

2056 3577 2251 3610 nuptiarum

2076 3630 2095 3650 a
2114 3622 2139 3650 N
2142 3620 2229 3649 oemi

2087 3667 2202 3693 (latum
2213 3684 2221 3699 ,
