2456 3861
188 657 260 687 Duo
279 664 377 687 casus

187 709 377 735 proponun-

249 749 316 775 tur.

156 1190 278 1220 Modus
309 1190 398 1224 puri-

188 1235 370 1266 ficationis.

217 1847 332 1880 Leprae

187 1891 360 1920 hominum

218 1936 314 1970 signa
330 1945 336 1965 :

155 1983 187 2009 1⁰
206 1981 238 2009 in
265 1986 342 2011 cute
363 1986 395 2012 et

224 2034 323 2056 carne

175 2074 293 2103 (casus
316 2073 379 2106 pri-

221 2118 332 2149 mus),

163 2736 252 2767 (CRSU
259 2740 273 2761 Ξ
286 2739 401 2762 5601111-

227 2776 332 2811 dus),

182 3509 298 3539 (casus
321 3508 384 3534 ter-

228 3549 278 3579 tiu
284 3550 337 3585 s),

480 177 563 219 102
1047 175 1160 219 ων.
1196 177 1284 231 XI,
1319 178 1374 220 47
1408 201 1465 210 -
1498 177 1640 232 xm,
1677 178 1743 222 19.

475 358 687 397 moveturv
703 353 750 396 in
772 367 907 409 aqua,
931 358 975 396 et
999 357 1147 409 reptat
1169 352 1216 394 in
1242 357 1381 407 terra,
1411 352 1446 379 4⁷
1465 358 1515 396 ut
1540 351 1825 398 differentias-
1845 356 2059 400 noveritis
2085 358 2241 402 mundi
2266 363 2309 401 et

472 411 715 467 immundi,
743 417 786 455 et
811 411 962 455 sciatis
988 410 1093 466 quid
1119 411 1350 454 comedere
1376 416 1419 455 et
1444 412 1551 467 quid
1573 427 1777 470 respuere
1804 413 2017 458 debeatis,

828 537 851 594 ξ
886 537 948 579 ΙΙ.
971 562 1030 569 --
1058 537 1295 593 Puerperae
1323 539 1607 582 immunditia
1640 545 1680 583 et
1710 540 1955 585 mundatio.-

533 649 640 692 CAP.
666 647 775 690 XII.
797 673 857 679 --
878 647 890 674 1
914 649 1197 704 Locutusque
1217 654 1283 691 est
1313 649 1532 693 Dominus
1553 649 1610 693 ad
1637 651 1843 707 Moysen,
1871 651 2049 695 dicens:
2076 650 2093 678 ²
2111 651 2313 708 Loquere

472 706 576 750 filiis
601 706 763 762 Israel,
790 712 834 749 et
858 706 978 750 dices
1007 707 1065 750 ad
1094 721 1168 751 eos
1189 724 1199 752 ;
1220 707 1395 762 Mulier,
1410 707 1446 750 si
1469 713 1674 765 suscepto
1699 709 1869 753 semine
1890 709 2307 768 pepereritmascu-

472 765 586 822 lum,
624 765 859 809 immunda
896 766 978 809 erit
1013 771 1186 824 septem
1220 763 1398 822 diebus,
1432 766 1563 822 juxta
1596 766 1692 811 dies
1729 768 2021 824 separationis
2055 773 2314 812 menstruae.

471 824 490 853 3
506 825 566 868 Et
582 824 654 868 die
674 830 832 869 octavo
850 824 1194 870 circumcidetur
1210 825 1488 881 infantulus3
1509 825 1527 852 4
1543 825 1640 883 ipsa
1659 840 1762 870 vero
1782 826 1968 883 triginta
1990 827 2131 870 tribus
2154 826 2315 871 diebus·

471 884 673 928 manebit
698 884 745 927 in
771 884 990 940 sanguine
1013 884 1334 941 purificationis
1364 899 1470 927 suae.
1498 885 1641 929 Omne
1668 891 1876 929 sanctum
1904 900 1994 930 non
2025 891 2203 943 tanget,
2229 900 2314 930 nec

469 943 746 999 ingredietur
779 944 829 987 in
859 944 1183 1000 sanctuarium,
1225 944 1365 987 donec
1400 943 1672 1001 impleantur
1709 945 1802 988 dies
1843 945 2181 1002 purificationis
2202 959 2312 989 suae.

470 1002 489 1030 ⁵
510 1003 585 1047 Sin
618 1008 769 1046 autem
802 1003 1022 1046 feminam
1056 1002 1295 1060 pepererit,
1333 1003 1566 1046 immunda
1604 1004 1686 1047 erit
1723 1004 1903 1048 duabus:
1928 1005 2311 1061 hebdomadibuS,

468 1061 601 1119 juxta
625 1062 762 1105 ritum
781 1062 928 1105 fluxus
950 1062 1178 1118 menstrui,
1199 1067 1242 1105 et
1260 1062 1497 1118 sexaginta
1517 1076 1596 1106 sex
1618 1062 1774 1106 diebus
1799 1063 1999 1107 manebit
2023 1063 2071 1107 in
2091 1063 2316 1120 sanguine

469 1121 791 1180 purificationis
817 1136 922 1165 suae.

529 1181 547 1208 ¹³
572 1181 772 1236 Cumque
808 1180 974 1238 expleti
1011 1180 1193 1224 fuerint
1215 1181 1317 1224 dies
1347 1181 1667 1238 purificationis
1704 1196 1819 1239 suae,
1856 1196 1936 1240 pro
1963 1183 2076 1239 filio,
2109 1183 2204 1227 sive
2233 1196 2311 1240 pro

469 1240 582 1297 filia,
605 1240 778 1283 deferet
802 1254 971 1296 agnum
990 1239 1254 1283 anniculum
1277 1240 1326 1283 iu
1345 1240 1678 1297 holocaustum,
1701 1247 1746 1285 et
1769 1241 1943 1299 pullum
1975 1241 2317 1286 columbaesive

469 1304 686 1342 turturem
712 1313 789 1356 pro
816 1305 1020 1356 peccato,
1047 1299 1106 1342 ad
1136 1300 1299 1343 ostium
1324 1300 1895 1358 tabernacuiitestimonii,
1924 1306 1968 1345 et
1991 1302 2151 1345 tradet
2168 1313 2328 1345 sacer*->

470 1359 584 1414 doti,
603 1358 619 1384 7
638 1358 711 1414 qui
735 1359 892 1402 offeret
915 1358 997 1401 illa
1022 1373 1174 1402 coram.
1194 1359 1407 1414 Domino,
1432 1360 1642 1404 etorabit
1662 1374 1741 1417 pro
1767 1375 1839 1417 ea,
1863 1367 1907 1404 et
1931 1361 1995 1404 sic
2021 1360 2312 1404 munda-bitur

468 1433 495 1460 a
520 1417 741 1474 profluvio
762 1417 994 1475 sanguinis
1020 1418 1088 1461 sui
1110 1436 1118 1474 3
1144 1418 1230 1462 ista
1257 1423 1324 1462 est
1344 1419 1426 1462 lex'
1443 1419 1658 1476 parientis
1689 1421 1940 1464 masculum
1965 1426 2057 1463 aut
2076 1420 2310 1464 feminam.

469 1477 486 1503 8
504 1476 628 1528 Quod
653 1477 690 1520 si
722 1492 809 1521 non
836 1477 1059 1521 invenerit
1085 1492 1244 1521 manus
1266 1478 1386 1535 ejus,
1416 1493 1498 1522 nec
1530 1480 1724 1536 potuerit
1753 1480 1912 1524 offerre
1944 1492 2136 1537 agnum,
2166 1484 2311 1524 sumet

469 1536 578 1580 duos
615 1542 808 1580 turtures
844 1537 916 1580 vel
954 1537 1062 1580 duos
1098 1537 1244 1594 pullos
1281 1538 1609 1595 columbarum,
1645 1553 1783 1582 unum
1816 1540 1863 1582 in
1901 1539 2234 1596 holocaustum,
2267 1543 2313 1582 et

468 1594 658 1639 alterum
679 1610 757 1653 pro
778 1601 987 1653 peecato3
1016 1597 1246 1653 orabitque
1273 1610 1350 1654 pro
1377 1598 1674 1655 easacerdos,
1702 1604 1746 1642 et
1767 1599 1830 1641 sic
1856 1599 2160 1642 mundabitur.

1132 1726 1156 1784 ξ
1192 1726 1281 1769 III.
1312 1753 1372 1758 —
1401 1727 1473 1769 De
1507 1725 1640 1783 lepra.

528 1837 636 1881 CAP.
664 1837 799 1880 XIII.
818 1863 878 1869 -——
895 1837 907 1863 1
926 1838 1210 1894 Locutus-que
1232 1843 1300 1881 est
1325 1837 1544 1882 Dominus
1564 1838 1622 1881 ad
1650 1839 1833 1895 Moysen
1843 1869 1858 1895 -5
1873 1843 1919 1882 et
1940 1838 2111 1895 Aaron,
2132 1838 2284 1882 dicens
2300 1854 2314 1883 τ

469 1895 486 1922 2
505 1897 675 1952 Homo,
703 1896 751 1939 in
782 1897 911 1954 cujus
943 1902 1045 1940 cute
1072 1902 1115 1940 et
1147 1911 1280 1941 carne
1310 1902 1430 1941 ortus
1459 1897 1598 1941 fuerit
1627 1897 1829 1941 diversus
1855 1897 1974 1941 color
1995 1897 2090 1941 sive
2106 1896 2309 1955 pustula,

469 1961 546 1999 aut
572 1955 696 2012 quasi
719 1956 872 1999 lucens
896 1956 1146 2014 quippiam,
1168 1956 1215 2001 id
1239 1962 1306 2000 est
1325 1956 1464 2014 plaga
1479 1956 1635 2014 leprae,
1654 1956 1977 2001 adduceturad
1993 1957 2315 2001 Aaronrsacer-

470 2015 642 2071 dotem,
664 2015 736 2059 vel
758 2015 815 2059 ad
840 2030 980 2059 unum
1002 2015 1247 2072 quemlibet
1271 2016 1465 2060 filiorum
1491 2016 1603 2073 ejus.⁴
1622 2016 1640 2043 3
1654 2016 1736 2068 Qui
1750 2029 1864 2060 *eum
1885 2016 2048 2060 viderit
2073 2016 2243 2074 lepram
2263 2015 2310 2059 111

470 2081 591 2130 cute,
619 2080 662 2119 et
687 2074 800 2132 pilos
825 2076 872 2118 in
892 2075 1048 2119 album
1069 2080 1265 2120 mutatos
1292 2076 1505 2131 colorem,
1526 2076 1760 2133 ipsamque
1784 2076 1980 2134 speciem
2005 2075 2315 2133 lepraehnrmj·

469 2135 625 2178 liorem
652 2140 754 2178 cute
778 2141 822 2178 et
849 2146 980 2179 carne
1001 2135 1196 2192 reliqua3
1220 2135 1355 2193 plaga
1380 2135 1517 2193 leprae
1544 2141 1630 2191 est,
1655 2140 1700 2178 et
1723 2135 1780 2179 ad
1803 2135 2040 2179 arbitrium
2062 2135 2310 2193 ejussepa·

468 2194 651 2237 rabitur.
671 2193 688 2220 ⁴
707 2194 782 2238 Sin
804 2200 955 2238 autem
976 2195 1130 2238 lucens
1156 2195 1321 2238 candor
1341 2195 1547 2238 fueritin
1573 2200 1695 2250 cute,
1718 2208 1801 2238 nec
1822 2194 2315 2238 humiliorcamereli-

470 2267 579 2310 qua,
610 2259 654 2297 et
686 2253 766 2311 pili
796 2254 955 2297 coloris
987 2253 1184 2311 pristini,
1219 2254 1419 2298 recludet
1447 2267 1549 2298 eum
1579 2255 1784 2298 sacerdos
1817 2260 2000 2312 septem>
2019 2254 2204 2309 diebuse3
2232 2254 2312 2297 5‘et

470 2312 769 2356 considerabit
791 2313 862 2356 die
888 2313 1075 2370 septimo
1093 2331 1101 2369 ;
1122 2318 1168 2356 et
1191 2314 1412 2370 siquidem
1437 2313 1560 2371 lepra
1581 2314 1698 2357 ultra
1721 2327 1811 2358 non
1833 2314 2042 2370 creverit,
2064 2324 2146 2357 nec
2168 2318 2313 2356 tran-s-

468 2371 570 2414 ierit
597 2371 645 2415 in
676 2377 777 2415 cute
809 2373 1233 2429 priores>ter1ninOS‚
1260 2386 1435 2416 rursum
1455 2373 1657 2417 recludet
1683 2388 1784 2417 eum
1806 2378 1977 2431 septem
2008 2372 2174 2416 diebus*
2193 2370 2310 2415 aliis.

469 2431 487 2458 ⁶
502 2432 559 2474 Et
576 2431 649 2475 die
670 2431 859 2489 septimo
882 2432 1281 2490 contemplabitur,
1310 2433 1346 2476 si
1370 2432 1596 2476 obscurior
1619 2432 1758 2476 fuerit
1781 2432 1923 2490 lepra,
1947 2438 1992 2476 et
2009 2443 2101 2476 non·
2122 2431 2308 2476 creverit

468 2490 515 2533 in
548 2496 670 2546 cute,
701 2491 937 2534 mundabit
967 2504 1089 2547 eum,
1120 2491 1224 2548 quia
1253 2492 1425 2536 scabies
1455 2498 1545 2548 est,
1584 2492 1844 2548 lavabitque
1875 2492 2008 2535 1101110
2040 2491 2313 2535 vestimenta

470 2565 570 2606 sua,
594 2555 637 2594 et
663 2550 868 2594 mundus·
881 2551 975 2594 erit.
1000 2550 1015 2577 ⁷
1031 2551 1159 2602 Quod
1180 2551 1217 2594 si
1243 2557 1481 2609 postquam.
1501 2567 1527 2594 a
1541 2552 1777 2595 sacerdote
1793 2551 1917 2594 visus
1932 2555 2023 2605 est,
2044 2555 2089 2594 et
2109 2550 2308 2594 redditus

471 2609 727 2664 munditiae,
764 2609 927 2653 iterum
959 2610 1081 2668 lepra
1116 2611 1323 2668 creverit,
1363 2611 1611 2654 adducetur
1647 2611 1704 2654 ad
1738 2624 1861 2665 eum,
1895 2609 1913 2636 ⁸
1934 2616 1978 2653 et
2006 2609 2308 2653 immunditiae

471 2668 855 2713 condemnabitur.

531 2727 548 2754 9
575 2728 715 2784 Plaga
751 2727 886 2786 leprae
923 2729 959 2772 si
997 2730 1136 2773 fuerit
1171 2730 1217 2773 in
1254 2730 1455 2787 homine,
1495 2731 1742 2774 adducetur
1778 2729 1835 2773 ad
1875 2730 2174 2785 sacerdotem,
2208 2728 2246 2756 ¹⁰
2265 2734 2309 2772 et

472 2787 643 2830 videbit
664 2801 778 2831 eum.
803 2789 1004 2845 Cumque
1030 2789 1149 2832 color
1168 2789 1298 2833 ‘albus
1323 2790 1369 2832 in
1397 2796 1497 2834 cute
1523 2790 1682 2844 fuerit,
1706 2794 1749 2832 et
1775 2788 2039 2846 capillorum
2069 2787 2308 2832 mutaverit

472 2851 723 2903 aspectum,
749 2847 846 2904 ipsa
872 2862 1044 2904 quoque
1067 2862 1168 2892 caro
1189 2849 1293 2892 viva
1315 2849 1591 2906 apparuerit,
1613 2848 1645 2875 ¹¹
1665 2849 1787 2905 lepra
1809 2848 2114 2892 vetustissima
2134 2847 2310 2905 judica-

471 2905 604 2960 bitur,
626 2911 759 2961 atque
784 2906 943 2950 inolita
968 2908 1072 2953 cuti.
1095 2908 1431 2952 Contaminabit
1452 2909 1602 2964 itaque
1622 2922 1723 2952 eum
1744 2907 1969 2964 sacerdos,
1990 2912 2033 2951 et
2053 2919 2145 2951 non·
2168 2905 2308 2950 reclu-

473 2965 567 3021 det,
602 2964 703 3021 quia
737 2966 983 3023 perspicuae
1013 2967 1313 3010 immunditiae
1341 2973 1419 3011 est.
1452 2967 1487 2994 ¹2
1510 2968 1585 3012 Sin
1615 2972 1765 3011 autem
1795 2966 2030 3010 effloruerit
2060 2966 2312 3010 discurrens-

473 3023 601 3081 lepra=
618 3024 664 3066 in
687 3029 807 3080 cute,
832 3030 875 3068 et
905 3026 1125 3082 operuerit
1149 3039 1327 3070 omnem
1354 3033 1501 3070 cutem
1526 3042 1555 3070 a·
1580 3027 1725 3084 capite
1750 3040 1889 3082 usque
1913 3025 1970 3069 ad
2000 3025 2154 3083 pedes,
2182 3024 2308 3081 quid-

473 3083 578 3139 quid
600 3083 683 3126 sub
704 3089 935 3140 aspectum
958 3085 1185 3128 oculorum
1208 3085 1348 3142 cadit,
1369 3085 1406 3112 13
1421 3084 1719 3130 considerabit
1742 3099 1842 3128 eum
1861 3085 2087 3141 sacerdos«,
2105 3089 2150 3128 et
2161 3083 2307 3128 ‘teneri

472 3142 593 3199 lepra
628 3142 921 3186 mundissima
953 3143 1196 3201 judicabit,
1233 3159 1284 3188 eo
1316 3145 1431 3201 quod
1462 3145 1605 3189 omnis
1636 3145 1684 3187 in-
1718 3144 1955 3188 candorem
1990 3156 2121 3188 versa
2149 3142 2231 3199 sit,
2263 3148 2306 3186 et

471 3201 639 3245 idcirco
666 3201 799 3245 homo
827 3202 1019 3245 mundus
1053 3203 1148 3247 erit.
1183 3203 1216 3230 ¹4
1234 3204 1420 3255 Quando
1444 3219 1548 3248 vero
1575 3216 1677 3248 caro
1702 3203 1857 3247 vivens
1883 3203 1929 3246 in
1956 3216 2008 3247 eo
2030 3201 2306 3260 apparuerit,

474 3260 509 3287 15
526 3265 632 3304 tunc
662 3261 903 3304 sacerdotis
931 3261 1101 3317 judicio
1128 3263 1363 3320 polluetur,
1387 3268 1432 3307 et
1455 3264 1572 3308 inter
1593 3262 1848 3307 immundos
1876 3261 2178 3320 reputabitur3
2207 3271 2314 3304 caro

473 3319 593 3363 enim
613 3320 718 3363 viva
738 3320 774 3363 si
797 3319 918 3378 lepra
939 3321 1201 3378 aspergitur,
1224 3322 1458 3366 immunda
1480 3329 1558 3367 est.
1579 3323 1616 3350 ¹⁶
1630 3321 1753 3373 Quod
1775 3321 1811 3365 si
1828 3335 2005 3366 rursum
2022 3333 2151 3364 versa
2170 3319 2309 3363 fuerit

471 3379 517 3421 in
543 3379 763 3435 alborem,
797 3384 841 3423 et
874 3384 1017 3424 totum
1042 3380 1269 3424 hominem
1296 3381 1538 3439 operuerit,
1570 3382 1604 3409 17
1628 3380 1929 3424 considerabit
1955 3392 2053 3424 eum
2081 3378 2304 3435 sacerdOS,

474 3442 517 3481 et
542 3438 758 3482 mundum
781 3452 875 3483 esse
897 3439 1117 3483 decernet.

533 3498 568 3524 ¹⁸
587 3498 699 3542 Caro
723 3503 875 3541 autem
901 3504 944 3542 et
969 3499 1088 3542 cutis
1106 3499 1153 3542 in
1176 3513 1261 3555 qua
1288 3500 1412 3543 ulcus
1435 3505 1593 3543 natum
1617 3504 1682 3543 est
1708 3504 1752 3542 et
1773 3505 2000 3554 sanatum,
2025 3498 2062 3524 19
2076 3504 2119 3542 et
2143 3498 2189 3541 iu
2212 3497 2312 3541 loc'o

473 3555 631 3599 ulceris
659 3557 844 3600 cicatrix
869 3557 972 3600 alba
997 3558 1272 3615 apparuerit,
1295 3559 1388 3602 sive
1415 3559 1622 3613 subrufa,
1650 3558 1897 3602 adducetur
1921 3558 2052 3601 homo
2083 3556 2139 3600 ad
2166 3569 2311 3600 sacer-

473 3698 503 3731 2]
523 3697 601 3726 Luc.
622 3698 671 3732 11,
689 3700 732 3727 22.
750 3713 783 3717 —
799 3699 828 3732 3]
849 3699 928 3734 Luc.
949 3699 999 3734 11,
1018 3701 1065 3731 21,
1085 3700 1181 3728 Joan.
1202 3699 1282 3734 VII,
1300 3702 1344 3727 22.
1362 3714 1397 3718 —-
1415 3699 1443 3732 8]
1463 3698 1540 3731 Sup.
1559 3700 1598 3734 V,
1617 3701 1690 3727 7-11.
1715 3699 1793 3728 Luc.
1810 3700 1863 3734 ΙΙ,
1878 3701 1921 3727 24.
