2456 3861
647 167 772 211 NUM.
806 169 991 223 XXIII,
1027 170 1081 211 27
1115 196 1172 201 —
1205 170 1348 224 XXV,
1381 172 1421 213 3.
1866 175 1946 216 147

183 337 217 364 97
237 337 294 380 Et
322 337 385 379 ait
413 337 548 379 Balac
576 337 632 379 ad
666 351 765 380 eum
788 353 796 379 :
824 336 958 387 Veni,
985 342 1028 380 et
1053 338 1213 380 ducam
1240 344 1282 382 te
1312 339 1368 382 ad
1397 339 1535 382 alium
1566 340 1731 396 locum,
1761 341 1796 384 si
1830 342 1947 385 forte

124 397 296 453 placeat
323 397 414 439 Deo
446 403 493 438 ut
521 395 624 438 inde
654 394 893 438 maledicas
923 397 998 438 eis.
1027 396 1062 422 2⁸
1080 398 1278 452 Cumque
1304 398 1502 442 duxisset
1527 413 1627 442 eum
1657 414 1786 456 super
1815 400 1945 443 verti-

119 469 216 498 cem
243 454 404 497 montis
429 455 614 509 Phogor,
639 453 711 509 qui
735 453 913 509 respicit
935 455 1240 511 solitudinem,
1260 456 1296 482 ‘²⁰
1314 457 1428 499 dixit
1446 457 1484 501 ei
1512 458 1695 501 Balaam
1719 475 1728 501 ι
1750 458 1946 501 AEdifica

121 514 228 556 mihi
252 513 323 555 hic
349 515 517 569 septem
535 526 653 567 aras,
673 517 716 555 et
739 526 842 568 para
865 513 1051 557 totidem
1070 514 1252 570 vitulos,
1273 516 1559 572 ejusdemque
1580 516 1749 560 numeri
1772 517 1944 560 arietes.

117 571 156 598 ³⁰
174 572 299 615 Fecit
329 572 463 615 Balac
487 577 534 614 ut
561 571 745 614 Balaam
772 570 968 627 dixerat3
996 572 1293 628 imposuitque
1321 574 1480 617 vitulos
1506 581 1549 619 et
1573 576 1731 619 arietes
1757 590 1833 632 per
1857 576 1945 618 sin-

115 631 245 686 gulas
271 646 382 674 aras.
642 652 644 655 ·

177 691 284 734 CAP.
319 690 488 732 XXIV.
517 715 576 720 --
606 687 617 714 ¹
647 688 845 745 Cumque
879 688 1062 731 vidisset
1094 690 1279 733 Balaam
1313 693 1428 747 quod
1459 693 1651 749 placeret
1678 695 1868 738 Domino
1899 700 1946 737 ut

118 747 397 792 benediceret
434 746 605 804 Israeli,
630 761 908 803 nequaquam
948 746 1061 789 abiit
1098 753 1146 790 ut
1184 754 1288 793 ante
1326 758 1595 807 perrexerat,
1627 757 1674 795 ut
1709 753 1946 808 augurium

117 813 355 863 quaereret3
379 806 456 850 sed
480 806 674 862 dirigens
699 811 851 850 contra
874 807 1094 850 desertum
1113 807 1287 850 vultum
1308 823 1460 864 suum,
1483 810 1555 853 ‘2et
1581 812 1758 854 elevans
1781 812 1943 868 oculos,

116 867 230 910 vidit
255 866 392 909 Israel
421 865 467 908 in
500 864 700 908 tentoriis
732 869 1080 908 commorantem
1109 880 1186 922 per
1214 867 1355 910 tribus
1380 883 1506 923 suas3
1541 874 1584 912 et
1613 869 1804 914 irruente
1829 871 1873 913 in
1900 885 1946 914 se

114 925 271 982 spiritu
307 924 408 980 Dei,
435 924 697 980 3assumpta
731 924 961 981 parabola,
985 924 1081 968 ait:
1115 925 1242 967 Dixit
1277 927 1483 982 Balaam,
1514 928 1630 970 filius
1663 930 1798 983 Beor;
1832 929 1946 972 dixit

115 984 266 1039 homo,
305 983 432 1039 cujus
469 983 698 1026 obturatus
734 988 799 1026 est
836 983 1013 1038 oculus;
1049 982 1066 1009 4
1089 983 1203 1026 dixit
1235 985 1411 1028 auditor
1443 1000 1695 1029 sermonum
1727 988 1829 1043 Dei,
1871 989 1945 1044 qui

114 1043 330 1086 visionem
368 1041 695 1098 Omnipotentis
732 1042 918 1085 intuitus
957 1047 1042 1098 est,
1077 1042 1151 1098 qui
1186 1043 1325 1099 cadit,
1365 1052 1408 1088 et
1441 1045 1503 1088 sic
1539 1046 1797 1102 aperiuntur
1829 1047 1945 1090 oculi

113 1102 210 1157 ejus
236 1118 244 1146 :
271 1102 288 1128 5
313 1101 455 1151 Quam
484 1101 668 1158 pulchra
700 1101 987 1144 tabernacula
1021 1106 1118 1157 tua,
1153 1102 1316 1146 Jacob!
1352 1109 1395 1147 et
1427 1104 1616 1147 tentoria
1646 1109 1741 1161 tua,
1777 1106 1941 1149 Israel!

112 1162 131 1188 6
152 1162 211 1204 Ut
241 1161 378 1204 valles
408 1174 671 1215 nemorosae,
704 1165 751 1202 ut
780 1160 895 1203 horti
922 1160 1050 1216 juxta
1075 1160 1232 1204 fluvios
1262 1161 1436 1219 irrigui,
1464 1168 1512 1205 ut
1538 1163 1823 1207 tabernacula
1849 1179 1945 1220 quae

112 1220 210 1263 fixit
241 1220 478 1275 Dominus,
509 1219 633 1275 quasi
664 1218 783 1263 cedri
817 1233 951 1276 prope
983 1233 1133 1275 aquas.
1164 1219 1179 1246 7
1204 1220 1335 1264 Fluet
1359 1236 1473 1277 aqua
1501 1223 1555 1265 de
1587 1222 1720 1265 situla
1750 1223 1867 1279 ejus,
1902 1229 1942 1267 et

111 1293 261 1323 semen
290 1279 410 1322 illius
441 1278 523 1322 erit
555 1278 598 1320 in
634 1292 770 1334 aquas
805 1279 982 1321 multas.
1017 1278 1216 1322 Tolletur
1245 1285 1420 1337 propter
1449 1282 1606 1337 Agag,
1642 1296 1719 1325 rex
1751 1282 1868 1338 ejus,
1902 1287 1943 1325 et

109 1339 336 1382 auferetur
361 1351 548 1393 regnum
569 1337 702 1392 illius.
726 1337 743 1363 8
764 1339 882 1381 Deus
909 1337 1063 1380 eduxit
1092 1337 1221 1380 illum
1248 1339 1301 1382 de
1323 1341 1543 1396 AEgypto,
1575 1340 1701 1396 cujus
1727 1341 1944 1385 fortitudo

108 1398 269 1440 similis
302 1403 367 1440 est
396 1396 697 1439 rhinocerotis.
725 1396 1013 1439 Devorabunt
1046 1402 1199 1452 gentes
1233 1397 1380 1441 hostes
1409 1399 1548 1455 illius,
1581 1414 1765 1456 ossaque
1794 1414 1945 1443 eorum

109 1457 417 1512 confringent,
445 1460 488 1498 et
513 1455 803 1512 perforabunt
828 1455 1020 1510 sagittis.
1044 1455 1061 1481 9
1077 1455 1314 1499 Accubans
1338 1457 1548 1500 dormivit
1570 1464 1618 1501 ut
1644 1458 1731 1514 leo,
1755 1464 1798 1502 et
1820 1459 1943 1514 quasi

112 1516 272 1570 leaena,
300 1529 433 1570 quam
462 1514 675 1557 suscitare
700 1514 848 1556 nullus
882 1514 1078 1557 audebit.
1109 1514 1192 1564 Qui
1222 1515 1498 1559 benedixerit
1523 1517 1626 1572 tibi,
1662 1518 1743 1560 erit
1776 1523 1819 1561 et
1850 1518 1944 1575 ipse

111 1575 398 1628 benedictus3
435 1573 509 1629 qui
551 1573 852 1627 maledixerit,
890 1572 936 1616 in
976 1573 1290 1617 maledictione
1329 1575 1618 1631 reputabitur.
1657 1576 1690 1602 ¹⁰
1712 1577 1944 1632 Iratusque

111 1634 247 1676 Balac
281 1638 433 1676 contra
468 1632 676 1686 Balaam,
712 1632 947 1688 complosis
983 1632 1210 1688 manibus,
1240 1633 1303 1675 ait
1330 1650 1337 1677 :
1364 1634 1437 1677 Ad
1472 1635 1827 1678 maledicendum
1859 1636 1944 1678 ini-

110 1693 235 1735 micis
262 1692 370 1735 meis
400 1691 557 1734 vocavi
587 1696 650 1748 te,
686 1691 844 1747 quibus
875 1705 898 1734 e
932 1691 1150 1735 contrario
1185 1692 1313 1735 tertio
1345 1693 1626 1737 benedixisti.
1655 1693 1687 1720 1¹
1710 1695 1945 1738 Revertere

106 1752 164 1794 ad
186 1752 332 1794 locum
355 1757 493 1794 tuum.
519 1752 813 1794 Decreveram
841 1750 1020 1806 quidem
1043 1751 1280 1806 magnifice
1303 1751 1516 1796 honorare
1538 1758 1605 1808 te3
1627 1754 1702 1797 sed
1727 1754 1943 1797 Dominus

107 1811 302 1868 privavit
322 1816 366 1854 te
394 1811 558 1853 honore
584 1810 810 1866 disposito.
836 1809 872 1836 ¹2
892 1810 1135 1866 Respondit
1159 1811 1345 1853 Balaam
1375 1811 1432 1854 ad
1461 1813 1597 1854 Balac
1622 1813 1809 1856 :Nonne
1833 1827 1942 1855 nun-

106 1870 180 1913 tiis
199 1870 306 1925 tuis,
327 1884 433 1925 quos
455 1869 615 1912 misisti
639 1869 695 1911 ad
715 1883 806 1925 me,
827 1869 920 1912 dixi
939 1885 947 1913 :
968 1868 1004 1895 ¹3
1019 1868 1062 1913 Si
1083 1869 1253 1913 dederit
1275 1870 1384 1913 mihi
1408 1871 1544 1914 Balac
1562 1871 1740 1928 plenam
1763 1871 1943 1915 domum

105 1944 233 1972 suam
262 1929 435 1985 argenti
462 1933 505 1972 et
529 1929 647 1984 auri,
673 1943 759 1971 non
791 1933 941 1985 potero
969 1928 1194 1985 praeterire
1224 1943 1472 1973 sermonem
1504 1931 1684 1973 Domini
1720 1931 1801 1974 Dei
1833 1931 1940 1986 mei,

106 1994 155 2031 ut
171 1988 242 2032 vel
264 1988 368 2031 boni
394 1988 521 2044 quid,
541 1987 612 2031 vel
638 1987 745 2030 mali
768 1988 992 2044 proferam
1015 2002 1070 2031 ex
1088 1988 1218 2031 corde
1241 2002 1363 2044 meo,
1387 1989 1463 2032 sed
1486 1989 1700 2045 quidquid
1725 1990 1942 2033 Dominus

105 2048 280 2103 dixerit,
301 2048 383 2090 hoc
401 2046 586 2103 loquar?
607 2046 643 2072 14
662 2048 976 2090 Verumtamen
998 2061 1183 2103 pergens
1206 2048 1262 2090 ad
1285 2048 1496 2104 populum
1521 2063 1681 2105 meum,
1702 2048 1816 2092 dabo
1841 2063 1941 2092 con-

104 2107 275 2162 silium,
303 2107 407 2162 quid
430 2106 616 2163 populus
643 2111 744 2149 tuus
771 2106 930 2163 populo
953 2106 1057 2149 huic
1079 2107 1221 2150 faciat
1243 2112 1438 2151 extremo
1464 2113 1672 2164 tempore.

166 2165 201 2192 ‘¹5
219 2166 405 2222 Sumpta
425 2165 565 2221 igitur
585 2165 817 2222 parabola,
840 2180 1014 2208 rursum
1035 2165 1124 2209 ait:
1151 2166 1278 2209 Dixit
1301 2167 1507 2223 Balaam,
1527 2167 1642 2209 filius
1666 2168 1801 2221 Beor;
1827 2167 1941 2211 dixit

104 2227 256 2281 homo,
289 2225 416 2281 cujus
447 2225 677 2268 obturatus
708 2229 773 2267 est
806 2225 984 2280 oculus;
1021 2224 1057 2251 ¹⁶
1083 2224 1198 2267 dixit
1234 2225 1410 2269 auditor
1442 2240 1694 2270 sermonum
1729 2227 1832 2283 Dei,
1867 2227 1940 2283 qui

105 2285 229 2329 novit
263 2284 510 2327 doctrinam
540 2283 787 2340 Altissimi,
824 2289 866 2327 et
899 2284 1091 2327 visiones
1132 2284 1459 2341 Omnipotentis
1493 2285 1635 2342 videt,
1670 2286 1744 2341 qui
1780 2286 1940 2330 cadens

103 2349 278 2401 apertos
308 2344 442 2387 habet
469 2343 630 2386 oculos.
658 2343 690 2369 ¹⁷
714 2343 883 2387 Videbo
912 2358 1032 2399 eum,
1055 2343 1132 2387 sed
1158 2358 1246 2387 non
1271 2344 1428 2400 modo,
1455 2344 1660 2388 intuebor
1685 2345 1833 2401 illum,
1864 2345 1940 2389 sed

105 2418 192 2447 non
214 2418 360 2460 prope.
381 2403 555 2447 Orietur
577 2403 705 2446 stella
728 2417 783 2445 ex
801 2403 957 2458 Jacob,
978 2408 1021 2445 et
1047 2408 1284 2459 consurget
1308 2403 1434 2459 virga
1457 2404 1510 2447 de
1533 2405 1696 2459 Israe13
1721 2408 1764 2447 et
1789 2419 1940 2462 percu-

104 2463 184 2506 tiet
203 2463 336 2506 duces
355 2462 508 2517 Moab,
531 2462 813 2517 vastabitque
833 2476 983 2505 omnes
1003 2462 1115 2505 filios
1136 2462 1252 2506 Seth.
1274 2462 1309 2489 ¹8
1325 2463 1382 2505 Et
1400 2463 1482 2506 erit
1505 2463 1706 2506 Idumaea
1725 2464 1938 2520 possessio

104 2523 226 2578 ejus3
257 2522 477 2565 hereditas
511 2522 602 2566 Seir
632 2521 757 2564 cedet
792 2521 986 2564 inimicis
1016 2521 1132 2576 suis;
1168 2522 1307 2564 Israel
1342 2536 1442 2565 vero
1473 2522 1650 2565 fortiter
1675 2527 1792 2578 aget.
1820 2522 1856 2548 ¹9
1875 2524 1940 2566 De

104 2581 246 2625 Jacob
270 2581 352 2624 erit
373 2581 446 2637 qui
470 2581 733 2636 dominetur,
758 2586 801 2624 et
823 2580 978 2637 perdat
1006 2580 1214 2636 reliquias
1241 2581 1450 2623 civitatis.
1478 2580 1515 2607 90
1536 2581 1735 2637 Cumque
1757 2581 1940 2625 vidisset

105 2641 310 2696 Amalec,
342 2655 571 2684 assumens
602 2640 881 2697 parabolam,
912 2639 976 2681 ait
1002 2656 1009 2683 :
1043 2639 1318 2696 Principium
1347 2640 1549 2695 gentium
1574 2640 1781 2696 Amalec,
1813 2640 1940 2697 cujus

103 2705 301 2743 extrema
324 2700 576 2757 perdentur.
600 2699 634 2725 2¹
652 2699 777 2742 Vidit
807 2713 979 2754 quoque
1005 2698 1233 2753 Cinaeum,
1262 2704 1324 2754 et,
1343 2704 1572 2756 assumpta
1594 2699 1825 2756 parabola,
1848 2700 1939 2744 ait:

107 2759 355 2802 Robustum
378 2759 558 2815 quidem
579 2764 645 2802 est
666 2758 974 2801 habitaculum
1000 2763 1149 2813 tuum3
1174 2758 1250 2801 sed
1276 2758 1312 2800 si
1341 2758 1388 2800 in
1417 2763 1540 2815 petra
1565 2759 1761 2815 posueris
1784 2759 1940 2801 nidum

103 2823 250 2874 tuum,
281 2817 318 2844 99
340 2824 382 2862 et
419 2819 558 2862 fueris
596 2819 762 2861 electus
797 2817 851 2860 de
883 2817 1019 2873 stirpe
1052 2817 1155 2873 Cin,
1198 2817 1408 2873 quamdiu
1438 2818 1600 2874 poteris
1642 2818 1938 2875 permanere?

103 2878 243 2920 Assur
264 2878 383 2921 enim
406 2878 551 2934 capiet
573 2882 628 2920 te.
656 2875 693 2903 93
710 2878 1040 2933 Assumptaque
1064 2876 1275 2933 parabola
1303 2876 1465 2920 iterum
1494 2876 1666 2920 locutus
1692 2883 1758 2920 est
1779 2894 1788 2921 ε
1816 2878 1939 2920 Heu!

102 2937 200 2992 quis
229 2937 426 2980 victurus
464 2942 550 2993 est,
582 2937 757 2992 quando
795 2936 880 2978 ista
916 2935 1055 2979 faciet
1091 2936 1249 2979 Deus?
1276 2935 1313 2962 94
1331 2936 1524 2979 Venient
1558 2936 1605 2978 in
1642 2936 1847 2980 trieribus
1885 2936 1939 2979 de

104 2996 257 3051 Italia,
292 2996 564 3053 superabunt
605 2996 834 3052 Assyrios,
873 2995 1198 3051 vastabuntque
1240 2995 1481 3052 Hebraeos,
1521 3001 1564 3039 et
1599 2996 1657 3039 ad
1690 3001 1938 3039 extremum

101 3054 239 3097 etiam
255 3055 340 3112 ipsi
359 3055 577 3112 peribunt.
599 3053 636 3081 95
652 3054 934 3109 Surrexitque
958 3054 1163 3110 Balaam,
1183 3060 1226 3098 et
1243 3068 1442 3097 reversus
1461 3059 1527 3098 est
1543 3054 1590 3096 in
1613 3054 1759 3098 locum
1781 3068 1934 3109 suum;

104 3114 241 3156 Balac
266 3128 438 3170 quoque
460 3114 553 3170 via,
581 3129 667 3170 qua
688 3119 888 3168 venerat,
911 3113 1055 3156 rediit.

372 3242 396 3299 ξ
431 3242 520 3284 ΠΙ.
550 3269 610 3273 -
641 3242 880 3285 Peccatum
911 3242 1059 3285 Israel
1090 3243 1136 3284 in
1168 3243 1482 3299 campestribus
1515 3242 1664 3286 Moab.

163 3365 269 3409 CAP.
296 3364 440 3406 XXV.
463 3391 522 3396 —
547 3363 837 3407 1Morabatur
857 3370 1008 3408 autem
1029 3379 1078 3408 eo
1105 3370 1302 3421 tempore
1327 3365 1465 3408 Israel
1493 3365 1540 3407 in
1571 3365 1747 3419 Settim,
1775 3369 1818 3407 et
1842 3365 1932 3406 for-

104 3423 276 3466 nicatus
298 3428 363 3466 est
380 3423 568 3479 populus
591 3437 691 3465 cum
715 3423 889 3466 filiabus
912 3424 1070 3478 Moab;
1099 3423 1116 3449 9
1134 3438 1231 3479 quae
1255 3430 1526 3467 vocaverunt
1547 3438 1618 3466 eos
1640 3424 1696 3465 ad
1715 3423 1931 3466 sacrificia

103 3494 194 3523 sua.
229 3482 290 3524 At
324 3481 391 3524 illi
427 3482 732 3537 comederunt,
763 3488 805 3525 et
838 3482 1133 3525 adoraverunt
1168 3482 1270 3526 deos
1305 3497 1468 3525 earum.
1500 3482 1517 3508 3
1539 3482 1833 3537 Initiatusque
1867 3488 1931 3524 est

104 3665 133 3697 8]
152 3665 228 3696 Sul).
249 3664 434 3699 xx111‚22.
453 3678 488 3683 —-
503 3666 550 3698 13]
570 3666 647 3697 Sim.
666 3666 779 3701 XXII,
799 3669 840 3694 15.
856 3681 891 3684 -
905 3667 952 3699 17]
972 3666 1092 3694 Mattn.
1113 3667 1157 3701 Π,
1175 3668 1199 3694 2,
1223 3681 1257 3685 -
1280 3667 1328 3698 24]
1346 3666 1424 3693 Dan.
1444 3665 1503 3700 XI,
1521 3668 1565 3693 30.
1584 3680 1618 3684 —
1631 3667 1661 3699 3]
1680 3667 1868 3702 .Jos.XX11,
1888 3670 1930 3695 17.

2032 350 2234 381 vaticinium

2057 394 2205 423 tertium.

2023 2175 2227 2204 vaticinium

2042 2223 2209 2251 quartum.

2052 3367 2187 3395 Israelis

1996 3410 2178 3439 fornicatio
2205 3415 2240 3438 ct

2012 3454 2221 3483 idololatria:

2052 3498 2099 3526 ira
2119 3498 2186 3526 Dei.
