2456 3861
194 493 309 520 Denuo

156 536 330 564 caeduntur
343 543 349 567 ;

128 579 262 611 capitur
282 587 367 608 arca.

120 1669 214 1697 Finis
243 1670 362 1698 domus

202 1713 288 1741 Heli.

198 3323 284 3352 Arca

155 3365 189 3396 in
205 3367 321 3394 Azoto.

439 125 526 171 255
1053 130 1075 171 1
1110 131 1220 173 nm.
1256 131 1338 185 iv,
1373 132 1398 172 2
1431 156 1489 163 -
1521 132 1575 186 v,
1611 132 1650 174 4.

438 299 612 355 Aphec,
648 297 664 324 2
692 304 735 341 et
767 298 1070 340 instruxerunt
1105 297 1248 340 aciem
1289 302 1443 340 contra
1480 298 1632 342 Israel.
1667 299 1787 342 Inito
1819 305 1967 344 autem
2001 305 2276 361 certamine,

436 363 563 413 terga
586 357 720 399 vertit
743 356 881 398 Israel
909 355 1182 398 Philisthaeis
1201 373 1210 410 3
1235 361 1278 399 et
1304 370 1420 398 caesa
1439 362 1543 399 sunt
1566 357 1614 399 in
1635 356 1714 400 illo
1740 359 1984 402 certamine
2004 362 2173 416 passim
2191 377 2280 419 per

436 430 584 472 agros,
608 415 731 470 quasi
754 419 943 470 quatuor
963 414 1106 456 millia
1130 414 1338 458 virorum.

495 475 511 500 3
541 476 597 516 Et
633 487 831 516 reversus
873 477 939 516 est
975 474 1163 530 populus
1199 474 1256 517 ad
1297 479 1462 530 castra,
1505 475 1800 532 dixeruntque
1841 478 2034 534 majores
2069 484 2177 523 natu
2214 480 2279 524 de

436 533 574 576 Israel
607 549 615 576 ε
650 533 790 583 Quare
823 533 1040 588 percussit
1072 547 1150 576 nos
1189 534 1407 577 Dominus
1446 534 1577 578 hodie
1614 549 1763 578 coram
1800 537 2109 581 Philisthiim‘?
2144 538 2270 583 Affe-

433 606 580 634 ramus
602 591 659 634 ad
684 606 762 634 nos
787 592 841 634 de
867 591 959 635 Silo
982 606 1132 634 arcam
1156 592 1338 636 foederis
1366 593 1568 650 Domini,
1589 599 1632 637 et
1653 595 1806 638 veniat
1825 595 1873 639 in
1895 595 2091 640 medium
2116 597 2278 654 nostri,

435 656 482 693 111
514 651 657 693 salvet
685 665 764 693 nos
797 650 851 693 de
888 665 1021 693 manu
1054 651 1335 695 inimicorum
1369 658 1632 696 nostrorum.
1667 653 1684 680 4
1707 654 1833 698 Misit
1865 668 1970 711 ergo
2000 655 2189 711 populus
2221 655 2269 699 in

437 710 543 765 Silo,
572 715 615 753 et
646 710 844 752 tulerunt
876 710 981 753 inde
1007 725 1157 753 arcam
1186 711 1369 754 foederis
1397 712 1579 754 Domini
1608 713 1884 757 exercituum
1912 714 2108 758 sedentis
2141 728 2280 770 super·

433 769 689 824 cherubim;
719 774 930 825 erantque
956 769 1041 813 duo
1071 769 1152 812 filii
1186 770 1292 813 Heli
1315 785 1416 813 cum
1450 785 1552 814 area
1582 772 1765 815 foederis
1794 773 1897 829 Dei,
1923 773 2071 829 Ophni
2094 778 2138 816 et
2166 774 2278 818 Phi--

432 843 547 872 nees.
579 829 596 855 5
614 829 811 884 Cumque
844 828 1039 872 venisset
1070 844 1174 872 arca
1202 830 1384 872 foederis
1417 831 1597 873 Domini
1632 831 1678 874 in
1708 837 1874 887 castra,
1905 831 2178 877 vociferatus
2202 837 2270 877 est

431 888 575 932 omnis
597 888 736 931 Israel
756 888 948 931 clamore
966 889 1146 944 grandi,
1167 893 1212 931 et
1227 889 1454 945 personuit
1475 896 1605 934 terra.
1629 891 1646 918 ⁶
1665 893 1723 934 Et
1740 891 1977 935 audierunt
1995 891 2269 935 Philisthiim

430 962 585 990 vocem
612 948 838 1003 clamoris,
863 947 1155 1003 dixeruntque
1182 965 1191 992 ε
1214 949 1429 999 Quaenam
1465 955 1531 992 est
1563 950 1660 993 haec
1689 965 1778 993 vox
1803 950 2010 994 clamoris
2041 951 2196 1007 magni
2221 951 2278 994 in.

430 1005 586 1049 castris
613 1007 939 1050 Hebraeorum?
968 1008 1024 1049 Et
1043 1012 1347 1063 cognoverunt
1368 1008 1485 1063 quod
1504 1023 1607 1051 arca
1627 1010 1808 1052 Domini
1826 1010 2022 1053 venisset
2042 1009 2089 1052 in
2108 1016 2275 1054 castrat

431 1065 447 1091 ⁷
467 1066 816 1122 Timueruntque
850 1066 1144 1122 Philisthiim,
1180 1067 1378 1109 dicentes
1412 1083 1420 1110 :
1456 1068 1593 1110 Venit
1628 1069 1747 1111 Deus
1778 1069 1825 1111 in
1859 1074 2019 1113 003110.
2053 1070 2111 1112 Et.
2141 1069 2269 1126 inge-

430 1131 654 1181 muerunt,
683 1126 882 1168 dicentes
907 1142 916 1169 ε
950 1125 968 1151 8
994 1126 1075 1167 Vae
1105 1126 1256 1168 nobis!
1291 1140 1379 1168 11011
1413 1127 1532 1169 0111111
1565 1127 1656 1170 fuit
1687 1132 1815 1170 tanta
1848 1128 2065 1171 exultatio
2096 1129 2190 1173 heri
2222 1134 2269 1173 et

429 1185 778 1239 nudiustertius3
805 1200 871 1227 vae
898 1185 1050 1228 nobis!
1083 1185 1187 1235 Quis
1215 1200 1294 1229 nos
1317 1186 1510 1229 salvabit
1537 1187 1592 1229 de
1625 1201 1759 1229 manu
1786 1187 1982 1230 Deorum
2007 1186 2268 1231 sublimium

428 1244 648 1287 istorum?
676 1244 737 1286 Hi
760 1250 862 1286 sunt
890 1244 963 1287 Dii
985 1244 1059 1299 qui
1082 1250 1392 1300 percusserunt
1421 1246 1674 1302 AEgyptum
1702 1246 1821 1289 0111111
1850 1246 1987 1302 plaga
2006 1245 2054 1288 in
2080 1246 2266 1292 deserto.

429 1304 446 1328 ‘³
467 1303 814 1360 Confortamini,
835 1308 880 1346 et
906 1308 1044 1347 estote
1067 1303 1169 1359 viri,
1200 1304 1494 1360 Philisthiim,
1519 1319 1573 1348 ne
1604 1305 1808 1348 serviatis
1831 1305 2060 1361 Hebraeis,
2087 1305 2202 1350 sicut
2223 1311 2276 1351 et-

428 1363 492 1405 illi
527 1363 771 1406 servierunt
796 1363 951 1417 vobis3
976 1363 1314 1419 confortamini,
1340 1368 1384 1406 et
1409 1364 1588 1408 bellate.
1624 1364 1660 1391 ¹0
1682 1365 2003 1420 Pugnaverunt
2033 1379 2137 1420 ergo
2163 1365 2267 1409 Phi-

426 1422 635 1478 listhiim,
659 1428 704 1465 et
725 1437 865 1465 caesus
889 1428 955 1466 est
978 1422 1139 1478 Israel,
1159 1428 1203 1465 et
1227 1423 1350 1478 fugit
1374 1424 1672 1479 unusquisque
1688 1424 1735 1466 in
1753 1423 2093 1467 tabernaculum
2110 1438 2267 1480 suum;

427 1486 471 1524 et
503 1482 630 1524 facta
659 1487 724 1525 est
756 1483 891 1539 plaga
919 1496 1085 1538 magna
1112 1482 1265 1538 nimis,
1289 1487 1333 1524 et
1363 1482 1618 1526 ceciderunt
1651 1483 1705 1526 de
1735 1483 1876 1526 131001
1903 1483 2091 1539 triginta
2124 1483 2274 1528 millia.

426 1541 641 1597 peditum.
679 1542 713 1568 11
742 1543 799 1584 Et
835 1556 938 1584 arca
976 1541 1059 1584 Dei
1087 1547 1218 1597 capta
1243 1546 1338 1596 est3
1375 1541 1462 1584 duo
1490 1556 1661 1598 quoque
1690 1542 1771 1585 filii
1804 1542 1910 1586 Heli
1944 1542 2107 1587 mortui
2141 1547 2272 1599 sunt„

427 1601 574 1657 Ophni
597 1607 640 1644 et
668 1602 868 1646 Phinees.
1847 1640 1849 1643 ⁴

486 1659 522 1686 1‘2
545 1660 730 1703 Curi-ens
762 1667 912 1704 autem
932 1663 1000 1705 vir
1031 1662 1084 1705 de
1120 1662 1360 1718 Benjamin
1400 1677 1454 1706 ex
1487 1663 1602 1718 acie,
1626 1662 1750 1705 venit
1782 1662 1830 1704 in
1864 1662 1954 1707 Silo
1985 1662 2032 1706 in
2068 1661 2139 1705 die
2163 1661 2270 1717 illa,

426 1719 563 1775 scissa
595 1724 737 1776 veste,
769 1729 813 1763 et
838 1735 1096 1778 conspersus
1131 1722 1314 1777 pulvere
1350 1728 1495 1778 caput.
1532 1721 1568 1749 13
1589 1722 1787 1777 Oumque
1816 1721 1893 1765 ille
1914 1721 2128 1777 venisset,
2158 1721 2265 1765 Heli

396 1799 405 1807 ·
426 1779 609 1822 sedebat
634 1794 763 1836 super
795 1780 951 1824 sellam
985 1785 1138 1823 contra
1163 1781 1284 1822 viam
1317 1786 1551 1837 spectans3
1584 1787 1678 1824 erat
1711 1781 1833 1824 enim
1866 1795 1939 1824 cor
1972 1780 2070 1836 ejus
2095 1795 2267 1837 pavens

425 1851 504 1894 pro
535 1853 638 1881 arca
669 1839 764 1881 Dei.
791 1839 872 1881 Vir
900 1845 1050 1882 autem
1079 1839 1155 1882 ille
1185 1845 1419 1896 postquam
1452 1840 1677 1896 ingressus
1708 1846 1793 1895 est,
1821 1840 2049 1883 nuntiavit
2073 1840 2192 1895 urbi,
2219 1845 2264 1885 et

425 1897 616 1940 ululavit
645 1899 788 1941 omnis
819 1899 991 1942 civitas.
1032 1898 1068 1926 ¹4
1098 1900 1156 1942 Et
1184 1899 1358 1941 audivit
1391 1899 1496 1942 Heli
1530 1900 1723 1941 sonitum
1758 1899 1983 1953 clamoris,
2018 1899 2221 1954 dixitque
2252 1915 2268 1943 ε.

425 1957 529 2007 Quis
547 1962 614 2000 est
635 1958 707 2000 hic
729 1958 898 2000 sonitus
927 1958 1144 2000 tumultus
1173 1958 1306 2014 hujus
1322 1958 1343 2000 ’Β
1374 1960 1436 2001 Α1
1455 1958 1532 2001 1110
1558 1958 1816 2014 festinavit,
1844 1964 1888 2002 et
1911 1958 2056 2014 venit,
2083 1963 2128 2002 et
2151 1973 2267 2002 nun-
2320 1983 2323 1988 ·

423 2017 554 2060 tiavit
578 2017 697 2060 Heli.
723 2016 758 2043 15
782 2017 887 2060 Heli
910 2022 1060 2060 autem
1092 2022 1186 2059 erat
1210 2018 1459 2074 nonaginta
1480 2023 1525 2060 et
1553 2022 1651 2060 0010
1676 2032 1922 2073 annorum3
1955 2022 1999 2061 et
2027 2017 2144 2061 oculi
2166 2017 2268 2073 ejus

424 2076 750 2131 caligaverant,
778 2081 822 2119 et
849 2076 1000 2120 videre
1034 2090 1122 2119 non
1155 2082 1342 2133 poterat.
1376 2076 1412 2103 ¹⁶
1438 2078 1495 2119 Et
1528 2077 1643 2120 dixit
1668 2077 1725 2120 ad
1756 2077 1896 2121 Heli:
1928 2078 2026 2132 Ego
2057 2090 2155 2120 sum
2186 2077 2266 2132 qui

422 2135 524 2177 veni
551 2135 605 2178 de
637 2136 812 2191 praelio,
844 2142 888 2178 et
912 2150 997 2192 ego
1023 2136 1096 2192 qui
1123 2136 1177 2179 de
1201 2136 1297 2179 acie
1330 2137 1430 2192 fugi
1464 2136 1609 2180 hodie.
1637 2136 1717 2180 Cui
1745 2136 1823 2180 ille
1844 2136 1909 2179 ait
1932 2152 1942 2180 ε
1969 2135 2081 2186 Quid
2111 2141 2266 2181 actum

424 2199 508 2250 est,
543 2195 605 2237 fili
644 2196 740 2239 mi?
783 2195 817 2223 ¹⁷
849 2196 1136 2253 Respondens
1178 2202 1328 2240 autem
1364 2196 1441 2240 ille
1482 2195 1556 2251 qui
1589 2196 1828 2239 nuntiabat
1858 2212 1868 2240 ι
1903 2195 2061 2251 Fugit,
2093 2194 2262 2251 inquit,

423 2254 562 2296 Israel
588 2269 736 2297 coram
759 2256 1054 2311 Philisthiim,
1084 2261 1128 2299 et
1147 2256 1275 2298 ruina
1301 2271 1467 2312 magna
1487 2256 1614 2298 faeta
1636 2260 1701 2298 est
1721 2255 1769 2298 in
1790 2255 1954 2312 populo
1973 2272 1983 2310 ;
2009 2254 2190 2310 insuper
2217 2259 2269 2300 et

423 2312 509 2356 duo
527 2313 606 2355 filii
624 2314 689 2356 tui
706 2315 868 2358 mortui
887 2320 1001 2370 sunt,
1023 2315 1169 2372 Ophni
1189 2320 1233 2359 et
1253 2315 1454 2370 Phinees,
1476 2320 1520 2358 et
1537 2329 1642 2357 arca
1659 2315 1741 2357 Dei
1761 2320 1893 2371 capta
1913 2319 1992 2358 est.
2013 2313 2047 2340 ¹8
2063 2314 2268 2369 Cumque

421 2371 498 2416 ille
530 2373 804 2417 nominasset
828 2388 979 2417 arcam
1006 2375 1108 2430 Dei,
1145 2374 1308 2417 cecidit
1341 2374 1395 2417 de
1428 2374 1538 2419 sella
1571 2379 1811 2416 retrorsum
1841 2373 1973 2430 juxta
2006 2372 2190 2428 ostium,
2217 2378 2268 2417 et

422 2431 580 2474 fractis
602 2433 847 2476 cervicibus
870 2439 1068 2476 mortuus
1090 2439 1168 2479 est.
1197 2434 1342 2478 Senex
1365 2434 1484 2476 enim
1507 2438 1601 2476 erat
1626 2433 1695 2476 vir
1716 2437 1760 2476 et
1781 2433 2072 2489 grandaevu83
2097 2436 2141 2476 et
2164 2431 2266 2488 ipse

420 2490 642 2546 judicavit
675 2492 814 2535 Israel
844 2493 1141 2549 quadraginta
1173 2492 1315 2536 annis.
1348 2492 1385 2520 1⁹
1409 2494 1555 2535 Nurus
1579 2497 1731 2536 autem
1764 2492 1881 2548 ejus,
1906 2506 2018 2535 uxor
2047 2491 2263 2547 Phinees,

421 2564 660 2606 praegnans
683 2556 795 2607 erat,
820 2552 1054 2608 vicinaque
1079 2552 1226 2609 partui
1247 2570 1256 2608 ς
1285 2558 1328 2596 01
1349 2553 1504 2595 audito
1536 2552 1695 2595 nuntio
1721 2551 1838 2608 quod
1860 2556 1992 2607 capta
2014 2554 2131 2595 esset
2154 2564 2266 2593 arca.

422 2609 527 2665 Dei,
562 2614 607 2653 et
638 2616 835 2654 mortuus
866 2616 980 2654 esset
1009 2625 1130 2654 socer
1163 2626 1265 2654 311113
1296 2617 1340 2655 01
1371 2611 1440 2654 vir
1464 2626 1586 2668 suus,
1617 2611 1872 2654 incurvavit
1900 2625 1947 2654 se
1979 2615 2023 2653 et
2054 2609 2256 2666 peperit;

421 2668 639 2712 irruerant
668 2670 787 2713 enim
820 2670 865 2712 in
891 2685 990 2713 eam
1021 2670 1192 2714 dolores
1223 2671 1372 2714 subiti.
1403 2669 1440 2697 2⁰
1460 2672 1512 2714 In
1539 2670 1637 2727 ipso
1668 2675 1819 2713 autem
1852 2673 2078 2712 momento
2103 2667 2264 2713 mortis

422 2727 540 2783 ejus,
564 2728 772 2772 dixerunt
797 2730 836 2772 ei
870 2744 969 2785 quae
999 2730 1180 2772 stabant
1202 2730 1320 2773 circa
1349 2744 1447 2774 eam
1473 2747 1481 2774 :
1509 2731 1576 2773 Ne
1608 2730 1788 2785 timeas,
1815 2729 1919 2784 quia
1953 2728 2095 2772 filium
2124 2741 2262 2784 pepe-

421 2786 531 2829 risti.
555 2788 662 2838 Quae
690 2803 778 2831 non
811 2789 1039 2845 respondit
1071 2789 1154 2845 eis,
1182 2803 1323 2845 neque
1353 2789 1688 2832 animadvertit.
1718 2787 1753 2816 ²¹
1781 2789 1840 2831 Et
1866 2788 2048 2832 vocavit
2070 2801 2262 2844 puerum

423 2845 641 2902 Iehabod,
665 2847 816 2891 dicens
839 2864 848 2891 t
871 2849 1108 2891 Translata
1135 2853 1200 2892 est
1224 2849 1366 2905 gloria
1388 2849 1441 2892 de
1464 2848 1623 2904 Israel,
1650 2847 1755 2903 quia
1779 2853 1911 2904 capta
1935 2853 2003 2891 est
2023 2860 2128 2891 arca
2150 2845 2260 2900 Dei,

422 2909 467 2947 et
491 2919 570 2961 pro
591 2920 739 2949 socero
764 2921 842 2950 suo
863 2913 908 2951 et
932 2922 1012 2964 pro
1028 2907 1123 2950 viro
1145 2921 1222 2950 suo
1242 2943 1250 2963 ,
1274 2906 1311 2933 ”22
1331 2912 1375 2951 01
1395 2907 1460 2951 011
1482 2925 1490 2952 :
1514 2907 1750 2950 Translata
1767 2912 1834 2950 est
1852 2906 1994 2962 gloria
2019 2907 2076 2950 ab
2094 2904 2259 2960 Israel,

422 2976 474 3005 eo
495 2964 609 3020 quod
633 2971 763 3021 capta
786 2971 900 3009 esset
921 2981 1023 3009 arca
1046 2966 1142 3010 Dei.

742 3095 904 3138 Sucrio
937 3095 1000 3138 Π.
1027 3122 1085 3127 —
1117 3095 1211 3138 RES
1244 3107 1400 3139 essrAE
1434 3108 1517 3139 sue
1549 3106 1711 3138 Jumcn
1745 3094 1935 3137 SAMUEL

820 3209 844 3266 ξ
879 3210 915 3252 Ι.
940 3235 1000 3242 -
1030 3211 1162 3252 Arcae
1194 3211 1285 3254 Dei
1315 3212 1438 3254 mirae
1465 3210 1849 3266 pereyo-imatione&

478 3317 589 3361 CAP.
616 3317 670 3359 V.
695 3343 755 3349 —
790 3315 800 3341 ¹
829 3316 1101 3359 Philisthiim
1130 3323 1280 3360 autem
1313 3317 1509 3360 tulerunt
1541 3331 1690 3360 arcam
1718 3317 1821 3372 Dei,
1845 3322 1890 3360 et
1914 3322 2257 3374 asportaverunt

423 3390 523 3418 eam
544 3390 570 3418 a
596 3375 765 3432 Lapide
790 3375 1004 3430 adjutorii
1025 3376 1071 3418 in
1098 3378 1301 3419 Azotum.
1325 3375 1342 3402 2
1360 3377 1659 3433 Tuleruntque
1683 3375 1955 3422 Philisthiim
1979 3390 2129 3419 arcam
2153 3376 2254 3432 Dei,

424 3440 469 3477 et
497 3435 742 3478 intulerunt
767 3449 864 3477 eam
890 3434 936 3476 in
968 3435 1184 3490 templum
1218 3436 1396 3491 Dagon,
1423 3440 1468 3479 et
1499 3439 1749 3479 statuerunt
1781 3449 1880 3478 eam
1911 3435 2042 3491 juxta
2074 3436 2250 3491 Dagon.

424 3493 442 3520 3
466 3494 661 3550 Cumque
694 3493 986 3537 surrexissent
1018 3493 1213 3536 diluculo
1254 3494 1402 3537 Azotii
1434 3495 1575 3538 altera
1612 3494 1702 3547 die,
1741 3508 1843 3538 ecce
1877 3495 2037 3550 Dagon
2068 3493 2255 3550 jacebat

423 3566 585 3608 pronus
618 3554 664 3594 in
694 3558 810 3595 terra
834 3557 939 3596 ante
964 3565 1114 3595 arcam
1148 3553 1356 3608 Domini3
1389 3558 1433 3597 et
1457 3553 1654 3598 tulerunt
1687 3554 1868 3609 Dagon,
1894 3558 1939 3597 et
1962 3554 2252 3599 restituerunt

423 3624 523 3653 eum
548 3610 594 3652 in
617 3611 761 3654 locum
786 3626 927 3655 suum.
953 3610 970 3638 ⁴
997 3612 1270 3667 Rursumque
1292 3626 1423 3655 mane
1447 3612 1517 3656 die
1543 3612 1683 3656 altera
1708 3617 2043 3669 consurgentes,
2069 3611 2251 3656 invene·
