2391 3861
676 182 696 224 1
731 183 836 226 [ron.
873 183 960 228 w.
996 182 1022 225 8
1053 208 1111 215 —
1142 182 1256 234 VH,
1295 183 1359 224 18.
1819 186 1928 227 1263

103 285 261 294 ——-.-

106 353 230 398 vobis
255 353 371 409 quod
393 354 562 410 J'udicia
589 354 760 396 habetis
778 357 893 397 inter
915 368 1003 396 vos.
1024 352 1165 404 Quare
1188 367 1273 396 non
1296 353 1436 410 magis
1456 353 1667 411 injuriam
1690 355 1924 411 accipitis?

104 427 238 470 quare
264 427 350 455 non
374 413 517 469 magis
537 412 743 455 fraudem
768 411 1010 469 patimini?

140 472 178 499 ·⁸
197 472 281 515 Sed
306 486 382 515 vos
407 471 619 527 injuriam
641 470 814 526 facitis,
841 476 886 514 et
906 470 1150 527 fraudatis,
1182 477 1225 515 et
1256 472 1337 514 hoc
1362 472 1588 515 fratribus.
1612 469 1630 498 9
1647 472 1719 515 An
1747 473 1926 516 nescitis
1992 490 2180 518 Canem*
2202 500 2232 518 „1-

101 531 203 586 quia
230 530 369 587 iniqui
397 544 581 585 regnum
608 529 689 572 Dei
714 543 802 572 non
827 529 1150 586 possidebunt?
1179 531 1326 573 Nolite
1353 545 1495 574 errare
1522 537 1538 574 ’ς
1565 545 1706 587 neque
1731 531 1926 575 fornica·
2022 534 2145 566 ¹¹¹31022*
2186 545 2188 550 ·

100 590 166 646 rii,
194 603 336 645 neque
358 588 487 632 idolis
513 588 766 643 servientes,
788 602 927 643 neque
953 588 1156 635 adulteri,
1189 588 1221 615 ¹⁰
1239 603 1379 644 neque
1405 590 1571 646 molles,
1593 603 1732 646 neque
1752 604 1926 634 mascu-

98 648 241 691 lorum
281 647 607 703 concubitores,
652 661 791 703 neque
832 647 972 701 fures,
1012 661 1153 703 neque
1190 648 1334 704 avari,
1377 662 1519 704 neque
1559 649 1742 706 ebriosi,
1785 663 1926 706 neque

99 707 327 763 maledici,
364 721 504 762 neque
536 720 739 763 rapaceS,
777 720 962 761 regnum
1002 706 1083 748 Dei
1120 706 1421 762 possidebunt.
1457 707 1489 733 '¹¹
1520 709 1577 750 Et
1613 709 1710 751 haec
1743 708 1923 765 quidam

97 765 275 820 fuistis3
304 765 380 808 sed
412 765 553 808 abluti
579 764 705 820 estis,
732 764 808 807 sed
837 764 1103 807 sanctificati
1130 765 1255 819 estis,
1283 765 1357 808 sed
1389 765 1619 820 justificati
1646 767 1750 809 estis
1777 767 1821 809 in
1849 782 1924 809 no-

97 823 216 868 mine
244 824 424 867 Domini
452 823 588 867 nostri
614 824 723 867 Jesu
753 822 937 878 Christi,
965 828 1007 866 et
1032 822 1077 865 in
1104 823 1269 880 Spiritu
1297 824 1378 866 Dei
1406 825 1554 868 nostri.
2064 871 2067 875 ,

156 882 192 909 ¹²³
219 883 380 927 Omnia
414 883 523 926 mihi
556 882 713 933 licent,
745 882 823 925 sed
853 896 940 924 non
971 882 1120 924 omnia
1152 882 1408 938 expediunt.
1439 883 1598 926 Omnia
1630 885 1737 927 mihi
1765 886 1918 941 licent,
2013 899 2206 927 isarna-itio

97 941 173 986 sed
209 956 290 998 ego
323 943 406 985 sub
441 941 605 985 nullius
636 941 811 997 redigar
839 945 1072 998 potestate.
1108 940 1144 967 '¹3
1172 942 1284 983 Esca
1317 942 1481 997 ventri,
1517 949 1559 986 et-
1592 949 1746 986 venter
1782 944 1920 995 escis2
2027 950 2189 1000 quain-2¹32

97 1001 216 1045 Deus
241 1007 392 1044 autem
415 1006 458 1045 et
483 1001 600 1044 hunc
632 1006 675 1043 et
699 1001 779 1043 has
805 1000 1014 1043 destruct.
1041 1000 1208 1057 Corpus
1233 1005 1383 1042 autem
1409 1014 1497 1043 non
1522 1001 1822 1058 fornicationi,
1846 1003 1924 1046 scd
2018 986 2196 1017 ²¹⁰r¹²³²‘'‘⁴

98 1060 301 1114 Domino,
329 1064 373 1102 et
401 1059 617 1103 Dominus
639 1059 821 1117 corpori.
846 1058 883 1085 ¹⁴¹
901 1060 1021 1103 Deus
1042 1073 1145 1102 vero
1167 1063 1211 1102 et
1238 1059 1479 1102 Dominum
1504 1060 1749 1116 suscitavit,
1776 1066 1820 1104 et
1845 1076 1923 1104 nos

95 1119 330 1162 suscitabit
351 1133 427 1176 per
452 1119 665 1162 virtutem
686 1133 824 1162 suam.
854 1118 890 1145 ¹⁵
909 1118 1100 1162 Nescitis
1119 1118 1328 1174 quoniam
1353 1131 1535 1175 corpora
1554 1124 1700 1162 vestra
1726 1121 1924 1163 membra

94 1183 197 1221 sunt
221 1177 424 1221 Christi?
450 1178 630 1221 Tollens
655 1193 760 1234 ergo
786 1177 984 1221 membra
1010 1177 1186 1234 Christi,
1212 1178 1381 1220 faciam
1411 1179 1611 1221 membra
1642 1178 1922 1222 meretricis‘.>

95 1236 241 1280 Absit.
265 1236 301 1263 ¹⁶
319 1239 392 1280 An
420 1236 600 1280 nescitis
623 1237 831 1294 quoniam
857 1237 930 1293 qui
957 1237 1156 1280 adhaeret
1181 1235 1416 1292 meretrici,
1444 1251 1582 1280 unum
1600 1251 1757 1294 corpus
1780 1238 1923 1280 effici-

94 1296 202 1340 tur?
244 1297 387 1340 Erunt
427 1295 566 1351 enim,
605 1296 769 1352 inquit,
815 1296 900 1339 duo
940 1296 984 1338 in
1026 1310 1156 1339 carne
1192 1311 1293 1340 una.
1337 1296 1370 1322 ‘¹⁷
1413 1297 1494 1347 Qui
1534 1301 1686 1340 autem
1726 1296 1923 1339 adhaeret

96 1355 308 1411 Domino,
346 1369 460 1398 unus
497 1355 677 1412 spiritus
715 1361 792 1399 est.
837 1356 872 1382 ¹⁸
907 1356 1067 1411 Fugite
1108 1356 1464 1399 fornicationem.
1508 1356 1648 1399 Omne
1689 1361 1923 1412 peccatum

96 1414 400 1471 quodcumque
434 1414 594 1458 fecerit
625 1414 777 1471 homo,
817 1421 941 1458 extra
975 1429 1131 1472 corpus
1166 1421 1259 1469 est3
1295 1416 1369 1471 qui
1402 1420 1553 1459 autem
1588 1415 1847 1470 fornicatur,
1876 1414 1922 1457 in

95 1487 250 1530 corpus
287 1487 415 1516 suum
452 1477 620 1529 peccat.
656 1473 697 1502 -19
722 1475 795 1517 An
829 1473 1009 1517 nescitis
1047 1474 1257 1530 quoniam
1294 1474 1493 1517 membra
1527 1479 1670 1517 vestra
1706 1473 1923 1529 templum

94 1537 195 1575 sunt
225 1532 414 1589 Spiritus
441 1532 604 1588 sancti,
633 1533 705 1588 qui
734 1534 781 1576 in
806 1533 933 1575 vobis
958 1538 1044 1589 est,
1072 1547 1203 1589 quem
1233 1533 1406 1576 habetis
1437 1548 1462 1576 a
1490 1534 1604 1588 Deo,
1635 1539 1677 1576 et
1704 1547 1791 1576 non
1818 1533 1923 1576 estis

93 1591 227 1634 vestri
244 1591 265 1633 ἶ)
291 1590 328 1617 ²⁰
345 1590 497 1646 Empti
521 1591 639 1633 enim
666 1592 770 1634 estis
795 1592 936 1647 pretio
964 1605 1140 1646 magno.
1166 1592 1422 1634 Giorificate
1446 1598 1488 1634 et
1510 1598 1681 1648 portate
1708 1592 1853 1634 Deum
1877 1592 1923 1633 in

92 1662 271 1705 corpore
293 1656 450 1692 vestro.

401 1768 423 1820 ξ
445 1766 533 1808 ΠΙ.
560 1791 619 1798 —-
642 1766 880 1808 Ira-structio
906 1767 957 1808 cle
978 1768 1257 1809 matrimonio
1283 1772 1322 1809 et
1345 1768 1613 1822 υἰφῃίηἰίαίε.
1928 1776 1969 1808 Q*

150 1888 258 1931 CAP.
285 1887 392 1929 VII.
418 1913 477 1919 -—
510 1887 518 1912 ¹
549 1889 615 1930 De
649 1888 806 1944 quibus
836 1894 986 1930 autem
1015 1888 1253 1944 scripsistis
1288 1887 1416 1941 mihi,
1451 1885 1618 1930 bonum
1652 1894 1717 1930 est
1755 1887 1923 1930 homini
2006 1903 2214 1935 Matrimonii

91 1945 323 1989 mulierem
347 1959 436 1989 non
455 1950 639 2002 tangere
659 1964 668 2000 ;
696 1945 714 1972 2
731 1951 908 2004 propter
932 1946 1275 1990 fornicationem
1299 1952 1449 1989 autem
1474 1946 1772 2002 unusquisque
1796 1959 1923 1989 suam
2003 1947 2163 2004 Μῡῦθῗῑᾶῡ
2181 1950 2215 1978 0ss

90 2019 274 2048 uxorem
302 2005 487 2061 habeat,
515 2011 558 2048 et
586 2019 862 2061 unaquaeque
888 2020 1017 2048 suum
1049 2006 1194 2048 virum
1219 2006 1395 2048 habeat.
1419 2005 1437 2031 3
1462 2005 1603 2048 Uxori
1628 2005 1696 2047 vir
1721 2004 1923 2049 debitum
2061 1998 2153 2020 ¹²³⁰*

88 2063 259 2120 reddat,
282 2064 489 2108 similiter
512 2069 662 2108 autem
687 2070 732 2108 et
751 2079 863 2108 uxor
883 2065 990 2107 viro.
1023 2062 1214 2108 “Mulier
1233 2064 1302 2107 sui
1328 2065 1520 2121 corporis
1542 2068 1810 2121 potestatem
1834 2079 1922 2107 non

89 2123 238 2177 habet,
265 2123 342 2166 sed
363 2123 454 2176 vir3
483 2123 689 2167 similiter
713 2129 864 2167 autem
885 2130 930 2167 et
954 2124 1022 2166 vir
1047 2124 1113 2166 sui
1142 2124 1334 2180 corporis
1363 2128 1632 2180 potestatem
1658 2137 1747 2166 non
1772 2123 1919 2179 habet,

90 2182 167 2226 sed
189 2182 360 2225 mulier.
383 2183 400 2209 5
420 2182 570 2226 Nolite
595 2182 804 2226 fraudare
828 2183 1043 2237 invicem,
1071 2183 1156 2225 nisi
1181 2183 1299 2226 forte
1322 2197 1377 2226 ex
1399 2196 1615 2226 consensu
1640 2181 1697 2224 ad
1723 2187 1920 2239 tempus,

89 2246 138 2284 ut
162 2240 331 2284 vacetis
354 2241 541 2285 orationi
562 2259 571 2296 ;
593 2247 636 2285 et
660 2242 822 2285 iterum
846 2241 1120 2284 revertimini
1145 2242 1192 2284 in
1216 2242 1423 2298 idipsum,
1451 2256 1506 2284 ne
1527 2246 1670 2284 tentet
1691 2255 1769 2284 vos
1790 2241 1920 2284 Sata-

87 2314 168 2343 nas
196 2305 375 2358 propter
405 2301 780 2344 incontinentiam
804 2307 1012 2344 vestram.
1040 2301 1058 2327 ⁰
1078 2302 1176 2343 Hoc
1203 2307 1352 2344 autem
1379 2301 1478 2344 dico
1507 2300 1750 2343 secundum
1773 2300 1921 2343 indul-

88 2359 308 2416 gentiam,
342 2374 430 2403 non
463 2360 708 2403 secundum
739 2360 990 2416 imperium.
1025 2360 1042 2386 ⁷*
1069 2360 1182 2403 Volo
1220 2359 1340 2403 enim
1375 2374 1528 2403 omnes
1561 2374 1638 2402 vos
1675 2373 1769 2403 esse
1805 2359 1921 2403 sicut

88 2419 336 2475 meipsum3
364 2419 440 2462 sed
464 2420 765 2475 unusquisque
786 2419 1013 2475 proprium
1038 2419 1204 2462 donum
1229 2419 1364 2462 habet
1389 2433 1443 2462 ex
1466 2419 1573 2474 Deo,
1599 2418 1714 2461 alius
1740 2418 1922 2474 quidem

88 2478 171 2534 sic,
198 2478 312 2521 alius
341 2492 446 2522 vero
470 2478 547 2522 sic.
575 2477 592 2505 8
612 2479 723 2522 Dico
750 2483 901 2521 autem
926 2493 1014 2521 non
1039 2478 1210 2534 nuptis,
1239 2483 1281 2521 et
1311 2478 1457 2521 viduis
1491 2495 1499 2521 :
1533 2479 1707 2520 Bonum
1736 2481 1802 2520 est
1829 2477 1925 2521 illis-

88 2537 124 2579 si
141 2537 205 2580 sic
223 2543 526 2594 permaneant,
547 2539 662 2581 sicut
681 2544 724 2581 et
741 2552 838 2593 ego.
862 2536 880 2562 9
897 2537 1022 2588 Quod
1041 2537 1077 2580 si
1100 2551 1188 2579 non
1210 2551 1256 2580 se
1274 2537 1517 2591 continent,
1541 2536 1711 2579 nubant
1727 2553 1735 2590 ς
1762 2536 1920 2580 melius

87 2601 154 2639 est
179 2597 298 2640 enim
320 2597 486 2640 nubere
507 2612 641 2653 quam
667 2599 745 2641 uri.
1888 2621 1890 2623 ·

121 2697 129 2704 ,
149 2654 185 2682 ¹⁰
201 2655 265 2699 Iis
289 2660 440 2699 autem
464 2656 539 2712 qui
564 2657 846 2700 matrimonio
869 2657 1013 2714 juncti
1041 2662 1164 2710 sunt,
1192 2656 1402 2713 praecipio
1429 2671 1517 2698 non
1539 2670 1640 2712 egO,
1665 2657 1742 2700 sed
1767 2658 1919 2700 Domi-
1985 2667 2068 2702 Ejus
2086 2667 2228 2697 inuisam

86 2729 181 2771 nus,
203 2729 385 2759 uxorem
405 2730 432 2758 a
449 2715 546 2759 viro
564 2730 652 2759 non
671 2716 897 2759 discedere
914 2733 922 2771 ;
944 2715 977 2741 11
995 2717 1111 2772 quod
1130 2716 1166 2759 si
1186 2715 1449 2771 discesserit,
1471 2730 1647 2758 manere
1670 2716 1917 2773 innuptam,
2024 2711 2188 2741 ¹¹¹b¹¹¹¹s²⁵³0

86 2779 164 2817 aut
188 2774 284 2817 viro
308 2788 386 2818 suo
407 2775 698 2818 reconciliari.
723 2775 784 2818 Et
806 2776 873 2817 vir
898 2789 1080 2818 uxorem
1106 2789 1194 2818 non
1220 2775 1432 2818 dimittat.
1461 2773 1496 2800 '¹⁶³
1515 2775 1630 2817 Nam
1653 2776 1810 2818 ceteris
1835 2790 1919 2832 ego

87 2833 206 2890 dico,
245 2848 333 2877 non
368 2833 586 2877 Dominus
625 2850 633 2877 ε
675 2835 721 2878 Si
755 2833 851 2890 quis
893 2834 1035 2878 frater
1071 2848 1254 2878 uxorem
1289 2834 1426 2876 habet
1457 2833 1706 2889 infidelem,
1744 2839 1788 2877 et
1821 2835 1918 2878 haec

86 2893 308 2937 consentit
327 2893 530 2936 habitare
557 2908 655 2936 cum
682 2894 774 2948 illo,
796 2897 884 2937 non
909 2893 1108 2937 dimittat
1130 2894 1268 2936 illam.
1296 2893 1332 2919 ¹3
1351 2894 1407 2935 Et
1430 2893 1466 2936 si
1488 2907 1574 2948 qua
1597 2893 1755 2936 mulier
1774 2893 1917 2937 fidelis

84 2952 220 2996 habet
244 2952 391 2995 virum
421 2952 669 3008 infidelem,
698 2958 741 2996 et
769 2953 842 2996 hic
873 2953 1095 2996 consentit
1120 2952 1323 2996 habitare
1350 2967 1450 2995 cum
1474 2951 1574 3008 illa,
1601 2965 1690 2994 non
1719 2952 1917 2996 dimittat

84 3011 230 3054 virum
263 3027 272 3055 :
307 3011 342 3038 ‘¹4
360 3011 663 3054 sanctificatus
697 3016 764 3055 est
793 3011 912 3055 enim
944 3012 1012 3055 vir
1043 3012 1236 3055 infidelis
1268 3026 1345 3068 per
1378 3011 1609 3054 mulierem
1641 3011 1838 3068 fidelem,
1873 3020 1917 3056 et.

84 3070 362 3114 sanctificata
397 3075 462 3114 est
490 3070 649 3113 mulier
680 3070 872 3128 infidelis
906 3086 982 3129 per
1013 3072 1159 3114 virum
1188 3071 1393 3125 fidelem;
1428 3070 1626 3126 alioquin
1663 3069 1744 3113 filii
1779 3073 1914 3114 vestri

83 3130 304 3173 immundi
333 3135 499 3186 essent,
532 3143 650 3173 nunc
685 3135 835 3173 autem
870 3131 1014 3174 sancti
1047 3135 1162 3174 sunt.
1195 3129 1231 3157 ¹5
1253 3129 1377 3181 Quod
1410 3129 1446 3172 si
1478 3129 1670 3172 infidelis
1703 3129 1912 3179 discedit,

84 3188 297 3245 discedat,
323 3203 411 3233 non
434 3189 554 3232 enim
579 3189 784 3232 servituti
805 3189 1032 3245 subJ‘ectus
1059 3195 1125 3233 est
1149 3190 1291 3233 frater
1314 3195 1391 3232 aut
1416 3202 1535 3232 soror
1555 3189 1602 3231 in
1627 3189 1908 3245 hujusm(›.ii;

82 3247 130 3290 in
161 3261 271 3304 pace
303 3254 453 3291 autem
488 3248 665 3293 vocavit
699 3263 777 3292 nos
813 3249 944 3292 Deus.
980 3249 1015 3275 '¹⁰
1049 3249 1330 3302 Undeenim
1354 3249 1461 3304 scis,
1491 3248 1661 3303 mulier,
1695 3247 1732 3290 si
1769 3248 1914 3290 virum

83 3305 256 3350 salvum
281 3305 457 3351 facies?
483 3312 561 3351 aut
583 3307 699 3351 unde
724 3307 832 3363 scis,
857 3307 936 3364 vir,
963 3308 999 3351 si
1025 3308 1255 3352 mulierem
1279 3308 1451 3351 salvam
1475 3306 1652 3351 facies?

145 3364 178 3391 ¹⁷
199 3366 296 3409 Nisi
329 3366 567 3423 unicuique
597 3366 712 3410 sicut
745 3365 896 3410 divisit
926 3367 1164 3423 Dominus,
1195 3381 1553 3424 unumquemque
1586 3366 1700 3409 sicut
1733 3366 1912 3409 vocavit

23 3442 26 3444 ’
84 3423 226 3479 Deus,
255 3424 321 3468 ita
352 3426 572 3481 ambulet,
608 3430 650 3469 et
684 3426 799 3469 sicut
826 3426 874 3468 in
906 3427 1110 3470 omnibus
1145 3426 1342 3470 ecclesiis
1377 3426 1526 3470 doceo.
1560 3424 1596 3451 18
1615 3424 1909 3468 Circumcisus

81 3482 243 3539 aliquis
264 3488 447 3527 vocatus
471 3485 570 3528 est?
589 3499 677 3528 non
703 3484 897 3528 adducat
921 3486 1203 3542 praeputium.
1229 3487 1281 3528 In
1308 3485 1524 3542 praeputio
1541 3484 1701 3539 aliquis
1727 3490 1909 3527 vocatus

85 3645 132 3678 16]
145 3644 224 3673 Gen.
243 3645 290 3679 ΙΙ,
308 3647 352 3673 24.
371 3645 493 3673 matth.
511 3646 603 3679 XIX,
618 3650 643 3673 5.
662 3646 763 3673 Marv.
783 3645 824 3676 X,
838 3648 863 3672 ἐ.
878 3645 960 3677 Epn.
974 3645 1013 3679 V,
1030 3647 1075 3673 31.
1094 3660 1128 3664 —
1148 3646 1193 3678 19]
1213 3645 1289 3676 Sur».
1312 3645 1375 3678 111,
1395 3646 1436 3671 17.
1458 3644 1488 3670 11
1509 3642 1580 3671 Cor.
1594 3643 1653 3677 VI,
1672 3645 1714 3671 16.
1729 3659 1765 3663 —
1778 3644 1825 3677 20]
1843 3642 1902 3672 1115.

83 3687 160 3724 VII,
174 3690 219 3717 23.
239 3688 254 3716 Ι
273 3688 362 3717 Petr.
383 3689 409 3724 I,
424 3691 467 3717 18.
485 3703 520 3707 -
537 3691 566 3723 3]
588 3691 602 3717 1
626 3690 714 3718 Pctr.
734 3689 799 3724 111,
818 3691 842 3717 7.
857 3702 892 3707 -—
915 3689 961 3722 lo]
980 3689 1102 3718 Matth.
1121 3689 1160 3724 V,
1177 3691 1212 3716 32
1230 3693 1263 3716 ct
1282 3687 1375 3723 xlx,
1393 3692 1418 3716 υ.
1437 3687 1538 3716 Marc.
1558 3688 1636 3722 ΧΑ),
1657 3687 1737 3716 Luc.
1755 3687 1902 3723 XV1,13.

1644 3745 1702 3788 80
