<?xml version="1.0" encoding="UTF-8"?>
<!DOCTYPE html PUBLIC "-//W3C//DTD XHTML 1.0 Transitional//EN"
    "http://www.w3.org/TR/xhtml1/DTD/xhtml1-transitional.dtd">
<html xmlns="http://www.w3.org/1999/xhtml" xml:lang="en" lang="en">
 <head>
  <title>
</title>
<meta http-equiv="Content-Type" content="text/html;charset=utf-8" />
  <meta name='ocr-system' content='tesseract 3.04.00' />
  <meta name='ocr-capabilities' content='ocr_page ocr_carea ocr_par ocr_line ocrx_word'/>
</head>
<body>
  <div class='ocr_page' id='page_1' title='image "./bibliasacrajuxta00fill_0515.png"; bbox 0 0 2456 3861; ppageno 0'>
   <div class='ocr_carea' id='block_1_1' title="bbox 726 147 1985 202">
    <p class='ocr_par' dir='ltr' id='par_1_1' title="bbox 726 147 1985 202">
     <span class='ocr_line' id='line_1_1' title="bbox 726 147 1985 202; baseline 0.004 -14"><span class='ocrx_word' id='word_1_1' title='bbox 726 147 864 189; x_wconf 54' lang='lat' dir='ltr'>Es&#39;rn.</span> <span class='ocrx_word' id='word_1_2' title='bbox 901 147 1041 201; x_wconf 81' lang='lat' dir='ltr'>vm,</span> <span class='ocrx_word' id='word_1_3' title='bbox 1076 149 1101 191; x_wconf 82' lang='grc'><strong>9</strong></span> <span class='ocrx_word' id='word_1_4' title='bbox 1134 173 1192 178; x_wconf 86' lang='grc'><strong>-</strong></span> <span class='ocrx_word' id='word_1_5' title='bbox 1225 147 1312 202; x_wconf 80' lang='lat' dir='ltr'>lx,</span> <span class='ocrx_word' id='word_1_6' title='bbox 1350 149 1414 191; x_wconf 76' lang='lat'>14.</span> <span class='ocrx_word' id='word_1_7' title='bbox 1902 151 1985 194; x_wconf 82' lang='lat'>499</span> 
     </span>
    </p>
   </div>
   <div class='ocr_carea' id='block_1_2' title="bbox 144 315 1988 2008">
    <p class='ocr_par' dir='ltr' id='par_1_2' title="bbox 155 315 1986 431">
     <span class='ocr_line' id='line_1_2' title="bbox 157 315 1986 375; baseline 0.002 -16"><span class='ocrx_word' id='word_1_8' title='bbox 157 322 207 360; x_wconf 92' lang='lat' dir='ltr'>ut</span> <span class='ocrx_word' id='word_1_9' title='bbox 236 316 433 373; x_wconf 89' lang='lat' dir='ltr'>epistolis</span> <span class='ocrx_word' id='word_1_10' title='bbox 458 331 556 372; x_wconf 86' lang='lat' dir='ltr'>quae</span> <span class='ocrx_word' id='word_1_11' title='bbox 589 330 642 359; x_wconf 87' lang='lat' dir='ltr'>ex</span> <span class='ocrx_word' id='word_1_12' title='bbox 675 315 789 369; x_wconf 87' lang='lat' dir='ltr'>regis</span> <span class='ocrx_word' id='word_1_13' title='bbox 820 316 997 359; x_wconf 89' lang='lat' dir='ltr'>nomine</span> <span class='ocrx_word' id='word_1_14' title='bbox 1033 316 1343 372; x_wconf 77' lang='lat' dir='ltr'>mittebantur,</span> <span class='ocrx_word' id='word_1_15' title='bbox 1377 324 1419 361; x_wconf 89' lang='lat' dir='ltr'>et</span> <span class='ocrx_word' id='word_1_16' title='bbox 1451 318 1572 361; x_wconf 89' lang='lat' dir='ltr'>illius</span> <span class='ocrx_word' id='word_1_17' title='bbox 1600 319 1766 362; x_wconf 90' lang='lat' dir='ltr'>annulo</span> <span class='ocrx_word' id='word_1_18' title='bbox 1799 320 1986 375; x_wconf 74' lang='lat' dir='ltr'>signatae</span> 
     </span>
     <span class='ocr_line' id='line_1_3' title="bbox 155 374 1004 431; baseline 0 -14"><span class='ocrx_word' id='word_1_19' title='bbox 155 381 303 431; x_wconf 88' lang='lat' dir='ltr'>erant,</span> <span class='ocrx_word' id='word_1_20' title='bbox 332 390 459 418; x_wconf 92' lang='lat' dir='ltr'>nemo</span> <span class='ocrx_word' id='word_1_21' title='bbox 482 374 662 418; x_wconf 81' lang='lat' dir='ltr'>auderet</span> <span class='ocrx_word' id='word_1_22' title='bbox 687 374 1004 417; x_wconf 77' lang='lat' dir='ltr'>contradicere.</span> 
     </span>
    </p>

    <p class='ocr_par' dir='ltr' id='par_1_3' title="bbox 147 432 1988 1492">
     <span class='ocr_line' id='line_1_4' title="bbox 215 432 1984 495; baseline 0.003 -19"><span class='ocrx_word' id='word_1_23' title='bbox 215 434 501 490; x_wconf 78' lang='grc' dir='ltr'>9Αο011130110</span> <span class='ocrx_word' id='word_1_24' title='bbox 525 433 680 477; x_wconf 89' lang='lat' dir='ltr'>scribis</span> <span class='ocrx_word' id='word_1_25' title='bbox 706 438 749 476; x_wconf 91' lang='lat' dir='ltr'>et</span> <span class='ocrx_word' id='word_1_26' title='bbox 775 432 965 475; x_wconf 86' lang='lat' dir='ltr'>librariis</span> <span class='ocrx_word' id='word_1_27' title='bbox 990 434 1105 489; x_wconf 88' lang='lat' dir='ltr'>regis</span> <span class='ocrx_word' id='word_1_28' title='bbox 1134 436 1257 491; x_wconf 86' lang='lat' dir='ltr'>(erat</span> <span class='ocrx_word' id='word_1_29' title='bbox 1279 442 1428 480; x_wconf 85' lang='lat' dir='ltr'>autem</span> <span class='ocrx_word' id='word_1_30' title='bbox 1455 443 1627 494; x_wconf 87' lang='lat' dir='ltr'>tempus</span> <span class='ocrx_word' id='word_1_31' title='bbox 1654 437 1773 480; x_wconf 89' lang='lat' dir='ltr'>tertii</span> <span class='ocrx_word' id='word_1_32' title='bbox 1801 439 1984 495; x_wconf 82' lang='lat' dir='ltr'>mensis,</span> 
     </span>
     <span class='ocr_line' id='line_1_5' title="bbox 155 491 1983 554; baseline 0.003 -18"><span class='ocrx_word' id='word_1_33' title='bbox 155 493 229 549; x_wconf 82' lang='lat' dir='ltr'>qui</span> <span class='ocrx_word' id='word_1_34' title='bbox 255 493 508 550; x_wconf 84' lang='lat' dir='ltr'>appellatur</span> <span class='ocrx_word' id='word_1_35' title='bbox 532 492 711 549; x_wconf 89' lang='lat' dir='ltr'>siban),</span> <span class='ocrx_word' id='word_1_36' title='bbox 736 491 953 547; x_wconf 89' lang='lat' dir='ltr'>vigesima</span> <span class='ocrx_word' id='word_1_37' title='bbox 975 498 1018 535; x_wconf 91' lang='lat' dir='ltr'>et</span> <span class='ocrx_word' id='word_1_38' title='bbox 1041 493 1170 536; x_wconf 83' lang='lat' dir='ltr'>tertia</span> <span class='ocrx_word' id='word_1_39' title='bbox 1195 494 1266 537; x_wconf 88' lang='lat' dir='ltr'>die</span> <span class='ocrx_word' id='word_1_40' title='bbox 1289 495 1428 550; x_wconf 87' lang='lat' dir='ltr'>illius,</span> <span class='ocrx_word' id='word_1_41' title='bbox 1451 497 1627 553; x_wconf 78' lang='lat' dir='ltr'>scriptae</span> <span class='ocrx_word' id='word_1_42' title='bbox 1652 502 1755 539; x_wconf 89' lang='lat' dir='ltr'>sunt</span> <span class='ocrx_word' id='word_1_43' title='bbox 1772 497 1983 554; x_wconf 75' lang='lat' dir='ltr'>epistolae,</span> 
     </span>
     <span class='ocr_line' id='line_1_6' title="bbox 156 550 1986 613; baseline 0.003 -19"><span class='ocrx_word' id='word_1_44' title='bbox 156 557 203 594; x_wconf 89' lang='lat' dir='ltr'>ut</span> <span class='ocrx_word' id='word_1_45' title='bbox 228 552 536 596; x_wconf 84' lang='lat' dir='ltr'>Mardochaeus</span> <span class='ocrx_word' id='word_1_46' title='bbox 562 551 781 606; x_wconf 86' lang='lat' dir='ltr'>voluerat,</span> <span class='ocrx_word' id='word_1_47' title='bbox 803 550 860 593; x_wconf 92' lang='lat' dir='ltr'>ad</span> <span class='ocrx_word' id='word_1_48' title='bbox 883 551 910 593; x_wconf 83' lang='lat' dir='ltr'>J</span> <span class='ocrx_word' id='word_1_49' title='bbox 917 551 1085 607; x_wconf 80' lang='lat' dir='ltr'>udaeos,</span> <span class='ocrx_word' id='word_1_50' title='bbox 1113 558 1156 595; x_wconf 90' lang='lat' dir='ltr'>et</span> <span class='ocrx_word' id='word_1_51' title='bbox 1182 553 1238 595; x_wconf 89' lang='lat' dir='ltr'>ad</span> <span class='ocrx_word' id='word_1_52' title='bbox 1265 554 1505 611; x_wconf 89' lang='lat' dir='ltr'>principes,</span> <span class='ocrx_word' id='word_1_53' title='bbox 1526 561 1917 613; x_wconf 81' lang='lat' dir='ltr'>procuratoresque</span> <span class='ocrx_word' id='word_1_54' title='bbox 1942 563 1986 600; x_wconf 89' lang='lat' dir='ltr'>et</span> 
     </span>
     <span class='ocr_line' id='line_1_7' title="bbox 151 609 1985 671; baseline 0.003 -18"><span class='ocrx_word' id='word_1_55' title='bbox 151 611 326 667; x_wconf 84' lang='lat' dir='ltr'>judices</span> <span class='ocrx_word' id='word_1_56' title='bbox 353 611 425 667; x_wconf 91' lang='lat' dir='ltr'>qui</span> <span class='ocrx_word' id='word_1_57' title='bbox 449 617 627 655; x_wconf 90' lang='lat' dir='ltr'>centum</span> <span class='ocrx_word' id='word_1_58' title='bbox 653 609 813 666; x_wconf 88' lang='lat' dir='ltr'>viginti</span> <span class='ocrx_word' id='word_1_59' title='bbox 839 615 1008 666; x_wconf 87' lang='lat' dir='ltr'>septem</span> <span class='ocrx_word' id='word_1_60' title='bbox 1034 611 1273 667; x_wconf 89' lang='lat' dir='ltr'>provinciis</span> <span class='ocrx_word' id='word_1_61' title='bbox 1299 613 1355 655; x_wconf 85' lang='lat' dir='ltr'>ab</span> <span class='ocrx_word' id='word_1_62' title='bbox 1388 614 1517 656; x_wconf 86' lang='lat' dir='ltr'>India</span> <span class='ocrx_word' id='word_1_63' title='bbox 1551 629 1688 671; x_wconf 91' lang='lat' dir='ltr'>usque</span> <span class='ocrx_word' id='word_1_64' title='bbox 1720 615 1776 658; x_wconf 89' lang='lat' dir='ltr'>ad</span> <span class='ocrx_word' id='word_1_65' title='bbox 1810 616 1985 659; x_wconf 90' lang='lat' dir='ltr'>AEthio-</span> 
     </span>
     <span class='ocr_line' id='line_1_8' title="bbox 154 668 1987 730; baseline 0.005 -21"><span class='ocrx_word' id='word_1_66' title='bbox 154 669 275 725; x_wconf 84' lang='lat' dir='ltr'>piam</span> <span class='ocrx_word' id='word_1_67' title='bbox 305 670 624 727; x_wconf 71' lang='lat' dir='ltr'>praesidebant,</span> <span class='ocrx_word' id='word_1_68' title='bbox 650 668 891 726; x_wconf 74' lang='lat' dir='ltr'>provinciae</span> <span class='ocrx_word' id='word_1_69' title='bbox 917 674 1050 724; x_wconf 88' lang='lat' dir='ltr'>atque</span> <span class='ocrx_word' id='word_1_70' title='bbox 1076 670 1336 726; x_wconf 71' lang='lat' dir='ltr'>provinciae,</span> <span class='ocrx_word' id='word_1_71' title='bbox 1363 673 1524 728; x_wconf 90' lang='lat' dir='ltr'>populo</span> <span class='ocrx_word' id='word_1_72' title='bbox 1560 681 1603 716; x_wconf 88' lang='lat' dir='ltr'>et</span> <span class='ocrx_word' id='word_1_73' title='bbox 1639 674 1821 730; x_wconf 87' lang='lat' dir='ltr'>populo,</span> <span class='ocrx_word' id='word_1_74' title='bbox 1858 675 1987 730; x_wconf 83' lang='lat' dir='ltr'>juxta</span> 
     </span>
     <span class='ocr_line' id='line_1_9' title="bbox 155 727 1986 790; baseline 0.004 -20"><span class='ocrx_word' id='word_1_75' title='bbox 155 727 331 784; x_wconf 86' lang='lat' dir='ltr'>linguas</span> <span class='ocrx_word' id='word_1_76' title='bbox 354 736 396 772; x_wconf 91' lang='lat' dir='ltr'>et</span> <span class='ocrx_word' id='word_1_77' title='bbox 415 729 584 772; x_wconf 83' lang='lat' dir='ltr'>lit-teras</span> <span class='ocrx_word' id='word_1_78' title='bbox 602 743 716 784; x_wconf 88' lang='lat' dir='ltr'>suas,</span> <span class='ocrx_word' id='word_1_79' title='bbox 735 733 779 772; x_wconf 90' lang='lat' dir='ltr'>et</span> <span class='ocrx_word' id='word_1_80' title='bbox 796 727 981 783; x_wconf 81' lang='lat' dir='ltr'>Judaeis,</span> <span class='ocrx_word' id='word_1_81' title='bbox 1002 734 1131 784; x_wconf 91' lang='lat' dir='ltr'>prout</span> <span class='ocrx_word' id='word_1_82' title='bbox 1149 728 1295 784; x_wconf 88' lang='lat' dir='ltr'>legere</span> <span class='ocrx_word' id='word_1_83' title='bbox 1318 737 1534 787; x_wconf 87' lang='lat' dir='ltr'>poterant,</span> <span class='ocrx_word' id='word_1_84' title='bbox 1554 738 1597 774; x_wconf 87' lang='lat' dir='ltr'>et</span> <span class='ocrx_word' id='word_1_85' title='bbox 1613 733 1779 777; x_wconf 88' lang='lat' dir='ltr'>audire.</span> <span class='ocrx_word' id='word_1_86' title='bbox 1797 734 1833 760; x_wconf 89' lang='lat'><strong>¹⁰</strong></span> <span class='ocrx_word' id='word_1_87' title='bbox 1852 735 1986 790; x_wconf 90' lang='lat' dir='ltr'>Ipsae-</span> 
     </span>
     <span class='ocr_line' id='line_1_10' title="bbox 151 786 1986 848; baseline 0.004 -19"><span class='ocrx_word' id='word_1_88' title='bbox 151 801 237 843; x_wconf 88' lang='lat' dir='ltr'>que</span> <span class='ocrx_word' id='word_1_89' title='bbox 278 788 497 845; x_wconf 86' lang='lat' dir='ltr'>epistolae,</span> <span class='ocrx_word' id='word_1_90' title='bbox 533 802 629 844; x_wconf 86' lang='lat' dir='ltr'>quae</span> <span class='ocrx_word' id='word_1_91' title='bbox 663 787 778 843; x_wconf 87' lang='lat' dir='ltr'>regis</span> <span class='ocrx_word' id='word_1_92' title='bbox 810 786 990 830; x_wconf 91' lang='lat' dir='ltr'>nomine</span> <span class='ocrx_word' id='word_1_93' title='bbox 1023 787 1338 844; x_wconf 81' lang='lat' dir='ltr'>mittebantur,</span> <span class='ocrx_word' id='word_1_94' title='bbox 1369 790 1531 832; x_wconf 88' lang='lat' dir='ltr'>annulo</span> <span class='ocrx_word' id='word_1_95' title='bbox 1568 791 1706 847; x_wconf 88' lang='lat' dir='ltr'>ipsius</span> <span class='ocrx_word' id='word_1_96' title='bbox 1739 792 1986 848; x_wconf 76' lang='lat' dir='ltr'>obsignatae</span> 
     </span>
     <span class='ocr_line' id='line_1_11' title="bbox 150 845 1984 907; baseline 0.004 -19"><span class='ocrx_word' id='word_1_97' title='bbox 150 852 274 902; x_wconf 91' lang='lat' dir='ltr'>sunt,</span> <span class='ocrx_word' id='word_1_98' title='bbox 311 853 354 890; x_wconf 90' lang='lat' dir='ltr'>et</span> <span class='ocrx_word' id='word_1_99' title='bbox 387 847 534 890; x_wconf 86' lang='lat' dir='ltr'>missae</span> <span class='ocrx_word' id='word_1_100' title='bbox 563 861 640 903; x_wconf 89' lang='lat' dir='ltr'>per</span> <span class='ocrx_word' id='word_1_101' title='bbox 673 845 943 901; x_wconf 87' lang='lat' dir='ltr'>veredarios,</span> <span class='ocrx_word' id='word_1_102' title='bbox 974 846 1048 901; x_wconf 92' lang='lat' dir='ltr'>qui</span> <span class='ocrx_word' id='word_1_103' title='bbox 1083 860 1160 903; x_wconf 92' lang='lat' dir='ltr'>per</span> <span class='ocrx_word' id='word_1_104' title='bbox 1192 861 1344 890; x_wconf 89' lang='lat' dir='ltr'>omnes</span> <span class='ocrx_word' id='word_1_105' title='bbox 1386 848 1636 904; x_wconf 88' lang='lat' dir='ltr'>provincias</span> <span class='ocrx_word' id='word_1_106' title='bbox 1670 850 1984 907; x_wconf 86' lang='lat' dir='ltr'>discurrentes,</span> 
     </span>
     <span class='ocr_line' id='line_1_12' title="bbox 156 904 1985 964; baseline 0.003 -17"><span class='ocrx_word' id='word_1_107' title='bbox 156 910 322 948; x_wconf 86' lang='lat' dir='ltr'>veteres</span> <span class='ocrx_word' id='word_1_108' title='bbox 345 905 513 949; x_wconf 75' lang='lat' dir='ltr'>litteras</span> <span class='ocrx_word' id='word_1_109' title='bbox 539 906 665 949; x_wconf 79' lang='lat' dir='ltr'>novis</span> <span class='ocrx_word' id='word_1_110' title='bbox 683 904 850 948; x_wconf 89' lang='lat' dir='ltr'>nuntiis</span> <span class='ocrx_word' id='word_1_111' title='bbox 876 905 1184 962; x_wconf 87' lang='lat' dir='ltr'>praevenirent.</span> <span class='ocrx_word' id='word_1_112' title='bbox 1210 905 1242 932; x_wconf 96' lang='lat'>¹¹</span> <span class='ocrx_word' id='word_1_113' title='bbox 1269 906 1438 956; x_wconf 88' lang='lat' dir='ltr'>Quibus</span> <span class='ocrx_word' id='word_1_114' title='bbox 1455 907 1693 964; x_wconf 89' lang='lat' dir='ltr'>imperavit</span> <span class='ocrx_word' id='word_1_115' title='bbox 1718 923 1796 952; x_wconf 82' lang='lat' dir='ltr'>rex</span> <span class='ocrx_word' id='word_1_116' title='bbox 1817 914 1865 952; x_wconf 90' lang='lat' dir='ltr'>ut</span> <span class='ocrx_word' id='word_1_117' title='bbox 1883 924 1985 953; x_wconf 90' lang='lat' dir='ltr'>con-</span> 
     </span>
     <span class='ocr_line' id='line_1_13' title="bbox 155 964 1985 1024; baseline 0.003 -18"><span class='ocrx_word' id='word_1_118' title='bbox 155 964 355 1007; x_wconf 73' lang='lat' dir='ltr'>venirent</span> <span class='ocrx_word' id='word_1_119' title='bbox 380 964 561 1007; x_wconf 83' lang='lat' dir='ltr'>Judaeos</span> <span class='ocrx_word' id='word_1_120' title='bbox 588 979 663 1021; x_wconf 90' lang='lat' dir='ltr'>per</span> <span class='ocrx_word' id='word_1_121' title='bbox 687 964 886 1020; x_wconf 87' lang='lat' dir='ltr'>singulas</span> <span class='ocrx_word' id='word_1_122' title='bbox 916 964 1142 1020; x_wconf 82' lang='lat' dir='ltr'>civitates,</span> <span class='ocrx_word' id='word_1_123' title='bbox 1171 970 1215 1008; x_wconf 91' lang='lat' dir='ltr'>et</span> <span class='ocrx_word' id='word_1_124' title='bbox 1240 965 1286 1007; x_wconf 92' lang='lat' dir='ltr'>in</span> <span class='ocrx_word' id='word_1_125' title='bbox 1318 980 1455 1008; x_wconf 88' lang='lat' dir='ltr'>unum</span> <span class='ocrx_word' id='word_1_126' title='bbox 1480 967 1772 1023; x_wconf 85' lang='lat' dir='ltr'>praeciperent</span> <span class='ocrx_word' id='word_1_127' title='bbox 1805 983 1985 1024; x_wconf 90' lang='lat' dir='ltr'>congre-</span> 
     </span>
     <span class='ocr_line' id='line_1_14' title="bbox 152 1023 1985 1083; baseline 0.003 -19"><span class='ocrx_word' id='word_1_128' title='bbox 152 1023 268 1078; x_wconf 82' lang='lat' dir='ltr'>gari,</span> <span class='ocrx_word' id='word_1_129' title='bbox 298 1029 345 1066; x_wconf 90' lang='lat' dir='ltr'>ut</span> <span class='ocrx_word' id='word_1_130' title='bbox 366 1028 535 1066; x_wconf 90' lang='lat' dir='ltr'>starent</span> <span class='ocrx_word' id='word_1_131' title='bbox 561 1038 637 1080; x_wconf 91' lang='lat' dir='ltr'>pro</span> <span class='ocrx_word' id='word_1_132' title='bbox 663 1023 897 1067; x_wconf 86' lang='lat' dir='ltr'>animabus</span> <span class='ocrx_word' id='word_1_133' title='bbox 923 1023 1034 1079; x_wconf 86' lang='lat' dir='ltr'>suis,</span> <span class='ocrx_word' id='word_1_134' title='bbox 1053 1027 1098 1067; x_wconf 90' lang='lat' dir='ltr'>et</span> <span class='ocrx_word' id='word_1_135' title='bbox 1121 1038 1272 1067; x_wconf 85' lang='lat' dir='ltr'>omnes</span> <span class='ocrx_word' id='word_1_136' title='bbox 1303 1024 1509 1067; x_wconf 90' lang='lat' dir='ltr'>inimicos</span> <span class='ocrx_word' id='word_1_137' title='bbox 1538 1039 1660 1080; x_wconf 88' lang='lat' dir='ltr'>suos,</span> <span class='ocrx_word' id='word_1_138' title='bbox 1697 1040 1798 1069; x_wconf 93' lang='lat' dir='ltr'>cum</span> <span class='ocrx_word' id='word_1_139' title='bbox 1832 1028 1985 1083; x_wconf 84' lang='lat' dir='ltr'>conju-</span> 
     </span>
     <span class='ocr_line' id='line_1_15' title="bbox 151 1081 1988 1141; baseline 0.003 -18"><span class='ocrx_word' id='word_1_140' title='bbox 151 1081 303 1138; x_wconf 87' lang='lat' dir='ltr'>gibus,</span> <span class='ocrx_word' id='word_1_141' title='bbox 329 1097 382 1125; x_wconf 89' lang='lat' dir='ltr'>ac</span> <span class='ocrx_word' id='word_1_142' title='bbox 407 1082 575 1138; x_wconf 89' lang='lat' dir='ltr'>liberis,</span> <span class='ocrx_word' id='word_1_143' title='bbox 607 1088 650 1125; x_wconf 89' lang='lat' dir='ltr'>et</span> <span class='ocrx_word' id='word_1_144' title='bbox 683 1082 899 1126; x_wconf 89' lang='lat' dir='ltr'>universis</span> <span class='ocrx_word' id='word_1_145' title='bbox 933 1082 1157 1139; x_wconf 87' lang='lat' dir='ltr'>domibus,</span> <span class='ocrx_word' id='word_1_146' title='bbox 1188 1083 1489 1127; x_wconf 89' lang='lat' dir='ltr'>interficerent</span> <span class='ocrx_word' id='word_1_147' title='bbox 1521 1089 1654 1140; x_wconf 89' lang='lat' dir='ltr'>atque</span> <span class='ocrx_word' id='word_1_148' title='bbox 1687 1085 1906 1141; x_wconf 90' lang='lat' dir='ltr'>delerent,</span> <span class='ocrx_word' id='word_1_149' title='bbox 1943 1092 1988 1129; x_wconf 89' lang='lat' dir='ltr'>et</span> 
     </span>
     <span class='ocr_line' id='line_1_16' title="bbox 149 1140 1986 1200; baseline 0.002 -17"><span class='ocrx_word' id='word_1_150' title='bbox 149 1140 292 1196; x_wconf 85' lang='lat' dir='ltr'>spolia</span> <span class='ocrx_word' id='word_1_151' title='bbox 325 1155 476 1184; x_wconf 90' lang='lat' dir='ltr'>eorum</span> <span class='ocrx_word' id='word_1_152' title='bbox 505 1141 760 1197; x_wconf 87' lang='lat' dir='ltr'>diriperent.</span> <span class='ocrx_word' id='word_1_153' title='bbox 797 1140 832 1167; x_wconf 63' lang='lat'>¹⁹²</span> <span class='ocrx_word' id='word_1_154' title='bbox 858 1142 915 1185; x_wconf 89' lang='lat' dir='ltr'>Et</span> <span class='ocrx_word' id='word_1_155' title='bbox 947 1141 1190 1185; x_wconf 89' lang='lat' dir='ltr'>constituta</span> <span class='ocrx_word' id='word_1_156' title='bbox 1224 1147 1291 1185; x_wconf 90' lang='lat' dir='ltr'>est</span> <span class='ocrx_word' id='word_1_157' title='bbox 1320 1157 1396 1199; x_wconf 88' lang='lat' dir='ltr'>per</span> <span class='ocrx_word' id='word_1_158' title='bbox 1429 1157 1582 1186; x_wconf 90' lang='lat' dir='ltr'>omnes</span> <span class='ocrx_word' id='word_1_159' title='bbox 1617 1144 1867 1200; x_wconf 87' lang='lat' dir='ltr'>provincias</span> <span class='ocrx_word' id='word_1_160' title='bbox 1900 1159 1986 1187; x_wconf 90' lang='lat' dir='ltr'>una</span> 
     </span>
     <span class='ocr_line' id='line_1_17' title="bbox 152 1199 1987 1259; baseline 0.003 -19"><span class='ocrx_word' id='word_1_161' title='bbox 152 1199 332 1242; x_wconf 90' lang='lat' dir='ltr'>ultionis</span> <span class='ocrx_word' id='word_1_162' title='bbox 354 1199 468 1254; x_wconf 90' lang='lat' dir='ltr'>dies,</span> <span class='ocrx_word' id='word_1_163' title='bbox 495 1199 540 1242; x_wconf 91' lang='lat' dir='ltr'>id</span> <span class='ocrx_word' id='word_1_164' title='bbox 567 1206 633 1243; x_wconf 91' lang='lat' dir='ltr'>est</span> <span class='ocrx_word' id='word_1_165' title='bbox 653 1200 782 1243; x_wconf 85' lang='lat' dir='ltr'>tertia</span> <span class='ocrx_word' id='word_1_166' title='bbox 806 1200 979 1244; x_wconf 90' lang='lat' dir='ltr'>decima</span> <span class='ocrx_word' id='word_1_167' title='bbox 1001 1201 1164 1244; x_wconf 87' lang='lat' dir='ltr'>mensis</span> <span class='ocrx_word' id='word_1_168' title='bbox 1198 1201 1477 1254; x_wconf 89' lang='lat' dir='ltr'>duodecimi,</span> <span class='ocrx_word' id='word_1_169' title='bbox 1506 1202 1626 1245; x_wconf 90' lang='lat' dir='ltr'>adar.</span> <span class='ocrx_word' id='word_1_170' title='bbox 1665 1202 1698 1229; x_wconf 80' lang='lat'><strong>¹3</strong></span> <span class='ocrx_word' id='word_1_171' title='bbox 1717 1203 1987 1259; x_wconf 88' lang='lat' dir='ltr'>Summaque</span> 
     </span>
     <span class='ocr_line' id='line_1_18' title="bbox 150 1258 1985 1318; baseline 0.003 -18"><span class='ocrx_word' id='word_1_172' title='bbox 150 1258 349 1314; x_wconf 83' lang='lat' dir='ltr'>epistolae</span> <span class='ocrx_word' id='word_1_173' title='bbox 368 1259 462 1302; x_wconf 88' lang='grc'>11300</span> <span class='ocrx_word' id='word_1_174' title='bbox 487 1258 593 1313; x_wconf 78' lang='lat' dir='ltr'>fuit,</span> <span class='ocrx_word' id='word_1_175' title='bbox 611 1265 659 1302; x_wconf 90' lang='lat' dir='ltr'>ut</span> <span class='ocrx_word' id='word_1_176' title='bbox 677 1259 723 1301; x_wconf 91' lang='lat' dir='ltr'>in</span> <span class='ocrx_word' id='word_1_177' title='bbox 745 1259 948 1303; x_wconf 92' lang='lat' dir='ltr'>omnibus</span> <span class='ocrx_word' id='word_1_178' title='bbox 971 1259 1095 1303; x_wconf 84' lang='lat' dir='ltr'>terris</span> <span class='ocrx_word' id='word_1_179' title='bbox 1118 1275 1170 1304; x_wconf 88' lang='lat' dir='ltr'>ac</span> <span class='ocrx_word' id='word_1_180' title='bbox 1192 1260 1379 1317; x_wconf 78' lang='lat' dir='ltr'>populis,</span> <span class='ocrx_word' id='word_1_181' title='bbox 1399 1260 1471 1316; x_wconf 88' lang='lat' dir='ltr'>qui</span> <span class='ocrx_word' id='word_1_182' title='bbox 1494 1261 1609 1316; x_wconf 89' lang='lat' dir='ltr'>regis</span> <span class='ocrx_word' id='word_1_183' title='bbox 1632 1262 1812 1304; x_wconf 88' lang='lat' dir='ltr'>Assueri</span> <span class='ocrx_word' id='word_1_184' title='bbox 1835 1263 1985 1318; x_wconf 83' lang='lat' dir='ltr'>subja-</span> 
     </span>
     <span class='ocr_line' id='line_1_19' title="bbox 149 1317 1984 1377; baseline 0.002 -18"><span class='ocrx_word' id='word_1_185' title='bbox 149 1317 312 1360; x_wconf 85' lang='lat' dir='ltr'>cebant</span> <span class='ocrx_word' id='word_1_186' title='bbox 335 1317 542 1374; x_wconf 88' lang='lat' dir='ltr'>imperio,</span> <span class='ocrx_word' id='word_1_187' title='bbox 565 1322 719 1360; x_wconf 89' lang='lat' dir='ltr'>notum</span> <span class='ocrx_word' id='word_1_188' title='bbox 752 1319 876 1362; x_wconf 87' lang='lat' dir='ltr'>fieret</span> <span class='ocrx_word' id='word_1_189' title='bbox 905 1322 1082 1375; x_wconf 86' lang='lat' dir='ltr'>paratos</span> <span class='ocrx_word' id='word_1_190' title='bbox 1115 1333 1210 1362; x_wconf 91' lang='lat' dir='ltr'>esse</span> <span class='ocrx_word' id='word_1_191' title='bbox 1242 1320 1272 1362; x_wconf 82' lang='lat' dir='ltr'>J</span> <span class='ocrx_word' id='word_1_192' title='bbox 1277 1319 1424 1362; x_wconf 87' lang='lat' dir='ltr'>udaeos</span> <span class='ocrx_word' id='word_1_193' title='bbox 1458 1319 1514 1362; x_wconf 87' lang='lat' dir='ltr'>ad</span> <span class='ocrx_word' id='word_1_194' title='bbox 1548 1320 1813 1377; x_wconf 88' lang='lat' dir='ltr'>capiendam</span> <span class='ocrx_word' id='word_1_195' title='bbox 1842 1320 1984 1364; x_wconf 91' lang='lat' dir='ltr'>vindi-</span> 
     </span>
     <span class='ocr_line' id='line_1_20' title="bbox 149 1376 1983 1437; baseline 0.003 -19"><span class='ocrx_word' id='word_1_196' title='bbox 149 1383 268 1418; x_wconf 82' lang='lat' dir='ltr'>ctam</span> <span class='ocrx_word' id='word_1_197' title='bbox 302 1376 355 1419; x_wconf 91' lang='lat' dir='ltr'>de</span> <span class='ocrx_word' id='word_1_198' title='bbox 381 1376 580 1420; x_wconf 88' lang='lat' dir='ltr'>hostibus</span> <span class='ocrx_word' id='word_1_199' title='bbox 609 1377 713 1420; x_wconf 91' lang='lat' dir='ltr'>suis.</span> <span class='ocrx_word' id='word_1_200' title='bbox 730 1377 765 1403; x_wconf 81' lang='grc'>11</span> <span class='ocrx_word' id='word_1_201' title='bbox 784 1377 1048 1433; x_wconf 85' lang='lat' dir='ltr'>Egressique</span> <span class='ocrx_word' id='word_1_202' title='bbox 1073 1383 1176 1420; x_wconf 90' lang='lat' dir='ltr'>sunt</span> <span class='ocrx_word' id='word_1_203' title='bbox 1197 1377 1414 1421; x_wconf 82' lang='lat' dir='ltr'>veredarii</span> <span class='ocrx_word' id='word_1_204' title='bbox 1446 1378 1630 1435; x_wconf 88' lang='lat' dir='ltr'>celeres,</span> <span class='ocrx_word' id='word_1_205' title='bbox 1658 1379 1814 1422; x_wconf 88' lang='lat' dir='ltr'>nuntia</span> <span class='ocrx_word' id='word_1_206' title='bbox 1839 1381 1983 1437; x_wconf 77' lang='lat' dir='ltr'>perfe-</span> 
     </span>
     <span class='ocr_line' id='line_1_21' title="bbox 147 1435 1218 1492; baseline 0.003 -16"><span class='ocrx_word' id='word_1_207' title='bbox 147 1441 313 1488; x_wconf 87' lang='lat' dir='ltr'>rentes,</span> <span class='ocrx_word' id='word_1_208' title='bbox 337 1440 380 1478; x_wconf 90' lang='lat' dir='ltr'>et</span> <span class='ocrx_word' id='word_1_209' title='bbox 405 1435 600 1478; x_wconf 91' lang='lat' dir='ltr'>edictum</span> <span class='ocrx_word' id='word_1_210' title='bbox 622 1436 737 1491; x_wconf 89' lang='lat' dir='ltr'>regis</span> <span class='ocrx_word' id='word_1_211' title='bbox 759 1436 970 1492; x_wconf 88' lang='lat' dir='ltr'>pependit</span> <span class='ocrx_word' id='word_1_212' title='bbox 991 1436 1036 1478; x_wconf 91' lang='lat' dir='ltr'>in</span> <span class='ocrx_word' id='word_1_213' title='bbox 1063 1437 1218 1479; x_wconf 88' lang='lat' dir='ltr'>Susan.</span> 
     </span>
    </p>

    <p class='ocr_par' dir='ltr' id='par_1_4' title="bbox 144 1493 1985 2008">
     <span class='ocr_line' id='line_1_22' title="bbox 209 1493 1984 1552; baseline 0.002 -16"><span class='ocrx_word' id='word_1_214' title='bbox 209 1493 244 1519; x_wconf 77' lang='lat'><strong>¹5</strong></span> <span class='ocrx_word' id='word_1_215' title='bbox 267 1494 573 1537; x_wconf 83' lang='lat' dir='ltr'>Mardochaeus</span> <span class='ocrx_word' id='word_1_216' title='bbox 599 1500 749 1537; x_wconf 88' lang='lat' dir='ltr'>autem</span> <span class='ocrx_word' id='word_1_217' title='bbox 776 1494 830 1537; x_wconf 88' lang='lat' dir='ltr'>de</span> <span class='ocrx_word' id='word_1_218' title='bbox 856 1494 1022 1550; x_wconf 90' lang='lat' dir='ltr'>palatio</span> <span class='ocrx_word' id='word_1_219' title='bbox 1052 1500 1095 1538; x_wconf 91' lang='lat' dir='ltr'>et</span> <span class='ocrx_word' id='word_1_220' title='bbox 1125 1495 1178 1537; x_wconf 91' lang='lat' dir='ltr'>de</span> <span class='ocrx_word' id='word_1_221' title='bbox 1209 1502 1446 1552; x_wconf 87' lang='lat' dir='ltr'>conspectu</span> <span class='ocrx_word' id='word_1_222' title='bbox 1478 1496 1595 1552; x_wconf 86' lang='lat' dir='ltr'>regis</span> <span class='ocrx_word' id='word_1_223' title='bbox 1622 1497 1872 1552; x_wconf 88' lang='lat' dir='ltr'>egrediens,</span> <span class='ocrx_word' id='word_1_224' title='bbox 1896 1498 1984 1540; x_wconf 79' lang='lat' dir='ltr'>ful-</span> 
     </span>
     <span class='ocr_line' id='line_1_23' title="bbox 147 1551 1985 1610; baseline 0.002 -16"><span class='ocrx_word' id='word_1_225' title='bbox 147 1551 282 1607; x_wconf 88' lang='lat' dir='ltr'>gebat</span> <span class='ocrx_word' id='word_1_226' title='bbox 313 1552 509 1595; x_wconf 88' lang='lat' dir='ltr'>vestibus</span> <span class='ocrx_word' id='word_1_227' title='bbox 542 1553 698 1609; x_wconf 88' lang='lat' dir='ltr'>regiis,</span> <span class='ocrx_word' id='word_1_228' title='bbox 729 1552 1032 1608; x_wconf 88' lang='lat' dir='ltr'>hyacinthinis</span> <span class='ocrx_word' id='word_1_229' title='bbox 1066 1553 1278 1597; x_wconf 89' lang='lat' dir='ltr'>videlicet</span> <span class='ocrx_word' id='word_1_230' title='bbox 1311 1560 1354 1597; x_wconf 92' lang='lat' dir='ltr'>et</span> <span class='ocrx_word' id='word_1_231' title='bbox 1385 1555 1546 1610; x_wconf 88' lang='lat' dir='ltr'>aereis,</span> <span class='ocrx_word' id='word_1_232' title='bbox 1571 1569 1779 1597; x_wconf 88' lang='lat' dir='ltr'>coronam</span> <span class='ocrx_word' id='word_1_233' title='bbox 1803 1570 1985 1598; x_wconf 88' lang='lat' dir='ltr'>auream</span> 
     </span>
     <span class='ocr_line' id='line_1_24' title="bbox 148 1611 1984 1670; baseline 0.002 -17"><span class='ocrx_word' id='word_1_234' title='bbox 148 1616 326 1667; x_wconf 89' lang='lat' dir='ltr'>portans</span> <span class='ocrx_word' id='word_1_235' title='bbox 347 1611 394 1653; x_wconf 90' lang='lat' dir='ltr'>in</span> <span class='ocrx_word' id='word_1_236' title='bbox 421 1611 586 1668; x_wconf 83' lang='lat' dir='ltr'>capite,</span> <span class='ocrx_word' id='word_1_237' title='bbox 609 1617 652 1655; x_wconf 90' lang='lat' dir='ltr'>et</span> <span class='ocrx_word' id='word_1_238' title='bbox 673 1611 864 1654; x_wconf 90' lang='lat' dir='ltr'>amictus</span> <span class='ocrx_word' id='word_1_239' title='bbox 899 1611 1037 1655; x_wconf 88' lang='lat' dir='ltr'>serico</span> <span class='ocrx_word' id='word_1_240' title='bbox 1068 1612 1203 1668; x_wconf 90' lang='lat' dir='ltr'>pallio</span> <span class='ocrx_word' id='word_1_241' title='bbox 1233 1618 1367 1668; x_wconf 87' lang='lat' dir='ltr'>atque</span> <span class='ocrx_word' id='word_1_242' title='bbox 1396 1628 1628 1670; x_wconf 91' lang='lat' dir='ltr'>purpureo.</span> <span class='ocrx_word' id='word_1_243' title='bbox 1657 1613 1899 1670; x_wconf 90' lang='lat' dir='ltr'>Omnisque</span> <span class='ocrx_word' id='word_1_244' title='bbox 1925 1614 1984 1657; x_wconf 91' lang='lat' dir='ltr'>ci-</span> 
     </span>
     <span class='ocr_line' id='line_1_25' title="bbox 149 1669 1982 1728; baseline 0.002 -16"><span class='ocrx_word' id='word_1_245' title='bbox 149 1669 261 1713; x_wconf 88' lang='lat' dir='ltr'>vitas</span> <span class='ocrx_word' id='word_1_246' title='bbox 283 1669 502 1713; x_wconf 86' lang='lat' dir='ltr'>exultavit</span> <span class='ocrx_word' id='word_1_247' title='bbox 530 1675 663 1726; x_wconf 89' lang='lat' dir='ltr'>atque</span> <span class='ocrx_word' id='word_1_248' title='bbox 692 1671 846 1713; x_wconf 87' lang='lat' dir='ltr'>laetata</span> <span class='ocrx_word' id='word_1_249' title='bbox 875 1675 954 1713; x_wconf 88' lang='lat' dir='ltr'>est.</span> <span class='ocrx_word' id='word_1_250' title='bbox 979 1669 1015 1696; x_wconf 72' lang='grc'>16</span> <span class='ocrx_word' id='word_1_251' title='bbox 1036 1671 1210 1714; x_wconf 79' lang='lat' dir='ltr'>Judaeis</span> <span class='ocrx_word' id='word_1_252' title='bbox 1235 1677 1385 1715; x_wconf 88' lang='lat' dir='ltr'>autem</span> <span class='ocrx_word' id='word_1_253' title='bbox 1412 1686 1526 1714; x_wconf 91' lang='lat' dir='ltr'>nova</span> <span class='ocrx_word' id='word_1_254' title='bbox 1552 1672 1629 1714; x_wconf 82' lang='lat' dir='ltr'>lux</span> <span class='ocrx_word' id='word_1_255' title='bbox 1652 1672 1753 1715; x_wconf 88' lang='lat' dir='ltr'>oriri</span> <span class='ocrx_word' id='word_1_256' title='bbox 1776 1672 1870 1716; x_wconf 88' lang='lat' dir='ltr'>visa</span> <span class='ocrx_word' id='word_1_257' title='bbox 1896 1679 1982 1728; x_wconf 88' lang='lat' dir='ltr'>est,</span> 
     </span>
     <span class='ocr_line' id='line_1_26' title="bbox 147 1728 1983 1788; baseline 0.003 -18"><span class='ocrx_word' id='word_1_258' title='bbox 147 1728 382 1785; x_wconf 88' lang='lat' dir='ltr'>gandium,</span> <span class='ocrx_word' id='word_1_259' title='bbox 409 1729 559 1784; x_wconf 91' lang='lat' dir='ltr'>honor,</span> <span class='ocrx_word' id='word_1_260' title='bbox 583 1735 626 1772; x_wconf 89' lang='lat' dir='ltr'>et</span> <span class='ocrx_word' id='word_1_261' title='bbox 651 1728 908 1786; x_wconf 88' lang='lat' dir='ltr'>tripudium.</span> <span class='ocrx_word' id='word_1_262' title='bbox 937 1728 971 1755; x_wconf 87' lang='lat'>¹⁷</span> <span class='ocrx_word' id='word_1_263' title='bbox 998 1729 1132 1786; x_wconf 92' lang='lat' dir='ltr'>Apud</span> <span class='ocrx_word' id='word_1_264' title='bbox 1158 1744 1309 1774; x_wconf 85' lang='lat' dir='ltr'>omnes</span> <span class='ocrx_word' id='word_1_265' title='bbox 1340 1731 1546 1788; x_wconf 84' lang='lat' dir='ltr'>populos,</span> <span class='ocrx_word' id='word_1_266' title='bbox 1571 1730 1699 1774; x_wconf 89' lang='lat' dir='ltr'>urbes</span> <span class='ocrx_word' id='word_1_267' title='bbox 1724 1737 1858 1787; x_wconf 91' lang='lat' dir='ltr'>atque</span> <span class='ocrx_word' id='word_1_268' title='bbox 1887 1746 1983 1788; x_wconf 85' lang='lat' dir='ltr'>pro-</span> 
     </span>
     <span class='ocr_line' id='line_1_27' title="bbox 147 1787 1984 1847; baseline 0.003 -19"><span class='ocrx_word' id='word_1_269' title='bbox 147 1787 337 1843; x_wconf 84' lang='lat' dir='ltr'>vincias,</span> <span class='ocrx_word' id='word_1_270' title='bbox 365 1802 640 1843; x_wconf 89' lang='lat' dir='ltr'>quocumque</span> <span class='ocrx_word' id='word_1_271' title='bbox 674 1788 789 1844; x_wconf 87' lang='lat' dir='ltr'>regis</span> <span class='ocrx_word' id='word_1_272' title='bbox 825 1788 947 1843; x_wconf 81' lang='lat' dir='ltr'>jussa</span> <span class='ocrx_word' id='word_1_273' title='bbox 973 1788 1234 1845; x_wconf 87' lang='lat' dir='ltr'>veniebant,</span> <span class='ocrx_word' id='word_1_274' title='bbox 1269 1789 1381 1832; x_wconf 91' lang='lat' dir='ltr'>mira</span> <span class='ocrx_word' id='word_1_275' title='bbox 1414 1790 1652 1845; x_wconf 83' lang='lat' dir='ltr'>exultatio,</span> <span class='ocrx_word' id='word_1_276' title='bbox 1676 1791 1819 1847; x_wconf 88' lang='lat' dir='ltr'>epulae</span> <span class='ocrx_word' id='word_1_277' title='bbox 1851 1797 1984 1846; x_wconf 89' lang='lat' dir='ltr'>atque</span> 
     </span>
     <span class='ocr_line' id='line_1_28' title="bbox 145 1845 1981 1905; baseline 0.003 -18"><span class='ocrx_word' id='word_1_278' title='bbox 145 1845 372 1901; x_wconf 77' lang='lat' dir='ltr'>convivia,</span> <span class='ocrx_word' id='word_1_279' title='bbox 399 1852 442 1890; x_wconf 92' lang='lat' dir='ltr'>et</span> <span class='ocrx_word' id='word_1_280' title='bbox 477 1847 620 1890; x_wconf 83' lang='lat' dir='ltr'>festus</span> <span class='ocrx_word' id='word_1_281' title='bbox 658 1846 772 1902; x_wconf 86' lang='lat' dir='ltr'>dies,</span> <span class='ocrx_word' id='word_1_282' title='bbox 801 1847 848 1889; x_wconf 91' lang='lat' dir='ltr'>in</span> <span class='ocrx_word' id='word_1_283' title='bbox 885 1852 1061 1889; x_wconf 90' lang='lat' dir='ltr'>tantum</span> <span class='ocrx_word' id='word_1_284' title='bbox 1094 1852 1143 1889; x_wconf 93' lang='lat' dir='ltr'>ut</span> <span class='ocrx_word' id='word_1_285' title='bbox 1175 1849 1322 1904; x_wconf 88' lang='lat' dir='ltr'>plures</span> <span class='ocrx_word' id='word_1_286' title='bbox 1359 1848 1541 1892; x_wconf 86' lang='lat' dir='ltr'>alterius</span> <span class='ocrx_word' id='word_1_287' title='bbox 1574 1849 1719 1904; x_wconf 90' lang='lat' dir='ltr'>gentis</span> <span class='ocrx_word' id='word_1_288' title='bbox 1753 1854 1797 1893; x_wconf 89' lang='lat' dir='ltr'>et</span> <span class='ocrx_word' id='word_1_289' title='bbox 1825 1857 1981 1905; x_wconf 86' lang='lat' dir='ltr'>sectae,</span> 
     </span>
     <span class='ocr_line' id='line_1_29' title="bbox 144 1905 1982 1965; baseline 0.003 -19"><span class='ocrx_word' id='word_1_290' title='bbox 144 1917 296 1947; x_wconf 90' lang='lat' dir='ltr'>eorum</span> <span class='ocrx_word' id='word_1_291' title='bbox 320 1905 524 1961; x_wconf 86' lang='lat' dir='ltr'>religioni</span> <span class='ocrx_word' id='word_1_292' title='bbox 549 1911 592 1949; x_wconf 87' lang='lat' dir='ltr'>et</span> <span class='ocrx_word' id='word_1_293' title='bbox 614 1905 872 1949; x_wconf 89' lang='lat' dir='ltr'>ceremoniis</span> <span class='ocrx_word' id='word_1_294' title='bbox 902 1905 1224 1962; x_wconf 81' lang='lat' dir='ltr'>jungerentur3</span> <span class='ocrx_word' id='word_1_295' title='bbox 1249 1907 1430 1962; x_wconf 85' lang='lat' dir='ltr'>grandis</span> <span class='ocrx_word' id='word_1_296' title='bbox 1460 1908 1580 1951; x_wconf 90' lang='lat' dir='ltr'>enim</span> <span class='ocrx_word' id='word_1_297' title='bbox 1606 1914 1787 1952; x_wconf 89' lang='lat' dir='ltr'>cunctos</span> <span class='ocrx_word' id='word_1_298' title='bbox 1813 1908 1982 1965; x_wconf 81' lang='lat' dir='ltr'>judaici</span> 
     </span>
     <span class='ocr_line' id='line_1_30' title="bbox 146 1963 755 2008; baseline 0.005 -4"><span class='ocrx_word' id='word_1_299' title='bbox 146 1963 337 2006; x_wconf 86' lang='lat' dir='ltr'>nominis</span> <span class='ocrx_word' id='word_1_300' title='bbox 361 1969 496 2007; x_wconf 89' lang='lat' dir='ltr'>terror</span> <span class='ocrx_word' id='word_1_301' title='bbox 517 1963 755 2008; x_wconf 89' lang='lat' dir='ltr'>invaserat.</span> 
     </span>
    </p>
   </div>
   <div class='ocr_carea' id='block_1_3' title="bbox 402 2085 1719 2142">
    <p class='ocr_par' dir='ltr' id='par_1_5' title="bbox 402 2085 1719 2142">
     <span class='ocr_line' id='line_1_31' title="bbox 402 2085 1719 2142; baseline 0.004 -15"><span class='ocrx_word' id='word_1_302' title='bbox 402 2085 426 2141; x_wconf 64' lang='grc' dir='ltr'>ξ</span> <span class='ocrx_word' id='word_1_303' title='bbox 454 2085 544 2128; x_wconf 87' lang='grc' dir='ltr'><strong>ΙΙΙ.</strong></span> <span class='ocrx_word' id='word_1_304' title='bbox 567 2110 626 2117; x_wconf 87' lang='grc'><strong>-</strong></span> <span class='ocrx_word' id='word_1_305' title='bbox 650 2085 861 2128; x_wconf 75' lang='lat' dir='ltr'>Hostium</span> <span class='ocrx_word' id='word_1_306' title='bbox 885 2087 1086 2130; x_wconf 72' lang='lat' dir='ltr'>interitus</span> <span class='ocrx_word' id='word_1_307' title='bbox 1100 2105 1118 2142; x_wconf 79' lang='lat'>,·</span> <span class='ocrx_word' id='word_1_308' title='bbox 1145 2088 1487 2142; x_wconf 75' lang='lat' dir='ltr'>institutiofesti</span> <span class='ocrx_word' id='word_1_309' title='bbox 1512 2088 1719 2132; x_wconf 79' lang='lat' dir='ltr'>Sortium.</span> 
     </span>
    </p>
   </div>
   <div class='ocr_carea' id='block_1_4' title="bbox 138 2198 1982 3320">
    <p class='ocr_par' dir='ltr' id='par_1_6' title="bbox 138 2198 1982 3244">
     <span class='ocr_line' id='line_1_32' title="bbox 204 2198 1981 2259; baseline 0.004 -19"><span class='ocrx_word' id='word_1_310' title='bbox 204 2198 311 2241; x_wconf 65' lang='lat' dir='ltr'><strong>CAP.</strong></span> <span class='ocrx_word' id='word_1_311' title='bbox 338 2199 416 2241; x_wconf 86' lang='lat' dir='ltr'>IX.</span> <span class='ocrx_word' id='word_1_312' title='bbox 439 2226 498 2230; x_wconf 93' lang='lat'>——</span> <span class='ocrx_word' id='word_1_313' title='bbox 532 2198 542 2224; x_wconf 88' lang='lat'><strong>¹</strong></span> <span class='ocrx_word' id='word_1_314' title='bbox 569 2199 713 2254; x_wconf 86' lang='lat' dir='ltr'>Igitur</span> <span class='ocrx_word' id='word_1_315' title='bbox 747 2199 998 2243; x_wconf 89' lang='lat' dir='ltr'>duodecimi</span> <span class='ocrx_word' id='word_1_316' title='bbox 1034 2201 1218 2257; x_wconf 79' lang='lat' dir='ltr'>mensis,</span> <span class='ocrx_word' id='word_1_317' title='bbox 1255 2215 1386 2257; x_wconf 89' lang='lat' dir='ltr'>quem</span> <span class='ocrx_word' id='word_1_318' title='bbox 1420 2201 1530 2244; x_wconf 89' lang='lat' dir='ltr'>adar</span> <span class='ocrx_word' id='word_1_319' title='bbox 1564 2203 1713 2245; x_wconf 86' lang='lat' dir='ltr'>vocari</span> <span class='ocrx_word' id='word_1_320' title='bbox 1746 2208 1851 2247; x_wconf 91' lang='lat' dir='ltr'>ante</span> <span class='ocrx_word' id='word_1_321' title='bbox 1887 2203 1981 2259; x_wconf 80' lang='lat' dir='ltr'>jam</span> 
     </span>
     <span class='ocr_line' id='line_1_33' title="bbox 143 2257 1978 2318; baseline 0.003 -19"><span class='ocrx_word' id='word_1_322' title='bbox 143 2257 360 2313; x_wconf 76' lang='lat' dir='ltr'>diximus,</span> <span class='ocrx_word' id='word_1_323' title='bbox 384 2258 513 2300; x_wconf 82' lang='lat' dir='ltr'>tertia</span> <span class='ocrx_word' id='word_1_324' title='bbox 540 2257 712 2300; x_wconf 88' lang='lat' dir='ltr'>decima</span> <span class='ocrx_word' id='word_1_325' title='bbox 735 2258 826 2313; x_wconf 88' lang='lat' dir='ltr'>die,</span> <span class='ocrx_word' id='word_1_326' title='bbox 851 2259 1026 2314; x_wconf 88' lang='lat' dir='ltr'>quando</span> <span class='ocrx_word' id='word_1_327' title='bbox 1052 2259 1223 2302; x_wconf 88' lang='lat' dir='ltr'>cunctis</span> <span class='ocrx_word' id='word_1_328' title='bbox 1246 2260 1418 2303; x_wconf 81' lang='lat' dir='ltr'>Judaeis</span> <span class='ocrx_word' id='word_1_329' title='bbox 1440 2260 1700 2305; x_wconf 77' lang='lat' dir='ltr'>interfectio</span> <span class='ocrx_word' id='word_1_330' title='bbox 1725 2262 1978 2318; x_wconf 86' lang='lat' dir='ltr'>parabatur,</span> 
     </span>
     <span class='ocr_line' id='line_1_34' title="bbox 143 2316 1982 2377; baseline 0.003 -18"><span class='ocrx_word' id='word_1_331' title='bbox 143 2321 188 2359; x_wconf 84' lang='lat' dir='ltr'>et</span> <span class='ocrx_word' id='word_1_332' title='bbox 219 2316 365 2359; x_wconf 90' lang='lat' dir='ltr'>hostes</span> <span class='ocrx_word' id='word_1_333' title='bbox 408 2330 556 2359; x_wconf 89' lang='lat' dir='ltr'>eorum</span> <span class='ocrx_word' id='word_1_334' title='bbox 594 2316 828 2359; x_wconf 86' lang='lat' dir='ltr'>inhiabant</span> <span class='ocrx_word' id='word_1_335' title='bbox 859 2317 1086 2374; x_wconf 88' lang='lat' dir='ltr'>sanguini,</span> <span class='ocrx_word' id='word_1_336' title='bbox 1117 2333 1244 2361; x_wconf 89' lang='lat' dir='ltr'>versa</span> <span class='ocrx_word' id='word_1_337' title='bbox 1284 2319 1383 2362; x_wconf 90' lang='lat' dir='ltr'>vice</span> <span class='ocrx_word' id='word_1_338' title='bbox 1416 2319 1568 2362; x_wconf 82' lang='lat' dir='ltr'>Judaei</span> <span class='ocrx_word' id='word_1_339' title='bbox 1607 2321 1850 2377; x_wconf 90' lang='lat' dir='ltr'>superiores</span> <span class='ocrx_word' id='word_1_340' title='bbox 1887 2336 1982 2365; x_wconf 87' lang='lat' dir='ltr'>esse</span> 
     </span>
     <span class='ocr_line' id='line_1_35' title="bbox 144 2375 1979 2436; baseline 0.004 -19"><span class='ocrx_word' id='word_1_341' title='bbox 144 2380 391 2431; x_wconf 87' lang='lat' dir='ltr'>coeperunt,</span> <span class='ocrx_word' id='word_1_342' title='bbox 419 2380 462 2418; x_wconf 90' lang='lat' dir='ltr'>et</span> <span class='ocrx_word' id='word_1_343' title='bbox 487 2389 532 2418; x_wconf 91' lang='lat' dir='ltr'>se</span> <span class='ocrx_word' id='word_1_344' title='bbox 558 2375 612 2418; x_wconf 90' lang='lat' dir='ltr'>de</span> <span class='ocrx_word' id='word_1_345' title='bbox 648 2375 912 2418; x_wconf 88' lang='lat' dir='ltr'>adversariis</span> <span class='ocrx_word' id='word_1_346' title='bbox 947 2376 1186 2420; x_wconf 81' lang='lat' dir='ltr'>vindicare.</span> <span class='ocrx_word' id='word_1_347' title='bbox 1221 2376 1238 2403; x_wconf 73' lang='lat'><strong>2</strong></span> <span class='ocrx_word' id='word_1_348' title='bbox 1261 2378 1618 2435; x_wconf 85' lang='lat' dir='ltr'>Congregatique</span> <span class='ocrx_word' id='word_1_349' title='bbox 1650 2385 1753 2422; x_wconf 89' lang='lat' dir='ltr'>sunt</span> <span class='ocrx_word' id='word_1_350' title='bbox 1783 2394 1859 2436; x_wconf 91' lang='lat' dir='ltr'>per</span> <span class='ocrx_word' id='word_1_351' title='bbox 1890 2381 1979 2424; x_wconf 90' lang='lat' dir='ltr'>sin-</span> 
     </span>
     <span class='ocr_line' id='line_1_36' title="bbox 142 2433 1979 2490; baseline 0.004 -15"><span class='ocrx_word' id='word_1_352' title='bbox 142 2433 270 2489; x_wconf 86' lang='lat' dir='ltr'>gulas</span> <span class='ocrx_word' id='word_1_353' title='bbox 294 2433 519 2489; x_wconf 88' lang='lat' dir='ltr'>civitates,</span> <span class='ocrx_word' id='word_1_354' title='bbox 547 2434 709 2490; x_wconf 87' lang='lat' dir='ltr'>oppida</span> <span class='ocrx_word' id='word_1_355' title='bbox 731 2438 775 2476; x_wconf 90' lang='lat' dir='ltr'>et</span> <span class='ocrx_word' id='word_1_356' title='bbox 797 2434 913 2490; x_wconf 88' lang='lat' dir='ltr'>loca,</span> <span class='ocrx_word' id='word_1_357' title='bbox 942 2441 988 2478; x_wconf 92' lang='lat' dir='ltr'>ut</span> <span class='ocrx_word' id='word_1_358' title='bbox 1014 2436 1303 2479; x_wconf 82' lang='lat' dir='ltr'>extenderent</span> <span class='ocrx_word' id='word_1_359' title='bbox 1329 2451 1512 2479; x_wconf 91' lang='lat' dir='ltr'>manum</span> <span class='ocrx_word' id='word_1_360' title='bbox 1535 2443 1688 2480; x_wconf 88' lang='grc'>0011113</span> <span class='ocrx_word' id='word_1_361' title='bbox 1708 2438 1914 2482; x_wconf 83' lang='grc'>1111011003</span> <span class='ocrx_word' id='word_1_362' title='bbox 1937 2444 1979 2483; x_wconf 89' lang='grc'>01</span> 
     </span>
     <span class='ocr_line' id='line_1_37' title="bbox 143 2493 1978 2554; baseline 0.003 -18"><span class='ocrx_word' id='word_1_363' title='bbox 143 2498 443 2550; x_wconf 87' lang='lat' dir='ltr'>persecutores</span> <span class='ocrx_word' id='word_1_364' title='bbox 473 2507 602 2548; x_wconf 79' lang='lat' dir='ltr'>suos3</span> <span class='ocrx_word' id='word_1_365' title='bbox 631 2493 865 2548; x_wconf 83' lang='lat' dir='ltr'>nullusque</span> <span class='ocrx_word' id='word_1_366' title='bbox 889 2508 1021 2536; x_wconf 91' lang='lat' dir='ltr'>ausus</span> <span class='ocrx_word' id='word_1_367' title='bbox 1051 2499 1118 2537; x_wconf 87' lang='lat' dir='ltr'>est</span> <span class='ocrx_word' id='word_1_368' title='bbox 1145 2495 1367 2550; x_wconf 87' lang='lat' dir='ltr'>resistere,</span> <span class='ocrx_word' id='word_1_369' title='bbox 1400 2509 1449 2538; x_wconf 93' lang='lat' dir='ltr'>eo</span> <span class='ocrx_word' id='word_1_370' title='bbox 1475 2496 1591 2551; x_wconf 88' lang='lat' dir='ltr'>quod</span> <span class='ocrx_word' id='word_1_371' title='bbox 1618 2510 1768 2540; x_wconf 88' lang='lat' dir='ltr'>omnes</span> <span class='ocrx_word' id='word_1_372' title='bbox 1794 2497 1978 2554; x_wconf 89' lang='lat' dir='ltr'>populos</span> 
     </span>
     <span class='ocr_line' id='line_1_38' title="bbox 145 2551 1976 2613; baseline 0.003 -19"><span class='ocrx_word' id='word_1_373' title='bbox 145 2552 469 2607; x_wconf 88' lang='lat' dir='ltr'>magnitudinis</span> <span class='ocrx_word' id='word_1_374' title='bbox 494 2566 644 2595; x_wconf 91' lang='lat' dir='ltr'>eorum</span> <span class='ocrx_word' id='word_1_375' title='bbox 670 2551 863 2595; x_wconf 79' lang='lat' dir='ltr'>formido</span> <span class='ocrx_word' id='word_1_376' title='bbox 886 2559 1151 2608; x_wconf 85' lang='lat' dir='ltr'>penetrarat..</span> <span class='ocrx_word' id='word_1_377' title='bbox 1184 2553 1201 2580; x_wconf 82' lang='grc'><strong>3</strong></span> <span class='ocrx_word' id='word_1_378' title='bbox 1223 2554 1340 2596; x_wconf 89' lang='lat' dir='ltr'>Nam</span> <span class='ocrx_word' id='word_1_379' title='bbox 1369 2559 1413 2596; x_wconf 91' lang='lat' dir='ltr'>et</span> <span class='ocrx_word' id='word_1_380' title='bbox 1434 2554 1763 2610; x_wconf 88' lang='lat' dir='ltr'>provinciarum</span> <span class='ocrx_word' id='word_1_381' title='bbox 1784 2556 1976 2613; x_wconf 84' lang='lat' dir='ltr'>judices,</span> 
     </span>
     <span class='ocr_line' id='line_1_39' title="bbox 141 2611 1977 2672; baseline 0.003 -19"><span class='ocrx_word' id='word_1_382' title='bbox 141 2616 186 2654; x_wconf 92' lang='lat' dir='ltr'>et</span> <span class='ocrx_word' id='word_1_383' title='bbox 211 2611 365 2667; x_wconf 87' lang='lat' dir='ltr'>duces,</span> <span class='ocrx_word' id='word_1_384' title='bbox 390 2616 433 2654; x_wconf 90' lang='lat' dir='ltr'>et</span> <span class='ocrx_word' id='word_1_385' title='bbox 462 2616 784 2668; x_wconf 79' lang='lat' dir='ltr'>procuratoreS,</span> <span class='ocrx_word' id='word_1_386' title='bbox 813 2611 1042 2666; x_wconf 89' lang='lat' dir='ltr'>omnisque</span> <span class='ocrx_word' id='word_1_387' title='bbox 1074 2611 1270 2667; x_wconf 89' lang='lat' dir='ltr'>dignitas</span> <span class='ocrx_word' id='word_1_388' title='bbox 1300 2626 1397 2667; x_wconf 86' lang='lat' dir='ltr'>quae</span> <span class='ocrx_word' id='word_1_389' title='bbox 1433 2612 1622 2668; x_wconf 89' lang='lat' dir='ltr'>singulis</span> <span class='ocrx_word' id='word_1_390' title='bbox 1657 2614 1766 2657; x_wconf 88' lang='lat' dir='ltr'>locis</span> <span class='ocrx_word' id='word_1_391' title='bbox 1798 2629 1850 2658; x_wconf 88' lang='lat' dir='ltr'>ac</span> <span class='ocrx_word' id='word_1_392' title='bbox 1878 2629 1977 2672; x_wconf 90' lang='lat' dir='ltr'>ope-</span> 
     </span>
     <span class='ocr_line' id='line_1_40' title="bbox 142 2669 1976 2731; baseline 0.002 -18"><span class='ocrx_word' id='word_1_393' title='bbox 142 2670 262 2713; x_wconf 89' lang='lat' dir='ltr'>ribus</span> <span class='ocrx_word' id='word_1_394' title='bbox 284 2676 489 2727; x_wconf 85' lang='lat' dir='ltr'>praeerat,</span> <span class='ocrx_word' id='word_1_395' title='bbox 515 2669 789 2713; x_wconf 78' lang='lat' dir='ltr'>extollebant</span> <span class='ocrx_word' id='word_1_396' title='bbox 815 2670 842 2712; x_wconf 83' lang='lat' dir='ltr'>J</span> <span class='ocrx_word' id='word_1_397' title='bbox 848 2669 1018 2725; x_wconf 86' lang='lat' dir='ltr'>udaeos,</span> <span class='ocrx_word' id='word_1_398' title='bbox 1042 2670 1198 2713; x_wconf 89' lang='lat' dir='ltr'>timore</span> <span class='ocrx_word' id='word_1_399' title='bbox 1224 2670 1516 2727; x_wconf 89' lang='lat' dir='ltr'>Mardochaei‚</span> <span class='ocrx_word' id='word_1_400' title='bbox 1540 2671 1557 2698; x_wconf 67' lang='grc'>1</span> <span class='ocrx_word' id='word_1_401' title='bbox 1575 2686 1704 2727; x_wconf 88' lang='grc'>0110111</span> <span class='ocrx_word' id='word_1_402' title='bbox 1731 2673 1976 2731; x_wconf 88' lang='lat' dir='ltr'>principem</span> 
     </span>
     <span class='ocr_line' id='line_1_41' title="bbox 141 2729 1976 2789; baseline 0.002 -17"><span class='ocrx_word' id='word_1_403' title='bbox 141 2744 236 2773; x_wconf 88' lang='lat' dir='ltr'>esse</span> <span class='ocrx_word' id='word_1_404' title='bbox 262 2729 439 2786; x_wconf 87' lang='lat' dir='ltr'>palatii,</span> <span class='ocrx_word' id='word_1_405' title='bbox 463 2734 508 2773; x_wconf 90' lang='lat' dir='ltr'>et</span> <span class='ocrx_word' id='word_1_406' title='bbox 532 2729 773 2786; x_wconf 90' lang='lat' dir='ltr'>plurimum</span> <span class='ocrx_word' id='word_1_407' title='bbox 804 2742 931 2785; x_wconf 88' lang='lat' dir='ltr'>posse</span> <span class='ocrx_word' id='word_1_408' title='bbox 957 2734 1271 2784; x_wconf 87' lang='lat' dir='ltr'>cognoverant.</span> <span class='ocrx_word' id='word_1_409' title='bbox 1301 2730 1440 2772; x_wconf 82' lang='lat' dir='ltr'>Fama</span> <span class='ocrx_word' id='word_1_410' title='bbox 1469 2744 1641 2787; x_wconf 90' lang='grc'>01100110</span> <span class='ocrx_word' id='word_1_411' title='bbox 1663 2732 1853 2775; x_wconf 89' lang='lat' dir='ltr'>nominis</span> <span class='ocrx_word' id='word_1_412' title='bbox 1880 2733 1976 2789; x_wconf 83' lang='lat' dir='ltr'>ejus</span> 
     </span>
     <span class='ocr_line' id='line_1_42' title="bbox 145 2788 1976 2847; baseline 0.002 -16"><span class='ocrx_word' id='word_1_413' title='bbox 145 2788 373 2832; x_wconf 72' lang='lat' dir='ltr'>crescebat</span> <span class='ocrx_word' id='word_1_414' title='bbox 398 2788 616 2844; x_wconf 87' lang='lat' dir='ltr'>quotidie,</span> <span class='ocrx_word' id='word_1_415' title='bbox 640 2793 684 2831; x_wconf 93' lang='lat' dir='ltr'>et</span> <span class='ocrx_word' id='word_1_416' title='bbox 705 2802 781 2844; x_wconf 90' lang='lat' dir='ltr'>per</span> <span class='ocrx_word' id='word_1_417' title='bbox 804 2792 1064 2830; x_wconf 89' lang='lat' dir='ltr'>cunctorum</span> <span class='ocrx_word' id='word_1_418' title='bbox 1090 2801 1165 2830; x_wconf 88' lang='lat' dir='ltr'>ora</span> <span class='ocrx_word' id='word_1_419' title='bbox 1187 2788 1417 2833; x_wconf 86' lang='lat' dir='ltr'>volitabat.</span> <span class='ocrx_word' id='word_1_420' title='bbox 1450 2789 1467 2815; x_wconf 82' lang='lat'>⁵</span> <span class='ocrx_word' id='word_1_421' title='bbox 1489 2790 1648 2845; x_wconf 87' lang='lat' dir='ltr'>Itaque</span> <span class='ocrx_word' id='word_1_422' title='bbox 1669 2799 1976 2847; x_wconf 89' lang='lat' dir='ltr'>percusserunt</span> 
     </span>
     <span class='ocr_line' id='line_1_43' title="bbox 140 2847 1976 2907; baseline 0.002 -16"><span class='ocrx_word' id='word_1_423' title='bbox 140 2849 170 2891; x_wconf 83' lang='lat' dir='ltr'>J</span> <span class='ocrx_word' id='word_1_424' title='bbox 177 2848 292 2890; x_wconf 83' lang='lat' dir='ltr'>udaei</span> <span class='ocrx_word' id='word_1_425' title='bbox 315 2847 518 2890; x_wconf 89' lang='lat' dir='ltr'>inimicos</span> <span class='ocrx_word' id='word_1_426' title='bbox 541 2861 641 2890; x_wconf 91' lang='lat' dir='ltr'>suos</span> <span class='ocrx_word' id='word_1_427' title='bbox 667 2847 801 2903; x_wconf 87' lang='lat' dir='ltr'>plaga</span> <span class='ocrx_word' id='word_1_428' title='bbox 830 2860 1014 2902; x_wconf 87' lang='lat' dir='ltr'>magna,</span> <span class='ocrx_word' id='word_1_429' title='bbox 1040 2851 1083 2889; x_wconf 91' lang='lat' dir='ltr'>et</span> <span class='ocrx_word' id='word_1_430' title='bbox 1111 2847 1368 2890; x_wconf 87' lang='lat' dir='ltr'>occiderunt</span> <span class='ocrx_word' id='word_1_431' title='bbox 1393 2861 1486 2904; x_wconf 86' lang='lat' dir='ltr'>eos,</span> <span class='ocrx_word' id='word_1_432' title='bbox 1509 2848 1744 2893; x_wconf 86' lang='lat' dir='ltr'>reddentes</span> <span class='ocrx_word' id='word_1_433' title='bbox 1773 2850 1835 2894; x_wconf 90' lang='lat' dir='ltr'>eis</span> <span class='ocrx_word' id='word_1_434' title='bbox 1861 2852 1976 2907; x_wconf 90' lang='lat' dir='ltr'>quod</span> 
     </span>
     <span class='ocr_line' id='line_1_44' title="bbox 139 2905 1976 2964; baseline 0.002 -15"><span class='ocrx_word' id='word_1_435' title='bbox 139 2907 224 2949; x_wconf 90' lang='lat' dir='ltr'>sibi</span> <span class='ocrx_word' id='word_1_436' title='bbox 251 2912 519 2963; x_wconf 87' lang='lat' dir='ltr'>paraverant</span> <span class='ocrx_word' id='word_1_437' title='bbox 554 2906 732 2960; x_wconf 78' lang='lat' dir='ltr'>facere3</span> <span class='ocrx_word' id='word_1_438' title='bbox 770 2906 787 2931; x_wconf 74' lang='lat'><strong>⁶</strong></span> <span class='ocrx_word' id='word_1_439' title='bbox 812 2905 858 2947; x_wconf 89' lang='lat' dir='ltr'>in</span> <span class='ocrx_word' id='word_1_440' title='bbox 885 2910 1060 2947; x_wconf 87' lang='lat' dir='ltr'>tantum</span> <span class='ocrx_word' id='word_1_441' title='bbox 1090 2912 1139 2948; x_wconf 92' lang='lat' dir='ltr'>ut</span> <span class='ocrx_word' id='word_1_442' title='bbox 1164 2906 1299 2949; x_wconf 88' lang='lat' dir='ltr'>etiam</span> <span class='ocrx_word' id='word_1_443' title='bbox 1326 2905 1373 2948; x_wconf 89' lang='lat' dir='ltr'>in</span> <span class='ocrx_word' id='word_1_444' title='bbox 1399 2907 1540 2950; x_wconf 89' lang='lat' dir='ltr'>Susan</span> <span class='ocrx_word' id='word_1_445' title='bbox 1569 2908 1834 2964; x_wconf 88' lang='lat' dir='ltr'>quingentos</span> <span class='ocrx_word' id='word_1_446' title='bbox 1860 2910 1976 2953; x_wconf 90' lang='lat' dir='ltr'>viros</span> 
     </span>
     <span class='ocr_line' id='line_1_45' title="bbox 138 2964 1974 3025; baseline 0.003 -17"><span class='ocrx_word' id='word_1_447' title='bbox 138 2965 458 3021; x_wconf 86' lang='lat' dir='ltr'>interficerent,</span> <span class='ocrx_word' id='word_1_448' title='bbox 485 2971 610 3009; x_wconf 79' lang='lat' dir='ltr'>extra</span> <span class='ocrx_word' id='word_1_449' title='bbox 636 2965 791 3008; x_wconf 87' lang='lat' dir='ltr'>decem</span> <span class='ocrx_word' id='word_1_450' title='bbox 817 2964 930 3007; x_wconf 90' lang='lat' dir='ltr'>filios</span> <span class='ocrx_word' id='word_1_451' title='bbox 958 2965 1104 3007; x_wconf 87' lang='lat' dir='ltr'>Aman</span> <span class='ocrx_word' id='word_1_452' title='bbox 1135 2965 1368 3021; x_wconf 80' lang='lat' dir='ltr'>Agagitae,</span> <span class='ocrx_word' id='word_1_453' title='bbox 1392 2966 1531 3009; x_wconf 87' lang='lat' dir='ltr'>hostis</span> <span class='ocrx_word' id='word_1_454' title='bbox 1557 2967 1839 3025; x_wconf 80' lang='lat' dir='ltr'>Judaeorum,</span> <span class='ocrx_word' id='word_1_455' title='bbox 1870 2984 1974 3025; x_wconf 92' lang='grc'>0110-</span> 
     </span>
     <span class='ocr_line' id='line_1_46' title="bbox 138 3023 1975 3084; baseline 0.003 -19"><span class='ocrx_word' id='word_1_456' title='bbox 138 3038 237 3066; x_wconf 85' lang='lat' dir='ltr'>rum</span> <span class='ocrx_word' id='word_1_457' title='bbox 268 3024 354 3067; x_wconf 88' lang='lat' dir='ltr'>ista</span> <span class='ocrx_word' id='word_1_458' title='bbox 387 3029 490 3067; x_wconf 89' lang='lat' dir='ltr'>sunt</span> <span class='ocrx_word' id='word_1_459' title='bbox 523 3024 703 3067; x_wconf 88' lang='lat' dir='ltr'>nomina</span> <span class='ocrx_word' id='word_1_460' title='bbox 733 3040 740 3067; x_wconf 94' lang='lat'><strong>:</strong></span> <span class='ocrx_word' id='word_1_461' title='bbox 775 3023 789 3049; x_wconf 83' lang='lat'><strong>7</strong></span> <span class='ocrx_word' id='word_1_462' title='bbox 816 3023 1172 3079; x_wconf 74' lang='lat' dir='ltr'>pharsandatha,</span> <span class='ocrx_word' id='word_1_463' title='bbox 1196 3030 1239 3068; x_wconf 90' lang='lat' dir='ltr'>et</span> <span class='ocrx_word' id='word_1_464' title='bbox 1275 3025 1500 3081; x_wconf 87' lang='lat' dir='ltr'>Delphon,</span> <span class='ocrx_word' id='word_1_465' title='bbox 1526 3031 1570 3070; x_wconf 90' lang='lat' dir='ltr'>et</span> <span class='ocrx_word' id='word_1_466' title='bbox 1604 3026 1855 3084; x_wconf 83' lang='lat' dir='ltr'>Esphatha,</span> <span class='ocrx_word' id='word_1_467' title='bbox 1890 3028 1907 3055; x_wconf 81' lang='lat'><strong>⁸</strong></span> <span class='ocrx_word' id='word_1_468' title='bbox 1932 3034 1975 3072; x_wconf 92' lang='lat' dir='ltr'>et</span> 
     </span>
     <span class='ocr_line' id='line_1_47' title="bbox 140 3082 1972 3143; baseline 0.004 -19"><span class='ocrx_word' id='word_1_469' title='bbox 140 3083 387 3137; x_wconf 87' lang='lat' dir='ltr'>Phoratha,</span> <span class='ocrx_word' id='word_1_470' title='bbox 414 3089 457 3126; x_wconf 89' lang='lat' dir='ltr'>et</span> <span class='ocrx_word' id='word_1_471' title='bbox 483 3083 668 3138; x_wconf 89' lang='lat' dir='ltr'>Adalia,</span> <span class='ocrx_word' id='word_1_472' title='bbox 691 3088 735 3126; x_wconf 89' lang='lat' dir='ltr'>et</span> <span class='ocrx_word' id='word_1_473' title='bbox 757 3082 997 3137; x_wconf 60' lang='lat' dir='ltr'>Audattha,</span> <span class='ocrx_word' id='word_1_474' title='bbox 1028 3082 1045 3108; x_wconf 82' lang='grc'><strong>9</strong></span> <span class='ocrx_word' id='word_1_475' title='bbox 1066 3088 1109 3126; x_wconf 85' lang='grc'>01</span> <span class='ocrx_word' id='word_1_476' title='bbox 1133 3083 1442 3140; x_wconf 79' lang='grc' dir='ltr'>Ρ110110031113,</span> <span class='ocrx_word' id='word_1_477' title='bbox 1470 3090 1513 3128; x_wconf 88' lang='grc'>01</span> <span class='ocrx_word' id='word_1_478' title='bbox 1535 3086 1704 3143; x_wconf 83' lang='grc' dir='ltr'>Α11331,</span> <span class='ocrx_word' id='word_1_479' title='bbox 1731 3092 1774 3130; x_wconf 90' lang='grc'>01</span> <span class='ocrx_word' id='word_1_480' title='bbox 1795 3087 1972 3143; x_wconf 88' lang='lat' dir='ltr'>Aridai‚</span> 
     </span>
     <span class='ocr_line' id='line_1_48' title="bbox 138 3141 1975 3202; baseline 0.003 -19"><span class='ocrx_word' id='word_1_481' title='bbox 138 3146 184 3183; x_wconf 90' lang='lat' dir='ltr'>et</span> <span class='ocrx_word' id='word_1_482' title='bbox 209 3141 411 3185; x_wconf 83' lang='lat' dir='ltr'>Jezatha.</span> <span class='ocrx_word' id='word_1_483' title='bbox 438 3141 472 3168; x_wconf 83' lang='lat'><strong>¹0</strong></span> <span class='ocrx_word' id='word_1_484' title='bbox 490 3143 607 3193; x_wconf 91' lang='lat' dir='ltr'>Quos</span> <span class='ocrx_word' id='word_1_485' title='bbox 633 3156 734 3185; x_wconf 90' lang='lat' dir='ltr'>cum</span> <span class='ocrx_word' id='word_1_486' title='bbox 761 3141 1047 3198; x_wconf 84' lang='lat' dir='ltr'>occidissent,</span> <span class='ocrx_word' id='word_1_487' title='bbox 1067 3141 1241 3198; x_wconf 84' lang='lat' dir='ltr'>praedas</span> <span class='ocrx_word' id='word_1_488' title='bbox 1263 3142 1318 3186; x_wconf 91' lang='lat' dir='ltr'>de</span> <span class='ocrx_word' id='word_1_489' title='bbox 1339 3143 1600 3188; x_wconf 83' lang='lat' dir='ltr'>substantiis</span> <span class='ocrx_word' id='word_1_490' title='bbox 1624 3159 1774 3188; x_wconf 88' lang='lat' dir='ltr'>eorum</span> <span class='ocrx_word' id='word_1_491' title='bbox 1792 3151 1975 3202; x_wconf 88' lang='lat' dir='ltr'>tangere</span> 
     </span>
     <span class='ocr_line' id='line_1_49' title="bbox 141 3199 392 3244; baseline 0.012 -3"><span class='ocrx_word' id='word_1_492' title='bbox 141 3199 392 3244; x_wconf 90' lang='lat' dir='ltr'>noluerunt.</span> 
     </span>
    </p>

    <p class='ocr_par' dir='ltr' id='par_1_7' title="bbox 203 3258 1972 3320">
     <span class='ocr_line' id='line_1_50' title="bbox 203 3258 1972 3320; baseline 0.004 -19"><span class='ocrx_word' id='word_1_493' title='bbox 203 3258 232 3284; x_wconf 88' lang='lat'>¹¹</span> <span class='ocrx_word' id='word_1_494' title='bbox 254 3259 502 3316; x_wconf 86' lang='lat' dir='ltr'>Statimque</span> <span class='ocrx_word' id='word_1_495' title='bbox 524 3275 731 3304; x_wconf 88' lang='lat' dir='ltr'>numerus</span> <span class='ocrx_word' id='word_1_496' title='bbox 754 3274 903 3304; x_wconf 89' lang='grc'>00111111</span> <span class='ocrx_word' id='word_1_497' title='bbox 922 3260 995 3315; x_wconf 85' lang='grc'>0111</span> <span class='ocrx_word' id='word_1_498' title='bbox 1020 3260 1152 3304; x_wconf 88' lang='grc'>000131</span> <span class='ocrx_word' id='word_1_499' title='bbox 1180 3266 1306 3304; x_wconf 85' lang='grc'>01301</span> <span class='ocrx_word' id='word_1_500' title='bbox 1327 3261 1372 3305; x_wconf 89' lang='grc'>111</span> <span class='ocrx_word' id='word_1_501' title='bbox 1399 3262 1539 3306; x_wconf 86' lang='lat' dir='ltr'>Susan</span> <span class='ocrx_word' id='word_1_502' title='bbox 1562 3263 1619 3306; x_wconf 92' lang='lat' dir='ltr'>ad</span> <span class='ocrx_word' id='word_1_503' title='bbox 1637 3278 1787 3320; x_wconf 89' lang='lat' dir='ltr'>regem</span> <span class='ocrx_word' id='word_1_504' title='bbox 1808 3264 1972 3308; x_wconf 88' lang='lat' dir='ltr'>relatus</span> 
     </span>
    </p>
   </div>
   <div class='ocr_carea' id='block_1_5' title="bbox 2050 455 2292 623">
    <p class='ocr_par' dir='ltr' id='par_1_8' title="bbox 2062 455 2281 484">
     <span class='ocr_line' id='line_1_51' title="bbox 2062 455 2281 484; baseline 0.005 -1"><span class='ocrx_word' id='word_1_505' title='bbox 2062 458 2097 483; x_wconf 84' lang='lat' dir='ltr'>et</span> <span class='ocrx_word' id='word_1_506' title='bbox 2115 455 2281 484; x_wconf 79' lang='lat' dir='ltr'>substitu-</span> 
     </span>
    </p>

    <p class='ocr_par' dir='ltr' id='par_1_9' title="bbox 2050 498 2292 528">
     <span class='ocr_line' id='line_1_52' title="bbox 2050 498 2292 528; baseline 0 -1"><span class='ocrx_word' id='word_1_507' title='bbox 2050 498 2179 528; x_wconf 82' lang='lat' dir='ltr'>tionem</span> <span class='ocrx_word' id='word_1_508' title='bbox 2211 500 2292 528; x_wconf 80' lang='lat' dir='ltr'>alte-</span> 
     </span>
    </p>

    <p class='ocr_par' dir='ltr' id='par_1_10' title="bbox 2050 543 2291 623">
     <span class='ocr_line' id='line_1_53' title="bbox 2050 543 2291 578; baseline 0 -6"><span class='ocrx_word' id='word_1_509' title='bbox 2050 543 2139 578; x_wconf 65' lang='lat' dir='ltr'>riez,</span> <span class='ocrx_word' id='word_1_510' title='bbox 2164 543 2291 572; x_wconf 76' lang='lat' dir='ltr'>Judaeis</span> 
     </span>
     <span class='ocr_line' id='line_1_54' title="bbox 2099 588 2248 623; baseline 0 -7"><span class='ocrx_word' id='word_1_511' title='bbox 2099 588 2248 623; x_wconf 75' lang='lat' dir='ltr'>propitii.</span> 
     </span>
    </p>
   </div>
   <div class='ocr_carea' id='block_1_6' title="bbox 2073 1510 2268 1626">
    <p class='ocr_par' dir='ltr' id='par_1_11' title="bbox 2073 1510 2268 1626">
     <span class='ocr_line' id='line_1_55' title="bbox 2073 1510 2268 1538; baseline 0.005 -1"><span class='ocrx_word' id='word_1_512' title='bbox 2073 1510 2268 1538; x_wconf 73' lang='lat' dir='ltr'>Judaeorum</span> 
     </span>
     <span class='ocr_line' id='line_1_56' title="bbox 2094 1553 2254 1587; baseline 0.013 -7"><span class='ocrx_word' id='word_1_513' title='bbox 2094 1553 2254 1587; x_wconf 78' lang='lat' dir='ltr'>gaudium</span> 
     </span>
     <span class='ocr_line' id='line_1_57' title="bbox 2087 1598 2254 1626; baseline 0 -1"><span class='ocrx_word' id='word_1_514' title='bbox 2087 1600 2121 1626; x_wconf 87' lang='grc'>01</span> <span class='ocrx_word' id='word_1_515' title='bbox 2142 1598 2254 1626; x_wconf 82' lang='lat' dir='ltr'>decus.</span> 
     </span>
    </p>
   </div>
   <div class='ocr_carea' id='block_1_7' title="bbox 2064 2222 2268 2296">
    <p class='ocr_par' dir='ltr' id='par_1_12' title="bbox 2064 2222 2268 2296">
     <span class='ocr_line' id='line_1_58' title="bbox 2122 2222 2214 2251; baseline 0 0"><span class='ocrx_word' id='word_1_516' title='bbox 2122 2222 2214 2251; x_wconf 80' lang='lat' dir='ltr'>Ultio</span> 
     </span>
     <span class='ocr_line' id='line_1_59' title="bbox 2064 2267 2268 2296; baseline -0.005 0"><span class='ocrx_word' id='word_1_517' title='bbox 2064 2267 2268 2296; x_wconf 81' lang='lat' dir='ltr'>Judaeorum.</span> 
     </span>
    </p>
   </div>
   <div class='ocr_carea' id='block_1_8' title="bbox 139 3316 2039 3378">
    <p class='ocr_par' dir='ltr' id='par_1_13' title="bbox 139 3316 2039 3378">
     <span class='ocr_line' id='line_1_60' title="bbox 139 3316 2039 3378; baseline 0.004 -19"><span class='ocrx_word' id='word_1_518' title='bbox 139 3321 220 3359; x_wconf 70' lang='lat' dir='ltr'>est.</span> <span class='ocrx_word' id='word_1_519' title='bbox 257 3316 291 3343; x_wconf 72' lang='lat'><strong>¹2</strong></span> <span class='ocrx_word' id='word_1_520' title='bbox 312 3318 395 3369; x_wconf 93' lang='lat' dir='ltr'>Qui</span> <span class='ocrx_word' id='word_1_521' title='bbox 422 3319 538 3362; x_wconf 86' lang='lat' dir='ltr'>dixit</span> <span class='ocrx_word' id='word_1_522' title='bbox 568 3320 734 3376; x_wconf 87' lang='lat' dir='ltr'>reginae</span> <span class='ocrx_word' id='word_1_523' title='bbox 760 3336 768 3363; x_wconf 92' lang='lat'>:</span> <span class='ocrx_word' id='word_1_524' title='bbox 797 3320 849 3362; x_wconf 91' lang='lat' dir='ltr'>In</span> <span class='ocrx_word' id='word_1_525' title='bbox 877 3319 982 3362; x_wconf 90' lang='lat' dir='ltr'>urbe</span> <span class='ocrx_word' id='word_1_526' title='bbox 1013 3319 1153 3363; x_wconf 91' lang='lat' dir='ltr'>Susan</span> <span class='ocrx_word' id='word_1_527' title='bbox 1177 3319 1502 3365; x_wconf 80' lang='lat' dir='ltr'>interfecerunt</span> <span class='ocrx_word' id='word_1_528' title='bbox 1530 3322 1680 3365; x_wconf 82' lang='lat' dir='ltr'>Judaei</span> <span class='ocrx_word' id='word_1_529' title='bbox 1711 3322 1972 3378; x_wconf 88' lang='lat' dir='ltr'>quingentos</span> <span class='ocrx_word' id='word_1_530' title='bbox 2033 3339 2039 3345; x_wconf 82' lang='grc'><strong><em>’</em></strong></span> 
     </span>
    </p>
   </div>
   <div class='ocr_carea' id='block_1_9' title="bbox 140 3375 1973 3674">
    <p class='ocr_par' dir='ltr' id='par_1_14' title="bbox 140 3375 1973 3674">
     <span class='ocr_line' id='line_1_61' title="bbox 142 3375 1973 3436; baseline 0.004 -17"><span class='ocrx_word' id='word_1_531' title='bbox 142 3375 278 3432; x_wconf 82' lang='lat' dir='ltr'>viros,</span> <span class='ocrx_word' id='word_1_532' title='bbox 304 3383 348 3420; x_wconf 90' lang='lat' dir='ltr'>et</span> <span class='ocrx_word' id='word_1_533' title='bbox 372 3378 484 3421; x_wconf 90' lang='lat' dir='ltr'>alios</span> <span class='ocrx_word' id='word_1_534' title='bbox 506 3378 660 3421; x_wconf 86' lang='lat' dir='ltr'>decem</span> <span class='ocrx_word' id='word_1_535' title='bbox 681 3378 794 3421; x_wconf 90' lang='lat' dir='ltr'>filios</span> <span class='ocrx_word' id='word_1_536' title='bbox 821 3379 982 3421; x_wconf 88' lang='lat' dir='ltr'>Aman.</span> <span class='ocrx_word' id='word_1_537' title='bbox 1014 3378 1235 3429; x_wconf 83' lang='lat' dir='ltr'>Quantam</span> <span class='ocrx_word' id='word_1_538' title='bbox 1256 3385 1386 3436; x_wconf 88' lang='lat' dir='ltr'>putas</span> <span class='ocrx_word' id='word_1_539' title='bbox 1412 3395 1485 3424; x_wconf 89' lang='lat' dir='ltr'>eos</span> <span class='ocrx_word' id='word_1_540' title='bbox 1510 3395 1711 3425; x_wconf 77' lang='lat' dir='ltr'>exercere</span> <span class='ocrx_word' id='word_1_541' title='bbox 1737 3382 1906 3425; x_wconf 86' lang='lat' dir='ltr'>caedem</span> <span class='ocrx_word' id='word_1_542' title='bbox 1926 3383 1973 3426; x_wconf 92' lang='lat' dir='ltr'>in</span> 
     </span>
     <span class='ocr_line' id='line_1_62' title="bbox 140 3435 1972 3497; baseline 0.005 -20"><span class='ocrx_word' id='word_1_543' title='bbox 140 3435 357 3479; x_wconf 89' lang='lat' dir='ltr'>universis</span> <span class='ocrx_word' id='word_1_544' title='bbox 395 3437 670 3494; x_wconf 80' lang='lat' dir='ltr'>provinciis?</span> <span class='ocrx_word' id='word_1_545' title='bbox 710 3437 823 3488; x_wconf 86' lang='lat' dir='ltr'>Quid</span> <span class='ocrx_word' id='word_1_546' title='bbox 858 3437 973 3479; x_wconf 86' lang='lat' dir='ltr'>ultra</span> <span class='ocrx_word' id='word_1_547' title='bbox 1005 3438 1225 3496; x_wconf 89' lang='lat' dir='ltr'>postulas,</span> <span class='ocrx_word' id='word_1_548' title='bbox 1248 3445 1291 3482; x_wconf 92' lang='lat' dir='ltr'>et</span> <span class='ocrx_word' id='word_1_549' title='bbox 1328 3439 1433 3494; x_wconf 87' lang='lat' dir='ltr'>quid</span> <span class='ocrx_word' id='word_1_550' title='bbox 1458 3439 1524 3482; x_wconf 91' lang='lat' dir='ltr'>vis</span> <span class='ocrx_word' id='word_1_551' title='bbox 1556 3446 1602 3483; x_wconf 89' lang='lat' dir='ltr'>ut</span> <span class='ocrx_word' id='word_1_552' title='bbox 1632 3440 1723 3483; x_wconf 85' lang='lat' dir='ltr'>fieri</span> <span class='ocrx_word' id='word_1_553' title='bbox 1756 3440 1972 3497; x_wconf 82' lang='lat' dir='ltr'>jubeam?</span> 
     </span>
     <span class='ocr_line' id='line_1_63' title="bbox 144 3493 1970 3555; baseline 0.003 -17"><span class='ocrx_word' id='word_1_554' title='bbox 144 3493 177 3520; x_wconf 80' lang='lat'><strong>¹3</strong></span> <span class='ocrx_word' id='word_1_555' title='bbox 202 3494 283 3538; x_wconf 88' lang='lat' dir='ltr'>Cui</span> <span class='ocrx_word' id='word_1_556' title='bbox 307 3493 386 3538; x_wconf 83' lang='lat' dir='ltr'>illa</span> <span class='ocrx_word' id='word_1_557' title='bbox 411 3495 638 3552; x_wconf 61' lang='lat' dir='ltr'>respondit</span> <span class='ocrx_word' id='word_1_558' title='bbox 668 3513 676 3540; x_wconf 88' lang='lat'>:</span> <span class='ocrx_word' id='word_1_559' title='bbox 711 3496 754 3540; x_wconf 91' lang='lat' dir='ltr'>Si</span> <span class='ocrx_word' id='word_1_560' title='bbox 777 3496 870 3552; x_wconf 88' lang='lat' dir='ltr'>regi</span> <span class='ocrx_word' id='word_1_561' title='bbox 897 3496 1063 3552; x_wconf 89' lang='lat' dir='ltr'>placet,</span> <span class='ocrx_word' id='word_1_562' title='bbox 1091 3497 1217 3541; x_wconf 90' lang='lat' dir='ltr'>detur</span> <span class='ocrx_word' id='word_1_563' title='bbox 1244 3503 1439 3554; x_wconf 81' lang='lat' dir='ltr'>potestas</span> <span class='ocrx_word' id='word_1_564' title='bbox 1469 3499 1661 3555; x_wconf 79' lang='lat' dir='ltr'>Judaeis,</span> <span class='ocrx_word' id='word_1_565' title='bbox 1689 3505 1737 3542; x_wconf 92' lang='lat' dir='ltr'>ut</span> <span class='ocrx_word' id='word_1_566' title='bbox 1765 3499 1880 3543; x_wconf 86' lang='lat' dir='ltr'>sicut</span> <span class='ocrx_word' id='word_1_567' title='bbox 1905 3501 1970 3545; x_wconf 79' lang='lat' dir='ltr'>fe-</span> 
     </span>
     <span class='ocr_line' id='line_1_64' title="bbox 142 3553 1972 3616; baseline 0.004 -22"><span class='ocrx_word' id='word_1_568' title='bbox 142 3558 295 3596; x_wconf 91' lang='lat' dir='ltr'>cerunt</span> <span class='ocrx_word' id='word_1_569' title='bbox 319 3553 450 3597; x_wconf 90' lang='lat' dir='ltr'>hodie</span> <span class='ocrx_word' id='word_1_570' title='bbox 483 3555 529 3597; x_wconf 92' lang='lat' dir='ltr'>in</span> <span class='ocrx_word' id='word_1_571' title='bbox 557 3555 721 3609; x_wconf 87' lang='lat' dir='ltr'>Susan,</span> <span class='ocrx_word' id='word_1_572' title='bbox 745 3555 808 3598; x_wconf 91' lang='lat' dir='ltr'>sic</span> <span class='ocrx_word' id='word_1_573' title='bbox 834 3561 877 3598; x_wconf 91' lang='lat' dir='ltr'>et</span> <span class='ocrx_word' id='word_1_574' title='bbox 903 3569 998 3598; x_wconf 88' lang='grc'>0133</span> <span class='ocrx_word' id='word_1_575' title='bbox 1027 3555 1220 3613; x_wconf 80' lang='lat' dir='ltr'>faciant,</span> <span class='ocrx_word' id='word_1_576' title='bbox 1249 3563 1291 3600; x_wconf 92' lang='lat' dir='ltr'>et</span> <span class='ocrx_word' id='word_1_577' title='bbox 1325 3558 1476 3601; x_wconf 87' lang='lat' dir='ltr'>decem</span> <span class='ocrx_word' id='word_1_578' title='bbox 1513 3558 1592 3600; x_wconf 90' lang='lat' dir='ltr'>filii</span> <span class='ocrx_word' id='word_1_579' title='bbox 1618 3560 1764 3602; x_wconf 90' lang='lat' dir='ltr'>Aman</span> <span class='ocrx_word' id='word_1_580' title='bbox 1789 3559 1834 3602; x_wconf 89' lang='lat' dir='ltr'>in</span> <span class='ocrx_word' id='word_1_581' title='bbox 1860 3560 1972 3616; x_wconf 89' lang='lat' dir='ltr'>pati-</span> 
     </span>
     <span class='ocr_line' id='line_1_65' title="bbox 141 3610 1972 3674; baseline 0.005 -21"><span class='ocrx_word' id='word_1_582' title='bbox 141 3610 256 3654; x_wconf 89' lang='lat' dir='ltr'>bulis</span> <span class='ocrx_word' id='word_1_583' title='bbox 282 3613 620 3669; x_wconf 88' lang='lat' dir='ltr'>suspendantur.</span> <span class='ocrx_word' id='word_1_584' title='bbox 650 3613 684 3640; x_wconf 71' lang='grc'>14</span> <span class='ocrx_word' id='word_1_585' title='bbox 708 3613 1013 3671; x_wconf 88' lang='lat' dir='ltr'>Praecepitque</span> <span class='ocrx_word' id='word_1_586' title='bbox 1037 3628 1113 3658; x_wconf 82' lang='lat' dir='ltr'>rex</span> <span class='ocrx_word' id='word_1_587' title='bbox 1147 3620 1196 3659; x_wconf 89' lang='lat' dir='ltr'>ut</span> <span class='ocrx_word' id='word_1_588' title='bbox 1223 3616 1287 3659; x_wconf 86' lang='lat' dir='ltr'>ita</span> <span class='ocrx_word' id='word_1_589' title='bbox 1321 3617 1455 3660; x_wconf 83' lang='lat' dir='ltr'>fieret.</span> <span class='ocrx_word' id='word_1_590' title='bbox 1480 3617 1727 3674; x_wconf 84' lang='lat' dir='ltr'>Statimque</span> <span class='ocrx_word' id='word_1_591' title='bbox 1754 3618 1800 3662; x_wconf 91' lang='lat' dir='ltr'>in</span> <span class='ocrx_word' id='word_1_592' title='bbox 1832 3619 1972 3663; x_wconf 91' lang='lat' dir='ltr'>Susan</span> 
     </span>
    </p>
   </div>
  </div>
 </body>
</html>
