2456 3861
640 141 752 184 an.
788 141 947 194 XXII,
984 142 1036 185 19
1068 168 1127 175 —
1158 142 1343 195 XXIII,
1381 144 1446 185 17.
1875 145 1955 190 113

137 327 282 366 suam,
310 311 379 356 vel
405 316 509 355 vota
539 310 735 365 solvens,
762 310 831 355 vel
860 326 879 354 s
914 317 1017 355 onte
1041 312 1253 367 offerens,
1281 312 1493 368 quidquid
1527 312 1639 356 illud
1671 313 1879 357 obtulerit
1911 314 1957 356 in

138 370 443 414 holocaustum
468 369 667 425 Domini,
707 369 738 396 ¹⁰
764 376 811 413 ut
835 385 860 414 0
901 375 1048 414 eratur
1068 385 1144 428 per
1169 385 1266 426 vos,
1290 371 1512 415 masculus
1537 371 1850 416 immaculatus
1875 373 1957 416 erit

135 444 188 472 ex
214 429 374 483 bobus,
402 434 445 471 et
470 429 647 480 ovibus,
674 435 716 472 et
737 443 789 472 ex
817 429 984 486 capris;
1013 429 1050 456 ²⁰
1069 430 1105 473 si
1133 430 1355 474 maculam
1380 430 1603 486 habuerit,
1626 444 1713 474 non
1739 431 1953 485 offeretis,

136 501 274 543 neque
299 487 380 531 erit
412 487 700 544 acceptabile.
728 486 760 513 *²¹
786 488 931 531 Homo
958 488 1029 543 qui
1057 488 1265 532 obtulerit
1290 489 1519 532 victimam
1551 489 1833 546 pacificorum
1870 491 1956 533 Do-

135 546 272 602 mino,
294 546 364 589 vel
383 551 485 589 vota
503 546 698 601 solvens,
719 546 788 589 vel
806 553 962 603 sponte
979 547 1189 603 offerens,
1214 553 1303 590 tam
1325 548 1377 591 de
1398 548 1537 592 bobus
1557 562 1689 604 quam
1707 548 1761 592 de
1778 548 1955 603 ovibus,

133 605 470 648 immaculatum
504 605 680 659 offeret,
708 609 756 647 ut
788 605 1063 660 acceptabile
1095 605 1181 661 sit;
1212 606 1355 648 omnis
1391 606 1565 650 macula
1597 621 1683 651 non
1715 607 1796 650 erit
1819 606 1867 650 in
1891 621 1955 651 eo.

132 661 169 689 Ἡ
194 663 237 708 Si
268 677 438 707 caecum
471 663 628 718 fuerit,
665 663 702 706 si
739 663 954 718 fractum,
989 663 1024 705 si
1059 664 1312 707 cicatricem
1349 665 1536 721 habens,
1571 666 1606 708 si
1641 666 1846 723 papulas,
1880 671 1957 710 aut

131 723 348 777 scabiem,
373 727 451 764 aut
484 721 820 777 impetiginem,
854 735 939 764 non
973 722 1169 764 offeretis
1203 737 1253 765 ea
1289 723 1500 780 Domino,
1530 739 1609 768 nec
1642 725 1956 768 adolebitisex

131 781 192 824 eis
225 795 354 838 super
386 780 524 823 altare
560 779 753 822 Domini.
788 778 825 806 ‘23
851 781 1018 823 Bovem
1048 785 1089 823 et
1122 795 1272 836 ovem,
1305 796 1410 826 aure
1442 788 1485 824 ct
1517 783 1658 826 cauda
1690 784 1954 840 amputatis,

130 839 375 883 voluntarie
409 838 567 882 offerre
600 843 744 895 potes,
771 843 923 881 votum
959 844 1108 882 autem
1139 853 1192 882 ex
1222 840 1282 883 eis
1312 840 1422 883 solvi
1456 856 1542 883 non
1576 847 1732 897 potest.
1759 842 1793 868 ⁰²⁴
1817 843 1957 886 Omne

128 897 315 952 animal,
339 897 456 953 quod
481 896 551 940 vel
578 896 798 951 contritis,
826 897 895 940 vel
929 898 1059 951 tusis,
1085 897 1156 941 vel
1189 898 1320 942 sectis
1350 898 1598 955 ablatisque
1628 900 1842 943 testiculis
1869 907 1955 954 est,

129 971 215 1000 non
240 956 435 1000 offeretis
472 955 683 1010 Domino,
711 961 754 998 et
786 956 831 998 in
865 962 978 1000 terra
1005 961 1150 1000 vest1a
1185 956 1268 1000 hoc
1302 957 1481 1000 omnino
1515 972 1569 1001 ne
1602 958 1795 1002 faciatis.
1828 958 1864 986 '2⁵
1891 961 1956 1002 De

128 1030 260 1059 manu
285 1015 550 1070 alienigenae
586 1029 672 1057 non
698 1015 893 1058 offeretis
923 1029 1058 1072 panes
1091 1016 1184 1059 Deo
1210 1021 1375 1071 vestro,
1404 1021 1445 1059 et
1472 1017 1684 1072 quidquid
1709 1017 1830 1061 aliud
1854 1018 1957 1060 darc

126 1074 333 1129 voluerit,
355 1073 457 1129 quia
485 1079 687 1130 corrupta
711 1078 753 1116 et
776 1074 999 1117 maculata
1024 1079 1127 1118 sunt
1149 1074 1322 1127 omnia;
1351 1089 1438 1117 non
1459 1075 1707 1132 suscipietis
1731 1090 1795 1119 ea.
1818 1075 1855 1102 26
1874 1077 1955 1119 Lo-

126 1138 339 1188 cutusque
369 1137 435 1176 est
466 1132 682 1176 Dominus
715 1132 772 1174 ad
802 1132 1007 1189 Moysen,
1036 1133 1187 1176 dicens
1216 1150 1224 1178 :
1258 1132 1293 1160 ‘²7
1321 1135 1428 1188 Bos,
1459 1134 1574 1190 ovis,
1602 1140 1645 1177 et
1671 1149 1827 1191 capra,
1856 1149 1956 1178 cum

125 1191 274 1247 genita
309 1191 497 1246 fuerint,
528 1196 698 1247 septem
733 1191 886 1234 diebus
922 1197 1048 1235 erunt
1077 1192 1159 1235 sub
1194 1193 1328 1236 ubere
1361 1193 1513 1236 matris
1546 1207 1668 1248 suae,
1705 1194 1775 1236 die
1807 1198 1957 1237 autem

125 1256 302 1305 octavo,
327 1256 370 1293 et
403 1250 610 1307 deinceps
644 1250 792 1293 offerri
827 1256 1032 1307 poterunt
1063 1251 1268 1294 Domino.
1303 1250 1339 1278 ”²3
1363 1252 1462 1296 Sive
1494 1252 1572 1295 illa
1598 1253 1697 1308 bos,
1724 1252 1818 1296 sive
1839 1252 1953 1306 ovis,

125 1324 211 1352 non
241 1309 592 1352 immolabuntur
618 1323 705 1352 una
737 1309 809 1353 die
831 1323 931 1352 cum
955 1309 1123 1353 fetibus
1148 1310 1252 1353 suis.
1279 1309 1315 1336 ‘²9
1337 1310 1385 1355 Si.
1406 1311 1743 1354 immolaveritis
1765 1311 1956 1355 hostiam

124 1383 200 1425 pro
233 1368 478 1424 gratiarum
511 1367 686 1411 actione
722 1368 934 1421 Domino,
969 1374 1018 1410 ut
1050 1369 1188 1425 possit
1220 1383 1314 1412 esse
1343 1369 1596 1426 placabilis,
1631 1369 1668 1397 3⁰
1693 1370 1849 1414 eodem
1885 1370 1956 1414 die

124 1427 364 1470 comedetis
403 1441 529 1482 eam;
569 1440 657 1469 non
697 1427 944 1470 remanebit
981 1427 1223 1483 quidquam
1262 1428 1308 1471 in
1346 1442 1476 1471 mane
1512 1428 1694 1472 alterius
1728 1428 1828 1472 diei.
1860 1431 1955 1486 Ego

125 1486 354 1529 Dominus.

181 1545 214 1571 3¹
239 1544 469 1588 Custodite
495 1544 706 1587 mandata
736 1559 854 1600 mea,
880 1550 922 1588 et
947 1545 1086 1589 facite
1113 1560 1176 1590 ea.
1205 1548 1300 1602 Ego
1329 1547 1558 1590 Dominus.
1593 1546 1629 1574 32
1651 1549 1717 1591 Ne
1746 1547 1955 1604 polluatis

122 1618 282 1647 nomen
309 1617 457 1646 meum
490 1607 716 1656 sanctum,
742 1610 791 1645 ut
819 1603 1070 1647 sanctificer
1100 1604 1147 1648 in
1169 1605 1314 1648 medio
1345 1605 1536 1649 filiorum
1566 1606 1718 1650 Israel.
1746 1608 1840 1662 Ego
1868 1608 1953 1650 Do-

122 1663 267 1706 minus
291 1662 365 1718 qui
391 1662 618 1706 sanctifico
646 1676 745 1718 vos,
772 1662 808 1689 33
832 1668 875 1706 et
901 1662 1034 1706 eduxi
1060 1663 1114 1706 de
1139 1668 1255 1707 terra
1280 1664 1491 1721 AEgypti,
1518 1669 1567 1708 ut
1593 1679 1732 1709 essem
1759 1665 1884 1709 vobis
1910 1666 1955 1708 in

122 1722 279 1764 Deum.
309 1722 403 1777 Ego
433 1721 663 1766 Dominus.

482 1845 506 1901 ξ
541 1845 631 1887 III.
658 1870 717 1877 --
748 1845 1052 1901 Sanctificatc‘o
1085 1845 1262 1889 sabbati
1292 1862 1345 1890 ac
1365 1848 1598 1902 festorzmz.

178 1953 284 1997 CAP.
311 1953 491 1996 XXIII.
514 1978 574 1985 —-
599 1951 612 1978 ¹
638 1953 918 2008 Locutusque
943 1957 1009 1997 est
1041 1953 1257 1997 Dominus
1283 1954 1341 1998 ad
1373 1955 1579 2012 Moysen,
1608 1957 1758 2001 dicens
1789 1975 1797 2002 ι
1831 1957 1848 1983 2
1870 1959 1952 2002 Lo-

119 2026 249 2068 quere
282 2011 384 2055 filiis
417 2011 578 2067 Israel,
607 2017 650 2055 et
672 2012 792 2056 dices
821 2011 878 2055 ad
909 2026 980 2055 eos
1011 2029 1019 2056 :
1055 2013 1142 2055 Hae
1167 2018 1271 2056 sunt
1298 2013 1427 2056 feriae
1462 2015 1663 2072 Domini,
1691 2031 1798 2072 quas
1823 2032 1951 2061 voca-

117 2071 222 2113 bitis
259 2075 449 2114 sanctas.
489 2070 506 2097 3
533 2072 619 2115 Sex
656 2070 810 2114 diebus
847 2071 1027 2115 facietis
1064 2086 1204 2129 opus3
1240 2071 1332 2116 dies
1366 2074 1600 2131 septimus,
1639 2075 1741 2131 quia
1778 2076 1952 2119 sabbat-i

116 2130 287 2185 requies
311 2134 396 2185 est,
425 2130 655 2173 vocabitur
684 2135 892 2185 sanctus,
919 2145 1050 2174 omne
1078 2145 1187 2188 opus
1219 2145 1308 2175 non
1334 2132 1512 2176 facietis
1536 2133 1584 2176 in
1610 2148 1688 2189 eo,
1716 2135 1951 2178 sabbatum

119 2188 299 2232 Domini
321 2193 388 2231 est
412 2188 458 2230 in
485 2188 656 2231 cunctis
679 2188 1032 2232 habitationibus
1058 2190 1230 2234 vestris.

175 2247 191 2274 4
214 2248 301 2291 Hae
327 2252 431 2290 sunt
456 2262 558 2303 ergo
592 2247 719 2290 feriae
749 2248 929 2291 Domini
962 2254 1152 2306 sanotae,
1182 2264 1289 2305 quas
1324 2250 1546 2296 celebrare
1580 2252 1749 2297 debetis
1783 2259 1948 2312 tempo-

116 2306 236 2350 ribus
261 2307 364 2350 suis.
393 2306 410 2333 5
432 2307 586 2350 Mense
610 2306 773 2363 primo,
801 2308 1134 2362 quartadecima
1160 2309 1231 2352 die
1258 2311 1421 2354 mensis
1442 2311 1500 2354 ad
1526 2326 1780 2370 vesperum,
1809 2314 1952 2358 Phase

118 2366 298 2409 Domini
325 2371 418 2420 est,
456 2365 473 2391 6
494 2370 536 2408 et
563 2365 894 2422 quintadecima
923 2366 994 2409 die
1028 2367 1191 2410 mensis
1224 2368 1380 2425 hujus,
1403 2370 1661 2414 solemnitas
1692 2386 1951 2428 azymorum

118 2425 297 2468 Domini
332 2430 409 2468 est.
447 2425 624 2481 Septem
658 2425 812 2468 diebus
847 2439 1004 2481 azyma
1038 2427 1292 2471 comedetis.
1328 2427 1343 2454 ⁷
1368 2429 1473 2473 Dies
1506 2430 1673 2486 primus
1707 2432 1789 2474 erit
1824 2433 1950 2476 vobis

115 2484 447 2539 celeberrimus,
481 2489 774 2540 sanctusque,
811 2498 941 2528 omne
974 2498 1081 2541 opus
1114 2486 1273 2530 servile
1306 2501 1394 2531 non
1426 2488 1605 2532 facietis
1637 2489 1684 2532 in
1717 2504 1796 2545 eo,
1831 2491 1848 2517 8
1872 2492 1948 2534 sed

115 2543 311 2587 offeretis
337 2542 604 2586 sacrificium
625 2543 672 2586 in
693 2543 796 2598 igne
823 2543 1015 2588 Domino
1041 2549 1210 2600 septem
1237 2544 1405 2589 diebus.
1430 2547 1535 2591 Dies
1560 2553 1709 2591 autem
1735 2550 1948 2606 septimus

115 2602 196 2646 erit
222 2602 434 2646 celebrior
459 2607 502 2645 et
535 2601 752 2657 sanction
784 2602 1042 2658 nullumque
1075 2603 1234 2647 servile
1259 2618 1367 2661 opus
1396 2606 1574 2649 facietis
1606 2606 1652 2648 in
1678 2621 1741 2651 eo.
1769 2607 1786 2634 9
1807 2610 1946 2652 Locu-

115 2667 273 2717 tusque
298 2666 364 2704 est
391 2662 608 2705 Dominus
632 2661 689 2704 ad
717 2661 923 2718 Moysen,
947 2661 1099 2705 dicens
1126 2679 1134 2706 :
1162 2661 1197 2689 ¹⁰
1218 2663 1417 2720 Loquere
1442 2664 1544 2708 filiis
1571 2666 1730 2722 Israel,
1759 2672 1802 2710 et
1827 2667 1965 2712 dices¹

114 2720 170 2763 ad
203 2734 276 2764 eos
306 2737 314 2765 :
348 2720 461 2764 Cum
485 2719 672 2776 ingressi
702 2720 878 2764 fueritis
912 2726 1074 2764 terram
1097 2735 1229 2777 quam
1257 2736 1336 2778 ego
1371 2723 1484 2767 dabo
1507 2724 1655 2780 vobis,
1681 2730 1724 2768 et
1756 2740 1946 2770 messue-

113 2779 208 2822 ritis
241 2784 458 2835 segetem,
492 2780 645 2824 feretis
679 2779 928 2837 manipulos
962 2780 1204 2837 spicarum,
1239 2782 1458 2838 primitias
1488 2783 1642 2827 messis
1674 2790 1856 2841 vestras,
1888 2786 1945 2830 ad

113 2838 408 2894 sacerdotem,
438 2839 469 2865 ¹¹
494 2838 567 2895 qui
594 2839 788 2882 elevabit
812 2839 1079 2882 fasciculum
1105 2854 1255 2884 coram
1282 2841 1495 2895 Domino,
1518 2846 1566 2885 ut
1588 2844 1865 2900 acceptabile
1889 2845 1946 2888 sit

114 2911 190 2954 pro
224 2897 371 2953 vobis,
397 2898 536 2942 altero
572 2898 643 2941 die
672 2898 869 2953 sabbati,
895 2903 938 2941 et
972 2899 1271 2943 sanctificabit
1302 2899 1445 2944 illum.
1474 2900 1509 2926 ¹2
1533 2902 1680 2958 Atque
1710 2902 1757 2946 in
1791 2903 1946 2947 eodem

114 2956 185 3000 die
210 2971 294 3013 quo
320 2957 572 3014 manipulus
599 2961 891 3012 consecratur,
919 2958 1114 3001 caedetur
1137 2973 1278 3014 agnus
1303 2959 1617 3004 immaculatus
1641 2961 1874 3006 anniculus
1899 2963 1945 3006 in

113 3015 421 3060 holocaustum
457 3016 651 3060 Domini.
687 3015 722 3042 13
745 3017 802 3060 Et
835 3015 1079 3059 libamenta
1108 3017 1351 3062 offerentur
1383 3033 1484 3062 cum
1517 3034 1589 3075 eo,
1623 3020 1723 3063 duae
1759 3021 1944 3065 decimae

113 3074 273 3118 similae
307 3089 554 3132 conspersas
587 3075 682 3119 oleo
719 3075 766 3119 in
797 3075 1030 3119 incensum
1063 3076 1266 3133 Domini,
1300 3077 1565 3135 odoremque
1600 3080 1940 3133 suavissimum,-

113 3132 203 3176 liba
230 3148 399 3190 quoque
424 3134 538 3190 vini,
566 3140 720 3191 quarta
746 3149 846 3192 pars
871 3134 962 3178 hin.
998 3134 1033 3161 ¹4
1060 3136 1247 3192 Panem,
1274 3141 1317 3180 et
1342 3136 1588 3194 polentam,
1616 3143 1660 3182 et
1687 3139 1830 3196 pulte-s
1856 3155 1941 3183 non

113 3193 354 3238 comedetis
379 3208 433 3238 ex
458 3199 628 3249 segete,
652 3207 788 3250 usque
808 3192 865 3237 ad
889 3193 1006 3238 diem
1032 3209 1116 3250 qua
1142 3195 1337 3239 offeretis
1364 3210 1419 3240 ex
1443 3211 1494 3240 ea
1522 3199 1614 3242 Deo
1640 3203 1798 3242 vestro.
1825 3199 1940 3241 Prae-

113 3256 292 3308 ceptum
313 3258 379 3296 est
404 3253 723 3309 sempiternum
741 3253 786 3295 in
805 3253 1186 3310 generationibus,
1207 3254 1464 3312 cunctisque
1485 3256 1751 3300 habitaculis
1770 3257 1937 3300 vestris.

172 3310 208 3337 ¹⁵
227 3312 530 3355 Numerabitis
555 3326 658 3368 ergo
683 3312 740 3355 ab
765 3311 902 3354 altero
930 3311 1000 3355 die
1024 3312 1220 3368 sabbati,
1241 3313 1287 3356 in
1313 3328 1397 3370 quo
1420 3315 1642 3358 obtulistis
1664 3315 1941 3372 manipulum

113 3369 429 3426 primitiarum,
447 3376 617 3428 septem
642 3370 944 3414 hebdomadas
967 3370 1140 3428 plenas,
1170 3372 1204 3400 ¹⁶
1220 3387 1357 3428 usque
1373 3373 1429 3416 ad
1452 3374 1638 3417 alteram
1657 3374 1774 3417 diem
1793 3374 1939 3431 exple-

113 3427 246 3472 tionis
276 3429 570 3474 hebdomadae
603 3430 827 3487 septimae,
860 3429 906 3473 id
940 3436 1025 3486 est,
1059 3431 1380 3487 quinquaginta
1414 3432 1534 3487 dies;
1574 3438 1617 3476 et
1649 3432 1712 3475 sic
1744 3433 1939 3477 offeretis

113 3487 378 3533 sacrificium
403 3503 568 3532 novum
596 3488 800 3533 Domino.
832 3487 862 3514 ¹⁷
883 3489 952 3532 Ex
976 3490 1182 3534 omnibus
1202 3490 1472 3534 habitaculis
1495 3491 1673 3547 vestris,
1692 3506 1828 3549 panes
1852 3493 1936 3550 pri-

113 3623 273 3657 211Deut.
291 3621 363 3657 XV,
377 3624 421 3651 21.
442 3624 544 3653 Eccli.
563 3625 702 3660 XXXV,
721 3628 764 3655 14.
781 3640 813 3647 --
829 3626 858 3660 5]
879 3626 938 3654 Ex.
956 3626 1099 3662 XII„18.
1120 3626 1217 3654 Num.
1235 3627 1398 3662 XXVIII,
1418 3630 1461 3655 16.
1486 3642 1520 3647 -
1548 3628 1593 3661 15]
1614 3629 1710 3657 Dent.
1728 3629 1819 3663 XVI,
1836 3631 1862 3658 9.

1714 3687 1740 3730 8

2047 1563 2232 1593 Conclusio,

2036 1969 2081 1997 De
2099 1970 2250 1999 sabbato.

2070 2265 2208 2292 Festum

2043 2308 2218 2337 Paschatis
2229 2330 2236 2345 ,

2007 3325 2243 3362 Pentecostes‚
