2423 3861
74 1158 281 1188 Mathathias

124 1206 158 1231 et
175 1203 235 1231 filii

121 1255 238 1279 lpsms.

73 1514 281 1542 Mathathias

72 1559 169 1591 luget
192 1559 278 1586 mala

74 1610 142 1631 suae
158 1602 281 1636 gentis.

132 2227 214 2262 Ejus

87 2271 179 2299 zelus
195 2278 254 2304 pro

83 2315 258 2349 religione.

376 126 487 169 1046
951 123 973 164 Ι
1005 123 1158 164 MAOH.
1195 122 1237 176 I,
1275 121 1330 164 60
1362 147 1421 152 -
1452 121 1522 172 Π,
1557 123 1626 163 26.

2132 234 2200 241 m

370 296 407 322 66
431 301 475 339 et
507 295 624 352 apud
658 306 979 349 quemcumque
1008 291 1352 334 inveniebantur
1381 291 1483 334 libri
1513 292 1770 335 testamenti
1804 293 2006 349 Domini,
2042 300 2085 337 et
2115 296 2210 351 qui—

369 368 555 410 cumque
583 351 847 396 observabat
879 350 1024 406 legem
1052 350 1255 406 Domini,
1283 350 1528 393 secundum
1558 350 1755 394 edictum
1780 351 1898 407 regis
1923 353 2210 397 trucidabant

368 428 482 457 eum.
494 412 527 440 61
545 413 599 455 In
614 411 777 453 virtute
791 424 869 453 sua
887 409 1119 452 faciebant
1136 410 1234 452 haeo
1250 409 1414 466 populo
1430 410 1583 466 Israel,
1604 410 1678 466 qui
1695 410 2008 454 inveniebatur
2024 412 2070 455 in
2089 414 2209 456 omni

368 486 516 516 mense
543 475 586 514 et
615 483 766 512 mense
786 469 833 511 in
856 468 1127 512 civitatibus.
1151 467 1188 495 ⁶⁸2
1209 469 1269 511 Et
1290 469 1445 525 quinta
1472 474 1516 512 et
1539 470 1759 526 vigesima
1777 469 1849 513 die
1870 470 2055 527 mensis,
2075 473 2208 516 sacri-

366 531 562 574 ficabant
587 543 717 585 super
740 543 862 571 aram
890 542 989 584 quae
1017 532 1111 571 erat
1136 533 1290 571 contra
1316 528 1470 571 altare.
1497 528 1534 555 63
1559 529 1619 571 Et
1648 530 1855 573 mulieres
1889 543 1987 585 quae
2021 531 2208 575 circum-

367 589 573 633 cidebant
598 588 711 631 filios
736 602 837 631 suos
861 587 1215 642 trucidabantur,
1242 587 1487 631 secundum
1511 587 1685 644 jussum
1707 587 1824 645 regis
1847 589 2087 646 Antiochi3
2108 591 2145 618 ⁶4
2166 598 2210 635 et

366 647 696 704 suspendebant
721 661 878 704 pueros
903 662 929 690 a
956 646 1202 690 cervicibus
1229 661 1305 703 per
1329 647 1558 691 universas
1585 647 1738 692 domos
1764 661 1936 705 eorum,
1963 648 2008 692 e‘t
2036 664 2110 694 eos
2136 651 2209 707 qui

365 706 735 750 circumciderant
755 706 855 750 illos
877 706 1177 750 trucidabant.
2135 730 2139 733 -

422 766 459 792 65
485 767 542 809 Et
568 765 698 808 multi
729 766 782 809 de
814 766 978 823 populo
1002 766 1144 810 Israel
1174 766 1440 810 definierunt
1465 768 1583 825 apud
1613 782 1658 811 se
1690 773 1740 810 ut
1768 783 1856 812 non
1887 769 2209 813 manducarent

363 825 615 881 immunda,
651 830 696 868 et
728 826 956 881 elegerunt
989 826 1133 882 magis
1169 827 1279 870 mori
1313 841 1448 882 quam
1478 827 1588 871 cibis
1623 827 1900 883 coinquinari
1933 825 2208 885 iinmundis3

363 885 399 911 66
417 890 460 928 et
482 885 719 928 noluerunt
738 884 988 941 infringere
1010 885 1156 941 legem
1181 886 1263 929 Dei
1286 891 1512 942 sanctam3
1534 892 1579 930 et
1599 887 1811 930 trucidati
1833 893 1947 943 sunt,
1968 887 2003 914 67
2020 894 2062 931 et
2083 888 2209 931 facta

363 949 430 987 est
450 944 514 987 ira
537 959 702 1000 magna
728 959 857 1001 super
879 944 1092 1001 populum
1117 945 1260 990 valde.

677 1046 701 1103 ξ
737 1047 800 1088 ΙΙ.
833 1072 892 1078 -
921 1046 1203 1090 ᾹῘατΙιαίΙῑίαε
1235 1051 1431 1104 assumit
1462 1049 1525 1091 acl
1559 1064 1688 1092 sacra
1725 1051 1896 1095 tuenda.

422 1142 528 1185 CAP.
563 1141 626 1185 ΙΙ.
653 1168 713 1173 -
744 1141 757 1167 1
786 1142 840 1184 In
875 1141 1030 1184 diebus
1063 1142 1153 1184 illis
1182 1143 1374 1186 surrexit
1403 1143 1703 1199 Mathathias,
1735 1144 1852 1187 filius
1882 1146 2093 1201 Joannis,
2127 1145 2207 1189 filii

362 1200 574 1258 Simonis,
610 1201 814 1244 sacerdos
849 1216 903 1244 ex
936 1201 1038 1244 filiis
1069 1201 1245 1258 Joarib,
1277 1202 1333 1245 ab
1365 1202 1634 1259 Jerusalem,
1666 1208 1710 1247 et
1743 1204 1944 1247 consedit
1977 1205 2025 1247 in
2058 1211 2209 1248 monte

360 1260 528 1304 Modin.
570 1261 588 1286 ⁹²
621 1262 679 1304 Et
722 1260 918 1304 habebat
961 1261 1075 1304 filios
1123 1262 1318 1317 quinque
1352 1279 1360 1306 :
1403 1263 1431 1305 J
1436 1276 1649 1319 oannem,
1693 1263 1766 1318 qui
1808 1264 2210 1319 cognominabatur

363 1320 557 1375 Gaddis3
582 1320 600 1347 3
621 1326 664 1364 et
684 1321 931 1377 Simonem,
961 1320 1035 1376 qui
1057 1322 1457 1377 cognominabatur
1482 1322 1643 1376 Thasi3
1668 1321 1685 1348 4
1703 1328 1747 1365 et
1769 1323 1798 1366 J
1802 1323 1957 1380 udam,
1982 1324 2055 1380 qui
2078 1338 2208 1367 voca-

361 1379 491 1422 batur
516 1380 828 1435 Machabaeus3
854 1380 871 1406 5
890 1385 932 1423 et
955 1380 1242 1436 Eleazarum,
1265 1381 1338 1437 qui
1363 1381 1765 1437 cognominabatur
1782 1382 1988 1438 Abar0n3
2010 1388 2054 1427 et
2071 1384 2100 1426 J
2105 1397 2209 1426 ona-

361 1439 490 1495 than,
514 1440 587 1496 qui
615 1439 1016 1496 cognominabatur
1036 1441 1239 1497 Apphus.

420 1498 437 1525 6
463 1499 525 1541 Hi
552 1499 758 1543 viderunt
785 1499 902 1542 mala
930 1514 1026 1555 quae
1053 1500 1221 1543 fiebant
1253 1501 1298 1543 in
1325 1500 1487 1557 populo
1514 1502 1543 1544 J
1547 1501 1633 1544 uda
1664 1507 1708 1545 et
1739 1502 1786 1545 in
1813 1502 2077 1546 Jerusalem.
2105 1502 2120 1529 7
2150 1504 2209 1546 Et

362 1558 475 1601 dixit
496 1559 796 1602 Mathathias:
819 1560 900 1602 Vae
919 1559 1050 1602 mihi!
1074 1564 1123 1602 ut
1149 1559 1255 1615 quid
1276 1566 1407 1603 natus
1430 1575 1527 1603 sum
1546 1561 1697 1605 videre
1720 1562 2033 1605 contritionem
2055 1563 2207 1620 populi

362 1618 468 1674 mei,
493 1623 535 1661 et
562 1618 873 1661 contritionem
899 1618 1096 1661 civitatis
1122 1624 1312 1675 sanctae,
1345 1624 1388 1663 et
1422 1620 1573 1663 sedere
1606 1620 1720 1677 illic,
1752 1636 1853 1664 cum
1887 1622 2019 1664 datur
2042 1621 2087 1664 in
2115 1637 2208 1665 ma-

362 1677 491 1721 nibus
521 1677 805 1721 inimicorum
821 1677 842 1720 ⁴?
869 1677 885 1704 6
912 1678 1075 1721 Sancta
1099 1678 1146 1720 in
1172 1694 1306 1722 manu
1334 1685 1644 1722 extraneorum
1669 1681 1795 1723 facta.
1821 1686 1953 1736 sunt;
1989 1682 2207 1738 templum

362 1737 458 1793 ejus
480 1737 595 1780 sicut
619 1737 750 1780 homo
775 1737 1000 1793 ignobilis.
1020 1737 1037 1763 9
1055 1739 1175 1780 Vasa
1197 1738 1351 1794 gloriae
1374 1739 1470 1794 ejus
1497 1739 1675 1796 captiva
1701 1740 1897 1783 abducta
1920 1745 2047 1796 sunt3
2071 1741 2205 1784 truci-

362 1796 453 1839 dati
476 1803 579 1839 sunt
602 1811 726 1840 senes
750 1797 846 1853 ejus
867 1797 913 1839 in
934 1796 1115 1853 plateis,
1137 1803 1180 1840 et
1204 1799 1391 1854 juvenes
1415 1798 1511 1854 ejus
1535 1799 1792 1842 ceciderunt
1812 1800 1858 1841 in
1881 1800 2031 1856 gladio
2057 1800 2205 1843 inimi-

361 1871 525 1900 corum.
550 1855 586 1882 ¹⁰
607 1857 713 1907 Quae
741 1871 849 1912 gens
875 1871 961 1899 non
996 1857 1264 1900 hereditavit
1288 1872 1475 1913 regnum
1503 1858 1619 1913 ejus,
1648 1864 1691 1901 et
1716 1872 1803 1901 non
1839 1859 2032 1902 obtinuit
2064 1859 2208 1916 spolia

360 1915 490 1971 ejus?
530 1915 561 1942 ¹¹
591 1916 746 1960 Omnis
784 1916 1044 1973 compositio
1083 1916 1179 1972 ejus
1215 1916 1368 1959 ablata
1405 1922 1498 1972 est3
1539 1932 1637 1973 quae
1671 1923 1765 1961 erat
1797 1918 1938 1961 libera
1974 1919 2100 1962 facta
2141 1925 2207 1963 est

359 1975 537 2018 ancilla.
562 1974 597 2001 19
617 1976 674 2018 Et
704 1989 806 2018 ecce
832 1980 983 2018 sancta
1012 1980 1182 2032 nostra,
1208 1982 1250 2019 et
1272 1975 1557 2033 pulchritudo
1584 1982 1755 2033 nostra,
1784 1983 1828 2021 et
1855 1978 2034 2021 claritas
2055 1984 2208 2022 nostra

359 2035 559 2078 desolata
582 2040 660 2091 est,
681 2040 723 2078 et
744 2035 1144 2091 coinquinaverunt
1167 2050 1218 2078 ea
1237 2041 1405 2092 gentes.
1426 2035 1463 2062 13
1480 2036 1573 2086 Quo
1592 2051 1695 2092 ergo
1714 2037 1842 2080 nobis
1861 2037 2007 2081 adhuc
2024 2038 2207 2082 vivere?

360 2093 395 2120 ¹4
414 2096 470 2137 Et
496 2094 628 2138 scidit
650 2094 915 2138 vestimenta
941 2109 1017 2137 sua
1041 2094 1340 2152 Mathathias,
1364 2101 1407 2138 et
1432 2094 1513 2137 filii
1543 2095 1664 2151 ejus3
1691 2101 1734 2139 et
1756 2102 2021 2154 operuerunt
2042 2112 2089 2141 se
2111 2097 2207 2140 cili·

359 2153 458 2209 ciis,
484 2159 527 2197 et
552 2154 819 2210 planxerunt
841 2153 985 2197 valde.

417 2213 452 2240 ¹5
479 2215 536 2256 Et
566 2219 782 2256 venerunt
811 2213 917 2257 illuc
944 2214 1017 2270 qui
1048 2214 1172 2258 missi
1204 2221 1330 2258 erant
1355 2231 1381 2258 a
1405 2230 1511 2271 rege
1537 2215 1783 2273 Antiocho,
1815 2221 1864 2259 ut
1893 2222 2103 2273 cogerent
2132 2232 2205 2261 eos

357 2272 430 2329 qui
462 2273 762 2329 confugerant
785 2272 832 2316 in
863 2273 1094 2317 civitatem
1124 2274 1280 2317 Modin
1304 2275 1557 2331 immolare,
1586 2280 1629 2318 et
1654 2276 1896 2320 accendere
1922 2277 2072 2333 thura,
2104 2282 2146 2320 et
2178 2292 2203 2320 a

356 2333 454 2389 lege
481 2332 564 2376 Dei
592 2333 832 2376 discedere.
853 2332 889 2360 16
908 2333 965 2376 Et
992 2334 1120 2377 multi
1149 2334 1202 2377 de
1224 2335 1386 2392 populo
1410 2335 1548 2378 Israel
1573 2335 1900 2379 consentientes
1922 2342 2205 2380 accesserunt

355 2392 412 2435 ad
446 2407 539 2448 eos,
574 2392 651 2435 sed
684 2393 961 2436 Mathathias
996 2399 1040 2436 et
1072 2394 1152 2436 filii
1188 2394 1285 2449 ejus
1323 2399 1578 2438 constanter
1612 2399 1844 2438 steterunt.
1876 2395 1911 2421 17
1938 2395 1998 2438 Et
2025 2410 2204 2454 respon-

356 2452 509 2496 dentes
541 2452 613 2508 qui
645 2452 767 2495 missi
798 2457 924 2495 erant
953 2453 1009 2495 ab
1044 2453 1289 2510 Antiocho,
1326 2454 1534 2497 dixerunt
1563 2454 1830 2497 Mathathiae
1856 2472 1865 2499 :
1899 2455 2131 2512 Princeps,
2159 2461 2204 2499 et

356 2511 647 2568 clarissimus,
675 2517 718 2555 et
744 2526 934 2568 magnus
965 2527 1010 2556 es
1038 2513 1085 2555 in
1118 2513 1203 2556 hac
1229 2513 1432 2569 civitate,
1460 2518 1503 2557 et
1533 2518 1713 2556 ornatus
1747 2513 1849 2557 filiis
1883 2520 1926 2557 et
1954 2514 2199 2569 fratribus;

356 2571 391 2598 18
413 2586 515 2628 ergo
538 2572 702 2615 accede
723 2571 853 2629 prior,
881 2578 925 2615 et
947 2573 1023 2615 fac
1045 2573 1219 2629 jussum
1245 2573 1382 2629 regis,
1406 2573 1522 2616 sicut
1547 2574 1754 2616 fecerunt
1779 2588 1932 2617 omnes
1953 2579 2129 2630 gentes,
2157 2581 2202 2617 et

353 2631 437 2674 viri
460 2632 487 2674 J
492 2631 601 2688 uda,
625 2637 669 2675 et
695 2631 768 2688 qui
797 2638 1105 2675 remanserunt
1136 2632 1183 2675 in
1211 2633 1486 2688 Jerusalem,
1515 2637 1558 2676 et
1588 2632 1672 2675 eris
1698 2638 1766 2689 tu,
1799 2638 1843 2676 et
1867 2633 1947 2676 filii
1973 2633 2059 2690 tui,
2085 2633 2205 2677 inter

353 2691 520 2734 amicos
545 2691 686 2748 regis,
715 2696 758 2734 et
779 2691 1079 2748 amplificatus
1104 2706 1210 2735 auro
1237 2697 1282 2735 et
1307 2697 1511 2749 argento,
1541 2696 1585 2735 et
1610 2692 1868 2735 muneribus
1893 2692 2059 2736 multis.
2088 2692 2124 2719 19
2141 2693 2202 2736 Et

352 2750 579 2807 respondit
620 2751 919 2807 Mathathias,
959 2757 1002 2794 et
1040 2751 1155 2794 dixit
1193 2766 1359 2808 magna
1391 2766 1500 2795 voce
1533 2768 1541 2795 :
1581 2751 1677 2794 Etsi
1716 2766 1869 2795 omnes
1909 2757 2064 2808 gentes
2103 2752 2198 2808 regi

351 2810 576 2854 Antiocho
619 2810 856 2864 obediunt,
895 2816 943 2853 ut
985 2811 1186 2854 discedat
1222 2811 1521 2867 unusquisque
1559 2826 1584 2853 a
1621 2811 1836 2855 servitute
1872 2811 1984 2868 legis
2020 2816 2197 2868 patrum

352 2883 550 2926 suorum,
578 2875 622 2913 et
648 2870 898 2913 consentiat
927 2870 1152 2914 mandatis
1182 2871 1305 2927 ejus3
1333 2869 1370 2897 2⁰
1388 2885 1490 2927 ego,
1518 2876 1563 2914 et
1591 2871 1671 2913 filii
1699 2870 1806 2927 mei,
1833 2876 1878 2913 et
1901 2871 2064 2913 fratres
2086 2870 2200 2927 mei,

352 2928 610 2972 obediemus
640 2929 728 2985 legi
758 2934 935 2986 patrum
969 2935 1232 2974 nostrorum.
1265 2929 1298 2956 2¹
1329 2930 1551 2987 Propitius
1582 2930 1639 2973 sit
1668 2930 1796 2973 nobis
1831 2930 1974 2973 Deus!
2009 2943 2097 2972 non
2131 2938 2198 2974 est

352 2987 478 3030 nobis
504 2988 613 3032 utile
638 2989 885 3045 relinquere
910 2989 1058 3045 legem
1084 2994 1128 3032 et
1153 2989 1351 3046 justitias
1376 2990 1473 3033 Dei.
1495 2989 1532 3015 ²⁶2
1551 2990 1652 3033 Non
1677 2989 1908 3032 audiemus
1926 2988 2062 3032 verba
2080 2990 2200 3046 regis

352 3046 584 3103 Antiochi,
619 3062 700 3091 nec
733 3048 1083 3092 sacrificabimus·
1113 3048 1492 3106 transgredientes
1530 3049 1641 3105 legis
1678 3053 1840 3091 nostrae
1874 3047 2111 3105 mandata,
2147 3054 2196 3091 ut

352 3120 502 3149 eamus
528 3107 667 3150 altera
693 3108 779 3150 via.

410 3164 448 3192 23
466 3167 524 3209 Et
548 3171 597 3208 ut
619 3166 809 3210 cessavit
834 3168 954 3224 loqui
984 3168 1116 3212 verba
1141 3168 1258 3225 haec,
1281 3169 1470 3213 accessit
1495 3168 1674 3225 quidam
1701 3166 1887 3210 Judaeus
1915 3167 1962 3209 in
1996 3167 2194 3211 omnium

352 3225 490 3269 oculis
513 3225 760 3269 sacrificare
785 3226 916 3270 idolis
946 3242 1076 3285 super
1096 3243 1220 3270 aram
1245 3229 1290 3271 in
1326 3228 1510 3272 civitate
1543 3226 1719 3280 Modin,
1750 3226 1993 3269 secundum
2019 3226 2194 3282 jussum

350 3285 491 3340 regis3
521 3284 557 3311 24
576 3290 619 3328 et
640 3284 756 3328 vidit
783 3285 1078 3343 Mathathias,
1102 3292 1146 3330 et
1177 3287 1340 3344 doluit,
1367 3293 1412 3331 et
1441 3289 1800 3331 contremuerunt
1828 3299 1955 3328 renes
1988 3285 2112 3341 ejus;
2150 3291 2194 3330 et

351 3358 564 3388 accensus
590 3350 656 3388 est
684 3345 808 3388 furor
834 3345 931 3401 ejus
956 3346 1202 3389 secundum
1230 3347 1452 3402 judicium
1477 3346 1611 3402 legis,
1642 3349 1685 3388 et
1716 3343 1917 3387 insiliens
1951 3344 2194 3388 trucidavit

353 3416 450 3445 eum
478 3419 608 3461 super
632 3418 769 3447 aram.
790 3403 826 3431 ‘²⁵
843 3404 930 3448 Sed
955 3410 998 3448 et
1019 3404 1163 3448 virum
1190 3419 1321 3461 quem
1342 3421 1421 3450 rex
1443 3404 1692 3448 Antiochus
1724 3403 1927 3459 miserat,
1963 3403 2035 3460 qui
2070 3417 2198 3459 coge-

351 3460 429 3503 bat
453 3462 705 3519 immolare,
732 3463 896 3508 occidit
919 3463 965 3506 in
987 3464 1084 3521 ipso
1106 3469 1327 3521 temp0re3
1352 3470 1397 3508 et
1416 3479 1540 3507 aram
1562 3463 1802 3520 destruxit,
1822 3463 1859 3491 2⁶
1876 3469 1920 3508 et
1940 3463 2108 3507 zelatus
2125 3468 2193 3507 est

353 3518 518 3576 legem,
546 3522 660 3565 sicut
684 3523 797 3566 fecit
823 3523 1012 3566 Phinees
1034 3523 1200 3579 Zamri,
1223 3523 1313 3566 filio
1339 3523 1519 3567 Salomi.

357 3650 404 3682 20]
423 3650 518 3678 Num.
538 3652 642 3687 XXV,
661 3656 703 3682 13.
725 3688 731 3694 ι
