2423 3861
858 154 1004 196 Mane.
1042 155 1099 197 V.
1130 156 1260 197 4-42.
1864 157 1975 199 1135

144 328 378 384 quisquam
413 331 585 382 poterat
622 338 720 367 eum
760 325 920 379 ligare,
958 324 973 349 ·'¹
1000 324 1206 379 <Aproniam
1248 338 1365 380 saepe
1404 324 1690 380 compedibus
1727 329 1771 367 et
1807 327 1975 368 catenis

145 386 320 428 vinctus
354 384 591 440 dirupisset
622 388 823 437 catenas,
847 389 889 426 ct
922 383 1156 438 compedes
1187 382 1540 437 comminuisset,
1572 385 1622 425 et'
1648 397 1776 425 nemo
1802 390 1976 439 poterat

140 459 242 488 eum
267 444 458 487 domare.
484 443 501 468 ⁵
520 443 577 485 Et
595 455 765 497 semper
788 442 858 484 die
879 456 931 483 ac
956 448 1082 483 nocte
1110 441 1149 482 iu
1176 441 1472 483 monumentis
1493 441 1598 484 etin
1622 441 1845 484 montibus
1867 449 1973 501 erat,

139 504 339 546 clamans
363 508 406 546 ct
429 500 666 544 concidens
693 515 738 543 se
764 500 998 557 lapidibus.

198 563 215 586 ‘³
231 562 401 605 Videas
433 566 583 603 autem
607 561 628 601 «1
639 574 762 602 esum
784 574 810 602 a
836 559 980 614 longe,
1012 560 1203 601 cucurrit
1228 566 1271 601 ct
1295 560 1499 602 adoravit
1528 575 1652 614 eum3
1678 559 1692 586 ⁷
1711 565 1754 603 et
1777 560 1973 602 clamans

139 636 246 665 voce
270 634 454 676 magna,
482 619 596 661 dixit
629 636 638 662 τ
665 618 778 668 Quid
809 617 919 660 mihi
949 622 993 659 et
1019 617 1124 672 tibi,
1149 619 1277 672 ‹lesu,
1306 618 1394 659 Fili
1430 619 1510 661 Dei
1543 619 1748 661 altissimi
1768 620 1789 661 ἱ)
1818 619 1974 675 adjuro

139 693 181 723 te
202 694 280 736 per
308 679 465 733 Deum,
486 692 540 721 ne
559 692 629 720 mc
656 683 872 732 torqueas.
899 676 916 702 ⁸
931 676 1122 718 Dicebat
1141 677 1259 718 enim
1285 676 1350 717 illi
1375 692 1383 718 :
1411 678 1513 731 Exi,
1533 678 1710 733 spiritus
1732 678 1974 735 immunde,

137 740 193 781 ab
226 738 419 781 homine.
451 738 469 763 ⁹
488 739 546 780 Et
580 735 883 791 interrogabat
914 749 1015 778 eum
1047 751 1057 778 ;
1090 734 1213 784 Quod
1248 734 1331 776 tibi
1365 749 1525 778 nomen
1551 742 1617 779 est
1636 738 1657 779 i>
1685 739 1741 779 Et
1763 737 1872 780 dicit
1894 738 1933 780 ei
1959 753 1970 781 ι

138 797 277 853 Legio
304 797 412 840 mihi
442 811 603 840 nomen
622 801 710 850 est,
729 794 833 850 quia
849 793 977 836 multi
1005 807 1169 838 sumus.
1192 792 1227 818 ¹⁰
1247 793 1304 835 Et
1322 794 1642 850 deprecabatur
1664 810 1763 838 eum
1787 797 1976 839 multum

136 871 192 900 nc
224 871 271 900 se
301 857 543 913 expelleret
578 859 702 898 extra
734 853 975 908 regionem.
1020 852 1050 878 ¹¹
1079 853 1187 894 Erat
1219 857 1370 894 autem
1403 853 1465 894 ibi
1496 853 1613 896 circa
1643 861 1839 898 montem
1867 870 1977 910 grex

135 930 370 972 porcorum
409 929 597 971 magnus
620 926 823 969 pascens.
844 910 880 937 ¹⁹2
895 913 953 954 Et
984 911 1336 968 deprecabantur
1369 926 1469 954 eum
1504 913 1703 968 spiritus,
1739 914 1935 957 diceutes
1965 931 1974 958 :

135 975 267 1025 Mitte
293 989 371 1018 nos
397 975 444 1017 in
467 987 635 1031 porcos,
656 977 705 1013 ut
722 972 768 1013 in
794 985 868 1014 eos
893 971 1179 1013 introeamus,
1208 970 1241 996 ¹3
1260 971 1553 1021 Etwconcessit
1572 972 1633 1014 eis
1656 972 1808 1014 statim
1831 974 1973 1018 Jesus.

136 1035 194 1077 Et
229 1040 440 1077 exeuntes
478 1033 657 1089 spiritus
692 1030 913 1073 immundi
952 1030 1217 1072 introierunt
1250 1030 1294 1071 in
1330 1043 1508 1086 porcos;
1544 1037 1587 1074 et
1616 1044 1778 1086 magno
1807 1031 1977 1088 impetu

133 1107 243 1149 grex
274 1093 579 1149 praecipitatus
615 1097 682 1134 est
711 1090 757 1132 in
792 1097 912 1132 mare
946 1089 1004 1132 ad
1037 1089 1122 1131 duo
1156 1089 1319 1143 millia,
1343 1094 1387 1131 et
1419 1089 1625 1132 suffocati
1652 1094 1755 1132 sunt
1778 1090 1825 1132 in
1852 1091 1974 1133 mari.

136 1151 169 1178 ¹4
188 1151 268 1203 Qui
296 1157 447 1195 autem
473 1151 720 1208 pascebant
741 1164 814 1193 eos
841 1149 1077 1204 fugerunt,
1101 1153 1144 1191 et
1169 1148 1487 1191 nuntiaverunt
1519 1149 1565 1191 in
1591 1148 1822 1192 civitatem
1855 1156 1899 1192 et
1931 1149 1977 1192 in

133 1225 276 1267 agros.
302 1213 360 1254 Et
385 1211 548 1266 egressi
585 1215 689 1253 sunt
712 1209 864 1253 videre
892 1207 998 1263 quid
1022 1212 1139 1250 esset
1162 1207 1350 1250 factum.
1378 1207 1412 1233 '¹5
1432 1209 1490 1250 Et
1513 1207 1699 1251 veniunt
1720 1207 1776 1251 ad
1798 1209 1974 1266 Jesum,

133 1276 177 1313 et
209 1270 364 1314 vident
395 1270 525 1312 illum
558 1270 634 1326 qui
662 1285 689 1312 a
725 1268 946 1312 daemonio
973 1266 1220 1310 vexabatur
1252 1266 1500 1323 sedentem,
1528 1267 1760 1323 vestitum,
1785 1272 1828 1310 et
1854 1282 1975 1311 sanae

133 1330 320 1385 mentis;
341 1335 385 1373 et
406 1329 664 1372 timuerunt.
687 1328 724 1355 ¹¹³
741 1329 800 1371 Et
817 1331 1111 1370 narraverunt
1134 1325 1227 1368 illis
1243 1326 1316 1381 qui
1342 1325 1565 1381 viderant,
1585 1326 1776 1382 qualiter
1800 1327 1977 1371 factum

132 1393 247 1432 esset-
271 1389 312 1432 ei
337 1389 411 1445 qui
436 1388 709 1431 daemonium
732 1388 970 1441 habuerat,
994 1390 1038 1428 et
1060 1385 1114 1428 de
1137 1385 1294 1441 porciS.
1314 1384 1344 1411 ¹7
1367 1386 1423 1427 Et
1446 1399 1600 1441 rogare
1622 1394 1849 1443 coeperunt
1875 1402 1977 1430 eum

132 1453 182 1490 ut
202 1448 449 1492 discederet
474 1447 529 1490 de
556 1448 909 1490 finibus-eorum.

195 1506 227 1533 ¹⁸
245 1507 446 1562 Cumque
485 1507 746 1549 ascenderet
784 1506 956 1561 navim,
989 1507 1126 1562 coepit
1159 1506 1288 1548 illum
1323 1505 1549 1562 deprecari
1583 1505 1657 1561 qui
1690 1520 1717 1547 a
1754 1505 1977 1550 daemonio

130 1572 318 1609 vexatus
347 1566 518 1622 fuerat,
553 1570 602 1608 ut
635 1570 750 1608 esset
782 1580 883 1608 cum
912 1565 1004 1608 illo.
1037 1565 1073 1590 ¹9
1092 1566 1149 1607 Et
1177 1578 1266 1607 non
1300 1564 1482 1607 admisit
1511 1578 1632 1619 eum,
1656 1564 1732 1606 sed
1767 1564 1831 1606 ait
1866 1564 1932 1607 illi
1964 1579 1972 1606 z

130 1625 257 1668 Vade
289 1625 335 1667 in
368 1624 550 1667 domum
596 1629 720 1666 tuam
745 1624 801 1667 ad
844 1629 964 1678 tuos,
997 1629 1041 1667 et
1070 1624 1288 1666 annuntia
1318 1623 1407 1666 illis
1440 1628 1605 1679 quanta
1642 1622 1724 1665 tibi
1758 1624 1976 1666 Dominus

129 1683 290 1727 fecerit
325 1689 370 1727 et
401 1683 609 1726 misertus
641 1683 701 1726 sit
731 1684 811 1726 tui.
848 1682 885 1709 ⁶20
904 1683 963 1726 Et
995 1683 1128 1738 abiit,
1168 1688 1212 1726 et-
1248 1682 1384 1739 coepit
1409 1682 1652 1738 praedicare
1684 1682 1731 1724 in
1763 1683 1976 1739 Decapoli

131 1745 296 1799 quanta
319 1743 407 1786 sibi
431 1743 616 1786 fecisset
642 1743 671 1786 J
675 1757 774 1786 esus
798 1761 807 1798 3
836 1748 880 1785 et
909 1757 1060 1786 omnes
1089 1742 1378 1785 mirabantur.

189 1801 222 1828 2¹
243 1803 301 1845 Et
327 1817 429 1846 cum
454 1802 802 1845 transcendisset
829 1803 857 1845 J
861 1816 961 1845 esus
995 1802 1043 1844 in
1077 1801 1181 1844 navi
1214 1816 1385 1844 rursum
1414 1806 1534 1843 trans
1557 1801 1737 1857 fretum,
1767 1802 1976 1844 convenit

128 1861 261 1904 turba
284 1862 424 1904 multa
448 1862 506 1905 ad
528 1876 650 1917 eum,
675 1867 719 1904 et
741 1867 836 1905 erat
854 1862 972 1904 circa
1000 1876 1135 1905 mare.
1159 1859 1197 1886 ⁶22
1214 1861 1272 1903 Et
1295 1861 1418 1904 venit
1442 1860 1625 1916 quidam
1644 1860 1697 1903 de
1723 1860 1978 1917 archisyna-

129 1921 277 1976 gogis,
303 1921 483 1964 nomine
513 1921 665 1964 Jairus
689 1939 699 1976 ;
730 1930 775 1964 et
803 1921 961 1964 videns
994 1935 1116 1976 eum,
1143 1920 1334 1977 procidit
1362 1920 1419 1962 ad
1451 1919 1586 1976 pedes
1620 1919 1739 1975 ejus,
1773 1918 1812 1946 ⁶23
1831 1924 1876 1962 et
1901 1919 1974 1963 de-

127 1980 393 2036 precabatur
424 1994 527 2023 eum
559 1980 774 2037 multum,
806 1980 958 2024 dicens
994 1997 1003 2024 :
1037 1980 1256 2030 Quoniam
1297 1979 1390 2022 filia
1423 1993 1522 2023 mea
1553 1979 1601 2021 in
1630 1979 1840 2022 extremis
1874 1986 1973 2035 est,

128 2039 251 2095 veni,
276 2039 456 2096 impone
487 2054 672 2083 manum
702 2055 833 2097 super
863 2054 982 2096 eam,
1021 2045 1070 2082 ut
1102 2040 1227 2082 salva
1255 2040 1314 2082 sit
1347 2045 1391 2083 et
1418 2038 1561 2082 vivat.
1591 2037 1627 2064 ⁶24
1650 2039 1707 2080 Et
1739 2038 1851 2081 abiit
1874 2053 1975 2082 cum

127 2098 226 2154 1110,
249 2103 294 2141 et
314 2099 581 2155 sequebatur
602 2114 704 2142 eum
730 2099 862 2142 turba
879 2099 1041 2155 multa,
1069 2105 1113 2142 et
1149 2098 1504 2156 comprimebant
1533 2112 1646 2141 eum.
1673 2096 1710 2124 25
1733 2098 1792 2140 Et
1817 2098 1975 2141 mulier

128 2172 226 2213 quae
251 2162 347 2201 erat
369 2158 416 2200 in
442 2158 660 2215 profluvio
692 2159 924 2215 sanguinis
956 2159 1085 2201 annis
1122 2158 1378 2214 duodecim,
1411 2157 1447 2184 ⁵2⁶
1465 2163 1509 2200 et
1540 2158 1690 2200 fuerat
1710 2157 1854 2199 multa
1877 2171 1988 2213 pers

125 2231 255 2274 pessa
286 2233 313 2261 a
338 2218 642 2274 compluribus
676 2218 886 2273 medicis,
921 2223 967 2262 et
1001 2223 1262 2274 erogaverat
1305 2217 1454 2260 onmia
1486 2231 1585 2272 sua,
1616 2230 1698 2259 nec
1732 2216 1975 2272 quidquam

126 2277 398 2334 profecerat,
425 2277 504 2320 sed
533 2278 679 2333 magis
710 2277 902 2321 deterius
938 2277 1156 2332 habebat,
1183 2276 1219 2303 ⁶2⁷
1248 2291 1351 2320 cum
1379 2276 1578 2319 audisset
1610 2275 1665 2318 de
1689 2275 1719 2317 J
1723 2289 1799 2318 esu
1809 2310 1818 2332 ,
1849 2276 1975 2318 venit

125 2335 172 2377 in
195 2337 325 2379 turba
348 2342 490 2393 retro,
517 2342 562 2380 et
584 2337 737 2392 tetigit
760 2337 1078 2380 vestimentum
1104 2336 1216 2391 ejus.
1242 2335 1278 2363 “28
1296 2336 1489 2379 Dicebat
1518 2335 1635 2378 enim
1663 2346 1674 2375 ε
1708 2334 1818 2385 Quia
1839 2334 1875 2377 si
1901 2335 1975 2378 vel

127 2395 444 2439 vestimentum
473 2397 571 2452 eJ'us
606 2396 817 2452 tetigero,
851 2395 976 2438 salva
1006 2410 1091 2439 ero.
1124 2394 1161 2422 ‘29
1180 2397 1239 2438 Et
1273 2394 1513 2438 confestim
1542 2395 1733 2437 siccatus
1772 2397 1838 2436 est
1870 2394 1973 2437 fons

127 2455 356 2510 sanguinis
383 2455 481 2511 ejus
505 2473 514 2511 3
543 2461 586 2499 et
613 2456 751 2500 sensit
774 2470 952 2512 corpore
983 2456 1086 2511 quia
1121 2460 1278 2498 sanata
1312 2460 1427 2498 esset
1454 2469 1480 2496 a
1505 2454 1654 2511 plaga.
1678 2452 1715 2480 3⁰
1735 2452 1794 2495 Et
1818 2453 1973 2496 statim

126 2514 258 2556 Jesus
289 2514 338 2556 in
369 2516 608 2571 semetipso
644 2529 917 2571 cognoscens
949 2515 1159 2558 virtutem
1194 2529 1291 2571 quae
1325 2514 1496 2557 exierat
1526 2513 1580 2556 de
1612 2512 1710 2569 1110,
1735 2526 1973 2555 conversus

126 2572 184 2615 ad
205 2573 395 2628 turbam,
422 2574 573 2617 aiebat
607 2592 616 2618 ε
639 2574 744 2625 Quis
765 2574 918 2630 tetigit
940 2575 1208 2618 vestimenta
1234 2588 1333 2617 mea
1353 2573 1374 2616 ⁶?
1400 2573 1434 2600 3¹
1455 2573 1514 2615 Et
1539 2572 1750 2615 dicebant
1775 2571 1815 2614 ei
1841 2572 1975 2615 disci-

127 2631 220 2688 puli
249 2632 317 2675 sui
343 2649 353 2676 :
380 2633 520 2678 Vides
553 2634 733 2677 turbam
768 2634 1136 2690 comprimentem
1170 2639 1235 2690 te,
1277 2638 1321 2677 et
1358 2633 1469 2676 dicis
1502 2649 1510 2676 :
1540 2632 1646 2682 Quis
1680 2646 1751 2674 me
1783 2630 1972 2687 tetigit?

127 2689 163 2717 32
183 2692 240 2734 Et
265 2691 654 2749 circumspiciebat
679 2693 831 2736 videre
865 2708 964 2736 eam
997 2708 1096 2750 quae
1124 2694 1208 2737 hoc
1237 2694 1422 2736 fecerat.
1446 2692 1483 2719 33
1500 2691 1662 2734 Mulier
1685 2705 1788 2734 vero
1809 2690 1972 2734 timens

127 2756 171 2793 et
197 2755 410 2806 tremens,
432 2752 578 2795 sciens
605 2753 722 2808 quod
747 2753 925 2796 factum
950 2758 1066 2796 esset
1097 2754 1144 2796 in
1178 2768 1245 2810 se,
1269 2753 1393 2796 venit
1418 2756 1463 2795 et
1494 2750 1686 2808 procidit
1713 2755 1819 2793 ante
1848 2764 1968 2806 eum,

128 2815 171 2852 et
196 2809 311 2852 dixit
339 2810 378 2854 ei
414 2824 592 2854 ornnem
624 2812 874 2856 veritatem.
908 2811 945 2838 34
963 2813 1049 2855 Ille
1081 2817 1232 2856 autem
1266 2812 1382 2855 dixit
1413 2811 1488 2854 ei:
1516 2809 1653 2865 Filia,
1687 2808 1797 2852 fides
1829 2814 1971 2853 tuate

126 2869 300 2911 salvam
324 2869 436 2912 fecit
456 2887 466 2926 ;
492 2870 608 2914 vade
629 2871 678 2913 in
698 2885 831 2928 pace,
858 2876 903 2915 et
925 2872 1019 2915 esto
1041 2887 1150 2915 sana
1171 2887 1198 2914 a
1218 2872 1354 2928 plaga
1379 2876 1471 2914 tua.

184 2927 221 2954 ³5
239 2928 402 2972 Adhuc
424 2943 476 2972 eo
500 2929 730 2986 loquente,
754 2931 942 2974 veniunt
965 2931 1022 2973 ab
1056 2931 1432 2987 archisynagogo,
1464 2929 1662 2974 dicentes
1688 2945 1699 2973 ι
1738 2928 1849 2979 Quia
1877 2928 1970 2971 filia

128 2992 204 3030 tua
235 2994 409 3031 mortua
448 2994 546 3043 est;
576 2989 681 3045 quid
716 2989 834 3032 ultra
868 3004 1005 3033 vexas
1032 2989 1340 3046 Magistrum?
1378 2989 1416 3016 36
1432 2990 1461 3032 J
1465 3003 1564 3032 esus
1602 2994 1775 3044 autem,
1816 2987 1970 3030 audito

126 3047 261 3091 verbo
301 3048 418 3103 quod
456 3048 710 3103 dicebatur,
745 3048 810 3091 ait
845 3049 1201 3106 archisynagogo
1240 3066 1249 3092 ε
1287 3048 1392 3092 Noli
1431 3048 1619 3104 timere3
1657 3047 1968 3091 tantummodo

126 3106 270 3150 crede.
296 3106 331 3134 37
350 3107 411 3150 Et
434 3122 525 3151 non
549 3108 733 3151 admisit
765 3122 1034 3164 quemquam
1065 3122 1113 3152 se
1137 3108 1280 3165 sequi,
1307 3108 1395 3151 nisi
1428 3108 1631 3164 Petrum,
1658 3112 1703 3152 et
1724 3107 1965 3162 Jacobum‚

115 3170 172 3208 et
199 3167 424 3210 «Ioannem
452 3167 640 3211 fratrem
675 3167 850 3210 Jacobi.
877 3166 914 3194 38
932 3168 991 3210 Et
1015 3167 1202 3210 veniunt
1233 3167 1280 3210 in
1314 3167 1496 3210 domum
1524 3165 1890 3224 archisynagogi,
1925 3171 1967 3208 et

126 3225 250 3269 videt
269 3226 533 3283 tumultum,
561 3232 604 3271 et
626 3226 803 3282 flentes,
831 3232 875 3270 et
897 3227 1118 3282 ejulantes
1144 3227 1347 3270 multum.
1368 3226 1406 3254 39
1423 3228 1482 3270 Et
1505 3227 1752 3283 ingressus,
1771 3225 1834 3268 ait
1858 3224 1965 3267 illis:

127 3285 241 3335 Quid
266 3285 511 3328 turbamini
533 3291 579 3330 et
597 3286 783 3343 ploratis
802 3286 823 3328 ἱ)
849 3286 999 3343 puella
1019 3300 1108 3330 non
1133 3291 1201 3330 est
1222 3291 1417 3343 mortua,
1448 3286 1525 3330 sed
1559 3286 1735 3331 dormit.
1768 3283 1806 3310 ‘¹¹⁰
1830 3285 1888 3326 Et
1908 3284 1965 3326 ir—

127 3343 333 3387 ridebant
362 3359 478 3388 eum.
511 3346 616 3402 Ipse
645 3360 770 3401 vero,
804 3345 961 3402 ejectis
994 3346 1220 3403 omnibus,
1253 3346 1441 3389 assumit
1479 3350 1654 3403 patrem
1693 3349 1737 3388 et
1776 3348 1966 3386 matrem

127 3403 310 3459 puellae,
337 3410 382 3447 et
414 3405 488 3460 qui
521 3417 673 3448 secum
705 3410 851 3460 erant,
887 3410 931 3448 et
957 3405 1206 3461 ingreditur
1235 3405 1312 3448 ubi
1344 3405 1496 3462 puella
1527 3409 1622 3448 erat
1652 3404 1821 3460 jacens.
1852 3401 1887 3429 ⁴¹
1907 3403 1966 3445 Et

128 3467 285 3504 tenens
307 3463 490 3506 manum
518 3465 701 3521 puellae,
727 3464 792 3507 ait
812 3464 879 3507 illi
905 3481 914 3507 :
936 3464 1141 3521 Talitha,
1168 3465 1311 3520 cumi;
1339 3464 1456 3521 quod
1485 3469 1551 3507 est
1581 3464 1924 3520 interpretatum
1951 3478 1962 3505 :

129 3520 287 3563 Puella
314 3521 418 3577 (tibi
441 3522 579 3581 dico),
603 3537 748 3580 surge.
768 3522 805 3550 42
820 3524 878 3566 Et
911 3523 1150 3566 confestim
1177 3523 1367 3567 surrexit
1399 3522 1568 3580 puella,
1595 3527 1640 3565 et
1667 3520 1929 3565 ambulabat
1951 3538 1961 3576 ;

117 3668 176 3701 22]
193 3668 314 3698 Matth.
334 3669 395 3705 IX,
414 3673 456 3699 18.
475 3671 556 3701 Luc.
575 3673 674 3707 VIII,
690 3675 735 3701 41.
754 3688 789 3692 —
805 3673 854 3706 34]
875 3673 955 3700 Luc.
973 3672 1052 3707 VII,
1072 3675 1108 3701 50
1125 3675 1160 3701 et
1176 3674 1281 3708 VIII,
1299 3676 1343 3702 48.

2038 1816 2283 1845 Haemorrhois-

2060 1866 2104 1888 sae
2132 1859 2264 1888 sanatio

2091 1902 2234 1937 ffliaeque

2121 1949 2143 1977 J
2145 1948 2209 1977 airi

2067 1990 2259 2022 suscitatio.
