2423 3861
419 153 498 198 786
923 153 1075 194 ECOLI.
1110 151 1276 205 XLIV,
1310 151 1367 193 23
1400 177 1458 182 —
1490 151 1630 206 XLV,
1667 151 1735 193 16.

707 336 899 367 crescere
920 320 1049 362 illum
1076 318 1201 374 quasi
1225 324 1353 361 terrae
1381 318 1629 373 cumulum,

647 383 684 410 23
705 389 747 426 et
772 387 821 423 ut
845 379 997 422 stellas
1024 377 1221 421 exaltare
1247 391 1397 420 semen
1423 377 1542 432 ejus,

649 448 691 485 et
714 439 963 483 hereditare
987 437 1088 480 illos
1114 451 1139 478 a
1165 436 1276 478 mari
1304 450 1441 491 usque
1467 436 1523 479 ad
1550 451 1690 492 mare,

705 506 749 543 et
770 513 796 541 a
821 497 1005 539 flumine
1026 510 1163 552 usque
1188 495 1246 538 ad
1272 495 1484 538 terminos
1510 501 1652 538 terrae.

589 559 624 585 ²4
647 560 705 601 Et
724 559 771 601 in
794 558 923 600 Isaac
945 555 1098 599 eodem
1124 555 1253 598 modo
1279 554 1412 607 fecit,

705 621 882 675 propter
907 615 1160 664 Abraham,
1186 619 1357 671 patrem
1384 614 1494 669 ejus.

587 677 623 703 ‘25
646 675 1013 721 Benedictionem
1039 674 1237 716 omnium
1259 673 1461 729 gentium
1485 672 1609 715 dedit
1633 673 1699 714 illi
1728 672 1964 728 Dominus,

708 741 752 779 et
776 738 1096 779 testamentum
1122 733 1404 776 confirmavit
1429 747 1559 788 super
1582 738 1715 788 caput
1737 731 1893 774 Jacob.

589 795 624 822 2ss
645 795 845 851 Agnovit
870 809 971 837 eum
993 793 1038 836 in
1065 792 1452 836 benedictionibus
1478 791 1589 848 suis,

707 860 751 898 et
773 853 897 897 dedit
918 853 985 895 illi
1011 852 1328 907 hereditatem,

708 919 751 958 et
773 913 925 956 divisit
947 912 1014 954 illi
1041 918 1213 968 partem
1239 911 1284 953 in
1307 911 1512 953 tribubus
1535 910 1783 954 duodecim.

589 973 623 1000 2⁷
648 975 705 1017 Et
731 972 1012 1016 conservavit
1037 971 1104 1014 illi
1132 971 1334 1014 homines
1361 970 1700 1024 miserieordiae,

707 1032 986 1075 invenientes
1008 1031 1200 1087 gratiam
1226 1030 1274 1072 in
1300 1029 1439 1073 oculis
1466 1030 1609 1072 omnis
1633 1029 1790 1072 carnis.

152 1118 303 1152 Moyses,
471 1095 577 1139 CAP.
603 1093 746 1137 XLV.
768 1118 827 1124 —
848 1091 860 1117 1
884 1091 1085 1133 Dilectus
1113 1091 1206 1133 Deo
1232 1095 1277 1133 et
1302 1089 1558 1132 hominibus
1580 1089 1776 1145 Moyses,

710 1151 838 1208 cujus
861 1150 1075 1193 memoria
1099 1149 1147 1192 in
1173 1148 1486 1192 benedictione
1508 1154 1587 1192 est.

610 1211 626 1237 ‘2
648 1210 850 1256 Similem
872 1210 1001 1252 illum
1023 1208 1136 1252 fecit
1158 1208 1203 1251 in
1231 1208 1372 1264 gloria
1399 1213 1674 1264 sanctorum,

710 1275 753 1314 et
778 1269 1088 1325 magnificavit
1110 1283 1212 1311 eum
1236 1268 1283 1310 in
1306 1268 1463 1310 timore
1488 1267 1792 1324 inimicorum,

711 1335 754 1374 et
778 1330 824 1373 in
851 1328 998 1372 verbis
1024 1328 1115 1371 suis
1138 1333 1335 1371 monstra
1359 1327 1570 1384 placavit.

612 1389 629 1416 3
651 1388 932 1434 Glorificavit
955 1388 1085 1430 illum
1111 1387 1156 1429 in
1184 1392 1423 1443 conspectu
1445 1401 1622 1442 regum,

711 1455 754 1493 et
779 1448 912 1505 jussit
936 1447 1002 1490 illi
1027 1462 1175 1490 coram
1202 1446 1364 1504 populo
1391 1460 1488 1501 suo,

712 1514 755 1552 et
777 1507 972 1552 ostendit
994 1507 1059 1549 illi
1086 1507 1276 1562 gloriam
1302 1520 1441 1549 suam.

613 1568 630 1594 ⁴
653 1569 705 1610 In
732 1568 818 1611 fide
845 1572 887 1610 et
909 1566 1094 1610 lenitate
1121 1566 1259 1622 ipsius
1283 1571 1487 1608 sanctum
1513 1565 1625 1608 fecit
1644 1564 1793 1620 illum,

713 1632 758 1671 et
779 1627 914 1682 elegit
939 1641 1041 1669 eum
1068 1640 1122 1668 ex
1145 1624 1265 1668 0111111
1293 1639 1437 1668 carne.

614 1688 630 1714 ⁵
653 1686 841 1730 Audivit
866 1686 986 1729 enim
1008 1700 1129 1740 eum,
1157 1690 1200 1728 et
1222 1698 1378 1727 vocem
1400 1683 1559 1740 ipsius,

714 1752 756 1790 et
781 1745 960 1789 induxit
981 1745 1110 1787 illum
1136 1744 1182 1787 in
1208 1743 1384 1786 nubem.

616 1806 632 1832 ⁰
655 1808 712 1849 Et
733 1805 856 1849 dedit
880 1805 946 1847 1111
975 1819 1123 1847 coram
1149 1809 1393 1861 praecepta,

717 1870 761 1908 et
782 1865 928 1921 legem
950 1864 1056 1906 vitae
1084 1868 1126 1907 et
1152 1863 1402 1919 disciplinae
1421 1879 1429 1907 :

658 1926 813 1969 docere
840 1924 983 1967 Jacob
1009 1927 1329 1966 testamentum
1354 1936 1502 1977 suum,

717 1990 760 2028 et
785 1984 956 2040 judicia
982 1998 1061 2026 sua
1085 1982 1236 2025 Israel.

170 2057 293 2092 Aaron.
617 2044 632 2070 7
653 2044 892 2087 Excelsum
915 2043 1025 2086 fecit
1051 2043 1224 2096 Aaron,
1251 2042 1439 2084 fratrem
1467 2041 1586 2097 eJUS,

718 2109 760 2147 et
786 2103 980 2146 similem
1006 2102 1111 2156 sibi,
1137 2101 1190 2144 de
1216 2101 1334 2143 tribu
1362 2100 1483 2143 Levi.

619 2163 636 2189 8
659 2163 823 2207 Statuit
845 2163 883 2206 ei
907 2167 1224 2205 testamentum
1249 2166 1484 2215 aeternum,

718 2228 760 2266 et
786 2222 909 2265 dedit
934 2221 1000 2263 illi
1023 2220 1321 2263 sacerdotium
1343 2219 1506 2275 gentis,

718 2287 761 2325 et
785 2280 1061 2324 beatificavit
1082 2280 1211 2322 illum
1232 2279 1279 2321 in
1301 2279 1467 2334 gloria;

621 2340 637 2366 9
658 2347 700 2384 et
727 2340 1041 2384 circumcinxit
1063 2354 1164 2382 eum
1190 2354 1299 2382 zona
1326 2338 1499 2394 gloriae,

718 2406 760 2444 et
785 2400 931 2443 induit
959 2415 1059 2443 eum
1081 2398 1239 2442 stolam
1267 2398 1443 2453 gloria,

719 2465 762 2503 et
785 2459 1016 2503 coronavit
1043 2473 1144 2502 eum
1166 2457 1211 2499 in
1237 2457 1354 2500 vasis
1384 2456 1573 2499 virtutis.

605 2518 638 2544 ¹0
659 2519 994 2576 Circumpedes,
1024 2524 1067 2561 et
1092 2517 1350 2571 femoralia,
1378 2522 1421 2559 et
1443 2515 1672 2558 humerale
1696 2516 1844 2572 posuit
1869 2514 1934 2571 ei;

720 2585 762 2621 et
789 2578 931 2622 cinxit
953 2578 1079 2620 illum
1107 2576 1423 2619 tintinnabulis
1449 2575 1593 2618 aureis
1616 2574 1819 2631 plurimis
1840 2574 1886 2616 in
1908 2587 2018 2630 gyro
2041 2589 2052 2620 ς

604 2637 634 2663 ¹¹
659 2638 764 2682 dare
789 2638 985 2681 sonitum
1007 2637 1054 2679 in
1075 2637 1251 2680 incessu
1278 2650 1375 2691 suo,

719 2697 923 2740 auditum
945 2697 1097 2740 facere
1123 2695 1319 2739 sonitum
1340 2695 1386 2737 in
1413 2695 1580 2752 templo

719 2757 765 2799 in
793 2757 1054 2800 memoriam
1085 2755 1187 2798 filiis
1214 2755 1360 2811 gentis
1386 2770 1490 2797 suae.

604 2814 639 2840 '¹2
662 2817 830 2860 Stolam
851 2821 1052 2860 sanctam
1080 2829 1205 2870 auro,
1233 2820 1277 2857 et
1302 2814 1565 2871 hyacintho,
1594 2818 1638 2856 et
1663 2827 1875 2870 purpura,

722 2890 830 2932 opus
852 2875 1008 2919 textile
1035 2875 1115 2917 viri
1139 2873 1374 2930 sapientis,
1401 2873 1571 2929 judicio
1594 2877 1637 2916 et
1663 2872 1850 2915 veritate
1875 2868 2052 2928 praediti
2074 2885 2086 2914 ε

604 2933 640 2960 13
661 2939 775 2978 torto
798 2949 928 2978 cocco
953 2949 1060 2991 opus
1086 2933 1290 2989 artificis,

722 2994 912 3050 gemmis
935 2994 1137 3050 pretiosis
1159 2993 1360 3049 figuratis
1382 2993 1428 3035 in
1455 2993 1647 3048 ligatura
1673 2991 1787 3044 auri,

724 3059 766 3095 et
789 3068 917 3110 opere
946 3053 1150 3110 lapidarii
1177 3052 1384 3109 sculptis,

726 3112 769 3154 in
798 3113 1057 3155 memoriam
1083 3111 1327 3155 secundum
1350 3125 1582 3154 numerum
1609 3109 1804 3152 tribuum
1828 3106 1980 3151 Israel.

607 3169 642 3196 ¹⁴
665 3171 835 3214 Corona
856 3186 988 3214 aurea
1015 3186 1144 3228 super
1166 3172 1345 3214 mitram
1369 3170 1464 3226 ejus

724 3244 929 3287 expressa
955 3231 1084 3285 signo
1107 3230 1380 3285 sanctitatis,
1405 3235 1448 3272 et
1470 3229 1611 3285 gloria
1637 3227 1838 3282 honoris3

727 3304 836 3346 opus
861 3289 1059 3344 virtutis,
1085 3295 1127 3332 01
1153 3290 1371 3332 desideria
1397 3288 1623 3331 oculorum
1649 3292 1817 3330 ornata.

609 3348 644 3374 ¹5
667 3348 737 3392 Sic
764 3348 948 3405 pulchra
969 3354 1073 3391 ante
1098 3349 1243 3404 ipsum
1266 3363 1353 3390 11011
1380 3348 1561 3390 fuerunt
1583 3346 1691 3389 talia

726 3422 862 3463 usque
883 3407 939 3449 ad
968 3407 1197 3462 originem.

610 3465 646 3492 ¹⁶
667 3467 766 3509 Non
793 3471 859 3510 est
883 3466 1065 3508 indutus
1093 3466 1167 3507 illa
1190 3467 1443 3523 alienigena
1469 3465 1651 3520 aliquis,

729 3525 804 3568 sed
830 3531 1003 3567 tantum
1032 3525 1110 3567 filii
1136 3525 1274 3581 111-1115
1304 3526 1405 3581 5011,

438 3672 466 3704 1]
484 3672 543 3700 Ex.
563 3671 631 3707 XI,
648 3674 674 3699 3.
692 3686 724 3690 —
744 3672 775 3704 3]
792 3671 852 3699 Ex.
872 3669 930 3705 VI,
946 3671 1001 3698 7-8.
1020 3684 1055 3689 —
1073 3670 1101 3703 4]
1122 3668 1218 3697 Num.
1239 3669 1393 3697 X11.3-7.
1416 3669 1516 3696 Hebr.
1536 3668 1602 3698 111.
1621 3669 1676 3695 2-5.
1703 3681 1738 3687 -
1766 3668 1812 3701 11]
1831 3669 1891 3697 Ex.
1910 3668 2075 3701 XXVIIT,
2091 3672 2138 3699 35.
