2423 3861
180 324 213 351 3⁰
231 321 329 350 Oellae
340 341 347 357 ‚

142 365 373 400 pavimentum

161 413 195 440 et
217 409 366 438 latitudo

223 454 303 483 atrii

167 498 358 528 exterioris.

177 690 209 715 40
243 687 346 714 Porta

163 729 365 763 septentrio-

213 774 309 803 nalis.

183 1213 216 1241 50
235 1211 337 1239 Porta

177 1253 347 1282 australis.

195 1688 331 1718 Atrium

184 1733 340 1763 interius.

178 1781 209 1807 1⁰
235 1779 347 1807 Portae

158 1822 264 1858 hujus
277 1822 367 1852 atrii.

141 2880 173 2903 20
201 2875 382 2904 Lavatoria

142 2926 175 2947 ct
188 2926 312 2948 mensae
323 2926 383 2952 pro

171 2963 278 2992 sacrifi
284 2962 355 2991 ciis.

162 3570 195 3596 30
213 3567 374 3597 Cubicula

241 3618 300 3644 pro

182 3654 359 3685 ministris.

449 134 534 178 964
1164 132 1238 173 ΕΖ.
1273 132 1376 184 XL,
1413 132 1465 173 17
1481 132 1577 172 -44.

510 307 544 333 17
566 308 624 349 Et
649 304 801 348 eduxit
828 317 897 345 me
923 302 979 344 ad
1001 302 1165 344 atrium
1187 301 1377 344 exterius
1397 317 1406 343 :
1427 304 1471 342 et
1494 314 1595 343 ecce
1619 299 1962 355 gazophylacia,
1988 305 2032 342 et
2056 300 2284 357 pavimen-

449 371 544 409 tum
569 369 757 407 stratum
782 361 932 418 lapide
952 361 999 403 in
1027 360 1140 403 atrio
1169 374 1246 417 per
1276 359 1536 414 circuitum,
1563 357 1751 413 triginta
1775 357 2097 414 gazophylacia
2128 359 2175 401 in
2202 359 2283 402 cir-

450 425 571 468 cuitu
595 421 856 480 pavimenti.
880 420 916 447 18
935 421 994 463 Et
1017 419 1327 477 pavimentum
1350 418 1398 460 in
1422 418 1572 461 fronte
1596 422 1844 474 portarum,
1872 417 2117 460 secundum
2141 418 2286 474 longi-

448 483 650 526 tudinem
672 486 897 538 portarum
917 484 1011 523 erat
1027 479 1229 523 inferius
1251 478 1287 504 19
1301 479 1359 520 Et
1378 492 1555 521 mensus
1574 481 1640 520 est
1660 476 1948 520 latitudinem
1965 490 1991 518 a
2008 476 2129 520 facie
2145 483 2287 533 portae

447 540 671 585 inferioris
697 554 836 596 usque
868 539 926 582 ad
958 539 1155 582 frontem
1181 537 1285 580 atrii
1316 536 1539 580 interioris
1569 535 1872 591 extrinsecus3
1905 540 2084 579 eentum
2114 536 2286 580 cubitos

446 600 503 643 ad
531 600 746 643 orientem
770 605 815 642 et
839 599 896 642 ad
922 598 1189 654 aquilonem.

507 659 544 686 ⁹20
561 660 743 702 Porta-m
765 673 935 715 quoque
961 673 1059 713 quae
1090 656 1357 714 respiciebat
1379 656 1500 698 viam
1521 655 1741 711 aquilonis
1763 655 1864 698 atrii
1891 655 2140 712 exterioris,
2166 670 2285 700 men-

447 733 520 762 sus
550 724 616 762 est
644 724 738 762 tam
766 718 812 760 in
842 717 1123 774 longitudine
1147 731 1281 773 quam
1305 715 1353 758 in
1381 715 1633 759 latitudine.
1664 714 1699 741 Ἣ
1726 714 1786 757 Ε1
1814 715 2036 758 thalamos
2070 715 2179 771 ejus
2199 721 2287 759 tres

446 778 551 821 hinc
581 784 624 821 et
652 784 740 821 tres
764 777 889 833 inde,
921 782 965 820 et
992 777 1190 820 frontem
1215 775 1313 832 ejus
1344 780 1387 818 et
1408 774 1681 818 vestibulum
1710 773 1808 830 ejus
1842 775 2086 818 secundum
2110 789 2288 818 mensu-

446 853 538 880 ram
567 842 708 895 portae
730 836 911 894 prioris,
939 835 1263 892 quinquaginta
1289 834 1540 877 cubitorum
1565 833 1895 890 longitudinem
1921 835 2039 891 ejus,
2067 838 2112 877 et
2135 834 2288 877 latitu-

448 898 598 941 dinem
622 897 785 954 viginti
810 896 1002 952 quinque
1029 895 1293 938 cubitorum.
1318 893 1353 919 ‘22
1372 894 1598 936 Fenestrae
1624 898 1777 936 autem
1802 893 1913 949 ejus,
1938 899 1981 937 et
1998 893 2286 949 vestibulum,

448 962 493 1001 et
516 956 756 1014 sculpturae
778 955 1022 999 secundum
1047 969 1302 998 mensuram
1327 958 1468 1010 portae
1495 968 1592 1009 quae
1613 952 1879 1009 respiciebat
1900 954 1957 996 ad
1981 953 2218 1009 orient-em,
2244 959 2289 996 et

447 1022 617 1074 septem
642 1016 864 1073 graduum
887 1021 980 1058 erat
1011 1028 1221 1057 ascensus
1255 1013 1373 1069 ejus,
1401 1018 1445 1055 et
1466 1012 1739 1056 vestibulum
1762 1017 1865 1055 ante
1889 1027 2000 1056 eam.
2023 1011 2060 1039 ²3
2078 1014 2137 1056 Et
2161 1019 2288 1070 porta

447 1077 548 1118 atrii
571 1075 792 1119 interioris
827 1080 980 1118 contra
1009 1078 1185 1131 portam
1218 1072 1459 1129 aquilonis,
1492 1077 1535 1116 et
1565 1071 1850 1126 orientalem,
1877 1078 1920 1115 et
1953 1085 2130 1116 mensus
2164 1077 2230 1116 est
2260 1087 2286 1115 a

447 1141 572 1192 porta
595 1149 731 1191 usque
755 1135 812 1177 ad
838 1139 1011 1191 portam
1034 1138 1213 1176 centum
1240 1132 1425 1175 cubitos.

507 1194 542 1221 ‘24
562 1196 619 1237 Et
642 1194 797 1237 eduxit
825 1208 896 1237 me
922 1194 979 1236 ad
1004 1193 1125 1236 viam
1150 1192 1391 1235 australem
1413 1209 1421 1235 :
1449 1196 1493 1234 et
1518 1205 1620 1233 ecce
1645 1197 1772 1248 porta
1802 1206 1901 1247 quae
1931 1189 2199 1248 respiciebat
2230 1191 2289 1235 ad

447 1260 669 1309 austrumg
694 1260 738 1297 et
758 1267 937 1297 mensus
959 1258 1025 1297 est
1045 1253 1243 1296 frontem
1266 1252 1382 1307 ejus,
1410 1256 1453 1294 et
1475 1249 1748 1293 vestibulum
1770 1251 1880 1307 ejus,
1907 1251 2038 1307 juxta
2060 1265 2288 1295 mensuras

447 1314 706 1371 superiores.
733 1311 770 1340 ²5
792 1314 850 1357 Et
875 1313 1096 1356 fenestras
1127 1312 1244 1368 ejus,
1276 1316 1320 1354 et
1344 1309 1567 1354 vestibula
1599 1309 1645 1352 in
1680 1311 1890 1366 circuitu,
1925 1311 2040 1353 sicut
2067 1311 2288 1354 fenestras
2332 1367 2334 1369 .

448 1380 641 1428 ceteras,
671 1373 995 1429 quinquaginta
1021 1372 1273 1415 cubitorum
1302 1369 1604 1426 longitudine,
1630 1376 1672 1413 et
1703 1370 1941 1413 latitudine
1967 1370 2132 1426 viginti
2162 1370 2288 1426 quin-

448 1448 531 1490 que
562 1433 827 1476 cubitorum.
855 1431 891 1459 96
909 1434 967 1475 Et
990 1432 1037 1474 in
1063 1431 1275 1488 gradibus
1301 1435 1472 1486 septem
1497 1429 1823 1473 ascendebatur
1847 1430 1905 1473 ad
1935 1444 2062 1485 eam3
2087 1435 2132 1474 et
2155 1429 2290 1474 vesti-

447 1492 602 1536 bulum
628 1498 731 1536 ante
757 1493 875 1536 fores
902 1492 1023 1548 63116,
1052 1497 1097 1534 et
1120 1491 1291 1534 caelatae
1314 1489 1477 1547 palmae
1502 1495 1648 1545 erant,
1672 1504 1761 1532 una
1785 1490 1910 1545 hinc,
1939 1494 1982 1533 et
2003 1490 2145 1533 altera
2169 1489 2288 1545 inde,

447 1551 494 1595 in
518 1553 668 1596 fronte
695 1552 806 1608 ejus.
832 1551 866 1577 2⁷
886 1553 945 1596 Et
966 1556 1092 1609 porta
1117 1550 1219 1594 atrii
1243 1549 1467 1593 interioris
1491 1548 1539 1593 in
1563 1549 1636 1592 via
1662 1549 1873 1604 australi;
1902 1554 1946 1592 et
1972 1563 2149 1593 mensus
2171 1553 2238 1592 est
2262 1563 2289 1591 a

447 1617 574 1668 porta
595 1626 732 1668 usque
757 1611 814 1654 ad
836 1616 1010 1668 portam
1035 1610 1080 1652 in
1106 1610 1180 1652 via
1201 1609 1405 1663 australi,
1430 1613 1610 1651 centum
1635 1608 1821 1652 cubitos

508 1671 544 1697 ‘²8
563 1672 621 1713 Et
644 1670 892 1714 introduxit
914 1684 984 1713 me
1009 1670 1055 1712 in
1077 1669 1242 1712 atrium
1266 1668 1451 1711 interius
1478 1667 1534 1710 ad
1560 1673 1734 1724 portam
1755 1669 2020 1723 australeing
2043 1675 2087 1712 et
2111 1684 2288 1713 mensus

449 1735 516 1774 est
540 1735 715 1787 portam
739 1730 869 1786 juxta
894 1743 1122 1773 mensuras
1145 1728 1403 1785 superiores.
1424 1726 1460 1753 29
1479 1727 1748 1770 Thalamum
1767 1728 1876 1784 ejus,
1896 1733 1940 1772 et
1961 1728 2157 1772 frontem
2176 1729 2287 1785 63116,

449 1795 494 1833 et
519 1789 791 1833 vestibulum
813 1790 910 1846 ejus
935 1789 1103 1832 eisdem
1129 1787 1367 1843 mensuris,
1395 1792 1438 1830 et
1463 1787 1683 1830 fenestras
1706 1788 1815 1844 ejus,
1837 1793 1881 1831 et
1897 1788 2171 1831 vestibulum
2192 1788 2288 1844 ejus

447 1849 495 1892 in
514 1849 723 1904 circuitu,
743 1849 1067 1905 quinquaginta
1094 1847 1268 1891 cubitos
1292 1846 1606 1902 longitudinis,
1636 1851 1678 1889 et
1703 1846 1954 1890 latitudinis
1973 1847 2136 1903 viginti
2162 1847 2288 1903 quin-

450 1923 533 1965 que
560 1908 745 1952 cubitos.
769 1908 806 1935 30
824 1910 882 1951 Et
902 1907 1174 1951 vestibulum
1196 1922 1274 1963 per
1295 1920 1455 1962 gyrum
1476 1905 1758 1962 longitudine
1775 1906 1937 1961 viginti
1956 1907 2150 1962 quinque
2171 1906 2288 1950 cubi-

449 1973 614 2024 torum,
642 1973 685 2011 et
710 1968 948 2011 latitudine
975 1966 1167 2023 quinque
1193 1966 1469 2020 cubitorum3
1497 1964 1530 1991 3¹
1551 1970 1595 2007 et
1619 1965 1893 2008 vestibulum
1923 1966 2019 2022 ejus
2045 1966 2102 2009 ad
2127 1966 2288 2009 atrium

450 2028 664 2082 exterius,
687 2032 731 2070 et
756 2027 927 2084 palmas
958 2027 1054 2082 ejus
1079 2026 1125 2068 in
1154 2026 1328 2080 fronte3
1357 2030 1400 2068 et
1422 2030 1521 2067 octo
1546 2025 1711 2080 gradus
1740 2030 1866 2068 erant
1895 2025 2054 2081 quibus
2079 2026 2287 2069 ascende-

449 2087 580 2130 batur
600 2101 677 2143 per
702 2101 813 2130 eam.
841 2085 877 2113 3'2
895 2087 954 2129 Et
978 2086 1225 2129 introduxit
1250 2100 1321 2128 me
1346 2084 1391 2127 in
1423 2084 1585 2127 atrium
1611 2084 1819 2140 interius,
1850 2100 1927 2142 per
1951 2085 2073 2128 viam
2098 2086 2286 2129 orienta-

448 2146 560 2201 16111,
589 2152 633 2189 et
658 2160 836 2189 mensus
861 2151 926 2190 est
951 2151 1127 2203 portam
1153 2145 1399 2188 secundum
1424 2158 1652 2187 mensuras
1679 2144 1938 2201 superiores,
1966 2145 2004 2171 33
2021 2145 2289 2188 Thalamum

449 2206 565 2262 ejus,
593 2211 637 2249 et
659 2206 857 2249 frontem
882 2206 1001 2262 ejus,
1029 2210 1073 2249 et
1093 2204 1366 2248 vestibulum
1392 2204 1509 2260 63116,
1533 2203 1649 2247 sicut
1674 2218 1831 2261 supra3
1858 2209 1901 2248 et
1926 2204 2148 2248 fenestras
2169 2204 2285 2261 ejus,

449 2270 493 2309 et
509 2265 733 2308 vestibula
753 2266 849 2321 ejus
870 2266 918 2308 in
941 2265 1148 2321 circuitu,
1176 2264 1459 2321 longitudine
1482 2263 1806 2320 quinquaginta
1833 2264 2096 2321 cubitorum,
2120 2270 2165 2308 et
2189 2264 2289 2308 lati-

448 2325 602 2368 tudine
624 2324 785 2381 viginti
808 2325 1001 2381 quinque
1023 2324 1286 2368 cubitorum.
1313 2323 1350 2350 34
1369 2325 1426 2366 Ε1
1443 2323 1717 2366 vestibulum
1739 2323 1848 2379 ejus,
1872 2323 1919 2366 id
1942 2329 2020 2380 est,
2044 2324 2147 2367 atrii
2168 2329 2288 2369 exte-

448 2384 598 2439 110116,
628 2390 671 2427 et
695 2385 857 2441 palmae
880 2384 1053 2427 caelatae
1079 2384 1126 2426 in
1151 2385 1300 2427 fronte
1327 2383 1447 2440 ejus,
1470 2382 1574 2425 hinc
1601 2388 1644 2426 et
1666 2383 1792 2438 inde3
1818 2388 1862 2426 et
1881 2383 1928 2426 in
1955 2389 2054 2427 octo
2076 2383 2289 2440 gradibus

448 2458 656 2487 ascensus
679 2444 789 2500 ejus.
812 2444 848 2471 35
867 2446 924 2487 Et
952 2444 1200 2487 introduxit
1225 2458 1296 2487 me
1325 2443 1383 2486 ad
1411 2447 1585 2500 portam
1612 2457 1709 2498 quae
1739 2443 2006 2498 respiciebat
2038 2444 2092 2486 ad
2119 2443 2290 2499 aquilo-

448 2517 575 2558 nem3
609 2509 652 2546 et
677 2518 853 2547 mensus
880 2509 966 2559 est,
993 2504 1238 2547 secundum
1262 2517 1491 2545 mensuras
1517 2502 1777 2559 superiores.
1809 2502 1846 2528 ³⁶
1866 2503 2137 2545 Thalamum
2170 2502 2288 2558 ejus,

450 2568 493 2606 et
516 2563 714 2606 frontem
740 2563 855 2620 ejus,
883 2568 927 2607 et
948 2562 1221 2606 vestibulum
1243 2563 1361 2619 ejus,
1385 2568 1429 2605 et
1449 2562 1671 2605 fenestras
1697 2561 1794 2617 ejus
1816 2576 1894 2618 per
1916 2562 2172 2619 circuitum,
2194 2562 2290 2605 lon-

449 2622 653 2678 gitudine
686 2622 1011 2679 quinquaginta
1045 2623 1316 2678 cubitorum,
1349 2627 1393 2665 et
1425 2621 1664 2665 latitudine
1693 2621 1855 2677 viginti
1892 2621 2085 2678 quinque
2118 2621 2289 2665 cubito-

447 2696 560 2724 rum.
587 2681 622 2708 37
646 2683 704 2724 Et
729 2682 1000 2726 vestibulum
1032 2682 1130 2739 ejus
1163 2682 1429 2739 respiciebat
1461 2681 1518 2724 ad
1547 2680 1711 2723 atrium
1741 2681 1962 2736 exterius3
1999 2687 2044 2725 et
2076 2681 2289 2725 caelatura

448 2741 699 2798 palmarum
734 2741 782 2784 in
817 2742 965 2785 fronte
1000 2741 1117 2798 ejus,
1152 2742 1256 2784 hinc
1290 2746 1334 2785 et
1370 2741 1498 2796 inde3
1538 2745 1582 2784 et
1614 2740 1659 2783 in
1698 2745 1796 2784 octo
1832 2740 2044 2796 gradibus
2079 2754 2290 2784 ascensus

449 2815 559 2856 63116.
2023 2839 2026 2842 ,

508 2861 544 2887 38
567 2863 624 2904 Ε1
650 2876 726 2918 per
751 2861 927 2918 singula
948 2861 1270 2918 gazophylacia
1297 2863 1459 2905 ostium
1483 2861 1530 2903 in
1556 2861 1781 2904 frontibus
1804 2865 2054 2916 portarum3
2078 2858 2141 2901 ibi
2167 2858 2289 2902 lava-

449 2920 559 2963 bant
591 2921 912 2964 holocaustum.
944 2921 981 2947 39
1007 2922 1064 2963 Et
1093 2920 1138 2963 in
1175 2921 1392 2965 vestibulo
1425 2927 1585 2978 portae,
1621 2920 1722 2963 duae
1756 2933 1919 2962 mensae
1951 2919 2077 2974 hinc,
2112 2918 2288 2962 etduae

449 2993 616 3023 mensae
642 2980 767 3037 inde,
795 2986 842 3023 ut
866 2980 1124 3024 immoletur
1145 2995 1275 3036 super
1301 2995 1374 3024 eas
1399 2981 1728 3035 holocaustum,
1756 2984 1799 3022 et
1820 2992 1897 3034 pro
1924 2983 2108 3034 peccato
2139 2983 2182 3021 et
2210 2992 2285 3034 pro

452 3037 628 3082 delicto.
655 3039 692 3065 4⁰
710 3041 767 3082 Et
792 3040 849 3083 ad
875 3040 992 3083 latus
1018 3039 1232 3095 exterius,
1256 3040 1372 3096 quod
1397 3039 1600 3082 ascendit
1625 3038 1682 3081 ad
1712 3038 1874 3081 ostium
1899 3043 2039 3094 portae
2067 3051 2165 3094 quae
2190 3052 2287 3093 per-

450 3097 518 3153 git
549 3098 605 3140 ad
639 3099 913 3155 aquilonem,
941 3099 1042 3142 duae
1077 3114 1268 3154 mensae3
1303 3105 1347 3142 et
1383 3099 1441 3142 ad
1477 3099 1592 3141 latus
1629 3097 1838 3152 alterum,
1876 3103 1981 3140 ante
2017 3096 2287 3141 vestibulum

450 3162 611 3213 portae,
639 3158 739 3200 duae
764 3173 929 3202 mensae
952 3176 961 3202 ;
984 3158 1017 3184 4¹
1042 3164 1230 3214 quatuor
1252 3173 1416 3202 mensae
1439 3158 1562 3213 hinc,
1587 3162 1630 3200 et
1654 3162 1842 3212 quatuor
1867 3171 2033 3200 mensae
2054 3156 2184 3210 inde3
2212 3170 2290 3213 per

450 3216 591 3260 latera
617 3221 756 3273 portae
783 3224 881 3261 octo
904 3233 1071 3262 mensae
1097 3224 1235 3273 erant,
1259 3233 1389 3275 super
1406 3231 1514 3274 quas
1535 3215 1843 3259 immolabant.
1863 3215 1900 3242 4'2
1917 3216 2113 3267 Quatuor
2136 3220 2287 3258 autem

451 3290 617 3319 mensae
639 3275 697 3319 ad
722 3276 1030 3320 holocaustum
1053 3278 1106 3321 de
1133 3277 1357 3334 lapidibus
1380 3276 1558 3333 quadris
1577 3279 1826 3331 exstructae,
1848 3274 2127 3332 longitudine
2147 3274 2286 3317 cubiti

451 3335 582 3378 unius
609 3340 653 3379 et
679 3335 873 3391 dimidii,
898 3342 941 3378 et
966 3337 1203 3380 latitudine
1229 3337 1369 3380 cubiti
1393 3336 1521 3379 unius
1544 3340 1587 3377 et
1610 3334 1799 3390 dimidii,
1820 3340 1864 3378 et
1884 3333 2123 3377 altitudine
2147 3333 2287 3376 cubiti

451 3394 607 3448 unius;
636 3409 766 3452 super
787 3409 894 3450 quas
916 3402 1082 3452 ponant
1104 3411 1211 3439 vasa
1236 3396 1281 3438 in
1304 3395 1462 3451 quibus
1488 3393 1745 3436 immolatur
1766 3393 2076 3437 holocaustum
2097 3398 2141 3436 et
2157 3392 2285 3435 victi-

452 3467 538 3497 ma.
574 3453 611 3480 43
634 3455 691 3497 Ε1
724 3453 844 3497 labia
877 3468 1028 3497 earum
1061 3455 1199 3512 palmi
1232 3455 1383 3510 unius,
1416 3452 1580 3498 reflexa
1614 3452 1880 3497 intrinsecus
1909 3467 1987 3510 per
2019 3451 2282 3507 circuitum,-

452 3526 582 3569 super
607 3528 783 3557 mensas
806 3518 956 3557 autem
983 3528 1135 3557 carnes
1159 3514 1409 3558 oblationis
2017 3542 2022 3546 ·

513 3572 549 3598 ‘¹4
575 3574 632 3616 Et
665 3579 788 3617 extra
821 3579 995 3630 portam
1023 3572 1299 3628 interiorem,
1332 3572 1653 3629 gazophylacia
1684 3578 1913 3616 cantorum
1946 3571 1993 3614 in
2026 3571 2139 3614 atrio
2170 3570 2284 3613 inte-

453 3630 570 3686 riori,
594 3633 708 3687 quod
729 3638 821 3676 erat
843 3633 888 3675 in
914 3632 1050 3676 latere
1071 3643 1210 3688 portae
1232 3631 1508 3688 respicientis
1531 3631 1588 3675 ad
1609 3632 1888 3688 aquilonem3
1909 3636 1954 3674 et
1975 3630 2118 3673 facies
2135 3643 2284 3672 eorum
