2456 3861
491 132 547 175 38
915 131 1031 174 GEN.
1064 131 1315 187 XXXVII,
1351 131 1408 174 22
1430 157 1490 162 -
1520 131 1800 186 XXXVIII,
1837 132 1905 175 16.

736 266 761 279 S

490 300 621 344 nibus
647 316 818 357 eorum,
843 307 887 344 et
908 301 1087 344 dicebat
1107 316 1115 344 :
1139 299 1175 326 2'2
1189 301 1289 342 Non
1315 299 1594 342 interficiatis
1619 299 1817 342 animam
1840 300 1958 356 ejus,
1979 314 2060 343 nec
2084 300 2326 344 effundatis

491 360 780 417 sanguinem3
806 360 883 403 sed
908 359 1113 416 projicite
1140 373 1239 402 eum
1269 359 1316 401 in
1346 358 1585 401 cisternam
1610 358 1748 414 hanc,
1772 373 1870 413 quae
1897 364 1964 402 est
1988 359 2034 402 in
2064 359 2323 415 solitudine,

490 434 733 476 manusque
766 424 935 462 vestras
969 423 1141 461 servate
1171 417 1391 461 innoxias.
1429 418 1528 461 Hoc
1561 422 1711 460 autem
1742 417 1940 474 dicebat,
1973 418 2126 461 volens
2159 419 2326 475 eripere

490 493 591 523 eum
616 479 670 522 de
698 478 903 521 manibus
926 492 1096 533 eorum,
1124 481 1168 520 et
1191 476 1375 520 reddere
1400 476 1517 533 patri
1542 491 1633 520 suo.
1656 475 1693 503 23
1712 476 1963 520 Confestim
1995 476 2132 533 igitur
2157 484 2205 521 ut
2229 493 2326 534 per-

489 538 613 582 venit
634 538 691 581 ad
712 538 874 580 fratres
900 551 1020 592 suos,
1043 535 1323 579 nudaverunt
1344 550 1445 579 eum
1469 535 1623 578 tunica
1643 535 1775 578 talari
1805 541 1851 579 et
1874 536 2117 592 polymita3
2143 535 2180 563 24
2196 537 2328 580 mise-

488 603 677 652 runtque
703 611 803 640 eum
828 596 874 638 in
900 595 1138 638 cisternam
1163 600 1379 651 veterem,
1407 609 1504 651 quae
1531 609 1620 638 non
1641 595 1837 638 habebat
1859 609 2034 651 aquam.

220 666 386 694 venditur
548 655 584 683 25
603 657 661 698 Et
683 655 886 698 sedentes
904 659 953 698 ut
971 654 1253 698 comederent
1270 669 1446 711 panem,
1465 654 1673 697 viderunt
1695 654 1949 698 Ismaelitas
1967 655 2159 697 viatores
2177 655 2329 698 venire

185 710 424 759 lemaentsset
489 715 542 758 de
566 714 760 770 Galaad,
785 718 830 757 et
855 713 1047 756 camelos
1073 727 1245 769 eorum,
1272 719 1499 770 portantes
1524 718 1745 769 aromata,
1773 718 1818 756 et
1834 713 2050 769 resinam,
2074 718 2119 756 et
2140 719 2329 769 stacten,

208 754 395 788 Putmnan.
487 774 534 816 in
558 775 823 830 AEgyptum.
847 771 884 799 ²⁶
903 773 1029 816 Dixit
1062 787 1165 829 ergo
1200 773 1341 816 Judas
1373 772 1589 816 fratribus
1620 772 1740 816 suis:
1771 772 1883 823 Quid
1917 772 2046 815 nobis
2080 773 2261 829 prodest
2293 773 2331 815 si

488 832 779 876 occiderimus
803 832 992 876 fratrem
1013 837 1234 888 nostrum,
1261 836 1306 875 et
1328 832 1618 875 celaverimus
1641 832 1907 888 sanguinem
1925 832 2094 888 ipsius?
2113 830 2148 858 '2⁷
2169 831 2332 874 Melius

487 896 555 935 est
590 896 639 934 ut
668 891 947 935 venundetur
980 891 1244 946 Ismaelitis,
1281 895 1326 934 et
1357 905 1515 934 manus
1548 896 1710 935 nostrae
1744 906 1832 934 non
1865 891 2153 948 polluantur;
2189 891 2332 934 frater

489 951 607 994 enim
633 955 677 994 et
699 965 799 993 caro
822 955 972 993 nostra
993 955 1073 993 est.
1093 949 1428 1006 Acquieverunt
1451 951 1614 993 fratres
1641 950 1916 994 sermonibus
1934 950 2067 995 illius.
2087 949 2124 977 ²8
2139 951 2199 993 Et
2217 965 2330 1007 prae-

488 1010 763 1054 tereuntibus
787 1009 1047 1053 Madianitis
1073 1008 1446 1065 negotiatoribus,
1473 1010 1759 1053 extrahentes
1785 1024 1886 1052 eum
1910 1010 1963 1053 de
1987 1010 2200 1065 cisterna,
2224 1023 2330 1052 ven-

489 1069 697 1112 diderunt
714 1084 812 1112 eum
833 1068 1262 1124 Ismaelitis,viginti
1280 1068 1504 1124 argenteis
1522 1085 1530 1123 3
1548 1068 1623 1124 qui
1643 1069 1865 1111 duxerunt
1883 1083 1983 1112 eum
2001 1069 2047 1111 in
2062 1070 2328 1126 AEgyptum.

488 1127 525 1155 29
552 1130 855 1184 Reversusque
890 1127 1047 1170 Ruben
1077 1127 1133 1170 ad
1168 1127 1432 1182 cisternam,
1466 1141 1555 1170 non
1593 1127 1767 1170 invenit
1802 1142 2013 1184 puerum,
2048 1128 2085 1154 3⁰
2105 1133 2151 1171 et
2183 1127 2332 1171 scissis

487 1187 686 1231 vestibus
720 1201 907 1244 pergens
941 1187 997 1229 ad
1031 1187 1194 1230 fratres
1227 1200 1349 1242 suos,
1384 1186 1479 1230 ait:
1506 1188 1621 1230 Puer
1649 1200 1738 1229 non
1773 1191 2020 1243 comparet,
2056 1192 2101 1230 et
2133 1201 2216 1243 ego
2246 1201 2332 1242 quo

488 1246 595 1290 ibo?
621 1246 654 1272 3¹
675 1246 890 1289 Tulerunt
915 1250 1065 1288 autem
1090 1245 1291 1288 tunicam
1316 1245 1435 1302 ejus,
1455 1250 1499 1289 et
1521 1246 1567 1288 in
1593 1245 1810 1302 sanguine
1839 1245 1981 1301 haedi,
2005 1260 2136 1302 quem
2159 1245 2332 1289 occide-

487 1311 607 1360 rant,
635 1305 888 1359 tinxerunt3
913 1304 950 1331 3⁹²
967 1305 1197 1348 mittentes
1226 1303 1300 1360 qui
1333 1305 1505 1348 ferrent
1538 1305 1595 1348 ad
1628 1310 1814 1362 patrem,
1848 1310 1893 1348 et
1926 1305 2127 1349 dicerent
2153 1322 2162 1349 :
2198 1306 2332 1348 Hanc

488 1364 740 1407 invenimus
757 1381 765 1419 ;
786 1364 887 1407 vide
911 1369 1058 1407 utrum
1079 1364 1232 1407 tunica
1248 1363 1329 1407 filii
1351 1364 1417 1407 tui
1439 1364 1517 1419 sit,
1537 1379 1596 1407 an
1617 1379 1720 1408 non.
1739 1364 1777 1391 33
1796 1365 1937 1415 Quam
1956 1379 2057 1407 cum
2075 1364 2333 1421 agnovisset

487 1429 626 1480 pater,
653 1424 743 1468 ait:
771 1423 942 1466 Tunica
966 1423 1047 1465 filii
1076 1423 1164 1467 mei
1194 1428 1284 1478 est3
1312 1424 1411 1466 fera
1440 1424 1634 1480 pessima
1659 1423 1853 1467 comedit
1878 1438 2000 1480 eum,
2030 1424 2175 1467 bestia
2200 1424 2332 1467 devo-

487 1483 604 1525 ravit
630 1484 656 1526 5
663 1483 812 1539 oseph.
831 1482 868 1509 34
889 1482 1129 1538 Scissisque
1147 1483 1367 1538 vestibus,
1387 1483 1568 1526 indutus
1590 1488 1658 1526 est
1681 1482 1849 1539 cilicio,
1869 1483 2027 1540 lugens
2045 1483 2187 1526 filium
2204 1497 2332 1526 suum

488 1542 628 1585 multo
653 1547 864 1598 tempore.
883 1541 920 1568 3⁵
934 1542 1226 1598 Congregatis
1248 1547 1399 1585 autem
1421 1543 1593 1586 cunctis
1619 1542 1771 1586 liberis
1798 1542 1897 1598 ejus
1920 1547 1969 1585 ut
1993 1543 2186 1586 lenirent
2211 1542 2333 1585 dolo-

487 1614 581 1644 rem
605 1601 766 1657 patris,
789 1600 932 1644 noluit
957 1600 1306 1644 consolationem
1331 1601 1556 1658 accipere,
1584 1602 1661 1645 sed
1687 1601 1751 1644 ait
1773 1618 1781 1646 :
1810 1602 2092 1645 Descendam
2111 1602 2168 1645 ad
2189 1601 2331 1644 filium

488 1674 636 1703 meum
669 1660 826 1716 lugens
858 1660 904 1702 in
933 1660 1174 1703 infernum.
1206 1661 1266 1702 Et
1298 1660 1375 1704 illo
1411 1666 1723 1717 perseverante
1761 1661 1808 1704 in
1844 1661 1973 1714 fletu,
2009 1661 2046 1688 33
2068 1660 2332 1704 Madianitae

488 1719 785 1820 vendiderunt
806 1720 834 1762 5
839 1719 975 1775 oseph
1000 1719 1046 1761 in
1071 1721 1273 1776 AEgypto
1300 1719 1557 1776 Putiphari,
1584 1720 1787 1763 eunucho
1814 1720 2083 1776 Pharaonis,
2116 1719 2333 1776 magistro

489 1792 550 1820 mi
571 1792 585 1820 1
609 1792 695 1820 um.

1084 1866 1108 1923 ξ
1144 1867 1206 1909 Π.
1232 1892 1293 1898 ——
1322 1866 1457 1909 Judoe
1483 1867 1733 1923 posteritas.

200 2008 411 2037 Filiisudae:
550 1995 657 2038 CAP.
691 1995 959 2038 XXXVIII.
988 2021 1048 2028 ——
1082 1995 1093 2021 ¹
1122 1995 1293 2038 Eodem
1327 2000 1525 2052 tempore
1559 1994 1834 2038 descendens
1876 1994 2018 2038 5111138
2057 2009 2084 2037 3
2115 1994 2334 2038 fratribus

187 2054 219 2080 1⁰
250 2060 290 2080 ex
320 2059 426 2109 uxore
491 2053 601 2108 suis,
626 2053 808 2096 divertit
830 2054 890 2097 ad
907 2054 1048 2097 virum
1078 2053 1416 2110 Odollamitem,
1443 2054 1622 2097 nomine
1650 2053 1824 2099 Hiram.
1844 2052 2171 2110 21711111111161111
2193 2053 2333 2096 filiam

203 2097 406 2130 ‘massaum’
490 2112 683 2155 hominis
709 2113 962 2169 chananaei,
981 2113 1199 2156 vocabulo
1223 2114 1327 2170 Sue,
1347 2118 1391 2156 61
1417 2118 1603 2170 accepta
1625 2127 1782 2168 uxore,
1802 2112 2027 2169 ingressus
2047 2118 2114 2156 est
2139 2113 2195 2156 ad
2218 2127 2334 2156 eam.

491 2171 509 2197 3
526 2172 631 2223 Quae
658 2172 882 2229 concepit,
909 2178 954 2215 et
978 2172 1150 2229 peperit
1173 2173 1335 2229 filium,
1363 2177 1408 2216 et
1432 2172 1611 2216 vocavit
1636 2187 1796 2215 nomen
1822 2172 1920 2228 ejus
1948 2173 2056 2215 Her.
2083 2171 2101 2198 4
2125 2173 2336 2215 Rursum-

492 2245 574 2286 que
605 2236 819 2288 concepto
844 2231 963 2287 fetu,
990 2236 1146 2274 natum
1167 2231 1309 2274 filium
1330 2231 1510 2275 vocavit
1538 2232 1680 2275 Onan.
1700 2231 1717 2258 ⁵
1735 2231 1936 2274 Tertium
1955 2245 2127 2287 quoque
2146 2231 2334 2288 peperit,

492 2304 623 2344 quem
655 2290 902 2347 appellavit
936 2291 1065 2346 Sela3
1101 2305 1186 2346 quo
1222 2296 1350 2346 nato,
1386 2305 1541 2347 parere
1578 2290 1694 2334 ultra
1732 2291 1936 2336 cessavit.
1973 2291 1990 2317 3
2014 2290 2149 2334 Dedit
2182 2295 2332 2333 autem

493 2348 634 2391 5111138
660 2364 841 2393 uxorem
863 2349 1161 2406 primogenito
1186 2364 1264 2393 suo
1290 2351 1397 2406 Her,
1430 2350 1610 2393 nomine
1636 2350 1845 2394 Thamar.
1869 2349 1884 2377 7
1905 2349 2011 2393 Fuit
2033 2364 2204 2405 quoque
2239 2350 2337 2392 Her

491 2407 814 2464 primogenitus
839 2409 992 2465 5111136,
1019 2424 1208 2465 nequam
1236 2409 1281 2451 in
1313 2414 1552 2466 conspectu
1579 2408 1785 2464 Domini3
1813 2414 1858 2453 et
1886 2409 1944 2452 ab
1971 2423 2022 2452 eo
2055 2408 2225 2452 occisus
2251 2413 2333 2452 est.

492 2466 509 2493 3
529 2466 655 2510 Dixit
680 2482 784 2523 ergo
814 2469 956 2511 5111138
990 2469 1046 2511 311
1081 2469 1209 2513 011311
1239 2468 1380 2511 filium
1410 2483 1538 2512 suum
1568 2485 1576 2512 :
1607 2469 1847 2525 Ingredere
1879 2468 1937 2512 ad
1962 2482 2145 2511 uxorem
2178 2467 2335 2510 fratris

492 2526 578 2581 tui,
605 2531 650 2570 et
671 2527 838 2570 sociare
856 2527 943 2583 illi,
971 2532 1020 2570 ut
1041 2528 1225 2571 suscites
1251 2542 1402 2571 semen
1427 2527 1558 2570 fratri
1583 2533 1672 2571 tuo.
1692 2527 1709 2553 9
1727 2527 1812 2571 Ille
1835 2527 1979 2570 sciens
1999 2541 2086 2570 non
2105 2526 2190 2570 sibi
2209 2527 2333 2570 nasci

492 2585 627 2641 filios,
663 2585 877 2629 introiens
913 2586 970 2630 ad
1006 2601 1189 2630 uxorem
1224 2587 1378 2630 fratris
1415 2587 1503 2643 sui,
1541 2601 1694 2630 semen
1723 2587 1946 2630 fundebat
1979 2585 2025 2628 111
2057 2591 2242 2642 terram,
2277 2600 2333 2629 ne

492 2645 622 2688 liberi
651 2645 804 2688 fratris
834 2645 1012 2689 nomine
1043 2650 1341 2690 nascerentur.
1371 2645 1407 2672 ¹⁰
1425 2646 1484 2688 Et
1514 2646 1679 2689 idcirco
1713 2645 1930 2703 percussit
1964 2660 2065 2689 eum
2090 2645 2333 2701 Dominus,

494 2704 609 2760 quod
631 2719 724 2746 rem
751 2704 1061 2748 detestabilem
1084 2706 1270 2749 faceret.
1291 2705 1324 2731 ¹¹
1353 2705 1645 2756 Quamobrem
1676 2704 1790 2748 dixit
1815 2705 1956 2748 5111138
1982 2705 2179 2747 Thamar
2204 2705 2333 2747 nurui

494 2777 616 2806 suae:
651 2764 759 2807 Esto
791 2763 926 2807 vidua
958 2764 1004 2806 in
1038 2764 1168 2807 domo
1192 2765 1332 2821 patris
1368 2764 1458 2819 tui,
1499 2764 1642 2808 donec
1675 2769 1844 2807 crescat
1882 2764 1982 2808 Sela
2020 2764 2137 2807 filius
2175 2778 2335 2818 1116118;

494 2822 683 2865 timebat
709 2822 827 2865 enim
849 2837 904 2866 116
929 2828 974 2866 61
998 2823 1091 2879 ipse
1117 2829 1371 2879 moreretur,
1396 2823 1510 2867 sicut
1535 2824 1699 2867 fratres
1722 2823 1832 2880 ejus.
1852 2823 1958 2874 Quae
1984 2823 2117 2879 abiit,
2141 2828 2186 2866 et
2207 2822 2333 2865 habi·

494 2881 610 2924 tavit
634 2881 680 2923 in
706 2881 835 2925 domo
860 2882 999 2939 patris
1024 2882 1104 2925 sui.

209 2957 242 2981 20
269 2954 309 2981 de
333 2954 412 2982 Tha-
556 2939 591 2966 ¹2
609 2940 812 2984 Evolutis
837 2946 985 2984 autem
1015 2941 1167 2985 inultis
1192 2941 1369 2998 diebus,
1397 2947 1570 2985 mortua
1593 2947 1660 2985 est
1693 2941 1785 2985 filia
1811 2942 1894 2986 Sue
1926 2956 2036 2985 uxor
2061 2941 2222 2997 Judae3
2259 2941 2332 2997 qui

272 3004 350 3025 ΠΜ·
496 3004 595 3056 post
619 2999 787 3042 luctum
807 3000 1107 3044 consolatione
1129 3006 1356 3057 suscepta,
1384 3001 1655 3044 ascendebat
1677 3001 1733 3044 ad
1755 3006 1954 3044 tonsores
1975 3000 2124 3044 ovium
2141 3014 2334 3056 suarum,

496 3058 589 3115 ipse
612 3064 657 3102 et
683 3058 817 3102 Hiras
842 3059 977 3116 opilio
1003 3059 1150 3116 gregis
1173 3060 1485 3115 Odollamites,
1514 3059 1559 3102 in
1577 3060 1818 3103 Thamnas.
1839 3059 1875 3086 ¹3
1893 3060 2248 3115 Nuntiatumque
2267 3064 2333 3103 est

497 3118 705 3173 Thamar,
740 3118 855 3174 quod
889 3133 1013 3162 socer
1045 3119 1165 3162 illius
1198 3119 1458 3162 ascenderet
1492 3118 1537 3161 in
1563 3119 1790 3162 Thamnas
1825 3119 1880 3161 ad
1918 3119 2168 3162 tondendas
2199 3132 2334 3173 oves,

498 3176 534 3203 ¹4
559 3191 680 3233 quae,
720 3177 933 3233 depositis
973 3178 1204 3221 viduitatis
1244 3178 1462 3233 vestibus,
1502 3178 1743 3235 assumpsit
1775 3178 2053 3233 theristrum,
2088 3182 2133 3221 et
2161 3181 2336 3219 mutato

498 3235 675 3291 habitu,
702 3236 817 3279 sedit
841 3236 886 3278 in
912 3237 1033 3280 bivio
1059 3237 1251 3292 itineris,
1278 3236 1394 3293 quod
1426 3237 1548 3280 ducit
1573 3237 1855 3291 Thamnam3
1889 3251 1940 3279 eo
1973 3236 2089 3292 quod
2123 3235 2334 3279 crevisset

502 3294 620 3351 Sela,
643 3300 688 3338 et
712 3310 799 3338 non
826 3310 926 3338 eum
951 3297 1195 3353 accepisset
1221 3296 1443 3340 maritum.
1468 3296 1503 3322 ¹5
1522 3297 1663 3347 Quam
1685 3310 1785 3339 cum
1805 3295 1989 3338 vidisset
2010 3294 2172 3349 5111138,
2192 3294 2334 3350 suspi-
2370 3326 2384 3348 ,

500 3359 624 3397 catus
657 3359 724 3398 est
756 3369 850 3398 6886
883 3356 1193 3411 meretricem3
1225 3360 1456 3411 operuerat
1489 3355 1608 3399 enim
1641 3355 1815 3397 vultum
1845 3369 1993 3409 suum,
2032 3367 2087 3396 ne
2120 3367 2337 3409 agnosce—

499 3418 630 3456 retur.
658 3413 694 3440 16
713 3413 1060 3469 Ingrediensque
1083 3415 1138 3458 ad
1162 3429 1280 3464 eam,
1297 3414 1387 3457 ait:
1414 3414 1603 3458 Dimitte
1626 3428 1695 3457 me
1718 3418 1766 3456 ut
1788 3427 1941 3456 coeam
1962 3418 2137 3466 tecum;
2163 3412 2334 3455 nescie-

500 3470 579 3513 bat
607 3472 726 3515 enim
758 3473 874 3529 quod
909 3487 1042 3516 nurus
1072 3488 1150 3516 sua
1183 3478 1312 3516 esset.
1345 3473 1439 3524 Qua
1472 3473 1767 3529 respondente
1797 3488 1806 3515 2
1836 3471 1949 3523 Quid
1982 3469 2109 3514 dabis
2142 3470 2252 3512 mihi
2285 3475 2335 3513 ut

502 3634 534 3667 2]
553 3634 566 3661 Ι
583 3633 654 3662 Ρ31·.
674 3634 727 3670 11,
743 3637 769 3662 3.
787 3649 823 3654 —-
839 3636 869 3668 4]
888 3635 984 3663 Num.
1007 3635 1119 3663 XXVI
1133 3655 1140 3669 ,
1161 3636 1203 3662 19.
1223 3649 1258 3654 -
1277 3635 1304 3668 7]
1324 3635 1419 3662 Num.
1434 3634 1565 3668 XXVI,
1586 3637 1627 3662 19.
