2456 3861
223 650 510 725 LIBER
572 649 937 725 PRIMUS
1002 647 1820 725 PARALIPOMENON

529 820 897 863 HEBRAICE
938 820 1158 862 DIBRE
1200 819 1525 862 HAIAMIM

967 1004 1091 1027 oeaess

747 1191 969 1246 PARS
1030 1190 1306 1246 PRIOR

833 1331 1222 1371 GENEALOGLE

585 1471 606 1523 ξ
632 1469 668 1511 I.
688 1493 744 1499 —-
768 1467 1076 1512 Generationes
1092 1467 1472 1523 patriarcharum.

351 1623 360 1633 ‹
430 1614 563 1655 ΒΑΜ,
606 1601 731 1656 Seth,
773 1601 912 1655 Enos,
946 1599 1180 1654 mainan,
1222 1599 1454 1654 Malaleel,
1494 1597 1653 1654 sared,
1693 1599 1939 1655 3Henoch‚

450 1660 723 1715 Mathusale,
749 1659 965 1714 Lamech,
992 1658 1009 1684 4
1027 1659 1142 1713 Noe,
1168 1659 1287 1713 Sem,
1315 1658 1474 1713 Cham,
1503 1663 1546 1701 61
1571 1657 1781 1714 Japheth.

380 1765 385 1775 ,Ἰ
509 1719 527 1746 5
544 1719 649 1762 Filii
676 1719 873 1776 Japheth
895 1736 902 1762 :
933 1719 1116 1772 Gomer,
1148 1722 1190 1760 61
1219 1718 1406 1774 Magog,
1430 1722 1472 1760 61
1505 1716 1677 1771 Mada-i,
1705 1722 1747 1760 61
1773 1717 1940 1771 Jamn,

369 1773 371 1779 ⁴
396 1810 397 1813 ,
450 1778 646 1833 Thubal,
677 1778 880 1833 Mosoch,
910 1777 1082 1820 Thiras.
1109 1777 1126 1803 6
1145 1777 1278 1819 Porro
1307 1776 1387 1819 filii
1421 1777 1616 1821 Gomer:
1651 1777 1869 1829 Ascenez,
1901 1782 1942 1819 et

187 1865 194 1868 -
236 1864 245 1867 >
315 1868 320 1871 »
375 1847 381 1855 ⁴
451 1838 659 1894 Riphath,
681 1843 724 1881 61
741 1837 1004 1893 Thogorma.
1027 1836 1042 1863 7
1061 1836 1166 1879 Filii
1185 1841 1335 1879 autem
1353 1836 1380 1878 J
1384 1850 1501 1878 avan
1519 1853 1528 1879 :
1547 1835 1669 1878 Elisa
1688 1840 1730 1878 61
1748 1835 1940 1891 Tharsis,

108 1896 284 1940 Cethim
306 1902 349 1940 61
375 1897 612 1941 Dodanim.

166 1955 184 1982 ⁸
205 1955 311 1998 Filii
341 1956 510 2000 Cham:
541 1957 679 2012 Chus,
710 1961 753 2000 61
786 1956 1015 2011 Mesraim,
1047 1961 1089 1999 61
1120 1956 1256 2011 Phut,
1288 1960 1331 1999 61
1365 1955 1590 1999 Chanaan.
1618 1954 1635 1981 9
1656 1955 1761 1998 Filii
1794 1959 1943 1998 autem

108 2014 255 2058 Ghus:
288 2015 424 2071 Saba,
455 2022 498 2059 61
529 2016 716 2071 Hevila,
751 2015 966 2071 Sabatha,
995 2020 1037 2058 61
1073 2016 1262 2071 Regma,
1294 2020 1337 2057 61
1370 2014 1665 2058 Sabathacha.
1696 2015 1829 2057 Porro
1863 2013 1942 2056 filii

110 2076 311 2130 Regma:
341 2074 456 2118 Saba
482 2081 525 2118 61
555 2075 728 2118 Dadan,
753 2074 789 2101 ¹⁰
813 2075 932 2118 Chus
960 2080 1111 2117 autem
1140 2074 1294 2130 genuit
1322 2073 1542 2127 Nemrod3
1572 2073 1656 2117 iste
1685 2073 1822 2130 coepit
1850 2086 1943 2116 esse

108 2138 264 2190 potens
292 2132 339 2175 in
367 2138 496 2177 terra.
521 2133 554 2160 11
574 2134 783 2177 Mesraim
809 2148 913 2177 vero
941 2133 1096 2189 genuit
1129 2133 1312 2189 Ludim,
1337 2138 1381 2176 61
1405 2132 1637 2189 Anamim,
1661 2138 1704 2176 61
1734 2131 1941 2186 Laabim,

109 2197 152 2234 et
177 2191 530 2248 Nephthuim,12
555 2193 807 2236 Phetrusim
837 2207 1008 2248 quoque
1042 2197 1084 2236 61
1117 2192 1340 2246 Casluim3
1373 2192 1426 2236 de
1456 2191 1614 2248 quibus
1648 2191 1811 2248 egressi
1841 2196 1943 2234 sunt

111 2250 404 2307 Philisthiim,
436 2258 479 2296 61
511 2251 784 2309 Caphtorim.
820 2251 857 2278 13
889 2252 1101 2295 Chanaan
1134 2266 1236 2295 vero
1274 2251 1428 2307 genuit
1465 2251 1693 2307 Sidonem,
1725 2250 1942 2308 primoge-

108 2309 254 2352 nitum
278 2325 426 2365 suum,
455 2312 698 2355 Hethaeum
721 2325 912 2367 quoque,
934 2310 969 2337 ¹4
983 2316 1026 2354 61
1045 2312 1072 2354 J
1077 2311 1323 2366 ebusaeum,
1350 2316 1394 2354 61
1415 2311 1746 2366 Amorrhaeum,
1770 2314 1813 2353 61
1835 2310 1942 2353 Ger-

109 2383 326 2426 gesaeum,
354 2369 389 2396 ¹⁵
409 2371 736 2427 Hevaeumque,
767 2375 811 2413 61
839 2371 1100 2425 Aracaeum,
1133 2375 1176 2413 61
1206 2370 1422 2426 Sinaeum,
1451 2369 1486 2396 16
1503 2369 1722 2412 Aradium
1751 2382 1940 2425 quoque,

109 2433 152 2472 et
178 2429 471 2486 Samaraeum,
495 2435 539 2473 61
565 2429 898 2473 Hamathaeum.

170 2487 203 2514 ¹7
223 2488 328 2531 Filii
355 2489 479 2534 Sem:
502 2489 677 2545 AElam,
701 2494 744 2532 61
766 2490 917 2544 Assur,
938 2495 981 2532 61
1004 2490 1267 2546 Arphaxad,
1294 2495 1336 2533 61
1363 2489 1482 2543 Lud,
1505 2494 1548 2532 61
1570 2489 1731 2542 Aram,
1757 2493 1800 2531 61
1823 2488 1941 2542 Hus,

109 2554 153 2592 et
186 2547 301 2604 Hul,
335 2553 378 2592 61
408 2548 586 2605 Gether,
622 2554 665 2592 61
698 2548 893 2593 Mosoch.
932 2547 1227 2605 18Arphaxad
1263 2554 1414 2591 autem
1449 2548 1603 2603 genuit
1637 2548 1758 2602 Sale,
1793 2547 1866 2603 qui
1901 2553 1944 2590 et

109 2607 202 2664 ipse
227 2607 382 2663 genuit
405 2608 569 2652 Heber.
598 2608 634 2634 ¹⁰
652 2609 786 2652 Porro
809 2607 961 2651 Heber
986 2608 1079 2650 nati
1105 2612 1208 2650 sunt
1231 2607 1316 2650 duo
1338 2607 1417 2650 filii
1441 2624 1449 2650 :
1474 2621 1634 2650 nomen
1659 2606 1735 2649 uni
1760 2606 1941 2662 Phaleg,

110 2666 211 2722 quia
247 2666 294 2709 in
331 2666 487 2710 diebus
524 2668 621 2724 ejus
662 2667 805 2711 divisa
846 2673 912 2710 est
951 2673 1094 2721 terra;
1135 2672 1177 2710 61
1217 2680 1378 2710 nomen
1418 2666 1570 2709 fratris
1611 2665 1728 2721 ejus,
1767 2666 1941 2708 Jectan.

109 2724 146 2751 ²⁰
163 2726 326 2769 Jectan
347 2731 497 2770 autem
518 2727 673 2783 genuit
695 2726 935 2782 Elmodad,
960 2732 1002 2770 et
1024 2726 1207 2783 Saleph,
1227 2731 1270 2769 et
1291 2725 1544 2781 Asarmoth,
1567 2730 1610 2768 et
1632 2726 1750 2780 Jare,
1773 2723 1948 2767 21Ado-

108 2799 204 2826 ram
232 2799 424 2842 quoque,
452 2791 495 2830 et
529 2785 698 2841 Huzal,
729 2791 772 2830 61
799 2786 957 2841 Decla,
980 2784 1018 2810 Ἠ
1044 2785 1192 2828 Hebal
1222 2785 1378 2835 etiam,
1406 2790 1449 2828 61
1474 2783 1702 2840 Abimael,
1734 2788 1777 2826 61
1807 2783 1941 2838 Saba,

109 2857 281 2887 necnon
306 2843 344 2871 23
360 2850 403 2888 61
422 2845 572 2903 Ophir,
599 2851 643 2889 et
666 2845 851 2898 Hevila,
879 2850 921 2888 61
947 2845 976 2887 J
979 2844 1117 2897 obab;
1146 2858 1298 2888 omnes
1318 2843 1392 2887 isti
1413 2843 1494 2886 filii
1516 2844 1691 2887 Jectan.

168 2902 204 2929 '24
230 2904 353 2959 Sem,
376 2904 640 2962 Arphaxad‚
672 2905 791 2960 Sale,
823 2903 859 2931 25
882 2903 1044 2959 Heber,
1077 2903 1266 2959 Phaleg,
1295 2904 1472 2959 Ragau,
1503 2901 1540 2929 ²6
1562 2903 1719 2958 Sel-ug,
1751 2901 1941 2957 Nachor,

109 2962 274 3018 Thare,
294 2962 329 2989 ²⁷
347 2963 536 3020 Abram,
563 2964 646 3008 iste
668 2970 735 3008 est
760 2963 1002 3007 Abraham.

168 3020 205 3048 '²3
237 3021 343 3065 Filii
383 3028 534 3067 autem
569 3023 827 3066 Abraham:
865 3023 994 3066 Isaac
1035 3028 1078 3066 61
1117 3023 1327 3067 Ismahel.
1364 3022 1401 3049 ²⁹
1434 3024 1492 3066 Et
1530 3022 1601 3065 hae
1638 3022 1942 3078 generationes

109 3095 274 3124 eorum.
318 3081 648 3138 Primogenitus
693 3081 950 3136 IsmaheliS,
995 3082 1242 3137 Nabaioth,
1284 3088 1326 3125 61
1374 3081 1535 3136 Cedar,
1577 3087 1620 3125 61
1662 3080 1859 3136 Adbeel,
1901 3085 1943 3123 et

111 3140 332 3197 Mabmm,
363 3140 400 3167 3⁰
424 3146 468 3185 61
503 3142 697 3198 Masma,
735 3147 778 3185 61
813 3143 979 3196 Duma,
1013 3141 1182 3197 Massa,
1222 3141 1406 3198 Hadad,
1440 3147 1483 3185 61
1514 3141 1705 3195 Thema,
1736 3139 1769 3166 3¹
1793 3140 1940 3193 Jetur,

111 3198 304 3256 Naphis,
326 3199 493 3244 Cedma
511 3218 521 3255 3
545 3201 590 3244 hi
612 3207 715 3244 sunt
739 3201 819 3243 filii
841 3200 1091 3244 Ismahelis.
1110 3199 1147 3228 3²
1161 3200 1266 3244 Filii
1288 3206 1438 3244 autem
1460 3201 1655 3255 Ceturae,
1683 3197 1941 3242 concubinae

110 3258 360 3315 Abraham,
396 3274 502 3315 quos
535 3261 690 3316 genuit
720 3278 728 3304 :
761 3261 970 3316 Zamran,
1005 3261 1189 3315 Jecsan,
1221 3260 1411 3315 Madau,
1443 3259 1647 3314 Madian,
1682 3256 1865 3311 Jesboo,
1899 3261 1942 3299 61

111 3317 209 3360 Sue.
237 3318 369 3362 Porro
394 3318 474 3361 filii
500 3320 528 3362 J
533 3334 664 3362 ecsan
686 3336 694 3363 :
720 3319 836 3363 Saba
859 3324 901 3363 61
924 3318 1097 3363 Dadan.
1124 3319 1230 3362 Filii
1255 3324 1405 3362 autem
1433 3318 1592 3362 Dadan
1614 3334 1622 3361 ε
1648 3315 1872 3371 Assurim,
1899 3320 1942 3357 61

112 3372 356 3433 Latussim,
380 3383 423 3421 61
450 3378 667 3422 Laomim.
686 3378 724 3405 33
737 3378 842 3421 Filii
863 3383 1014 3422 autem
1033 3378 1216 3421 Madian
1235 3395 1243 3422 :
1263 3378 1410 3434 Epha,
1431 3383 1474 3420 61
1492 3377 1652 3433 Epher,
1676 3380 1719 3418 61
1738 3373 1940 3426 Η6110611,

114 3548 143 3581 l]
161 3548 238 3577 Gen,
258 3550 304 3584 11⁷
320 3550 337 3578 7
357 3552 392 3578 et
411 3552 467 3586 IV,
485 3554 518 3580 25
533 3555 567 3580 et
583 3553 623 3586 v,
637 3555 693 3580 6-9.
711 3566 748 3571 -
773 3552 819 3585 10]
838 3552 916 3580 Gen.
936 3551 984 3586 X,
1000 3553 1026 3579 8.
1045 3565 1080 3570 —
1098 3550 1144 3583 17]
1162 3551 1239 3579 Gen.
1260 3551 1307 3585 X,
1326 3553 1360 3577 22
1377 3552 1411 3577 et
1431 3549 1495 3583 XI,
1518 3550 1559 3575 10.
1585 3561 1621 3566 -
1642 3547 1690 3580 27]
1709 3547 1788 3574 Gen.
1808 3546 1876 3580 XI,
1895 3548 1940 3573 26.

117 3605 150 3611 -
166 3592 214 3625 29]
232 3593 310 3620 Gen.
323 3593 431 3630 XXV,
448 3598 492 3624 13.
510 3611 545 3615 —
561 3597 610 3630 33]
628 3597 707 3625 Gen.
727 3597 831 3629 XXV,
850 3598 874 3624 4.

2027 1611 2076 1637 Ab
2102 1608 2227 1636 Adamo

2057 1654 2098 1681 ad
2119 1653 2197 1681 Noe.

2007 1725 2247 1755 Generationes

2054 1770 2199 1798 filiorum

2080 1815 2148 1843 Noc
2167 1822 2173 1841 :

2043 1858 2188 1891 Japheth
2203 1879 2210 1892 ,

2067 1967 2164 1994 Cham
2176 1987 2184 2000 ,

2042 2903 2066 2930 Α
2086 2902 2161 2930 Sem
2177 2900 2218 2929 ad

2042 2946 2218 2974 Abraham.

2090 3022 2167 3051 Filii

2053 3067 2203 3095 Abrahae.
