2456 3861
749 143 874 186 Nun.
909 143 996 197 VI,
1029 144 1055 187 5
1090 171 1146 177 —
1179 145 1291 199 VII,
1325 146 1363 188 6.
1883 149 1965 192 127

147 312 308 355 ⁵Omni
332 316 527 368 tempore
554 312 842 369 separationis
871 328 963 356 suae
993 314 1210 357 novacula
1236 330 1322 358 non
1350 315 1555 358 transibit
1581 331 1656 373 per
1685 323 1817 373 caput
1847 319 1962 374 ejus,

145 385 277 426 usque
306 370 362 412 ad
396 371 666 427 completum
699 371 816 414 diem
850 386 934 427 quo
969 373 1159 416 Domino
1191 379 1483 417 consecratur.
1517 375 1704 418 Sanctus
1738 376 1839 431 erit,
1875 392 1963 422 cre-

143 435 288 472 scente
322 429 502 472 caesarie
541 430 698 486 capitis
736 430 845 486 ejus.
880 431 897 457 ὓ
923 432 1052 475 Omni
1095 437 1290 489 tempore
1321 433 1663 476 consecrationis
1703 449 1794 477 suae
1836 426 1961 493 si'iper

144 493 362 531 mortuum
397 501 482 530 non
513 488 803 543 ingredietur,
831 489 945 533 71100
970 505 1100 547 super
1124 492 1260 547 patris
1287 491 1464 547 quidem
1490 497 1534 536 et
1560 493 1711 536 matris
1742 499 1784 537 et
1813 495 1958 539 fratris

140 546 381 602 sororisque
415 547 571 590 funere
605 547 998 604 contaminabitur,
1033 549 1136 604 quia
1166 550 1437 593 consecratio
1472 551 1552 595 Dei
1583 552 1650 594 sui
1677 566 1806 609 super
1831 561 1958 610 caput

140 605 234 660 ejus
268 613 346 648 est.
377 607 392 629 ⁸
413 605 629 649 Omnibus
660 605 815 648 diebus
841 607 1131 662 sel.›arationis
1164 623 1256 651 suae
1290 615 1469 652 sanctus
1500 611 1581 654 erit
1616 611 1819 655 Domino.
1848 613 1864 638 '³
1888 613 1960 657 Sin

137 670 286 707 autem
313 669 509 706 mortuus
536 664 671 707 fuerit
704 664 850 706 subito
884 665 1104 721 quispiam
1131 680 1278 709 coram
1305 681 1375 723 eo,
1408 669 1626 725 polluetur
1654 676 1788 727 caput
1813 686 1957 715 conse·

138 723 345 765 elationis
368 723 489 777 ejus;
518 722 633 777 quod
659 722 784 765 radet
809 722 930 765 illico
951 723 995 765 in
1024 724 1179 767 eadem
1205 725 1275 768 die
1302 728 1575 781 purgationis
1598 743 1709 785 suae,
1730 736 1772 772 et
1791 745 1962 774 rursum

137 782 338 838 septima.
373 781 406 807 ¹⁰
432 782 485 823 In
518 786 675 823 octava
709 786 859 824 autem
894 781 965 824 die
999 782 1155 826 offeret
1192 783 1300 826 duos
1330 789 1540 841 turtures,
1575 787 1645 829 vel
1679 788 1786 831 duos
1820 790 1962 846 pullos

137 841 353 883 columbae
387 840 604 882 sacerdoti
634 839 680 881 in
711 839 894 882 introitu
928 840 1110 883 foederis
1140 842 1408 897 testimonii;
1447 843 1477 869 ¹¹
1506 845 1730 901 facietque
1759 849 1961 893 sacerdos

138 913 272 941 unum
297 913 374 956 pro
404 903 606 955 peccato,
635 903 677 941 et
704 898 893 941 alterum
923 899 969 941 in
995 899 1323 956 holocaustum,
1361 907 1403 944 et
1437 902 1745 958 deprecabitur
1777 921 1852 962 pro
1887 922 1960 963 00,

138 958 236 1013 quia
264 958 468 1015 peccavit
492 972 621 1014 super
646 962 841 1011 mortuo;
872 958 1257 1015 sanctificabitque
1281 965 1414 1017 caput
1440 961 1535 1016 ejus
1561 962 1606 1003 in
1637 963 1707 1006 die
1732 964 1833 1013 1110;
1867 965 1898 991 ¹2
1919 974 1962 1009 et

135 1017 408 1060 consecrabit
442 1016 633 1059 Domino
663 1016 755 1059 dies
791 1017 1081 1074 separationis
1110 1018 1251 1074 illius,
1285 1019 1474 1062 offerens
1506 1034 1673 1076 agnum
1703 1023 1962 1067 anniculum

134 1090 209 1132 pro
241 1081 447 1133 peccato3
483 1075 546 1117 ita
579 1081 727 1119 tamen
762 1081 811 1118 ut
845 1076 937 1120 dies
973 1077 1136 1133 priores
1169 1077 1281 1120 irriti
1309 1078 1437 1134 fiant,
1468 1079 1677 1134 quoniam
1703 1081 1871 1138 polluta
1898 1090 1962 1126 est

133 1135 425 1178 sanctificatio
458 1135 568 1190 ejus.
599 1135 632 1161 ¹3
653 1136 747 1178 Ista
777 1140 842 1178 est
878 1135 948 1179 lex
976 1136 1330 1180 consecrationis.
1358 1137 1471 1181 Cum
1501 1137 1618 1194 dies,
1646 1153 1751 1195 quos
1778 1155 1831 1184 ex
1862 1149 1962 1185 voto

133 1194 406 1248 decreverat,
435 1194 793 1251 complebuntur,
824 1195 1015 1238 adducet
1042 1210 1143 1238 eum
1171 1196 1228 1238 ad
1258 1196 1420 1239 ostium
1453 1196 1727 1241 tabernaculi
1754 1199 1959 1256 foederis,

136 1252 168 1279 ¹⁴
186 1259 229 1295 et
255 1253 409 1296 offeret
437 1253 705 1296 oblationem
730 1254 825 1309 ejus
851 1254 1061 1311 Domino,
1084 1269 1253 1311 agnum
1273 1255 1533 1298 anniculum
1556 1256 1895 1301 immaculatum
1916 1260 1962 1302 in

133 1312 458 1367 holocaustum,
483 1317 526 1355 et
556 1326 684 1355 ovem
711 1313 968 1356 anniculam
997 1313 1335 1357 immaculatam
1360 1329 1437 1371 pro
1471 1320 1672 1372 peccate,
1704 1322 1746 1360 et
1778 1319 1961 1361 arietem

132 1371 488 1426 immaculatum,
513 1372 705 1414 hostiam
730 1372 987 1428 pacificam3
1010 1373 1045 1399 15
1065 1373 1307 1415 canistrum
1330 1388 1501 1430 quoque
1518 1389 1683 1431 panum
1705 1391 1962 1432 azymorum

132 1430 203 1485 qui
224 1430 444 1487 conspersi
466 1430 556 1472 sint
579 1431 694 1485 0100,
717 1436 759 1474 et
778 1431 940 1486 lagana
958 1432 1125 1487 absque
1143 1432 1365 1475 fermento
1386 1438 1520 1476 uncta
1543 1434 1657 1489 oleo,
1676 1449 1728 1478 ac
1747 1435 1960 1479 libamina

131 1489 430 1544 singulorum3
466 1489 498 1515 ¹⁶
522 1504 620 1544 quae
656 1489 813 1532 offeret
848 1490 1050 1533 sacerdos
1087 1505 1235 1533 coram
1265 1491 1481 1547 Domin03
1517 1497 1560 1535 et
1592 1493 1730 1537 faciet
1764 1500 1856 1537 tam
1885 1510 1961 1552 pro

131 1553 331 1604 peccato,
359 1562 492 1604 quam
516 1547 564 1590 in
590 1548 911 1591 holocaustum.
944 1548 977 1574 1⁷
997 1549 1196 1592 Arietem
1222 1564 1324 1593 vero
1353 1550 1604 1594 immolabit
1629 1552 1821 1596 hostiam
1843 1555 1961 1610 paci-

132 1607 259 1650 ficam
293 1607 484 1649 Domino
496 1642 505 1662 ,
541 1607 730 1650 offerens
764 1607 898 1650 simul
935 1608 1177 1651 canistrum
1210 1623 1492 1665 azymorum,
1521 1615 1564 1653 et
1593 1610 1835 1655 libamenta
1863 1627 1960 1668 quae

130 1680 182 1709 ex
218 1680 337 1709 more
375 1666 602 1709 debentur.
640 1666 674 1692 ¹8
696 1667 822 1709 Tunc
857 1667 1036 1710 radetur
1073 1682 1302 1710 nazaraeus
1342 1673 1445 1712 ante
1483 1669 1645 1711 ostium
1686 1671 1960 1715 tabernaculi

129 1725 307 1768 foederis
331 1725 512 1768 caesarie
536 1725 879 1769 consecrationis
902 1741 1020 1782 suae3
1042 1726 1255 1783 tolletque
1274 1728 1457 1784 capi‘llos
1477 1728 1593 1784 ejus,
1617 1734 1660 1772 et
1681 1735 1813 1786 ponet
1832 1745 1962 1787 super

129 1784 297 1840 ignem,
325 1784 399 1840 qui
433 1789 498 1827 est
530 1785 783 1842 suppositus
819 1785 1036 1828 sacrificio
1079 1786 1397 1843 pacificorum3
1438 1786 1474 1812 ¹9
1496 1792 1539 1830 et
1571 1802 1745 1831 armum
1786 1796 1961 1832 coctum

129 1843 296 1899 arietis,
331 1848 580 1900 tortamque
613 1844 779 1900 absque
815 1844 1037 1888 fermento
1063 1859 1199 1887 unam
1226 1845 1279 1889 de
1305 1846 1517 1903 canistro,
1547 1851 1590 1889 et
1622 1847 1834 1903 laganum
1859 1863 1960 1905 azy-

129 1917 248 1944 mum
274 1917 432 1959 unum,
460 1908 503 1945 et
536 1903 681 1946 tradet
708 1903 755 1945 in
792 1918 949 1947 manus
979 1904 1192 1960 nazaraei,
1220 1909 1454 1961 postquam
1479 1920 1628 1948 rasum
1657 1907 1794 1950 fuerit
1828 1914 1961 1964 caput

128 1961 246 2017 ejus3
267 1960 304 1988 2⁰
321 1967 613 2019 susceptaque
638 1977 812 2005 rursum
833 1963 890 2006 ab
912 1977 981 2019 00,
1003 1963 1196 2007 elevabit
1220 1964 1266 2006 in
1290 1969 1528 2021 conspectu
1548 1966 1727 2008 Domini
1745 1984 1753 2021 ;
1775 1972 1816 2009 et
1834 1982 1959 2010 sanc-

128 2020 562 2065 tificatasacerdotis
589 2026 716 2065 erunt
742 2022 857 2064 sicut
890 2023 1218 2079 pectusculum,
1243 2023 1359 2079 quod
1388 2025 1580 2080 separari
1606 2024 1779 2080 jussum
1805 2031 1890 2081 est,
1918 2033 1959 2069 et

127 2080 284 2122 femur.
312 2081 418 2123 Post
442 2081 540 2124 haec
565 2086 710 2138 potest
743 2081 894 2124 bibere
930 2096 1157 2125 nazaraeus
1183 2082 1352 2125 vinum.
1377 2082 1408 2108 2¹
1431 2083 1524 2126 Ista
1551 2088 1617 2127 est
1644 2084 1716 2127 lex
1745 2085 1956 2140 nazaraei,

127 2153 226 2182 cum
258 2140 429 2182 voverit
471 2139 741 2183 oblationem
790 2155 917 2183 suam
968 2141 1160 2184 Domino
1209 2146 1405 2199 tempore
1451 2143 1792 2187 consecrationis
1841 2158 1957 2199 suae,

127 2198 320 2255 exceptis
349 2199 418 2241 his
440 2213 540 2255 quae
560 2199 780 2242 invenerit
807 2214 964 2243 manus
993 2200 1102 2256 ejus.
1131 2201 1271 2243 Juxta
1297 2201 1412 2257 quod
1439 2207 1586 2245 mente
1612 2202 1869 2259 devoverat,
1897 2204 1958 2246 ita

126 2257 263 2301 faciet
287 2257 345 2301 ad
370 2259 692 2315 perfectionem
719 2258 1085 2302 sanctificationis
1110 2274 1216 2302 suae.

182 2315 221 2342 ᾗ
245 2318 528 2373 Locutusque
558 2322 624 2360 est
659 2318 876 2360 Dominus
901 2318 957 2361 ad
987 2319 1193 2375 Moysen,
1228 2319 1379 2363 dicens
1403 2337 1411 2364 :
1441 2319 1479 2346 23
1500 2321 1698 2376 Loquere
1731 2321 1882 2364 Aaron
1917 2328 1959 2365 et

125 2375 225 2419 filiis
252 2376 378 2433 ejus:
409 2377 481 2420 Sic
514 2376 787 2420 benedicetis
821 2377 923 2420 filiis
958 2377 1117 2434 Israel,
1153 2383 1196 2421 et
1225 2378 1382 2422 dicetis
1417 2379 1478 2422 eis
1503 2396 1512 2423 ε
1539 2378 1575 2405 24
1598 2380 1841 2424 Benedicat
1877 2381 1957 2423 tibi

127 2435 361 2491 Dominus,
397 2441 440 2478 et
478 2436 698 2479 custodiat
735 2440 791 2478 te.
833 2435 870 2462 ‘²5
892 2436 1108 2480 Ostendat
1146 2437 1363 2481 Dominus
1405 2438 1572 2481 faciem
1608 2453 1735 2482 suam
1771 2440 1878 2495 tibi,
1915 2445 1957 2482 et

126 2494 382 2537 misereatur
415 2495 494 2538 tui.
528 2494 565 2522 2⁶
590 2496 831 2540 Convertat
870 2496 1086 2539 Dominus
1120 2495 1296 2539 vultum
1331 2512 1461 2540 suum
1493 2497 1550 2540 ad
1587 2503 1655 2554 te,
1692 2503 1734 2541 et
1767 2499 1840 2541 det
1874 2498 1955 2540 tibi

125 2568 290 2610 pacem.
317 2553 352 2580 ⁴²7
373 2554 742 2610 Invocabuntque
774 2568 935 2597 nomen
969 2569 1118 2597 meum
1146 2569 1277 2612 super
1305 2556 1417 2599 filios
1452 2556 1615 2613 Israel,
1643 2562 1686 2600 et
1715 2571 1797 2614 ego
1824 2558 1955 2600 bene-

123 2612 269 2655 dicam
292 2613 367 2656 eis.

328 2739 502 2783 -SscT1o
535 2741 624 2784 III.
650 2767 708 2773 —
740 2742 919 2784 ULTIMI
953 2753 1163 2784 EVENTUS
1196 2753 1346 2784 JUXTA
1380 2754 1577 2785 MONTEM
1611 2743 1742 2786 S1NA1

127 2865 151 2923 ξ
175 2865 211 2908 Ι.
230 2892 288 2898 -
310 2865 558 2910 Oblationes
569 2867 710 2922 factae
735 2882 765 2910 a
780 2867 1061 2923 principibus
1084 2867 1276 2910 tribuum
1297 2868 1343 2911 in
1367 2868 1638 2913 dedicatione
1667 2870 1953 2915 tabernaculi.

181 2984 287 3028 CAP.
315 2985 422 3028 VH.
446 3012 506 3016 —
532 2985 542 3011 ¹
563 2985 754 3028 Factum
776 2990 842 3028 est
865 2991 1016 3029 autem
1043 2986 1090 3029 in
1120 2986 1191 3029 die
1217 3001 1302 3042 qua
1333 2987 1574 3044 complevit
1602 2988 1778 3044 Moyses
1811 2988 1952 3032 taber—

122 3043 352 3098 naculum,
388 3049 431 3086 et
464 3044 604 3087 erexit
635 3045 769 3100 illud,
804 3045 1019 3101 unxitque
1052 3050 1095 3089 et
1127 3045 1426 3089 sanctificavit
1459 3060 1561 3089 cum
1595 3046 1798 3090 omnibus
1836 3048 1951 3090 vasis

127 3102 231 3158 suis,
258 3102 397 3145 altare
419 3103 625 3146 similiter
647 3109 690 3147 et
720 3103 868 3146 omnia
892 3118 999 3147 vasa
1028 3105 1145 3160 ejus,
1174 3103 1192 3130 2
1209 3104 1464 3148 obtulerunt
1493 3105 1713 3163 principes
1740 3106 1879 3149 Israel
1910 3112 1951 3150 et

125 3161 270 3218 capita
294 3161 593 3218 familiarum,
621 3163 694 3218 qui
722 3168 846 3206 erant
871 3177 948 3220 per
971 3163 1171 3220 singulas
1197 3163 1358 3220 tribus,
1382 3164 1674 3221 praefectique
1697 3179 1846 3208 eorum
1877 3166 1949 3221 qui

126 3220 341 3263 numerati
366 3221 567 3276 fuerant,
590 3221 608 3248 3
625 3236 808 3266 munera
833 3235 982 3265 coram
1009 3222 1221 3278 Domino,
1247 3237 1325 3266 sex
1351 3223 1548 3280 plaustra
1570 3228 1686 3267 tecta
1713 3238 1813 3266 cum
1844 3223 1949 3266 duo-

125 3279 267 3322 decim
289 3279 443 3323 bobus.
472 3281 623 3324 Unum
648 3281 896 3338 plaustrum
925 3281 1122 3325 obtulere
1151 3281 1237 3324 duo
1263 3282 1416 3338 duces,
1444 3287 1488 3326 et
1516 3297 1655 3325 unum
1679 3282 1838 3325 bovem
1861 3282 1948 3324 sin-
1981 3302 1983 3305 ·

123 3338 236 3393 guli,
268 3338 608 3395 obtuleruntque
641 3355 691 3383 ea
723 3340 769 3383 in
803 3345 1041 3398 conspectu
1073 3340 1364 3384 tabernaculi.
1399 3340 1416 3367 4
1437 3341 1516 3384 Ait
1548 3346 1698 3384 autem
1732 3340 1947 3383 Dominus

124 3396 179 3439 ad
213 3397 396 3454 Moysen
423 3415 432 3442 z
458 3399 475 3424 5
501 3399 681 3456 Suscipe
717 3399 774 3442 ab
807 3399 869 3442 eis
906 3405 954 3442 ut
990 3399 1186 3443 serviant
1217 3399 1264 3442 in
1298 3400 1542 3443 ministerio
1576 3399 1870 3454 tabernaculi,
1906 3404 1950 3442 et

126 3455 269 3499 trades
295 3470 346 3499 ea
371 3456 518 3500 levitis
543 3457 671 3513 juxta
697 3457 895 3501 ordinem
928 3458 1161 3502 ministerii
1198 3458 1279 3501 sui.
1314 3459 1332 3485 ⁶
1358 3459 1516 3514 Itaque
1550 3472 1651 3501 cum
1685 3457 1948 3515 suscepisset

129 3626 161 3660 ὅ]
183 3628 259 3658 suu.
280 3631 472 3667 x111‚5.—
486 3635 532 3668 18]
550 3636 621 3662 Act.
636 3635 729 3670 xxx,
747 3637 791 3663 24.
810 3649 845 3654 -
863 3636 910 3668 24]
930 3634 1032 3663 Eccn.
1051 3635 1206 3670 xxxvr,
1226 3638 1268 3662 19.
1287 3648 1322 3653 —
1338 3635 1365 3667 1]
1383 3635 1441 3662 Ex.
1458 3634 1584 3669 XL,16.

2087 2331 2207 2360 Forma

2042 2374 2247 2403 benedictio-

2041 2417 2094 2446 nis
2119 2418 2244 2451 populi.

2074 2999 2207 3028 Oblatio

2030 3043 2255 3075 plaustrorum

2055 3087 2095 3114 ad
2112 3088 2222 3115 tiber-

2080 3129 2191 3158 naculi

2079 3175 2193 3207 depor-

2050 3217 2222 3247 tationem.
