2456 3861
480 151 562 192 142
1034 147 1162 189 NUM.
1197 145 1330 199 XIX,
1368 145 1421 186 14
1454 169 1512 175 —
1542 144 1652 199 XX,
1690 145 1755 187 16.

479 318 617 361 Israel
634 336 643 373 3
665 318 767 374 quia
788 332 904 373 aqua
922 315 1188 372 expiationis
1207 328 1294 356 non
1316 318 1382 356 est
1406 327 1630 369 asperSUS,
1649 313 1907 356 immundus
1927 314 2028 370 erit,
2049 318 2093 357 et
2114 314 2313 357 manebit

479 377 693 435 spurcitia
718 377 814 433 ejus
839 389 970 432 super
992 388 1105 417 eum.

259 444 330 472 sive
539 436 574 463 14
593 438 687 480 Ista
717 441 782 479 est
811 436 882 478 lex
909 433 1101 476 hominis
1135 432 1209 488 qui
1239 432 1424 474 moritur
1455 431 1502 473 in
1532 430 1833 474 tabernaculo,
1865 432 2027 475 Omnes
2061 433 2136 490 qui
2168 435 2312 489 ingre-

166 488 415 546 Spef-iaiesqpro
480 496 662 539 diuntur
697 494 939 538 tentorium
973 492 1116 548 illius,
1148 496 1191 534 et
1219 491 1426 533 universa
1455 505 1563 533 vasa
1597 504 1695 546 quae
1727 490 1792 532 ibi
1824 495 1952 546 sunt,
1987 491 2157 547 polluta
2181 499 2314 536 ⁴erunt

193 540 300 566 mnus
321 539 395 559 usu.
479 560 648 612 septem
687 554 856 597 diebus.
896 551 931 578 1⁵
957 553 1072 609 Vas,
1113 550 1228 606 quod
1266 564 1354 592 non
1391 549 1596 592 habuerit
1634 549 1915 606 operculum,
1950 564 2032 593 nec
2073 548 2314 607 ligaturam

480 615 679 671 desuper,
697 611 982 655 immundum
1006 610 1101 653 erit.
1126 610 1162 636 '1⁶
1180 609 1223 653 Si
1251 609 1347 665 quis
1369 609 1416 651 in
1441 623 1548 664 agro
1573 609 1772 665 tetigerit
1798 608 1989 651 cadaver
2015 610 2148 653 occisi
2174 611 2314 653 homi-

479 674 566 729 nis,
605 677 683 715 aut
718 686 796 728 per
831 685 877 714 se
919 670 1100 725 mortui,
1139 669 1232 711 sive
1271 682 1317 711 os
1353 666 1494 724 illius,
1529 668 1602 711 vel
1635 668 1912 725 sepulcrum,
1942 668 2201 712 immundus
2235 670 2316 712 erit

479 737 648 789 septem
679 731 847 774 diebus.
875 730 908 756 ¹⁷
927 729 1191 784 Tollentque
1213 728 1267 771 de
1293 728 1513 771 cineribus
1539 727 1858 770 combustionis
1882 732 2016 783 atque
2048 728 2242 785 peceati,
2273 734 2317 771 et

479 791 659 834 mittent
691 804 828 846 aquas
858 789 984 832 vivas
1018 803 1149 845 super
1182 801 1253 830 eos
1287 787 1333 829 in
1367 802 1470 842 vas,
1503 787 1538 813 1⁸
1562 787 1610 829 in
1637 787 1796 843 quibus
1823 801 1925 829 eum
1959 787 2092 830 homo
2123 787 2316 830 mundus

478 850 662 893 tinxerit
694 850 956 906 hyssopum,
987 852 1193 905 asperget
1221 861 1276 890 ex
1309 861 1360 890 eo
1393 861 1523 889 omne
1555 847 1816 902 tentorium,
1853 851 1896 889 et
1929 852 2138 890 cunctam
2171 846 2316 903 supel-

478 909 696 963 lectilem,
723 914 767 952 et
790 909 992 951 homines
1014 906 1324 963 hujuscemodi
1347 906 1614 961 contagione
1635 905 1827 962 pollutos
1847 923 1856 960 3
1879 905 2062 962 1⁰atque
2079 906 2163 949 h-oc
2186 905 2317 948 modo

479 969 670 1011 mundus
708 968 917 1011 lustrabit
954 966 1240 1009 immundum
1279 966 1410 1008 tertio
1451 972 1495 1008 et
1538 965 1728 1021 septimo
1768 965 1871 1019 die;
1917 966 2208 1022 expiatusque
2245 965 2317 1008 die

478 1028 688 1085 septimo,
723 1027 895 1070 lavabit
927 1032 971 1069 et
1003 1040 1049 1068 se
1083 1031 1126 1068 et
1158 1024 1427 1068 vestimenta
1460 1038 1560 1079 sua,
1597 1029 1640 1067 et
1675 1024 1934 1067 immundus
1972 1025 2054 1067 erit
2087 1039 2227 1080 usque
2259 1024 2318 1067 ad

478 1101 725 1144 vesperum,
753 1085 790 1113 “2⁰
808 1086 851 1130 Si
879 1086 975 1141 quis
1002 1086 1085 1128 hoc
1110 1084 1198 1126 ritu
1225 1098 1312 1126 non
1337 1084 1477 1126 fuerit
1500 1083 1725 1140 expiatus,
1756 1083 1919 1140 peribit
1944 1084 2094 1126 anima
2115 1084 2237 1127 illius
2264 1083 2318 1127 de

479 1147 625 1189 medio
652 1146 873 1201 ecclesiae,
895 1145 997 1200 quia
1023 1143 1326 1186 sanctuarium
1352 1142 1533 1185 Domini
1557 1142 1737 1199 polluit,
1761 1148 1805 1185 et
1826 1157 1913 1185 non
1937 1148 2002 1185 est
2022 1157 2138 1199 aqua
2159 1143 2318 1185 lustra-

478 1206 611 1248 tionis
653 1219 869 1262 aspersus.
909 1203 942 1229 ‘2¹
971 1203 1066 1246 Erit
1108 1203 1190 1245 hoc
1231 1207 1507 1258 praeceptum
1547 1201 1803 1258 legitimum
1839 1202 2174 1259 sempiternum.
2215 1202 2318 1259 Ipse

479 1279 650 1321 quoque
681 1264 755 1320 qui
785 1263 981 1320 aspergit
1013 1277 1172 1318 aquas,
1207 1261 1378 1304 lavabit
1404 1261 1672 1304 vestimenta
1701 1276 1794 1304 sua.
1822 1261 1979 1305 Omnis
2010 1261 2087 1317 qui
2120 1261 2320 1317 tetigerit

477 1339 614 1380 aquas
638 1323 924 1380 expiationis,
947 1321 1205 1364 immundus
1224 1321 1306 1363 erit
1324 1335 1462 1376 usque
1479 1320 1536 1363 ad
1555 1335 1802 1377 vesperum.
1822 1319 1859 1346 ‘2²
1877 1320 2101 1377 Quidquid
2122 1320 2320 1376 tetigerit

477 1383 755 1439 immundus,
782 1381 1066 1425 immundum
1090 1381 1250 1436 faciet,
1279 1385 1322 1423 et
1345 1380 1497 1422 anima
1525 1394 1624 1436 quae
1655 1380 1814 1422 horum
1839 1379 2070 1437 quippiam
2097 1379 2317 1436 tetigerit,

477 1443 709 1485 immunda
736 1441 818 1485 erit
843 1455 980 1497 usque
1002 1440 1059 1483 ad
1084 1454 1332 1497 vesperum.

741 1551 765 1607 ξ
800 1551 853 1593 V.
879 1576 939 1581 —-
968 1549 1166 1592 Eventus
1199 1550 1378 1592 eset-remi
1400 1549 1773 1604 paq-eyrinationis
1804 1549 1851 1591 in
1877 1549 2058 1593 deserto.

170 1666 268 1698 Aqua
286 1667 414 1692 contra-
539 1652 646 1696 CAP.
673 1651 773 1694 XX.
792 1677 851 1682 --
872 1649 885 1675 1
902 1650 1218 1705 Veneruntque
1244 1649 1324 1692 filii
1352 1649 1513 1705 Israel,
1535 1654 1577 1692 et
1601 1649 1743 1692 omnis
1766 1649 2008 1692 multitudo
2029 1649 2076 1692 in
2098 1649 2321 1693 desertum

214 1708 378 1766 metionis
482 1711 577 1767 Sin,
605 1724 756 1753 mense
782 1709 949 1766 primo,
979 1719 1022 1752 et
1043 1709 1207 1751 mansit
1233 1708 1421 1766 populus
1446 1708 1494 1750 in
1520 1708 1675 1752 Cades.
1702 1708 1965 1764 Mortuaque
1991 1713 2057 1751 est
2077 1708 2140 1752 ibi
2163 1709 2319 1765 Maria,

211 1761 245 1782 ¹¹¹
266 1753 377 1781 cade*
480 1776 523 1813 et
545 1770 718 1826 sepulta
740 1769 787 1811 in
812 1769 968 1812 eodem
992 1768 1102 1811 loco.
1131 1767 1148 1793 ⁵2
1163 1768 1367 1823 Cumque
1391 1767 1615 1824 indigeret
1645 1782 1760 1823 aqua
1786 1767 1995 1825 populus,
2020 1774 2323 1811 convenerunt

480 1829 717 1872 adversum
741 1828 927 1884 Moysen
955 1832 997 1871 et
1025 1828 1201 1881 Aaron3
1230 1827 1247 1854 3
1266 1832 1308 1870 et
1338 1827 1452 1869 versi
1481 1827 1529 1868 in
1554 1827 1840 1883 seditionem,
1865 1826 2073 1870 dixerunt
2097 1844 2106 1872 :
2135 1827 2322 1872 Utinam

481 1888 763 1946 periissemus
786 1888 901 1930 inter
923 1888 1084 1930 fratres
1103 1892 1273 1929 nostros
1294 1900 1443 1929 coram
1463 1886 1675 1929 Domino!
1699 1885 1716 1912 4
1736 1886 1824 1930 Cur
1847 1886 2062 1929 eduxistis
2086 1887 2322 1930 ecclesiam

483 1947 663 1990 Domini
693 1947 740 1989 in
765 1946 1073 2002 solitudinem,
1101 1951 1150 1988 ut
1183 1952 1226 1989 et
1258 1960 1337 1989 nos
1368 1950 1410 1988 et
1439 1950 1587 1988 nostra
1611 1946 1814 2001 jumenta
1845 1945 2121 1989 moriamur?
2148 1946 2323 1996 5Quare

482 2022 560 2050 nos
593 2007 766 2050 fecistis
799 2005 1038 2049 ascendere
1073 2006 1126 2048 de
1159 2006 1381 2062 AEgypto,
1411 2010 1453 2048 et
1481 2005 1732 2048 adduxistis
1761 2005 1807 2047 in
1837 2005 1986 2048 locum
2017 2005 2155 2048 istum
2186 2005 2321 2062 pessi-

483 2081 625 2122 mum,
647 2066 719 2122 qui
745 2065 830 2108 seri
852 2079 940 2108 non
963 2070 1127 2122 potest,
1149 2065 1222 2121 qui
1245 2079 1325 2108 nec
1348 2064 1482 2107 ficum
1505 2064 1671 2120 gignit,
1695 2079 1776 2108 nee
1798 2064 1974 2120 vineas,
1998 2078 2078 2107 nec
2102 2064 2321 2121 mal-ogra-

482 2131 608 2181 nata,
634 2126 814 2181 insuper
841 2130 884 2167 et
907 2139 1070 2180 aquam
1096 2139 1184 2168 non
1214 2125 1349 2167 habet
1378 2124 1435 2166 ad
1461 2124 1737 2167 bibendum?
1764 2124 1781 2150 6
1799 2125 2120 2181 Ingressusque
2145 2124 2322 2180 Moyses

483 2190 527 2228 et
551 2186 721 2241 Aaron,
750 2184 934 2227 dimissa
961 2184 1268 2239 multitu-dine,
1303 2183 1643 2226 tabernaculum
1672 2183 1877 2240 foed-eris,
1912 2188 2169 2226 corruerunt
2196 2183 2322 2240 proni

483 2245 529 2287 in
553 2250 737 2300 terram,
762 2243 1156 2299 clamaveruntque
1176 2243 1234 2286 ad
1262 2243 1526 2297 Dominum,
1544 2248 1679 2299 atque
1705 2243 1937 2286 dixerunt:
1963 2243 2154 2286 Domine
2181 2243 2320 2299 Deus,

482 2303 589 2346 audi
615 2303 856 2346 clamorem
882 2303 1016 2358 hujus
1049 2303 1223 2360 populi,
1258 2308 1302 2345 et
1329 2302 1450 2358 aperi
1473 2302 1537 2345 eis
1562 2303 1821 2345 thesaurum
1846 2307 1974 2345 tuum
1994 2302 2168 2345 fontem
2193 2316 2322 2358 aquae

485 2363 622 2418 vivae,
653 2368 702 2405 ut
733 2362 906 2418 satiati,
945 2367 1087 2405 cesset
1119 2361 1411 2404 murmuratio
1442 2375 1605 2405 eorum.
1641 2363 1699 2404 Et
1727 2362 1934 2419 apparuit
1966 2362 2107 2417 gloria
2141 2361 2323 2404 Domini

485 2436 615 2478 super
637 2436 722 2465 eos.
750 2421 764 2448 ⁷
785 2423 1067 2477 Locutusque
1094 2426 1160 2464 est
1186 2421 1403 2464 Dominus
1421 2421 1477 2464 ad
1504 2422 1710 2478 Moysen,
1739 2421 1890 2464 dicens
1913 2437 1921 2465 :
1944 2421 2100 2464 8Tolle
2126 2421 2321 2477 virgam,

486 2487 530 2525 et
555 2495 776 2537 congrega
804 2481 1039 2537 populum,
1063 2487 1110 2524 tu
1138 2486 1180 2524 et
1205 2482 1356 2524 Aaron
1385 2481 1526 2523 frater
1554 2486 1686 2536 tuus;
1722 2486 1765 2524 et
1794 2481 2027 2537 loquimini
2059 2481 2117 2523 ad
2151 2486 2324 2537 petram

487 2555 635 2584 coram
658 2541 740 2596 eis,
768 2546 811 2584 et
835 2540 914 2583 illa
944 2540 1069 2583 dabit
1101 2555 1252 2596 aquas.
1275 2541 1477 2595 Cumque
1510 2541 1714 2584 eduxeris
1747 2555 1910 2596 aquam
1940 2540 1994 2583 de
2023 2546 2168 2597 petra,
2200 2539 2322 2582 bibet

487 2600 629 2643 omnis
656 2600 916 2656 multitudo,
938 2605 981 2643 et
1001 2600 1205 2656 jumenta
1227 2600 1337 2656 ejus.
1357 2600 1374 2625 9
1392 2599 1515 2642 Tulit
1539 2600 1678 2656 igitur
1699 2601 1875 2656 Moyses
1893 2599 2088 2655 virgam,
2113 2614 2211 2655 quae
2231 2604 2322 2642 erat

486 2659 532 2702 in
559 2664 798 2716 conspectu
821 2659 1023 2715 Domini,
1050 2660 1167 2702 sicut
1191 2664 1464 2716 praeceperat
1486 2659 1546 2715 ei,
1569 2659 1604 2686 '¹⁰
1623 2664 1893 2715 congregata
1912 2659 2202 2702 multitudine
2219 2663 2324 2701 ante

487 2723 679 2775 petram,
707 2718 909 2774 dixitque
937 2719 1032 2763 eis:
1058 2719 1246 2774 Audite,
1280 2719 1467 2762 rebelles
1499 2724 1542 2762 et
1574 2718 1805 2762 increduli.
1840 2718 1961 2761 Num
1994 2718 2049 2761 de
2082 2723 2206 2776 petra
2239 2717 2323 2760 hac

487 2778 613 2820 vobis
649 2792 812 2833 aquam
849 2778 1091 2835 poterimus
1128 2777 1327 2834 ejicere?
1359 2777 1392 2804 ‘¹1
1413 2778 1613 2834 Cumque
1651 2778 1868 2821 elevasset
1903 2778 2080 2833 Moyses
2117 2791 2321 2832 manum,

489 2837 738 2894 percutiens
761 2837 888 2893 virga
912 2837 978 2880 bis
1004 2838 1196 2893 silicem,
1216 2852 1410 2893 >egressae
1436 2843 1539 2880 sunt
1563 2852 1693 2893 aquae
1715 2836 2000 2893 largissimae,
2025 2837 2091 2880 ita
2116 2842 2165 2879 ut
2186 2850 2323 2893 popu-

488 2896 557 2938 lus
579 2896 769 2951 biberet,
798 2902 841 2939 et
865 2896 1080 2952 jumenta.
1108 2896 1141 2923 1'2
1160 2897 1373 2953 Dixitque
1400 2897 1617 2940 Dominus
1645 2897 1703 2939 ad
1728 2897 1913 2953 Moysen
1940 2903 1983 2938 et
2010 2897 2158 2939 Aaron
2180 2912 2189 2939 z
2211 2895 2324 2945 Quia

489 2969 577 2998 non
600 2954 850 2998 credidistis
877 2956 1007 3012 mihi,
1031 2962 1080 2999 ut
1105 2956 1444 2999 sanctificaretis
1474 2971 1544 2999 me
1574 2970 1723 2999 coram
1751 2955 1853 2997 filiis
1884 2955 2044 3011 Israel,
2071 2968 2159 2998 nou
2188 2955 2323 2997 intro-

490 3014 662 3057 ducetis
694 3014 773 3056 hos
806 3015 991 3071 populos
1019 3015 1065 3058 in
1099 3021 1262 3058 terra-m
1295 3029 1428 3071 quam
1462 3015 1576 3058 dabo
1611 3015 1686 3058 eis.
1716 3014 1751 3041 13
1769 3014 1882 3057 Haeo
1909 3020 1976 3057 est
2003 3029 2118 3071 aqua
2151 3019 2324 3057 contra-

490 3073 719 3129 d-ictionis,
751 3074 825 3117 ubi
859 3074 1025 3129 jurgati
1059 3081 1162 3117 sunt
1192 3075 1274 3117 fili-i
1309 3075 1448 3118 Israel
1479 3079 1630 3117 eontra
1661 3073 1924 3128 Dominum,
1952 3079 1996 3117 et
2020 3072 2323 3117 sanctificatus

491 3137 557 3175 est
581 3132 627 3175 in
654 3132 728 3175 eis.

182 3214 288 3243 mom
319 3217 427 3242 trans·
551 3191 587 3218 ¹4
604 3192 729 3234 Misit
760 3191 929 3235 interea
961 3194 1139 3237 nuntios
1168 3194 1344 3250 Moyses
1376 3194 1430 3238 de
1463 3194 1606 3239 Cades
1639 3193 1696 3237 ad
1728 3207 1880 3249 regem
1914 3193 2078 3248 Edom,
2107 3192 2180 3248 qui
2201 3192 2321 3235 vdice-

205 3258 288 3287 itum
306 3262 408 3305 negas
490 3256 619 3295 rent:
648 3252 761 3294 Haec
789 3251 973 3294 mandat
994 3253 1133 3296 frater
1158 3258 1258 3295 tuus
1286 3253 1425 3296 Israel
1451 3270 1459 3297 :
1487 3253 1614 3296 Nosti
1645 3266 1820 3296 omnem
1847 3252 2044 3295 laborem
2070 3251 2143 3306 qui
2169 3265 2321 3307 appre-

242 3303 369 3330 ¹⁵²'‘²e¹¹·
492 3310 648 3354 hendit
673 3325 777 3365 nos3
802 3310 837 3337 15
856 3311 1076 3366 quomodo
1098 3312 1408 3355 descenderint
1429 3318 1575 3369 patres
1605 3311 1741 3355 nostri
1766 3311 1813 3353 111
1834 3312 2106 3368 AEgyptum,
2134 3315 2178 3353 et
2199 3309 2324 3352 habi-

492 3370 734 3413 taverimus
752 3370 814 3412 ibi
834 3370 975 3412 multo
992 3376 1209 3426 tempore,
1233 3371 1558 3427 afflixerintque
1579 3385 1658 3414 nos
1676 3371 1881 3426 AEgyptii
1901 3375 1944 3414 et
1961 3374 2106 3427 patres
2125 3375 2296 3412 nostros
2313 3385 2323 3422 ;

494 3429 530 3456 ¹ss
548 3435 592 3472 et
617 3429 837 3485 quomodo
863 3429 1204 3472 clamaverimus
1233 3430 1290 3472 ad
1318 3431 1582 3485 Dominum,
1601 3435 1646 3473 et
1671 3430 1918 3473 exaudierit
1946 3443 2045 3485 nos,
2069 3427 2324 3483 miseritque

492 3489 725 3544 angelum,
754 3488 827 3544 qui
848 3487 1057 3531 eduxerit
1081 3502 1160 3531 nos
1183 3488 1237 3531 de
1259 3489 1472 3546 AEgypto.
1501 3489 1618 3532 Ecce
1641 3488 1688 3531 in
1721 3488 1827 3531 urbe
1858 3488 2020 3544 Gades,
2048 3501 2146 3544 quae
2181 3491 2247 3530 est
2277 3485 2326 3528 in

493 3627 523 3659 4]
538 3627 598 3654 Ex.
613 3625 723 3660 XVII,
741 3628 766 3653 3.
781 3640 816 3644 —
831 3626 859 3659 9]
883 3626 943 3653 Ex.
958 3624 1068 3659 XVII,
1085 3627 1142 3652 5-6.
1166 3624 1238 3656 Sap.
1258 3624 1317 3659 XI,
1332 3627 1357 3652 4.
1376 3639 1411 3643 -—-
1434 3625 1480 3658 10]
1500 3624 1552 3652 Ps.
1577 3623 1748 3659 LXXVII,
1768 3626 1861 3652 15-20.
1885 3624 1900 3652 1
1915 3624 1986 3652 Cor.
2005 3623 2047 3659 X,
2064 3626 2091 3652 4.
2105 3638 2141 3642 -
2158 3622 2205 3655 12]
2225 3622 2323 3650 Deut.

496 3670 530 3704 1,
549 3673 594 3698 37.
