2423 3861
509 104 591 148 562
1077 107 1148 149 ΡΞ.
1183 108 1343 163 XXII,
1378 109 1404 152 5
1437 135 1494 141 -
1527 109 1699 164 XXIV,
1733 109 1771 152 7.

264 292 296 317 20
316 291 378 318 §rso
704 276 720 302 5
738 276 910 319 Parasti
935 277 981 319 in
1007 284 1245 334 conspectu
1268 293 1364 322 meo
1391 294 1611 335 mensam,

248 334 395 383 §magma
802 336 1014 379 adversus
1039 350 1112 379 eos
1139 337 1211 392 qui
1237 337 1454 381 tribulant
1479 352 1574 393 me3

239 380 402 457 ἕθξέξζζζ
743 394 1035 451 impinguasti
1059 395 1105 437 in
1128 395 1223 439 oleo
1249 402 1383 453 caput
1408 411 1556 440 meum
1577 414 1585 451 3

370 449 377 452 ⁴
802 460 845 496 et
870 454 988 497 calix
1012 469 1135 497 meus
1156 455 1380 499 inebrians
1406 470 1539 511 quam
1562 456 1801 512 praeclarus
1827 457 1916 504 est!

702 511 720 538 6
738 513 794 555 Ε1
819 513 1120 557 misericordia
1145 519 1222 556 tua
1244 515 1534 571 subsequetur
1560 528 1630 558 me

801 572 1005 615 omnibus
1032 573 1187 616 diebus
1208 574 1314 617 vitae
1337 589 1447 618 meae
1466 591 1475 629 3

743 636 788 674 et
812 637 861 674 ut
886 632 1133 676 inhabitem
1160 633 1207 675 in
1233 633 1364 677 domo
1390 634 1592 691 Domini,

798 690 844 732 in
870 691 1197 747 longitudinem
1224 692 1407 738 dierum.

1217 801 1434 845 PsALMUS
1460 802 1627 845 XXIII

776 888 988 945 Hymnus
1017 888 1301 944 triumphalis
1314 904 1402 944 pro
1431 890 1718 933 translatione
1743 905 1857 933 arece
1882 890 1927 932 in
1947 889 2071 936 Simz.

244 992 389 1021 Titulus
567 975 576 1001 ¹
599 974 749 1018 Prima
774 974 969 1032 sabbati,
999 975 1202 1018 Psalmus
1231 974 1388 1018 David,

240 1064 397 1100 Quisnffin
729 1049 909 1092 Domini
936 1055 1001 1092 est
1027 1054 1162 1104 terra,
1191 1054 1234 1091 et
1257 1048 1489 1105 plenitudo
1512 1049 1638 1105 ejus,

223 1109 265 1157 siss.
284 1108 408 1157 (1ῗὲΠῖῑέ
800 1109 915 1151 orbis
937 1114 1173 1164 terrarum,
1200 1113 1243 1151 et
1269 1108 1463 1151 universi
1486 1109 1560 1164 qui
1585 1108 1795 1151 habitant
1814 1107 1861 1150 in
1884 1122 1950 1152 eo.

196 1154 435 1225 dmffiffledssej·
700 1166 717 1192 2
735 1167 845 1217 Quia
870 1167 965 1224 ipse
986 1182 1116 1223 super
1141 1167 1281 1209 maria
1306 1167 1518 1210 fundavit
1540 1182 1661 1224 eum,

799 1232 841 1269 et
863 1241 994 1283 super
1020 1226 1205 1269 fiumina
1231 1227 1503 1283 praeparavit
1528 1241 1642 1270 eum.

700 1286 718 1312 3
736 1285 841 1336 Quis
866 1285 1077 1329 ascendet
1101 1286 1148 1328 in
1174 1291 1371 1329 montem
1398 1286 1617 1329 Domini?

800 1350 877 1388 aut
900 1345 995 1401 quis
1021 1345 1158 1388 stabit
1182 1345 1229 1387 in
1255 1344 1350 1388 loco
1377 1351 1531 1388 sancto
1554 1345 1687 1401 ejus?

701 1404 717 1431 4
735 1405 957 1448 Innocens
984 1404 1190 1447 manibus
1216 1409 1260 1448 et
1286 1405 1451 1448 mundo
1478 1405 1629 1461 corde,

802 1464 875 1520 qui
900 1478 987 1507 non
1012 1464 1186 1520 accepit
1206 1464 1252 1506 in
1274 1479 1389 1507 vano
1415 1464 1613 1507 animam
1639 1479 1786 1522 suam,

802 1538 883 1567 nec
908 1523 1076 1580 juravit
1095 1523 1142 1566 in
1168 1523 1268 1567 dolo
1290 1524 1491 1580 proximo
1518 1539 1610 1567 suo.

703 1583 719 1609 5
738 1583 827 1626 Hie
853 1583 1044 1639 accipiet
1065 1582 1423 1626 benedictionem
1444 1597 1471 1625 a
1494 1583 1706 1639 Domino,

802 1653 844 1686 et
870 1641 1218 1685 misericordiam
1244 1656 1270 1684 a
1296 1642 1390 1685 Deo
1415 1641 1599 1685 salutari
1625 1656 1717 1686 suo.

705 1701 722 1728 ⁶¹
740 1703 853 1745 Haec
876 1707 941 1745 est
966 1701 1193 1758 generatio
1220 1701 1512 1757 quaerentium
1538 1716 1657 1758 eum,

805 1761 1100 1817 quaerentium
1125 1761 1291 1803 faciem
1318 1760 1400 1803 Dei
1423 1760 1578 1803 Jacob.

217 1833 430 1862 Introductwio
706 1820 720 1846 7
740 1820 947 1863 Attollite
969 1825 1138 1876 portas,
1165 1820 1406 1876 principes,
1434 1825 1622 1879 vestras5

246 1877 405 1926 soiernms
805 1885 848 1922 et
873 1879 1131 1934 elevamini,
1154 1883 1294 1935 portae
1322 1878 1573 1934 aeternales,

212 1926 430 1995 {333}ssss
805 1944 848 1981 et
872 1938 1073 1981 introibit
1094 1953 1173 1982 rex
1197 1937 1364 1993 gloriae.

279 2010 367 2038 Sion.
707 1998 723 2024 8
741 1998 846 2049 Quis
868 2003 934 2041 est
959 1997 1043 2041 iste
1068 2012 1145 2041 rex
1172 1997 1326 2053 gloriae
1342 1998 1363 2041 ‘3

808 2057 1025 2101 Dominus
1050 2057 1180 2100 fortis
1202 2062 1245 2100 et
1270 2062 1447 2113 potens,

807 2117 1024 2160 Dominus
1049 2122 1205 2173 potens
1228 2116 1276 2158 in
1301 2117 1466 2172 praelio.

707 2176 724 2202 9
741 2177 950 2220 Attollite
972 2183 1141 2234 portas,
1167 2176 1410 2232 principes,
1437 2180 1623 2234 vestras,

807 2243 849 2280 et
876 2236 1133 2292 elevamini,
1161 2241 1300 2292 portae
1328 2234 1582 2290 aeternales,

807 2302 851 2340 et
874 2296 1077 2338 introibit
1097 2310 1174 2338 rex
1199 2295 1366 2351 gloriae.

693 2355 726 2382 ¹0
743 2355 848 2406 Quis
875 2360 942 2398 est
965 2355 1049 2398 1810
1075 2369 1151 2398 rex
1173 2355 1364 2411 gloriae‘?

808 2415 1025 2458 Dominus
1051 2414 1268 2457 virtutum
1293 2414 1387 2471 ipse
1414 2420 1481 2457 est
1504 2429 1582 2457 rex
1604 2414 1774 2471 gloriae.

1213 2518 1434 2565 PSALMUS
1465 2518 1628 2565 XXIV

525 2604 707 2650 Psaltes
717 2611 933 2663 precatur
958 2605 1256 2651 liberationem
1280 2607 1337 2650 ab
1363 2607 1558 2651 hostibus
1584 2613 1624 2651 et
1634 2613 1920 2664 peccatorum
1942 2609 2311 2658 condonationem.

241 2713 385 2742 rit-aius.
558 2692 571 2718 ¹
599 2692 656 2736 In
680 2691 837 2750 finem,
864 2693 1070 2737 Psalmus
1096 2693 1259 2737 David.

215 2771 356 2802 Fiducia
372 2771 406 2801 in
735 2759 809 2804 Ad
834 2764 898 2815 te,
926 2759 1138 2816 Domine,
1166 2760 1316 2804 levavi
1342 2760 1541 2804 animam
1566 2775 1727 2805 meam.

252 2818 369 2846 Deum·
766 2819 783 2845 2
806 2820 925 2863 Deus
949 2833 1097 2876 meus,
1123 2820 1168 2863 in
1194 2825 1238 2863 te
1265 2819 1462 2876 confido3
1491 2835 1582 2864 non
1604 2819 1876 2864 erubescam.

708 2877 727 2903 3
747 2879 903 2935 Neque
921 2878 1141 2923 irrideant
1164 2893 1235 2922 me
1262 2878 1435 2923 inimici
1465 2880 1552 2924 mei
1574 2897 1583 2935 ;

795 2938 964 2982 etenim
989 2938 1183 2982 universi
1210 2938 1287 2996 qui
1312 2940 1536 2982 sustinent
1560 2944 1603 2983 te
1629 2954 1719 2983 non
1741 2938 2087 2987 confundentur.

710 2995 731 3023 ⁴
750 2997 1099 3041 Confundantur
1120 3013 1274 3042 omnes
1298 2999 1451 3055 iniqua
1474 3004 1659 3056 agentes
1684 3013 1974 3057 supervacue.

208 3071 331 3098 Preces
354 3078 414 3104 pro
747 3057 858 3100 Vias
883 3062 1003 3112 tuas,
1032 3057 1245 3114 Domine,
1274 3058 1531 3103 demonstra
1557 3056 1689 3116 mihi,

189 3119 285 3164 sem,
297 3114 434 3144 vivendi
796 3121 842 3160 et
865 3117 1048 3160 semitas
1071 3122 1173 3161 tuas
1197 3118 1333 3162 edoce
1360 3132 1443 3164 me.

201 3163 417 3236 Ιζζζᾚζῖξζ,
707 3176 725 3202 ⁵
750 3175 904 3231 Dirige
927 3191 997 3220 me
1022 3177 1068 3221 in
1089 3177 1279 3222 veritate
1306 3181 1403 3233 tua,
1430 3182 1476 3222 et
1496 3178 1604 3222 doce
1625 3190 1717 3234 me,

205 3247 413 3279 :emissione
796 3235 901 3291 quia
925 3241 972 3279 tu
998 3251 1043 3280 es
1071 3237 1192 3281 Deus
1218 3238 1417 3282 salvator
1440 3252 1585 3294 meus,

795 3299 840 3337 et
865 3300 908 3338 te
930 3295 1119 3339 sustinui
1144 3302 1240 3341 tota
1261 3297 1345 3341 die.

707 3353 726 3380 ὓ
743 3353 1051 3398 Reminiscere
1078 3357 1417 3401 miserationum
1441 3361 1640 3411 tuarum,
1667 3356 1880 3414 Domine,

795 3418 841 3457 et
861 3413 1265 3460 misericordiarum
1293 3422 1471 3460 tuarum
1489 3430 1587 3472 quae
1613 3431 1640 3458 a
1661 3416 1825 3460 saeculo
1851 3421 1969 3462 sunt.

750 3473 764 3499 ⁷
792 3472 969 3517 Delicta
991 3472 1242 3529 juventutis
1271 3490 1406 3527 meae,
1432 3481 1478 3519 et
1503 3475 1781 3531 ignorantias
1806 3491 1929 3520 meas
1951 3491 2007 3521 ne
2032 3477 2305 3524 memineris.

707 3531 959 3576 Secundum
980 3533 1330 3578 misericordiam
1356 3540 1481 3578 tuam
1505 3539 1730 3578 memento
1755 3536 1844 3579 mei
1867 3541 1940 3592 tu;

535 3656 588 3690 23,
605 3655 636 3687 i]
665 3654 721 3682 Ps.
739 3655 872 3691 XLIX,
893 3658 937 3683 12.
957 3655 972 3682 1
991 3655 1064 3684 Cor.
1083 3654 1127 3692 X,
1150 3655 1193 3682 26.
