2391 3861
133 323 177 350 Dc
196 323 342 351 adventu

185 363 291 392 Pauli,

126 742 340 770 Commenda-

113 784 223 814 tiones
243 784 352 814 variae.

109 1571 349 1601 salutationes

425 138 538 180 1274
1094 135 1114 175 I
1147 135 1255 177 Con.
1287 135 1419 189 XVI,
1455 136 1588 178 5-24.

480 307 497 334 5
519 306 709 350 Veniam
731 312 879 348 autem
905 304 961 346 ad
988 317 1086 359 vos,
1112 318 1212 345 cum
1236 303 1549 346 Macedoniam
1579 304 1893 361 pertransiero,
1920 321 2023 350 nam
2047 308 2251 353 Macedo-

420 367 541 409 niam
563 364 863 422 pertransibo,
889 363 906 388 ‘⁵
923 362 1041 418 apud
1070 377 1146 405 vos
1169 367 1318 405 autem
1341 362 1532 405 forsitan
1560 362 1761 419 manebo,
1783 363 1853 407 vel
1875 364 2010 407 etiam
2031 366 2249 424 hiemabo,

420 432 469 468 ut
493 440 570 469 vos
598 439 667 467 me
694 422 924 466 deducatis
950 435 1226 478 quocumque
1258 421 1362 465 iero.
1387 421 1402 447 7
1427 421 1540 465 Nolo
1568 421 1687 464 enim
1715 436 1792 465 vos
1822 423 1954 465 modo
1985 424 2032 466 in
2064 427 2251 470 transitu

420 485 593 538 videre3
625 496 752 539 spero
777 482 896 525 enim
926 495 996 524 me
1020 480 1348 536 aliquantulum
1380 481 1592 537 temporis
1625 495 1803 524 manere
1828 483 1947 538 apud
1972 497 2072 540 vos,
2102 484 2139 527 si
2165 487 2252 530 Do-

420 544 565 586 minus
605 541 868 599 permiserit.
911 541 927 567 3
958 540 1234 583 Permanebo
1277 545 1428 583 autern
1470 540 1635 596 Ephesi
1676 554 1813 596 usque
1850 541 1908 584 ad
1946 543 2251 588 Pentecosten.

419 603 437 627 9
462 602 635 646 Ostium
672 600 790 644 enim
827 599 937 642 mihi
974 604 1177 656 apertum
1212 604 1278 642 est
1314 613 1552 655 magnum,
1595 604 1639 642 et
1679 600 1890 656 eviclens3
1932 607 1977 644 et
2012 602 2253 646 adversarii

420 662 561 704 multi.

478 720 514 747 ‘¹⁰
540 721 583 764 Si
616 726 766 763 autem.
791 720 962 763 venerit
995 719 1276 773 Timotheus,
1303 718 1453 762 videte
1487 725 1535 762 ut
1570 719 1665 763 sine
1701 719 1859 762 timore
1896 720 1954 763 sit
1989 721 2107 777 apud
2144 736 2258 777 vos;v

420 796 527 838 opus
558 780 676 823 enim
702 779 884 823 Domini
911 784 1127 835 operatur,
1155 779 1270 820 sicut
1300 784 1344 820 et
1370 793 1464 833 ego.
1497 778 1525 804 ¹¹
1547 780 1614 823 Ne
1640 778 1736 834 quis
1763 793 1865 834 ergo
1891 779 2019 822 illum
2048 786 2249 836 spernat3

420 840 625 883 deducite
650 844 798 882 autem
824 838 954 881 illum
977 838 1025 880 in
1049 852 1179 894 pace,
1199 842 1248 880 ut
1265 838 1417 881 veniat
1445 837 1501 881 ad
1528 853 1623 893 me,
1651 844 1838 895 expecto
1860 839 1980 881 enim
2004 838 2132 881 illum
2155 854 2252 882 cum

418 899 648 942 fratribus.
674 897 709 924 ¹⁹2
728 900 795 942 De
818 898 980 955 Apollo
1001 904 1152 940 autem
1174 897 1327 952 fratre,
1348 896 1473 940 vobis
1500 902 1655 940 not-um
1681 897 1802 939 facio
1828 898 2037 953 quoniam
2063 898 2253 942 multum

418 959 573 1014 rogavi
600 973 698 1002 eum
725 962 774 1000 ut
795 957 966 1000 veniret
991 957 1047 1000 ad
1073 971 1151 1000 vos
1173 971 1276 999 cum
1305 956 1546 1012 fratribu53
1576 962 1619 1000 et
1645 956 1796 1012 utique
1821 971 1909 999 non
1937 957 2028 1000 fuit
2048 957 2253 1001 voluntas

418 1023 467 1061 ut
499 1032 616 1061 nunc
650 1017 855 1060 veniret:
883 1017 1032 1060 veniet
1064 1021 1216 1060 autem
1242 1031 1344 1059 cum
1370 1015 1408 1059 ei
1434 1031 1626 1059 vacuum
1655 1016 1807 1059 fuerit..
1836 1016 1872 1042 13
1890 1017 2110 1073 Vigilate,
2140 1022 2254 1061 state

418 1077 463 1122 in
489 1077 596 1133 fide,
616 1076 803 1120 viriliter
828 1077 968 1132 agite,
991 1081 1034 1119 et
1060 1075 1401 1130 confortamini3
1425 1074 1460 1101 ¹4
1479 1075 1628 1119 omnia
1647 1081 1793 1118 vestra
1818 1075 1864 1118 in
1888 1076 2105 1120 charitate
2131 1076 2253 1132 fiant.

420 1136 454 1163 ¹⁵
477 1137 669 1181 Obsecro
694 1141 845 1180 autem
867 1150 966 1192 vos,
994 1136 1178 1192 fratres,
1202 1135 1340 1178 nostis
1367 1135 1548 1178 domum
1576 1135 1832 1191 Stephanae,
1861 1140 1904 1178 et
1929 1135 2184 1192 Fortunati,
2212 1142 2254 1180 et

417 1196 626 1252 Achaici,
655 1196 863 1252 quoniam
897 1201 1000 1239 sunt
1032 1195 1243 1252 primitiae
1279 1194 1488 1250 Achaiae,
1524 1200 1567 1238 et
1594 1195 1641 1237 in
1675 1194 1971 1238 ministerium
2000 1200 2255 1238 sanctorum

418 1256 736 1299 ordinaverunt
768 1256 961 1312 seipsos3
989 1254 1026 1281 ¹⁶
1043 1260 1092 1298 ut
1118 1260 1161 1298 et
1186 1269 1264 1297 vos
1297 1253 1465 1297 subditi
1490 1254 1588 1298 sitis
1614 1254 1855 1310 ejusmodi,
1879 1260 1923 1297 et
1953 1254 2073 1297 omni
2100 1268 2253 1311 coope-

416 1315 533 1357 ranti
556 1320 599 1358 et
623 1315 859 1358 laboranti.
888 1314 922 1341 ‘¹⁷
943 1314 1126 1359 Gaudeo
1148 1319 1300 1357 autem
1324 1313 1371 1356 in
1392 1313 1632 1370 praesentia
1657 1313 1912 1370 Stephanae,
1936 1318 1980 1357 et
2006 1314 2252 1370 Fortunati,

418 1379 460 1417 et
492 1374 703 1430 Achaici,
738 1374 947 1430 quoniam
976 1374 1022 1417 id
1054 1373 1169 1430 quod
1200 1373 1326 1417 vobis
1352 1373 1504 1417 deerat
1536 1372 1622 1430 ipsi
1655 1373 2002 1430 suppleverunt3
2031 1372 2066 1399 18
2087 1373 2255 1417 refece-

416 1439 519 1477 runt
552 1434 670 1477 enim
697 1438 740 1477 et
762 1448 911 1476 meum
936 1433 1162 1490 spiritum,
1187 1438 1231 1476 et
1252 1437 1462 1476 vestrum,
1486 1432 1752 1488 Cognoscite
1774 1446 1879 1488 ergo
1902 1432 1976 1488 qui
1997 1432 2253 1489 hujusmodi

416 1500 530 1537 sunt.
1094 1503 1097 1506 '
1437 1538 1441 1541 .

476 1554 512 1580 19
534 1554 740 1598 Salutant
762 1568 839 1597 vos
865 1554 1065 1597 ecclesiae
1093 1553 1228 1599 Asiae.
1255 1552 1461 1597 Salutant
1483 1567 1559 1596 vos
1583 1552 1631 1595 in
1658 1551 1850 1595 Domino
1877 1551 2066 1594 multum
2089 1550 2254 1606 Aquila

417 1619 460 1657 et
485 1614 710 1670 Priscilla,
743 1628 844 1657 cum
870 1613 1114 1656 domestica
1140 1628 1218 1656 sua
1246 1612 1454 1668 ecclesia,
1482 1611 1600 1668 apud
1631 1626 1738 1668 quos
1765 1616 1808 1654 et
1832 1610 2044 1667 hospitor.
2070 1609 2108 1636 ”²⁰
2129 1609 2253 1653 Salu-

417 1679 515 1716 tant
539 1687 617 1717 vos
651 1687 804 1716 omnes
833 1674 1008 1716 fratres.
1046 1672 1245 1715 Salutate
1279 1671 1471 1714 invicem
1510 1671 1556 1713 in
1594 1670 1743 1714 osculo
1781 1675 1948 1713 sancto.
1976 1669 2010 1695 ⁴2¹
2035 1669 2250 1714 salutatio

416 1747 516 1776 mea
550 1747 685 1775 manu
719 1732 862 1775 Pauli.
889 1731 926 1758 ²⁶2
952 1731 995 1776 Si
1027 1731 1122 1787 quis
1155 1745 1244 1774 non
1282 1735 1404 1773 amat
1439 1730 1681 1774 Dominum
1715 1734 1913 1774 nostrum
1943 1730 2099 1772 Jesum
2130 1728 2251 1772 Chri-

417 1797 556 1848 stum,
591 1792 649 1835 sit
675 1792 934 1847 anathema,
962 1792 1119 1833 Maran
1146 1790 1281 1834 Atha.
1314 1789 1351 1816 23
1377 1789 1533 1833 Gratia
1560 1789 1741 1832 Domini
1775 1788 1910 1832 nostri
1947 1789 2055 1832 Jesu
2089 1787 2253 1830 Christi

417 1851 661 1894 vobiscum.
690 1850 726 1877 ‘2'1
749 1850 953 1894 Charitas
979 1864 1076 1893 mea
1100 1864 1199 1892 cum
1228 1848 1433 1892 omnibus
1459 1848 1584 1891 vobis
1610 1848 1657 1890 in
1684 1848 1859 1891 Christo
1885 1848 1913 1890 J
1918 1862 2007 1891 esu.
2033 1848 2192 1889 Amen.
