2456 3861
474 131 529 173 62
1082 131 1163 172 Ex
1199 129 1287 183 xi,
1325 130 1378 171 10
1402 154 1461 160 -
1491 127 1608 183 ΧΠ,
1643 126 1711 170 25.

474 300 619 343 nimis.
640 300 768 342 Dixit
785 304 935 342 autem
957 298 1173 341 Dominus
1191 297 1247 339 ad
1269 297 1455 352 Moysen
1478 312 1486 339 :
1505 296 1606 338 Non
1623 295 1776 337 audiet
1794 309 1870 337 vos
1889 296 2080 350 Pharao,
2101 300 2148 338 ut
2165 295 2308 338 multa

473 358 602 415 signa
627 359 737 401 fiant
768 359 814 401 in
849 367 961 401 teria
989 356 1192 412 AEgypti.
1222 355 1256 381 '¹⁰
1281 355 1458 410 Moyses
1487 360 1638 396 autem
1667 359 1712 396 et
1738 357 1887 396 Aaron
1920 354 2124 396 fecerunt
2156 355 2307 398 omnia

474 423 649 461 ostenta
679 432 776 473 quae
813 418 976 472 scripta
1015 422 1137 469 sunt,
1173 428 1321 456 coram
1357 414 1600 455 Pharaone.
1634 413 1691 454 Et
1727 412 1954 454 induravit
1984 413 2202 456 Dominus
2234 427 2308 456 cor

476 477 737 532 Pharaonis,
766 490 845 518 nec
873 474 1042 517 dimisit.
1067 473 1180 515 filios
1207 473 1347 515 Israel
1367 471 1422 514 cle
1449 479 1565 514 terra
1591 485 1682 514 sua.

529 619 694 661 Srcrro
728 617 810 659 VI.
835 642 894 647 —
926 616 1205 658 APPARATUS
1239 624 1534 656 nimiminus
1566 624 1629 655 AD
1663 623 2009 655 LIBERArioNEM
2044 612 2256 656 ISRAELIS

170 758 406 786 instituuntur
531 747 636 792 CAP.
665 746 773 789 XII.
800 771 860 778 ——
892 744 901 770 ¹
932 742 1060 788 Dixit
1093 758 1263 800 quoque
1296 742 1513 786 Dominus
1543 741 1599 785 ad
1631 742 1816 798 Moysen
1854 746 1898 785 et
1932 742 2082 784 Aaron
2113 742 2161 783 in
2193 747 2308 786 terra

241 803 329 830 siff-³
472 805 662 863 AEgypti
690 822 698 848 ε
725 804 741 830 2
759 804 926 847 Mensis
955 803 1060 859 iste,
1092 802 1214 846 vobis
1236 802 1505 858 principium
1532 801 1778 855 mensium;
1801 801 1968 857 plinius
1991 801 2075 843 erit
2105 800 2152 843 in
2186 816 2308 845 men-

195 847 379 880 paq-hales.
497 866 504 873 .
705 864 713 872 .
913 863 921 871 .
978 863 985 870 .
1027 862 1035 870 .
1202 862 1210 869 .
1653 861 1661 868 .
2095 860 2102 868 .
2136 860 2144 868 .
2241 860 2250 868 .

472 865 592 908 sibus
610 879 731 907 anni.
751 863 768 890 3
785 864 1038 919 Loqmmim
1057 862 1113 905 ad
1136 875 1392 904 universum
1415 867 1579 903 coetum
1602 860 1793 903 filiorum
1816 860 1976 915 Israel,
1997 865 2041 903 et
2061 860 2194 903 dicite
2213 875 2277 903 eis
2298 878 2307 906 :

475 924 660 967 Decima
679 923 750 966 die
776 922 941 965 mensis
965 922 1100 977 hujus
1122 921 1251 964 tollat
1272 920 1570 975 unusquisque
1593 934 1761 975 agnum
1779 934 1857 976 per
1873 919 2074 962 familias
2093 925 2138 962 et
2156 919 2309 963 domos

473 998 587 1026 suas,
621 983 640 1009 4
661 982 737 1027 Sin
769 987 920 1025 autem
954 981 1096 1023 minor
1133 985 1199 1023 est
1232 993 1440 1022 numerus
1474 984 1522 1021 ut
1555 978 1760 1021 sufficere
1791 978 1930 1034 possit
1954 978 2012 1021 ad
2038 978 2309 1022 vescendum

472 1057 664 1099 agnum,
691 1046 886 1084 assumet
908 1040 1105 1082 vicinum
1134 1053 1262 1081 suum
1285 1037 1359 1094 qui
1383 1038 1564 1093 junctus
1587 1043 1653 1080 est
1679 1037 1829 1080 domui
1859 1052 1971 1093 suae,
1997 1037 2128 1093 juxta
2153 1053 2306 1081 nume-

473 1117 568 1144 rum
595 1101 846 1144 animarum
875 1114 973 1155 quae
1000 1099 1205 1141 sufficere
1235 1102 1421 1154 possunt
1449 1097 1506 1139 ad
1535 1111 1659 1139 esum
1689 1097 1808 1152 agni.
1833 1097 1850 1122 5
1869 1096 1965 1139 Erit
1987 1102 2137 1140 autem
2166 1112 2308 1154 agnus

473 1161 638 1216 absque
657 1159 853 1214 macula,
874 1158 1117 1213 masculus,
1136 1157 1371 1199 anniculus
1388 1174 1396 1211 3
1417 1156 1547 1212 juxta
1562 1170 1692 1211 quem
1711 1156 1847 1198 ritum
1868 1156 2034 1199 tolletis
2053 1162 2098 1199 et
2116 1157 2306 1200 haedum.

474 1222 490 1246 ὓ
517 1221 574 1263 Et
612 1218 847 1262 servabitis
878 1232 978 1261 eum
1020 1231 1155 1272 usque
1197 1216 1252 1259 ad
1286 1221 1490 1271 quartam
1528 1215 1749 1258 decimam
1792 1215 1911 1258 diem
1943 1215 2109 1259 mensis
2141 1215 2306 1272 hujus3

472 1278 811 1334 immolabitque
842 1292 943 1320 eum
974 1276 1178 1319 universa
1205 1274 1445 1318 multitudo
1478 1274 1670 1318 filiorum
1696 1274 1835 1317 Israel
1861 1274 1918 1317 ad
1941 1289 2186 1331 vesperam.
2213 1274 2228 1301 ⁷
2252 1275 2309 1319 Et

473 1344 649 1381 sument
671 1338 724 1380 de
746 1336 962 1392 sanguine
989 1336 1108 1391 ejus,
1129 1349 1181 1378 ac
1203 1339 1372 1392 ponent
1393 1349 1522 1390 super
1544 1339 1777 1389 utrumque
1804 1339 1998 1390 postem,
2019 1339 2063 1377 et
2086 1333 2134 1377 in
2159 1349 2308 1390 super-

474 1396 752 1440 liminaribus
778 1395 1009 1439 domorum
1032 1395 1080 1437 in
1102 1394 1260 1450 quibus
1283 1393 1519 1436 comedent
1543 1393 1685 1437 illum.
1713 1393 1730 1420 8
1748 1395 1806 1436 Et
1831 1393 1965 1436 ede-nt
1992 1408 2146 1437 carnes
2179 1398 2309 1437 nocte

473 1457 549 1500 illa
571 1471 693 1499 assas
717 1455 834 1512 igni,
857 1460 901 1498 et
925 1469 1106 1511 azymos
1127 1468 1265 1510 panes
1289 1467 1390 1496 cum
1412 1453 1599 1496 lactucis
1622 1453 1884 1508 agrestibus,
1908 1452 1926 1478 9
1943 1452 2044 1496 Non
2068 1453 2309 1496 comedetis

473 1532 529 1560 ex
555 1530 605 1559 eo
631 1514 815 1558 crudum
837 1514 963 1570 quid,
983 1527 1066 1556 nec
1088 1518 1263 1556 coctum
1288 1527 1424 1568 aqua,
1444 1512 1521 1555 sed
1543 1517 1720 1555 tantum
1741 1527 1889 1555 assum
1913 1512 2035 1568 igni3
2057 1517 2190 1569 caput
2208 1527 2310 1556 cum

474 1575 660 1633 pedibus
693 1574 791 1630 ejus
824 1580 868 1616 et
900 1573 1124 1616 intestinis
1158 1572 1386 1615 vorabitis.
1422 1571 1457 1597 10
1478 1571 1573 1614 Νθθ
1608 1571 1859 1615 remanebit
1895 1571 2137 1627 quidquam
2170 1587 2227 1616 ex
2257 1585 2308 1616 eo

474 1649 608 1690 usque
633 1648 762 1676 mane
781 1651 789 1686 ς
812 1633 847 1675 si
871 1633 975 1688 quid
996 1632 1222 1675 residuum
1243 1631 1402 1686 fuerit,
1420 1631 1525 1687 igne
1545 1631 1825 1674 comburetis.
1848 1630 1879 1657 '¹¹
1903 1631 1972 1675 Sic
1989 1636 2142 1674 autem
2164 1645 2308 1675 come-

475 1694 587 1737 detis
613 1693 739 1735 illum
768 1710 776 1736 z
803 1693 945 1735 Renes
968 1697 1136 1734 vestros
1161 1691 1431 1747 accingetis,
1458 1696 1502 1733 et
1531 1691 1835 1733 calceamenta
1864 1690 2089 1733 habebitis
2114 1690 2162 1734 in
2185 1691 2309 1748 pedi-

472 1753 574 1808 bus,
605 1758 807 1796 tenentes
844 1751 1024 1794 baculos
1061 1751 1108 1792 in
1145 1750 1371 1805 manibus,
1403 1755 1447 1793 et
1482 1749 1726 1792 comedetis
1756 1749 2054 1805 festinantem
2088 1754 2156 1792 est
2189 1750 2309 1793 enim

475 1812 616 1855 Phase
646 1811 720 1868 (id
742 1816 809 1854 est
830 1811 1074 1867 transitus)
1101 1809 1297 1853 Domini.
1318 1808 1353 1834 ¹⁶²
1371 1810 1429 1852 Et
1450 1808 1648 1852 transibo
1674 1823 1751 1865 per
1773 1814 1938 1852 terram
1962 1808 2154 1865 AEgypti
2178 1813 2309 1853 noete

471 1872 571 1922 illa,
595 1870 926 1929 percutiamque
953 1884 1082 1913 omne
1107 1868 1457 1925 primogenitum
1478 1868 1525 1910 in
1546 1873 1662 1911 terra
1688 1867 1878 1925 AEgypti
1900 1867 1956 1910 ab
1973 1868 2155 1912 homine
2173 1882 2310 1924 usque

474 1931 530 1974 ad
550 1945 709 1987 pecus3
730 1935 774 1972 et
798 1930 845 1972 in
871 1929 1043 1972 cunctis
1067 1929 1150 1971 diis
1169 1927 1361 1985 AEgypti
1387 1927 1558 1971 faciam
1581 1927 1766 1984 judicia.
1785 1930 1883 1984 Ego
1911 1927 2142 1972 Dominus.
2163 1927 2199 1954 ¹3
2213 1928 2310 1972 Erit

472 1996 623 2033 autem
647 1989 829 2045 sanguis
846 1989 972 2032 vobis
996 1988 1044 2031 in
1067 1988 1247 2044 signum
1270 1987 1319 2030 in
1346 1987 1516 2031 aedibus
1537 1987 1584 2029 in
1605 1987 1764 2043 quibus
1787 1987 1934 2041 eritis,
1959 1991 2004 2030 et
2025 1987 2187 2031 videbo
2209 2002 2309 2030 san-

473 2050 679 2105 guinem,
707 2055 752 2092 et
775 2048 974 2091 transibo
1000 2062 1103 2101 vos3
1128 2062 1211 2090 nec
1238 2048 1321 2090 erit
1345 2047 1394 2090 in
1416 2047 1542 2090 vobis
1568 2046 1701 2103 plaga
1725 2046 1982 2103 disperdens
2003 2047 2179 2102 quando
2212 2061 2308 2103 per-

473 2123 646 2152 cussero
668 2114 832 2151 terram
856 2107 1061 2164 AEgypti.
1090 2107 1125 2133 ’11
1145 2107 1386 2150 Habebitis
1408 2111 1560 2150 autem
1586 2106 1702 2149 hunc
1726 2105 1844 2148 diem
1867 2106 1916 2148 in
1942 2111 2307 2162 monumentum3

473 2179 517 2212 et
554 2167 838 2211 celebrabitis
875 2182 975 2210 eam
1011 2167 1258 2210 solemnem
1293 2165 1485 2210 Domino
1519 2165 1566 2208 in
1602 2165 1965 2221 generationibus
1994 2165 2153 2208 vestris
2187 2165 2309 2209 cultu

471 2228 756 2284 sempiterno.
792 2227 826 2253 15
853 2228 1031 2283 Septem
1069 2226 1224 2269 diebus
1257 2240 1415 2282 azyma
1449 2224 1706 2268 comedetis.
1737 2225 1791 2267 In
1825 2224 1894 2267 die
1929 2224 2071 2280 primo
2104 2239 2194 2268 non
2226 2224 2310 2268 erit

472 2288 746 2331 fermentum
792 2287 839 2329 in
884 2286 1088 2329 domibus
1128 2286 1300 2330 vestris.
1345 2285 1622 2340 Quicumque
1671 2283 1914 2327 comederit
1956 2283 2280 2327 fermentatum
2297 2319 2307 2339 ,

472 2347 634 2403 peribit
658 2347 809 2389 anima
830 2346 908 2388 illa
932 2346 984 2388 de
1005 2346 1164 2401 Israel,
1187 2360 1214 2388 a
1237 2345 1379 2401 pri-mo
1402 2344 1474 2387 die
1495 2358 1631 2400 usque
1652 2343 1710 2386 ad
1733 2343 1851 2386 diem
1873 2343 2126 2399 septimum.
2147 2342 2184 2370 ’16
2202 2342 2309 2387 Dies

471 2407 614 2463 prima
636 2406 720 2449 erit
745 2411 899 2448 sancta
924 2410 1058 2461 atque
1084 2405 1315 2460 solemnis,
1335 2413 1380 2447 et
1402 2404 1495 2446 dies
1517 2403 1707 2459 septima
1731 2403 1887 2446 eadem
1908 2402 2158 2446 festivitate
2177 2416 2308 2445 vene-

472 2465 639 2509 rabilis.
670 2465 793 2508 Nihil
816 2465 959 2521 operis
983 2464 1163 2507 facietis
1192 2464 1239 2507 in
1265 2464 1349 2518 eis,
1374 2462 1574 2520 exceptis
1597 2462 1666 2506 his
1699 2477 1798 2518 quae
1828 2461 1885 2505 ad
1910 2461 2180 2504 vescendum
2212 2476 2308 2518 per-

471 2525 629 2569 tinent.
661 2524 693 2550 17
714 2526 771 2567 Et
798 2523 1090 2567 observabitis
1118 2538 1302 2581 azyma3
1339 2523 1386 2566 in
1416 2521 1574 2566 eadem
1600 2522 1721 2566 enim
1745 2521 1839 2578 ipsa
1866 2520 1936 2564 die
1973 2520 2159 2563 educam
2185 2535 2308 2564 exer-

471 2585 610 2626 citum
628 2590 823 2627 vestrum
847 2583 900 2626 de
922 2588 1039 2626 terra
1058 2583 1271 2640 AEgypti,
1291 2588 1335 2625 et
1354 2582 1612 2625 custodietis
1631 2581 1750 2624 diem
1771 2581 1908 2623 istum
1927 2580 1975 2622 in
1997 2580 2308 2636 generationes

472 2653 640 2686 vestras
660 2644 748 2686 ritu
772 2648 999 2700 perpetuo.
1017 2643 1051 2669 ¹⁸
1071 2643 1220 2686 Primo
1248 2656 1413 2697 mense,
1432 2641 1766 2697 quartadecima
1787 2640 1858 2683 die
1881 2639 2059 2694 mensis,
2079 2639 2136 2682 ad
2155 2653 2308 2696 ves-pe-

470 2718 590 2758 ram,
634 2701 877 2746 comedetis
915 2717 1095 2758 azyma,
1135 2716 1271 2758 usque
1308 2701 1369 2745 ad
1412 2700 1530 2744 diem
1570 2700 1837 2756 vigesimam
1873 2699 2064 2756 primam
2106 2698 2309 2754 ejusdem

472 2762 636 2805 mensis
672 2762 728 2805 ad
765 2776 1009 2819 vesperam.
1048 2761 1081 2787 ¹9
1111 2763 1287 2818 Septem
1333 2760 1488 2804 diebus
1528 2760 1803 2803 fermentum
1842 2773 1931 2802 non
1971 2757 2226 2802 invenietur
2262 2757 2308 2800 in

473 2821 677 2864 domibus
695 2821 866 2865 vestris.
886 2819 967 2872 Qui
991 2820 1233 2864 comederit
1258 2820 1604 2874 fermentatum,
1623 2818 1787 2876 peribit
1810 2818 1961 2860 anima
1987 2816 2084 2873 ejus
2111 2817 2166 2860 de
2192 2821 2310 2860 coetu

474 2880 634 2937 Israel,
661 2887 753 2924 tam
788 2880 841 2923 de
871 2880 1058 2923 advenis
1090 2894 1224 2936 quam
1255 2879 1308 2922 de
1337 2878 1563 2935 indigenis
1597 2883 1740 2922 terrae.
1764 2877 1801 2904 2⁰
1819 2878 1960 2920 Omne
1985 2876 2308 2919 fermentatum

473 2953 560 2982 non
591 2939 860 2994 comedetis3
892 2939 939 2982 in
974 2939 1146 2982 cunctis
1175 2938 1445 2982 habitaculis
1477 2938 1636 2981 vestris
1673 2936 1813 2981 edetis
1850 2950 2021 2992 azyma.

532 2998 565 3025 ‘²¹
595 2999 785 3042 Vocavit
819 3003 970 3042 autem
1003 2999 1180 3055 Moyses
1209 3012 1361 3041 omnes
1394 2997 1588 3040 seniores
1616 2997 1808 3040 filiorum
1838 2995 1998 3052 Israel,
2030 2999 2074 3038 et
2108 2995 2223 3039 dixit
2250 2993 2307 3038 ad

473 3073 547 3102 eos
579 3075 588 3102 z
626 3059 695 3101 Ite
744 3058 952 3101 tollentes
991 3057 1160 3101 animal
1204 3072 1282 3114 per
1316 3056 1517 3100 familias
1562 3061 1752 3111 vestras,
1794 3059 1838 3098 et
1877 3053 2108 3098 immolate
2149 3053 2305 3099 Phase.

473 3117 510 3144 2⁹²
529 3116 896 3173 Fasciculumque
924 3116 1105 3174 hyssopi
1134 3116 1295 3173 tingite
1324 3116 1371 3159 in
1397 3116 1614 3172 sanguine
1644 3114 1717 3171 qui
1739 3118 1805 3157 est
1826 3113 1872 3156 in
1896 3114 2074 3169 limine,
2093 3118 2138 3157 et
2162 3127 2306 3169 asper-

472 3177 565 3234 gite
584 3191 640 3220 ex
662 3190 712 3220 eo
737 3176 1094 3233 superliminare,
1117 3181 1162 3219 et
1183 3182 1418 3231 utrumque
1444 3180 1630 3232 postem.
1650 3172 1810 3218 Nullus
1833 3178 2030 3217 vestrum
2049 3171 2308 3229 egrediatur

475 3236 636 3280 ostium
669 3235 825 3279 domus
858 3249 948 3279 suae
978 3250 1114 3292 usque
1152 3250 1306 3290 mane;
1341 3234 1378 3262 23
1406 3233 1615 3278 transibit
1650 3232 1771 3277 enim
1804 3231 2023 3276 Dominus
2054 3230 2306 3289 percutiens

474 3295 741 3352 ffllgypti083
776 3308 880 3338 cum
913 3309 966 3338 ue
998 3295 1161 3338 viderit
1193 3293 1458 3351 sanguinem
1492 3293 1540 3336 in
1573 3290 1921 3350 superliminari,
1959 3295 2004 3335 et
2036 3291 2085 3335 in
2122 3295 2306 3345 utroque

473 3360 623 3410 poste,
664 3309 950 3397 transcendlet
994 3353 1155 3397 ostium
1195 3354 1374 3409 domus,
1418 3359 1462 3397 et
1501 3367 1591 3396 non
1635 3351 1751 3395 sinet
1791 3364 2093 3408 percussorem
2132 3347 2307 3405 ingredi

476 3413 628 3457 domos
653 3418 842 3468 vestias,
862 3418 908 3456 et
930 3412 1108 3457 laedere.
1134 3412 1170 3439 '2¹¹
1189 3413 1371 3457 Custodi
1397 3412 1582 3455 verbum
1606 3410 1724 3454 istud
1744 3409 2002 3466 legitimum
2026 3407 2108 3453 tibi
2135 3413 2179 3451 et
2201 3406 2306 3451 fili-is

474 3472 561 3514 tuis
597 3486 733 3529 usque
767 3472 816 3515 in
850 3477 1080 3516 aeternum.
1115 3470 1152 3499 2⁵
1173 3472 1374 3528 Cumque
1406 3469 1667 3514 introieritis
1699 3473 1885 3524 terram,
1910 3482 2050 3525 quam
2087 3465 2307 3512 Dominus

476 3635 523 3668 18]
543 3635 620 3663 ch.
635 3635 773 3669 XXIII,
791 3637 818 3662 5.
836 3635 933 3664 Num.
951 3634 1124 3668 XXVIII,
1141 3637 1183 3662 16.
1201 3647 1235 3652 -—
1258 3633 1306 3667 22]
1330 3633 1430 3661 Hebr.
1445 3633 1575 3667 X1‚·28.
