2456 3861
203 474 314 506 Usque
336 475 376 501 nd

201 522 382 546 torrentem

233 562 345 591 Zareu.

230 2134 342 2167 Usque

195 2179 237 2208 ad
253 2180 375 2207 Arnon.

186 3195 258 3222 Rex
281 3195 388 3223 sehon

213 3237 370 3267 vincitur.

479 175 560 218 162
1084 175 1231 217 DEUT.
1267 173 1309 228 Ι,
1345 173 1401 216 45
1432 199 1491 205 —
1523 173 1594 227 II,
1626 170 1696 215 29.

474 345 511 371 45
532 345 731 400 Cumque
764 344 925 387 reversi
959 342 1190 399 ploraretis
1219 354 1368 384 coram
1403 340 1616 396 Domino,
1643 354 1731 383 non
1759 340 1933 382 audivit
1964 354 2063 396 vos,
2093 355 2174 385 nec
2207 340 2305 385 voci

474 409 633 447 vestrae
658 403 799 447 voluit
829 403 1120 458 acquiescere.
1148 401 1184 427 4⁶
1202 400 1388 443 Sedistis
1422 413 1525 455 ergo
1551 398 1597 442 in
1624 398 1906 442 Cadesbarne
1930 399 2070 443 multo
2097 405 2304 457 tempore.

473 480 475 483 ·
529 466 637 509 CAP.
674 466 737 508 ΙΙ.
770 490 828 498 -
859 463 872 489 ’1
894 462 1180 517 profectique
1213 461 1319 504 inde
1344 461 1548 504 ven-imus
1573 459 1619 503 in
1653 460 1941 504 solitudinem
1969 475 2069 517 quae
2099 461 2224 506 ducit
2252 461 2309 504 ad

471 539 589 567 mare
619 523 838 578 Rubrum,
865 521 980 564 sicut
1006 521 1114 562 mihi
1142 520 1316 564 dixerat
1342 519 1585 574 Dominus3
1611 526 1653 563 et
1681 519 1968 562 circuivimus
1994 525 2192 564 montem
2216 520 2311 565 Seir

474 584 605 639 longo
644 589 854 638 tempore.
894 581 912 608 2
938 581 1151 636 Dixitque
1192 580 1410 624 Dominus
1455 579 1512 624 ad
1553 593 1624 622 me
1658 596 1666 623 :
1701 579 1718 606 3
1741 579 1923 623 Sufficit
1954 580 2081 623 Vobis
2120 581 2305 626 circuire

474 648 671 685 montem
711 641 877 695 istum3
920 640 982 683 ite
1023 645 1176 683 contra
1217 639 1493 695 aquilonem,
1536 638 1554 665 4
1581 644 1624 682 et
1665 638 1827 695 populo
1870 638 2064 697 praecipe
2105 639 2256 684 dicens
2295 658 2304 685 ε

474 700 740 745 Transibitis
765 714 843 757 per
869 699 1081 743 terminos
1107 699 1299 741 fratrum
1325 703 1592 753 vestrorum,
1619 698 1811 741 filiorum
1838 699 1977 754 Esau,
2005 698 2078 754 qui
2103 699 2310 743 habitant

471 762 519 803 in
550 761 657 816 Seir,
691 765 736 803 et
768 759 991 802 timebunt
1022 772 1114 801 VOS.
1148 758 1165 785 5
1190 757 1352 801 Videte
1385 771 1489 814 ergo
1517 757 1756 814 diligenter
1780 771 1836 800 ne
1861 757 2130 800 moveamini
2157 764 2309 801 contra

472 834 545 864 eos
566 838 574 874 ;
602 833 744 875 neque
770 819 889 862 enim
915 818 1029 861 dabo
1055 817 1182 860 vobis
1210 817 1262 860 de
1286 823 1402 860 terra
1430 831 1581 860 eorum
1607 822 1824 872 quantum
1852 822 1996 873 potest
2026 817 2156 859 unius
2185 817 2310 873 pedis

473 880 646 922 calcare
671 878 932 934 vestigium,
961 877 1062 933 quia
1087 877 1134 919 in
1160 876 1482 934 possessionem
1510 878 1628 920 Esau
1655 875 1755 919 dedi
1783 881 1981 920 montem
2006 876 2113 919 Seir.
2140 877 2158 902 ‘⁵
2177 876 2309 920 Cibos

472 938 629 982 emetis
653 938 710 981 ab
737 938 809 981 eis·
825 937 1025 994 pecunia,
1053 942 1096 980 et
1123 936 1388 988 comedetis3
1416 950 1579 992 aquam
1605 940 1803 992 emptam
1825 935 2037 979 haurietis
2064 940 2108 978 et
2132 935 2309 979 bibetis.

472 997 488 1024 ⁷
510 997 727 1041 Dominus
761 998 880 1040 Deus
917 1001 1019 1039 tuus
1056 995 1287 1039 benedixit
1324 995 1405 1037 tibi
1442 995 1488 1037 in
1528 995 1647 1037 omni
1686 1008 1814 1051 opere
1851 1009 2065 1038 manuum
2100 1000 2306 1050 tuarum3

471 1057 597 1100 novit
628 1057 713 1100 iter
752 1062 898 1111 tuum,
942 1055 1160 1111 quomodo
1202 1054 1429 1097 transieris
1470 1053 1759 1096 solitudinem
1799 1054 1914 1097 hanc
1956 1068 2189 1110 magnam,
2233 1069 2311 1111 per

473 1115 770 1173 quadraginta
811 1129 950 1157 annos
991 1114 1200 1157 habitans
1240 1119 1390 1156 tecum
1436 1113 1653 1156 Dominus
1699 1114 1817 1156 Deus
1859 1118 1981 1169 tuus,
2028 1119 2070 1156 et
2115 1114 2179 1156 nil
2226 1113 2309 1157 tibi

473 1176 632 1219 defuit.
666 1175 683 1202 ⁸
709 1175 907 1229 Cumque
938 1172 1250 1216 transissemus
1284 1174 1444 1216 fratres
1479 1177 1671 1228 nostros,
1706 1171 1820 1215 filios
1855 1173 1994 1228 Esau,
2030 1173 2103 1228 qui
2137 1173 2309 1216 habita-

472 1235 582 1278 bant
611 1235 657 1277 in
686 1234 792 1289 Seir,
823 1248 900 1289 per
928 1232 1049 1275 viam
1079 1238 1374 1288 campestrem
1405 1232 1459 1276 de
1493 1232 1648 1287 Elath,
1687 1236 1732 1274 et
1770 1231 1823 1274 de
1853 1231 2155 1288 Asiongaber,
2188 1233 2308 1276 veni-

473 1308 571 1337 mus
599 1293 656 1336 ad
685 1293 769 1336 iter
799 1292 915 1348 quod
943 1292 1066 1335 ducit
1091 1292 1137 1334 in
1163 1293 1387 1335 desertum
1412 1291 1560 1335 Moab.
1587 1290 1606 1317 9
1626 1290 1838 1347 Dixitque
1866 1291 2084 1334 Dominus
2113 1292 2172 1334 ad
2197 1306 2268 1335 me
2297 1309 2306 1337 :

473 1355 573 1397 Non
610 1366 781 1410 pugnes
819 1356 971 1394 contra
1009 1351 1253 1406 Moabitas,
1296 1365 1376 1394 nec
1414 1350 1536 1394 ineas
1575 1350 1786 1393 adversus
1828 1364 1900 1393 eos
1942 1350 2178 1407 praelium3
2221 1365 2310 1395 non

470 1413 593 1456 enim
626 1412 740 1455 dabo
767 1410 849 1454 tibi
877 1410 1120 1466 quidquam
1153 1410 1206 1454 de
1232 1416 1347 1454 terra
1375 1425 1545 1466 eorum,
1581 1409 1685 1465 quia
1712 1409 1815 1452 filiis
1842 1410 1927 1453 Lot
1964 1411 2131 1454 tradidi
2164 1413 2229 1454 Ar
2260 1410 2307 1454 in

471 1471 806 1530 possessionem.
836 1470 871 1497 ¹⁰
890 1470 1039 1513 Emim
1064 1470 1196 1527 primi
1221 1470 1405 1513 fuerunt
1430 1470 1703 1512 habitatores
1730 1469 1848 1526 ejuS,
1883 1469 2071 1526 populus
2097 1484 2307 1527 magnus,

471 1537 516 1574 et
548 1530 745 1587 validus,
780 1536 824 1574 et
857 1535 950 1572 tam
984 1529 1204 1585 excelsus,
1241 1535 1289 1572 ut
1330 1530 1383 1573 de
1418 1529 1606 1572 Enacim
1647 1529 1802 1586 stirpe,
1846 1528 1879 1554 11
1915 1529 2039 1584 quasi
2081 1529 2307 1586 giganteS,

472 1590 768 1644 crederentur,
795 1594 838 1632 et
865 1594 1010 1633 essent
1035 1588 1203 1632 similes
1237 1589 1430 1632 filiorum
1458 1588 1659 1632 Enacim.
1690 1588 1894 1644 Denique
1918 1588 2133 1632 Moabitae
2158 1589 2309 1646 appel-

471 1650 568 1693 lant
602 1663 674 1692 eos
710 1649 873 1692 Emim.
909 1647 946 1674 '¹⁴2
969 1649 1024 1691 In
1058 1649 1154 1692 Seu·
1187 1654 1338 1692 autem
1371 1648 1492 1705 prius
1527 1648 1844 1691 habitaverunt
1878 1647 2115 1704 Horrhaei3
2150 1648 2309 1704 quibus

470 1708 669 1766 expulsis
695 1714 828 1765 atque
854 1707 1031 1763 deletis,
1058 1708 1375 1751 habitaverunt
1400 1708 1480 1750 filii
1509 1709 1648 1762 Esau,
1676 1707 1791 1750 sieut
1816 1706 1928 1750 fecit
1953 1707 2093 1751 Israel
2117 1708 2165 1750 in
2193 1713 2310 1751 terra

471 1768 759 1825 possessionis
785 1782 898 1823 suae,
926 1782 1059 1823 quam
1085 1767 1207 1810 dedit
1232 1767 1299 1809 illi
1322 1767 1553 1810 Dominus.
1581 1766 1616 1794 13
1633 1767 1874 1822 Surgentes
1895 1780 1999 1822 ergo
2027 1772 2076 1809 ut
2102 1768 2308 1810 transire-

473 1841 571 1871 mus
596 1832 836 1871 torrentem
862 1827 1020 1883 Zared,
1047 1827 1251 1870 venimus
1277 1827 1334 1869 ad
1359 1841 1474 1869 eum.
1510 1826 1546 1852 11
1571 1826 1766 1882 Tempus
1798 1831 1969 1882 autem,
1998 1840 2082 1883 quo
2107 1827 2308 1870 ambula-

471 1887 618 1929 vimus
652 1887 706 1930 de
745 1886 1027 1930 Cadesbarne
1058 1900 1196 1942 usque
1236 1886 1293 1929 ad
1334 1886 1571 1928 transitum
1605 1885 1810 1928 torrentis
1851 1886 2010 1941 Zered,
2044 1885 2229 1942 triginta
2264 1891 2309 1930 et

473 1951 572 1989 octo
597 1960 813 1989 annorum
838 1945 940 2001 fuit,
968 1945 1108 1988 donec
1135 1951 1466 1989 consumeretur
1491 1945 1635 1988 omnis
1661 1945 1888 2001 generatio
1914 1945 2146 1988 hominum
2171 1945 2308 1989 bella-

473 2010 618 2048 torum
651 2005 706 2048 de
738 2005 915 2060 castris,
949 2004 1066 2048 sicut
1101 2005 1327 2061 juraverat
1362 2005 1609 2060 Dominus;
1639 2003 1821 2059 1⁵cujus
1856 2018 2014 2048 manus
2038 2004 2130 2047 fuit
2154 2004 2307 2048 adver-

472 2079 568 2107 sum
604 2079 696 2120 eos,
731 2070 781 2107 ut
811 2064 1044 2107 interirent
1078 2065 1132 2107 de
1165 2070 1408 2107 castrorum
1443 2064 1601 2108 medio.

532 2123 568 2151 16
603 2125 843 2180 Postquam
887 2128 1039 2166 autem
1082 2123 1276 2167 universi
1319 2123 1574 2167 ceciderunt
1618 2129 1908 2181 pugnatores,
1956 2123 1990 2150 ¹7
2025 2123 2198 2167 locutus
2243 2129 2308 2167 est

473 2183 692 2227 Dominus
724 2183 781 2226 ad
814 2197 904 2238 me,
941 2183 1092 2226 dicens
1130 2200 1139 2226 :
1174 2183 1208 2210 18
1235 2183 1301 2225 Tu
1336 2183 1545 2225 transibis
1578 2183 1710 2227 hodie
1736 2183 1946 2226 terminos
1972 2183 2127 2239 Moab,
2154 2182 2308 2226 urbem

471 2243 651 2286 nomine
684 2243 775 2296 Ar;
811 2242 846 2268 19
872 2249 915 2286 et
948 2243 1165 2286 accedens
1198 2242 1245 2284 in
1279 2242 1427 2285 vicina
1461 2242 1653 2285 filiorum
1687 2244 1896 2298 Ammon,
1925 2256 2033 2285 cave
2057 2256 2113 2286 ne
2136 2256 2308 2300 pugnes

472 2307 624 2345 contra
665 2316 758 2357 eos,
801 2316 881 2345 nec
923 2302 1140 2345 movearis
1177 2302 1234 2344 ad
1271 2301 1506 2359 praelium,
1544 2316 1633 2345 non
1673 2302 1792 2345 enim
1829 2301 1945 2345 dabo
1981 2300 2063 2344 tibi
2101 2301 2158 2344 de
2192 2308 2308 2345 terra

471 2361 664 2405 filiorum
701 2362 918 2417 Ammon,
959 2361 1061 2417 quia
1103 2361 1207 2403 filiis
1253 2362 1338 2404 Lot
1376 2359 1478 2403 dedi
1516 2375 1616 2403 eam
1651 2361 1698 2403 in
1740 2361 2077 2419 possessionem.
2112 2359 2150 2388 2⁰
2173 2361 2308 2404 Terra

471 2421 708 2477 gigantum
748 2425 951 2478 reputata
992 2426 1078 2475 est,
1123 2426 1165 2463 et
1203 2420 1250 2463 in
1291 2421 1388 2477 ipsa
1425 2421 1533 2464 olim
1570 2421 1887 2464 habitaverunt
1927 2420 2158 2476 gigantes,
2201 2433 2307 2477 quos

471 2480 745 2523 Ammonitae
783 2485 944 2523 vocant
980 2480 1320 2534 Zomzommim,
1359 2478 1393 2505 9¹
1421 2479 1608 2538 populus
1641 2494 1830 2536 magnus
1861 2483 1904 2522 et
1936 2479 2101 2523 multus
2135 2484 2178 2522 et
2210 2494 2306 2536 pro-

471 2553 585 2583 cerae
619 2539 933 2595 longitudinis,
968 2539 1083 2582 sicut
1117 2539 1305 2582 Enacim
1339 2553 1446 2594 quos
1480 2538 1646 2582 delevit
1681 2539 1898 2582 Dominus
1929 2553 1956 2582 a
1986 2538 2105 2581 facie
2135 2552 2305 2594 eorum,

473 2604 516 2642 et
547 2598 660 2642 fecit
692 2598 792 2642 illos
826 2598 1030 2641 habitare
1062 2612 1139 2656 pro
1173 2598 1255 2654 eis,
1291 2597 1328 2624 ‘²2
1355 2598 1469 2640 sicut
1494 2598 1665 2641 fecerat
1697 2598 1800 2642 filiis
1827 2599 1966 2653 Esau,
1998 2597 2071 2652 qui
2101 2597 2307 2641 habitant

469 2658 518 2700 in
542 2657 651 2712 Seir,
675 2657 828 2701 delens
856 2658 1115 2713 Hom-haeos,
1144 2662 1187 2701 et
1212 2663 1376 2700 terram
1403 2671 1554 2700 eorum
1578 2657 1668 2700 illis
1694 2657 1894 2712 tradens,
1921 2671 2054 2712 quam
2079 2656 2308 2712 possident

471 2731 609 2773 usque
639 2716 685 2759 in
720 2731 927 2774 praesens.
953 2715 992 2744 23
1009 2717 1203 2760 Hevaeos
1231 2730 1422 2772 quoque,
1451 2715 1525 2773 qui
1550 2716 1817 2759 habitabant
1847 2715 1895 2758 in
1929 2715 2138 2758 Haserim
2170 2730 2307 2772 usque

472 2778 662 2833 Gazam,
705 2776 993 2834 Cappadoces
1048 2776 1337 2834 expulerunt,
1376 2776 1472 2832 qui,
1514 2776 1682 2831 egressi
1730 2775 1784 2819 de
1839 2774 2305 2832 Cappadociasdele-

469 2844 629 2882 verunt
666 2853 759 2894 eos,
798 2844 841 2882 et
876 2838 1193 2881 habitaverunt
1227 2852 1304 2895 pro
1337 2837 1440 2880 illis.
1475 2836 1512 2865 ⁹²4
1537 2837 1734 2893 Surgite,
1769 2841 1812 2880 et
1845 2836 2032 2879 transite
2064 2840 2305 2880 torrentem

470 2899 653 2953 Arnon,
681 2912 783 2941 eece
808 2897 973 2941 tradidi
999 2898 1046 2940 in
1068 2912 1203 2940 manu
1229 2904 1306 2940 tua
1331 2897 1497 2953 Sehon,
1524 2911 1675 2952 regem
1701 2896 1931 2951 Hesebon,
1960 2895 2301 2950 Amorrhaeum3

471 2962 515 3000 et
554 2962 717 3000 terram
759 2957 855 3013 ejus
896 2956 1043 3013 incipe
1085 2956 1328 3014 possidere,
1365 2961 1409 2998 et
1443 2956 1673 2999 committe
1705 2955 1916 2998 adversus
1952 2968 2052 2997 eum
2086 2954 2304 3011 praelium.

471 3015 510 3043 25
535 3016 683 3059 Hodie
724 3016 939 3073 incipiam
980 3015 1156 3059 mittere
1197 3021 1409 3058 terrorem
1442 3020 1574 3070 atque
1607 3013 1897 3057 formidinem
1931 3019 2055 3056 tuam
2086 3013 2133 3056 in
2168 3027 2301 3070 popu-

471 3075 536 3119 los
562 3075 636 3131 qui
668 3075 875 3118 habitant
908 3075 990 3118 sub
1024 3075 1143 3118 omni
1177 3075 1308 3129 caelo,
1343 3079 1392 3116 ut
1428 3074 1581 3117 audito
1615 3073 1793 3117 nomine
1826 3078 1900 3115 tuo
1934 3077 2148 3130 paveant,
2183 3078 2228 3115 et
2257 3071 2305 3114 in

473 3149 640 3178 morem
661 3134 1003 3191 parturientium
1029 3133 1393 3189 contremiscant,
1421 3138 1464 3176 et
1489 3132 1638 3176 dolore
1663 3138 1910 3175 teneantur.

532 3193 569 3221 2⁶
586 3193 689 3236 Misi
716 3207 819 3248 ergo
845 3193 1023 3236 nuntios
1043 3193 1096 3236 de
1121 3192 1361 3236 solitudine
1386 3192 1631 3236 Cademoth
1649 3191 1706 3234 ad
1723 3191 1882 3247 Sehon,
1902 3205 2052 3247 regem
2071 3190 2302 3245 Hesebon,

472 3253 619 3296 verbis
650 3251 868 3310 pacificis,
900 3251 1051 3295 dicens
1085 3269 1093 3295 τ
1125 3251 1159 3278 ‘27
1186 3251 1493 3295 Transibimus
1528 3265 1604 3308 per
1631 3256 1794 3294 terram
1825 3255 1968 3305 tuam,
2000 3249 2180 3306 publica
2205 3263 2302 3306 gm-

474 3312 647 3356 diemur
679 3311 780 3365 via3
816 3325 903 3354 non
937 3311 1262 3354 declinabimus
1287 3324 1430 3366 neque
1455 3310 1510 3353 ad
1539 3310 1788 3364 dexteram,
1815 3323 1956 3366 neque
1981 3308 2037 3351 ad
2061 3308 2303 3351 sinistram.

473 3371 510 3398 28
536 3371 764 3415 Alimenta
797 3369 938 3428 pretio
971 3370 1114 3412 vende
1147 3370 1294 3426 nobis,
1336 3375 1385 3412 ut
1426 3383 1685 3423 vescamur3
1721 3383 1884 3425 aquam
1916 3367 2104 3425 pecunia
2138 3367 2300 3422 tribue,

474 3436 517 3474 et
549 3431 612 3473 sic
646 3430 879 3485 bibemus3
915 3434 1092 3472 tantum
1122 3434 1188 3471 est
1217 3434 1266 3471 ut
1296 3429 1422 3472 nobis
1455 3428 1672 3472 concedas
1703 3427 1954 3470 transitum.
1981 3425 2160 3470 ‘²⁹Sicut
2182 3426 2304 3469 fece-

472 3495 575 3532 runt
607 3489 686 3532 filii
722 3491 861 3544 Esau,
896 3488 969 3544 qui
1004 3487 1209 3530 habitant
1241 3488 1287 3529 in
1323 3488 1431 3542 Scir,
1467 3492 1510 3530 et
1542 3486 1776 3539 Moabitae,
1804 3487 1877 3542 qui
1904 3490 2131 3529 morantur
2155 3484 2200 3527 in
2227 3485 2303 3540 Ar,

473 3548 612 3591 donec
639 3547 869 3591 veniamus
895 3547 952 3590 ad
980 3546 1244 3600 Jordanem,
1273 3551 1315 3588 et
1335 3551 1611 3589 transeamus
1641 3545 1697 3588 ad
1728 3550 1891 3588 terram
1921 3558 2054 3602 quam
2087 3543 2305 3587 Dominus

474 3693 522 3726 26]
545 3692 642 3719 Num.
660 3690 813 3724 xxrm.
839 3707 874 3710 —
898 3692 946 3724 31]
970 3693 1040 3718 Am.
1066 3691 1110 3725 11,
1128 3694 1153 3719 9.
