2423 3861
153 561 241 587 Deus

117 602 274 636 regnabit

111 647 144 676 in
162 648 277 674 furore

145 698 244 723 super

123 736 138 763 J
147 735 264 762 udaeos.

90 1281 158 1307 Eos
184 1281 295 1306 tamen

104 1324 144 1350 ad
162 1326 285 1350 terrum

148 1374 242 1394 suam

103 1410 288 1440 revocabit.

104 2466 303 2496 Incendium

133 2511 166 2539 in
184 2511 273 2539 saltu

107 2554 301 2584 meridiano.

139 3001 276 3032 Gladius

89 3045 223 3075 Domini
250 3052 328 3073 mox

119 3089 300 3124 evaginan-

170 3135 244 3171 dus;

381 83 466 127 942
981 80 1055 120 ΕΖ.
1090 78 1197 132 xx,
1233 78 1285 119 31
1321 103 1381 107 -
1411 70 1546 129 xxr',
1582 78 1619 117 7.

383 253 496 295 Haec
519 251 628 295 dicit
655 249 870 293 Dominus
895 249 1042 290 Deus:
1067 246 1196 288 Certe
1222 245 1268 289 in
1286 245 1358 287 via
1379 249 1557 300 patrum
1575 249 1819 287 vestrorum
1843 259 1920 287 vos
1944 244 2219 302 polluimini,

381 318 425 356 01
456 316 556 368 post
587 307 859 353 offendicula
892 319 1042 349 eorum
1074 319 1153 347 vos
1185 303 1497 357 fornicaniini3
1529 303 1562 329 3¹
1591 307 1635 345 et
1666 302 1712 346 in
1747 303 1972 348 oblatione
2005 304 2222 347 donorum

380 375 650 422 vestrorum,
689 380 790 409 cum
826 364 1060 409 traducitis
1092 363 1207 406 filios
1244 367 1412 408 vestros
1454 377 1530 419 per
1565 362 1738 418 ignem,
1773 376 1850 405 vos
1886 362 2139 418 polluimini
2174 363 2221 405 in

381 429 585 473 omuibus
625 425 757 470 idolis
792 424 952 468 vestiis
991 438 1128 479 usque
1164 422 1324 478 hodie,
1364 427 1408 465 et
1448 435 1531 477 ego
1567 421 1842 477 respondebo
1875 421 2028 477 vobis,
2067 422 2222 469 domus

382 486 549 532 Israel?
572 485 689 529 Vivo
712 499 813 540 ego,
842 483 952 527 dicit
983 483 1199 528 Dominus
1231 483 1370 537 DeuS‚
1397 481 1500 536 quia
1524 495 1613 524 non
1637 481 1912 539 respond-ebo
1933 481 2075 524 vobis.

439 545 475 572 32
492 546 648 601 Neque
678 543 891 599 cogitatio
915 542 1078 586 ment-is
1107 546 1268 585 vestrae
1293 541 1391 597 fiet,
1419 540 1692 584 dicentium:
1724 540 1900 585 Erimus
1926 540 2042 583 sicut
2066 546 2222 596 gentes

381 611 422 649 et
448 604 561 648 sicut
588 603 876 659 cognationes
898 607 1049 656 terrae,
1073 606 1122 646 01
1143 601 1341 646 0010111110
1367 600 1490 656 ligna
1517 604 1561 643 et
1586 599 1768 655 lapides.
1795 599 1832 627 33
1849 600 1967 643 Vivo
1995 614 2090 656 ego,
2115 599 2226 643 dicit

381 664 599 709 Dominus
629 664 771 718 Deus,
795 661 1004 718 quoniam
1030 661 1076 706 in
1103 676 1238 706 manu
1262 660 1392 715 forti,
1419 665 1463 704 et
1493 659 1539 703 in
1564 659 1748 703 brachio
1773 664 1980 716 extento,
2011 664 2056 702 01
2079 660 2126 704 in
2151 659 2224 704 fu-

379 738 475 769 rore
496 722 662 778 effuso,
689 722 886 778 regnabo
918 735 1160 777 supervos.
1188 720 1225 749 34
1243 721 1301 762 Et
1331 719 1519 763 educam
1544 734 1626 762 vos
1653 718 1708 761 de
1737 719 1931 775 populis,
1964 724 2008 762 et
2041 715 2223 775 congre—

379 783 497 839 gabo
517 796 595 826 Vos
620 782 673 826 de
698 781 826 826 terris
846 781 892 825 in
920 781 1080 836 quibus
1102 779 1287 836 dispersi
1310 779 1440 835 estis,
1463 779 1510 822 in
1532 793 1668 822 manu
1694 778 1864 834 valida,
1889 784 1932 822 et
1960 779 2008 822 in
2038 778 2222 823 brachio

380 847 582 897 extento,
612 847 657 885 et
684 841 731 884 in
764 841 914 886 furore
949 840 1113 895 effuso,
1147 839 1344 895 regnabo
1373 853 1505 895 super
1534 853 1626 881 vos.
1658 837 1694 864 35
1722 839 1780 880 Et
1811 838 2034 895 adducam
2068 852 2147 881 vos
2179 837 2224 882 in

380 902 604 946 desertum
628 901 912 957 populorum,
935 905 980 943 et
1004 899 1240 956 jucueabor
1261 899 1493 943 vobiscum
1519 897 1580 942 ibi
1610 897 1730 943 facie
1756 897 1813 940 ad
1838 898 2018 941 faciem.
2047 897 2084 924 36
2103 897 2227 941 Sicut

379 961 549 1016 judicio
583 960 790 1003 contendi
823 959 1062 1002 adversum
1094 964 1242 1015 patres
1275 963 1446 1001 vestros
1474 958 1521 1000 in
1550 958 1724 1003 deserto
1757 962 1884 1000 terrae
1913 957 2129 1014 AEgypti,
2161 956 2226 1001 sic

379 1020 590 1076 judicabo
621 1034 719 1076 vos,
747 1019 856 1062 dicit
882 1019 1100 1062 Dominus
1130 1019 1264 1062 Deus,
1295 1017 1330 1044 3⁷
1355 1019 1412 1061 Et
1444 1016 1686 1073 subjiciam
1711 1030 1790 1059 vos
1820 1022 1994 1073 sceptro
2028 1031 2148 1072 meo,
2182 1021 2228 1059 et

380 1080 591 1123 inducam
616 1094 694 1122 vos
718 1079 765 1121 in
790 1078 982 1122 vinculis
1014 1078 1214 1122 foederis.
1240 1077 1276 1123 33
1296 1078 1354 1120 Et
1381 1077 1547 1132 eligam
1579 1076 1633 1122 de
1658 1075 1786 1118 vobis
1811 1081 2158 1132 transgressores
2184 1080 2228 1121 et

379 1139 560 1196 impios,
585 1145 627 1183 et
658 1138 711 1182 de
742 1143 858 1182 terra
879 1137 1100 1183 inco-latus
1126 1152 1277 1181 eorum
1304 1137 1492 1183 educam
1518 1150 1612 1192 000,
1636 1141 1681 1179 01
1708 1135 1755 1179 111
1781 1140 1946 1178 terram
1971 1136 2114 1179 Israel
2139 1148 2228 1178 non

379 1198 709 1254 ingredientur3
735 1203 780 1241 et
805 1197 954 1240 scietis
980 1197 1084 1252 quia
1110 1211 1191 1252 ego
1217 1197 1446 1241 Dominus.

440 1258 476 1284 39
495 1259 553 1301 Et
582 1272 680 1314 vos,
710 1258 866 1300 domus
893 1257 1053 1313 Israel,
1081 1257 1177 1300 haec
1212 1256 1322 1299 dicit
1353 1256 1571 1300 Dominus
1608 1257 1727 1299 Deus
1750 1271 1758 1299 :
1787 1254 1958 1309 Singuli
1985 1259 2085 1311 post
2109 1254 2229 1300 idola

381 1323 526 1361 vestra
556 1317 805 1373 ambulate,
838 1322 882 1360 et
906 1316 1067 1360 servite
1095 1316 1169 1359 eis.
1201 1316 1327 1366 Quod
1351 1316 1387 1359 si
1414 1320 1458 1359 et
1482 1315 1527 1357 in
1559 1316 1642 1358 1100
1671 1329 1761 1358 non
1794 1314 2025 1358 audieritis
2059 1328 2150 1370 me,
2187 1319 2230 1357 01

381 1392 542 1422 nomen
568 1391 717 1420 meum
742 1382 947 1419 sanctum
980 1375 1229 1432 pollueritis
1255 1376 1371 1418 ultra
1400 1375 1446 1418 in
1477 1374 1734 1418 muneribus
1761 1373 1919 1418 vestris
1947 1379 1990 1418 et
2021 1374 2069 1419 111
2097 1372 2230 1417 idolis

383 1437 567 1481 vestris:
601 1436 637 1462 4⁰
657 1437 706 1481 111
730 1442 881 1481 monte
914 1442 1069 1479 sancto
1102 1450 1219 1491 meo,
1250 1435 1297 1477 in
1325 1440 1477 1478 monte
1511 1435 1687 1478 excelso
1723 1433 1884 1490 Israel,
1908 1434 1973 1475 ait
2012 1433 2232 1479 Domi-nus

383 1498 524 1551 Deus,
550 1494 614 1539 ibi
642 1496 804 1540 serviet
826 1495 937 1538 mihi
964 1496 1105 1538 omnis
1129 1495 1286 1538 domus
1317 1495 1456 1538 Israel
1479 1511 1490 1538 ε
1515 1508 1688 1549 omnes,
1716 1493 1922 1549 inquam,
1954 1493 1999 1535 in
2034 1498 2151 1536 terra
2182 1492 2231 1536 in

383 1572 467 1612 qua
493 1556 735 1616 placebunt
761 1555 895 1609 mihi,
921 1561 964 1598 et
988 1555 1051 1597 ibi
1075 1569 1272 1610 quaeram
1298 1554 1518 1610 primitias
1540 1559 1732 1608 vestras,
1759 1558 1802 1595 et
1826 1552 2007 1595 initium
2035 1552 2228 1599 decima-

383 1631 480 1658 rum
501 1622 768 1670 vestrarum,
791 1615 837 1656 in
861 1614 1066 1657 omnibus
1093 1613 1524 1657 sanctificationibus
1543 1611 1715 1656 vestris,
1743 1611 1777 1637 4¹
1799 1612 1854 1654 In
1877 1612 2057 1657 odorem
2083 1611 2231 1655 suavi-

384 1676 488 1718 tatis
515 1674 754 1731 suscipiam
782 1688 880 1728 vos,
909 1688 1011 1717 cum
1033 1673 1225 1718 eduxero
1252 1673 1410 1716 vosde
1433 1672 1627 1729 populis,
1656 1676 1699 1715 et
1724 1685 2053 1728 congregavero
2071 1685 2149 1717 vos
2178 1671 2232 1717 de

384 1735 511 1778 terris
535 1735 582 1777 in
608 1748 716 1790 quas
740 1733 926 1789 dispersi
944 1732 1082 1787 estis,
1112 1738 1155 1775 et
1177 1732 1491 1777 sanctificabor
1515 1732 1561 1775 in
1584 1731 1710 1774 vobis
1742 1731 1789 1774 in
1819 1731 1958 1774 oculis
1985 1731 2232 1776 nationum.

384 1793 421 1820 4‘2
440 1795 498 1837 Et
519 1793 669 1837 scietis
696 1792 798 1848 quia
825 1807 909 1848 ego
942 1793 1179 1848 Dominus,
1212 1806 1314 1837 cum
1346 1791 1562 1835 induxero
1592 1805 1670 1834 vos
1701 1790 1757 1833 ad
1792 1795 1955 1835 terram
1986 1790 2151 1846 Israel,
2186 1790 2232 1835 in

385 1859 547 1897 terram
580 1867 658 1909 pro
691 1867 777 1908 qua
811 1852 957 1894 levavi
997 1866 1179 1894 manum
1212 1866 1379 1906 meam,
1414 1856 1462 1893 ut
1497 1851 1648 1893 darem
1682 1864 1781 1893 eam
1819 1850 2020 1906 patribus
2061 1849 2232 1894 vestris.

385 1913 422 1940 43
448 1915 504 1957 Et
536 1911 881 1956 recordabimini
913 1911 977 1953 ibi
1007 1911 1179 1954 viarum
1212 1915 1481 1965 vestrarum,
1513 1915 1556 1953 et
1587 1909 1786 1952 omnium
1817 1909 2035 1954 scelerum
2067 1914 2233 1952 vestro—

384 1987 502 2029 rum,
520 1972 678 2028 quibus
702 1970 860 2027 polluti
883 1970 988 2013 estis
1010 1971 1057 2012 in
1083 1971 1173 2025 eis,
1197 1976 1240 2013 et
1263 1969 1559 2026 displicebitis
1582 1968 1708 2012 vobis
1726 1968 1773 2013 in
1798 1974 2038 2025 conspectu
2063 1974 2231 2024 vestro,

384 2032 427 2074 in
458 2032 661 2076 omnib-us
688 2030 869 2074 malitiis
896 2030 1052 2073 vestris
1075 2044 1184 2085 quas
1219 2029 1408 2074 fecistis.
1435 2029 1471 2055 44
1490 2030 1549 2072 Et
1580 2028 1728 2072 sciet-is
1756 2027 1859 2083 quia
1886 2043 1968 2084 ego
1993 2028 2233 2084 Dominus,

386 2106 488 2135 cum
510 2091 772 2135 benefecero
791 2089 919 2132 vobis
942 2094 1120 2146 propter
1141 2103 1302 2133 nomen
1326 2103 1488 2138 meum,
1513 2093 1558 2131 et
1575 2102 1664 2131 non
1682 2087 1928 2135 secundum
1947 2088 2045 2131 vias
2061 2093 2234 2131 vestras

386 2151 546 2206 malas,
575 2164 715 2205 neque
742 2148 987 2193 secundum
1013 2149 1181 2194 scelera
1199 2153 1347 2194 vestra
1376 2148 1590 2205 pessima,
1619 2148 1776 2191 domus
1802 2147 1965 2202 Israel,
1990 2147 2054 2191 ait
2081 2146 2234 2193 Domi—

385 2225 466 2254 nus
493 2211 627 2256 Deus,

602 2329 624 2382 ξ
656 2326 791 2371 VIII.
825 2352 885 2361 -—-
915 2326 1065 2371 Israel
1095 2332 1295 2370 vastatas
1332 2325 1533 2369 incendio
1565 2331 1604 2370 et
1634 2324 1789 2380 qladio
1816 2325 2014 2369 Domini.

447 2450 483 2476 45
509 2451 563 2494 Et
595 2449 746 2495 iactus
778 2453 843 2492 est
871 2462 1014 2491 sermo
1052 2447 1234 2493 Domini
1260 2447 1318 2491 ad
1347 2462 1438 2502 me,
1467 2446 1650 2490 dicens:
1684 2445 1721 2472 4⁶
1748 2446 1835 2488 Fili
1869 2445 2087 2500 hominis,
2122 2459 2236 2502 pone

387 2509 554 2554 faciem
579 2514 703 2554 tuam
727 2512 880 2551 contra
903 2507 1024 2551 viam
1045 2505 1205 2562 austri,
1232 2511 1276 2550 et
1298 2506 1420 2550 stilla
1445 2506 1502 2548 ad
1527 2505 1743 2561 africum,
1762 2511 1806 2548 et
1828 2504 2044 2561 propheta
2071 2504 2129 2547 ad
2151 2504 2236 2549 sal-

387 2575 484 2616 tum
509 2567 606 2624 agri
628 2566 877 2611 meridiani.
904 2566 939 2592 47
963 2567 1021 2609 Et
1043 2566 1165 2609 dices
1190 2565 1325 2610 saltui
1350 2565 1598 2609 meri-diano
1619 2582 1627 2609 :
1657 2564 1779 2610 Audi
1805 2564 1991 2607 verbum
2026 2563 2235 2619 Domini3

388 2630 485 2672 haec
510 2628 620 2672 dicit
638 2627 858 2670 Dominus
882 2627 1002 2670 Deus
1021 2643 1029 2670 :
1053 2626 1170 2670 Ecce
1189 2640 1269 2681 ego
1292 2624 1562 2668 succendam
1583 2625 1630 2667 in
1652 2629 1695 2668 te
1717 2624 1890 2679 ignem,
1911 2628 1955 2666 et
1978 2622 2237 2669 comburam

390 2688 435 2733 in
475 2693 520 2731 10
559 2701 689 2732 omne
726 2687 897 2743 lignum
933 2685 1095 2741 viride,
1128 2690 1171 2728 et
1206 2699 1335 2729 omne
1375 2684 1550 2740 lignum
1590 2683 1788 2738 aridum3
1828 2698 1916 2727 non
1953 2682 2237 2738 extinguetur

390 2747 572 2794 flamma
604 2746 931 2801 suc-censionis;
960 2750 1004 2788 et
1033 2744 1317 2788 comburetur
1341 2744 1387 2789 111
1414 2758 1466 2787 00
1491 2743 1634 2787 01111110
1663 2743 1806 2787 facies
1832 2742 1890 2786 ab
1915 2747 2065 2786 austro
2103 2756 2238 2797 usque

391 2808 447 2853 ad
484 2807 762 2863 aquilonem3
794 2805 830 2832 48
860 2811 904 2849 et
937 2805 1109 2849 videbit
1146 2804 1352 2847 universa
1386 2818 1486 2848 caro
1524 2803 1627 2859 quia
1660 2817 1743 2859 ego
1774 2802 1991 2847 Dominus
2027 2801 2238 2845 succendi

392 2882 512 2922 eam,
534 2881 615 2911 nec
640 2866 939 2921 extinguetur.
967 2864 1003 2891 49
1023 2864 1082 2909 Et
1103 2864 1221 2909 dixi:
1249 2864 1312 2919 A,
1339 2878 1387 2919 a,
1412 2878 1461 2918 a,
1485 2863 1680 2909 Domine
1708 2863 1851 2916 Deus3
1876 2861 1962 2917 ipsi
1994 2860 2150 2905 dicunt
2183 2860 2244 2918 de

393 2941 462 2969 me
484 2943 492 2970 :
519 2925 750 2981 Numquid
771 2939 858 2968 non
885 2939 961 2981 per
983 2923 1217 2980 parabolas
1243 2923 1438 2979 loquitur
1459 2921 1580 2966 iste?

454 2987 560 3031 CAP.
591 2985 717 3030 XXI.
752 3011 810 3018 --
846 2984 856 3010 ¹
886 2985 943 3028 Et
976 2984 1125 3027 factus
1160 2988 1225 3027 est
1258 2997 1402 3026 sermo
1441 2981 1622 3027 Domini
1659 2981 1716 3025 ad
1750 2995 1845 3036 me,
1879 2980 2032 3024 dicens
2063 2997 2072 3026 ε
2107 2979 2125 3006 2
2150 2980 2237 3023 Fili

393 3045 606 3100 hominis,
633 3059 747 3101 pone
772 3043 941 3088 facie-m
961 3049 1086 3087 tuam
1111 3043 1168 3087 ad
1194 3042 1468 3094 Jerusalem,
1491 3048 1534 3086 et
1559 3041 1679 3086 stilla
1704 3041 1761 3084 ad
1783 3040 2052 3094 sanctuaria,
2077 3045 2121 3084 01
2140 3053 2239 3096 pro-

394 3105 531 3162 pheta
553 3110 705 3147 contra
730 3104 917 3149 humum
943 3103 1097 3147 Israel.
1120 3102 1138 3129 3
1156 3103 1214 3145 Et
1236 3102 1357 3146 dices
1382 3107 1512 3144 terrae
1539 3100 1703 3145 Israel:
1734 3101 1847 3146 Haec
1875 3099 1986 3145 dicit
2021 3099 2238 3145 Dominus

396 3165 517 3210 Deus
539 3180 548 3207 t
572 3164 688 3208 Ecce
715 3177 795 3218 ego
821 3163 878 3206 ad
903 3168 967 3219 te,
995 3168 1039 3206 et
1061 3161 1241 3218 ejiciam
1263 3161 1466 3218 gladium
1489 3174 1637 3205 meum
1663 3159 1718 3205 de
1743 3159 1908 3215 vagina
1934 3173 2037 3215 sua,
2059 3163 2103 3202 et
2125 3158 2240 3202 occi-

397 3223 506 3269 dam
525 3223 574 3266 in
597 3227 639 3265 te
661 3222 830 3277 justum
855 3227 899 3265 et
926 3221 1129 3278 impium.
1155 3221 1173 3247 4
1191 3222 1278 3265 Pro
1299 3235 1348 3264 00
1371 3225 1523 3265 autem
1545 3219 1661 3276 quod
1688 3219 1830 3264 occidi
1859 3219 1906 3262 in
1936 3224 1980 3262 te
2001 3218 2174 3275 justum
2197 3223 2242 3261 et

396 3282 604 3340 impium,
635 3281 800 3325 idcirco
827 3281 1078 3336 egredietur
1103 3280 1280 3337 gladius
1305 3295 1430 3325 meus
1456 3280 1510 3325 de
1535 3278 1701 3335 vagina
1733 3293 1812 3323 sua
1844 3278 1901 3325 ad
1933 3292 2112 3323 omnem
2147 3291 2241 3321 car-

398 3357 521 3399 nem,
547 3342 604 3386 ab
627 3346 776 3386 austro
801 3354 938 3396 usque
960 3340 1016 3385 ad
1043 3341 1298 3396 aquilonem
1320 3357 1328 3384 ε
1359 3341 1376 3368 ⁵
1405 3345 1456 3385 ut
1480 3338 1593 3383 sciat
1619 3338 1762 3382 omnis
1789 3353 1890 3382 caro
1912 3338 2016 3394 quia
2041 3351 2122 3393 ego
2152 3337 2241 3382 Do-

399 3402 545 3447 minus
579 3400 713 3445 eduxi
747 3399 949 3456 gladium
978 3414 1126 3444 meun
1159 3400 1214 3444 de
1245 3400 1411 3456 vagina
1440 3413 1518 3443 sua
1551 3398 1902 3443 irrevocabilem.
1937 3397 1954 3424 6
1988 3398 2046 3440 Ε1
2074 3402 2142 3452 10,
2177 3396 2240 3439 fili

399 3460 612 3518 hominis,
639 3459 882 3517 ingemisce
915 3459 961 3502 in
987 3459 1252 3505 contritione
1277 3459 1550 3513 lumborum,
1575 3462 1618 3500 01
1645 3457 1692 3500 111
1722 3457 2093 3502 amaritudinibus
2116 3456 2240 3512 inge-

402 3521 536 3563 misce
568 3534 716 3563 coram
741 3519 816 3563 eis.
844 3518 858 3545 7
879 3519 1075 3574 Cumque
1102 3519 1298 3562 dixerint
1323 3519 1380 3561 ad
1410 3523 1454 3560 te
1476 3534 1484 3561 ε
1516 3517 1658 3567 Quare
1685 3522 1733 3560 tu
1765 3516 1938 3573 gemis?
1967 3516 2087 3560 dices
2110 3533 2118 3560 :
2155 3516 2239 3559 Pro

402 3580 581 3636 auditu3
610 3580 711 3636 quia
733 3578 876 3638 venit,
901 3583 944 3623 et
965 3578 1164 3622 tabescet
1189 3591 1317 3622 omne
1344 3591 1428 3634 cor,
1449 3582 1491 3620 et
1515 3576 1811 3621 dissolventur
1827 3576 2046 3620 universae
2065 3588 2237 3632 manus,
