2423 3861
190 1512 350 1541 Terribile

165 1556 372 1591 praeludinm.

191 1793 351 1821 Parabola

229 1838 306 1865 boni

188 1882 344 1917 pastoris.

198 3150 359 3179 Parabola

227 3194 326 3222 stulti

202 3243 358 3271 pastoris.

458 128 572 170 1038
637 172 643 178 ,
1067 123 1206 163 ΖΑΟΗ.
1241 121 1302 175 X,
1337 122 1364 162 4
1397 145 1456 153 —
1487 120 1577 173 XI,
1615 122 1678 162 17.

457 297 580 352 quasi
607 309 765 350 equum
791 293 944 347 gloriae
970 305 1061 333 suae
1082 290 1128 332 in
1154 289 1284 332 bello.
1307 288 1324 314 4
1347 290 1414 331 Ex
1438 288 1534 344 ipso
1560 289 1772 344 angulus,
1799 303 1854 332 ex
1877 289 1974 346 ipso
1998 291 2215 346 paxillus,
2238 306 2294 335 ex

455 356 551 411 ipso
575 367 703 396 arcus
727 350 892 407 praelii,
916 364 969 392 ex
985 349 1082 405 ipso
1105 348 1358 404 egredietur
1376 347 1518 390 omnis
1536 352 1716 390 exactor
1737 348 1883 393 simul.
1903 348 1920 375 ⁵
1941 349 2000 392 Et
2018 356 2148 393 erunt
2169 351 2294 406 quasi

456 414 594 456 fortes
617 410 928 454 conculcantes
957 408 1101 450 lutum
1128 407 1300 450 viarum
1324 407 1371 449 in
1398 406 1571 463 praelio,
1598 414 1643 449 et
1666 406 1919 463 bellabunt,
1946 407 2050 463 quia
2075 410 2293 453 Dominus

456 486 556 515 cum
588 471 674 524 eis,
711 475 754 512 et
782 467 1115 511 confundentur
1146 480 1401 510 ascensores
1433 480 1660 521 equorum.
1689 466 1707 492 6
1732 467 1791 509 Et
1820 466 2086 510 confortabo
2113 468 2294 511 domum

455 530 599 584 Juda,
636 534 681 571 et
719 527 902 570 domum
940 527 1108 582 <loseph
1147 526 1360 578 salvab03
1401 530 1446 568 et
1485 531 1742 568 convertam
1780 538 1878 581 eos,
1918 525 2021 581 quia
2056 526 2296 571 miserebor

455 603 603 632 eorum
621 605 630 642 3
651 593 695 630 et
721 592 847 629 erunt
871 586 986 628 sicut
1007 586 1191 628 fuerunt
1216 584 1393 640 quando
1415 599 1504 627 non
1530 585 1803 640 projeceram
1824 598 1927 628 eos:
1953 599 2035 641 ego
2062 585 2182 629 enim
2207 587 2295 630 Do-

455 648 600 690 minus
628 647 747 689 Deus
770 660 945 701 eorum,
969 650 1013 688 et
1034 645 1273 688 exaudiam
1299 657 1386 687 000.
1406 643 1421 670 7
1442 645 1499 686 Et
1524 649 1653 687 erunt
1678 643 1801 700 quasi
1827 644 1968 687 fortes
1995 644 2230 701 Ephraim,
2254 651 2297 689 et

453 706 680 750 laetabitur
705 719 778 749 cor
800 719 950 748 eorum
976 704 1101 760 quasi
1126 719 1152 746 a
1170 704 1299 758 vino3
1329 708 1372 746 et
1393 703 1473 745 filii
1499 717 1650 746 eorum
1676 703 1913 760 videbunt,
1941 708 1987 747 et
2007 704 2295 759 laetabuntur,

451 772 497 809 et
522 764 744 809 exultabit
769 778 843 807 001·
867 778 1018 807 eorum
1042 763 1090 806 in
1116 763 1323 807 Domino.
2171 766 2175 770 “

513 825 530 852 8
557 824 754 869 Sibilabo
787 824 870 880 eis,
898 829 941 867 et
974 823 1257 878 congregabo
1282 822 1404 878 illos,
1435 823 1537 879 quia
1570 823 1738 867 redemi
1774 836 1872 877 e0s3
1908 827 1953 866 et
1985 823 2296 880 multiplioebo

453 899 526 928 eos
551 884 666 927 sicut
697 889 801 926 ante
825 883 1006 926 fuerant
1032 882 1335 939 multiplicati.
1362 882 1379 908 9
1403 882 1715 925 Etseminabo
1745 896 1819 925 eos
1852 882 1898 924 in
1930 882 2129 939 populis,
2165 888 2208 926 et
2242 882 2296 926 de

453 945 585 1000 longe
608 942 960 986 recordabuntur
983 942 1095 996 mei,
1128 946 1173 985 et
1197 941 1351 985 vivent-
1375 956 1478 984 cum
1509 941 1613 984 filiis
1645 942 1757 998 suis,
1784 948 1829 985 et
1856 947 2147 985 revertentur.
2179 941 2215 968 10
2240 942 2298 985 Et

452 1004 662 1047 reducam
689 1016 761 1045 eos
788 1002 841 1045 de
872 999 986 1044 terra
1012 1001 1223 1057 AEgypti,
1252 1007 1295 1044 et
1320 1001 1374 1044 de
1399 1001 1596 1057 Assyriis
1631 1001 1913 1057 congregabo
1940 1016 2034 1057 eos,
2061 1007 2106 1044 et
2130 1001 2187 1044 ad
2211 1006 2297 1044 ter-

453 1078 547 1106 ram
578 1061 753 1106 Galaad
780 1066 824 1104 et
848 1060 1011 1103 Libani
1044 1060 1267 1103 adducam
1302 1075 1396 1116 eos,
1430 1066 1474 1103 et
1508 1074 1594 1103 non
1627 1060 1879 1103 invenietur
1911 1061 1973 1104 eis
2007 1061 2156 1115 locus;
2194 1060 2227 1086 11
2254 1065 2299 1103 et

453 1122 659 1165 transibit
677 1121 721 1163 in
741 1121 875 1163 maris
893 1121 1023 1176 freto,
1045 1125 1087 1162 et
1109 1120 1326 1176 percutiet
1343 1119 1389 1162 in
1409 1120 1519 1162 mari
1543 1119 1716 1174 fluctus,
1737 1125 1780 1162 et
1799 1120 2132 1163 confundentur
2149 1119 2299 1163 omnia

452 1181 678 1239 profunda
702 1179 920 1234 fluminis,
948 1184 991 1222 et.
1023 1179 1336 1222 humiliabitur
1359 1179 1567 1235 superbia
1597 1180 1750 1233 Assur,
1777 1185 1823 1222 et
1849 1186 2077 1235 sceptrum
2107 1178 2298 1235 AEgypti

451 1241 640 1285 recedet.
661 1239 696 1266 ¹2
713 1239 988 1283 Confer-tabo
1011 1252 1085 1282 eos
1105 1239 1152 1282 in
1174 1239 1381 1296 Domino,
1405 1243 1450 1282 et
1470 1238 1518 1282 111
1538 1237 1718 1282 nomine
1741 1238 1838 1294 ejus
1859 1238 2170 1296 ambulabunt,
2191 1237 2299 1281 dicit

453 1300 683 1344 Dominus.

957 1369 980 1421 ξ
1013 1366 1076 1408 ΙΙ.
1109 1392 1169 1398 —
1200 1366 1272 1409 De
1298 1366 1557 1422 pastoribus
1590 1366 1789 1409 Israelis.

511 1478 618 1521 CAP.
653 1476 736 1520 XI.
762 1499 821 1508 ——
854 1474 867 1500 1
892 1473 1050 1532 Aperi,
1090 1474 1286 1530 Libane,
1325 1479 1473 1531 portas
1511 1479 1630 1529 tuas,
1669 1479 1714 1517 et
1751 1474 1956 1517 comedat
1991 1473 2111 1530 ignis
2147 1473 2298 1516 cedros

453 1541 565 1579 tuas.
592 1534 609 1561 2
629 1534 785 1590 Ulula,
811 1534 955 1590 abies,
984 1534 1087 1589 quia
1109 1533 1271 1577 cecidit
1297 1533 1474 1588 cedrus,
1499 1534 1709 1588 quoniam
1734 1532 1963 1589 magnifici
1981 1532 2146 1576 vastati
2166 1537 2293 1587 sunt;

453 1595 642 1651 ululate,
670 1608 855 1651 quercus
885 1595 1052 1649 Basan,
1080 1593 1290 1649 quoniam
1312 1592 1514 1636 succisus
1543 1598 1610 1635 est
1635 1593 1774 1636 saltus
1805 1593 2015 1636 munitus
2043 1592 2060 1619 3
2079 1593 2178 1636 Vox
2204 1591 2298 1635 ulu-

453 1655 570 1698 latus
594 1659 836 1710 pastorum,
855 1653 959 1709 quia
977 1657 1153 1695 vastata
1173 1657 1239 1696 est
1257 1652 1592 1707 magnificentia
1611 1666 1786 1707 eorum,
1812 1666 1896 1695 vox
1912 1651 2087 1707 rugitus
2106 1652 2297 1706 leonum,

454 1714 661 1770 quoniam
687 1718 862 1755 vastata
888 1718 955 1755 est
980 1712 1187 1768 superbia
1213 1712 1437 1757 Jordauis.

513 1772 529 1799 4
557 1774 669 1815 Haec
694 1771 804 1815 dicit
832 1772 1048 1815 Dominus
1083 1772 1203 1814 Deus
1238 1786 1392 1815 meus:
1420 1772 1558 1814 Pasce
1594 1784 1753 1827 pecora
1779 1771 2034 1825 occisionis,
2061 1771 2078 1797 ⁵
2096 1785 2195 1826 quae
2225 1770 2300 1826 qui

454 1831 737 1890 possederant
756 1831 1042 1886 occidebant,
1067 1836 1110 1874 et
1132 1845 1220 1874 non
1247 1830 1478 1885 dolebant,
1504 1836 1548 1874 et
1573 1829 1829 1873 vendebant
1859 1844 1930 1885 ea,
1956 1829 2157 1873 dicentes
2179 1847 2188 1874 :
2215 1831 2300 1874 Be-

452 1892 657 1935 nedictus
681 1890 925 1934 Dominus!
948 1890 1113 1933 divites
1138 1890 1251 1933 facti
1275 1905 1451 1944 sumus,
1478 1896 1523 1933 et
1548 1895 1746 1946 pastores
1769 1903 1920 1932 eorum
1947 1903 2036 1932 non
2058 1889 2302 1945 parcebant

452 1952 529 1995 eis.
557 1951 574 1977 6
596 1952 653 1993 Et
677 1964 759 2006 ego
786 1964 872 1994 non
899 1964 1081 2006 parcam
1108 1949 1224 1992 ultra
1249 1963 1380 2005 super
1404 1949 1660 1991 habitantes
1695 1954 1879 2005 terram,
1907 1948 2017 1991 dicit
2052 1948 2300 2003 Dominus3

453 2025 557 2054 ecce
589 2024 671 2066 ego
709 2009 884 2052 tradam
922 2009 1144 2064 homines,
1181 2022 1538 2064 unumquemque
1569 2008 1616 2051 in
1649 2022 1783 2050 manu
1818 2007 2010 2064 proximi
2043 2007 2134 2064 sui,
2173 2013 2217 2051 et
2253 2007 2302 2051 in

455 2085 589 2113 manu
613 2069 731 2125 regis
756 2068 847 2123 sui3
877 2074 920 2111 et
947 2068 1183 2111 concident
1209 2074 1393 2123 terram,
1420 2073 1464 2111 et
1489 2082 1577 2111 non
1601 2082 1752 2111 eruam
1778 2067 1834 2111 de
1861 2082 1996 2111 manu
2021 2081 2186 2112 eorum.
2209 2066 2225 2093 ⁷
2243 2067 2303 2110 Et

455 2144 633 2186 pascam
657 2142 789 2185 pecus
816 2127 1050 2171 occisionis
1076 2134 1255 2184 propter
1276 2127 1372 2183 hoc,
1397 2141 1421 2170 0
1440 2141 1656 2184 pauperes
1677 2127 1847 2183 gregis!
1874 2128 1931 2170 Et
1951 2126 2173 2184 assumpsi
2192 2126 2301 2170 mihi

455 2189 564 2232 duas
582 2189 755 2243 virgas3
781 2202 915 2230 unam
934 2187 1093 2230 vocavi
1116 2188 1346 2242 Decorem,
1367 2193 1411 2230 et
1433 2187 1621 2230 alteram
1639 2186 1797 2229 vocavi
1821 2186 2092 2230 Funiculum
2110 2203 2118 2241 ;
2135 2191 2181 2230 et
2198 2186 2302 2242 pavi

453 2262 648 2304 gregem.
679 2248 695 2274 3
715 2247 773 2290 Et
797 2247 968 2290 succidi
995 2253 1082 2289 tres
1112 2252 1309 2304 pastores
1338 2247 1384 2289 in
1416 2261 1566 2290 mense
1597 2260 1704 2301 uno,
1731 2252 1776 2290 et
1805 2251 2036 2289 contracta
2061 2252 2128 2289 est
2152 2245 2302 2288 anima

456 2323 555 2351 mea
586 2308 631 2350 in
662 2307 744 2362 eis,
780 2307 1000 2362 siquidem
1035 2311 1077 2349 et
1109 2307 1261 2349 anima
1296 2321 1444 2349 eorum
1479 2306 1672 2348 variavit
1703 2306 1748 2348 in
1788 2320 1871 2349 me.
1907 2305 1924 2331 9
1949 2305 2008 2348 Et
2035 2305 2129 2348 dixi
2157 2321 2166 2348 ε
2200 2305 2302 2348 Non

455 2382 637 2425 pascam
661 2381 761 2421 vos3
791 2366 907 2422 quod
934 2366 1131 2419 moritur,
1164 2366 1401 2421 moriatur,
1433 2371 1478 2408 et
1509 2365 1627 2421 quod
1661 2365 1918 2421 succiditur,
1952 2364 2230 2418 succidatur3
2259 2370 2303 2408 et

455 2427 611 2483 reliqui
639 2427 852 2470 devorent
873 2426 1174 2482 unusquisque
1197 2440 1376 2469 carnem
1403 2425 1595 2482 proximi
1621 2425 1701 2468 sui.
1723 2424 1759 2450 1⁰
1777 2425 1837 2467 Et
1858 2425 1940 2467 tuli
1959 2424 2134 2480 virgam
2154 2438 2302 2468 meam

454 2501 554 2543 quae
580 2486 823 2530 vocabatur
851 2486 1018 2540 Decus,
1049 2490 1092 2529 et
1124 2485 1297 2528 abscidi
1326 2499 1447 2540 eam,
1475 2490 1525 2528 ut
1548 2484 1724 2527 irritum
1754 2484 1953 2527 facerem
1977 2483 2127 2526 foedus
2154 2497 2302 2526 meum

457 2545 572 2602 quod
595 2545 789 2602 percussi
814 2559 916 2588 cum
938 2544 1143 2587 omnibus
1166 2544 1355 2602 populis.
1381 2544 1413 2570 11
1435 2546 1492 2588 Et
1517 2544 1563 2587 in
1588 2544 1763 2587 irritum
1790 2543 2035 2587 deductum
2058 2547 2127 2585 est
2154 2542 2201 2585 in
2231 2541 2303 2585 die

455 2605 558 2659 illa3
584 2610 628 2648 et
653 2610 958 2660 cognoverunt
982 2603 1045 2646 sic
1063 2618 1278 2660 pauperes
1297 2604 1460 2661 gregis,
1482 2604 1557 2660 qui
1575 2603 1834 2647 custodiunt
1853 2602 1976 2659 mihi,
1996 2601 2099 2659 quia
2116 2601 2303 2645 verbum

460 2664 640 2708 Domini
663 2670 743 2707 est.

518 2723 553 2749 ¹²
579 2724 637 2766 Et
662 2723 755 2766 dixi
781 2723 836 2766 ad
867 2737 940 2767 eos
970 2740 978 2768 ε
1013 2724 1057 2767 Si
1092 2724 1258 2767 bonum
1292 2729 1358 2766 est
1393 2724 1439 2766 in
1474 2723 1612 2767 oculis
1639 2723 1819 2779 vestris,
1857 2723 2017 2766 afferte
2051 2721 2301 2765 mercedem

459 2798 631 2838 meam,
667 2787 711 2826 et
747 2782 782 2825 si
816 2797 926 2837 non,
961 2783 1186 2839 quiescite.
1223 2783 1282 2826 Et
1313 2783 1624 2840 appenderunt
1657 2782 1907 2826 mercedem
1939 2796 2087 2825 meam
2116 2780 2302 2836 triginta

458 2848 706 2898 argenteos.
734 2841 770 2868 13
789 2841 846 2884 Et
873 2842 986 2885 dixit
1013 2843 1230 2886 Dominus
1251 2843 1310 2886 ad
1335 2857 1432 2886 me:
1456 2842 1633 2898 Projice
1653 2842 1767 2885 illud
1791 2841 1849 2885 ad
1875 2840 2153 2895 statuarium,
2173 2839 2301 2883 deco-

458 2917 555 2945 rum
581 2902 772 2959 pretium
801 2915 886 2957 quo
915 2902 1190 2958 appretiatus
1215 2916 1313 2945 sum
1342 2902 1399 2944 ab
1433 2902 1509 2946 eis.
1544 2902 1604 2944 Et
1636 2901 1718 2944 tuli
1752 2901 1938 2957 triginta
1966 2905 2225 2955 argenteos,
2257 2905 2302 2942 et

459 2961 626 3018 projeci
663 2961 764 3004 illos
803 2960 850 3003 in
886 2960 1068 3004 domum
1106 2961 1309 3018 Domini,
1346 2961 1404 3004 ad
1441 2961 1719 3004 statuarium.
1759 2960 1794 2986 ¹4
1820 2960 1880 3003 Et
1910 2958 2095 3015 praecidi
2129 2959 2301 3014 virgam

461 3034 606 3063 meam
639 3020 904 3075 secundam,
930 3034 1029 3076 quae
1053 3021 1365 3077 appellabatur
1391 3020 1655 3076 Funiculus,
1683 3025 1733 3062 ut
1765 3018 2054 3063 dissolverem
2078 3017 2300 3074 germani-

462 3084 600 3122 tatem
622 3079 737 3122 inter
762 3079 930 3122 Judam
956 3084 1001 3123 et
1026 3079 1178 3123 Israel.

522 3137 557 3164 ¹⁵
579 3138 637 3181 Et
670 3137 785 3180 dixit
815 3138 1033 3182 Dominus
1065 3139 1123 3183 ad
1159 3154 1230 3183 me
1263 3157 1272 3184 :
1309 3140 1472 3183 Adhuc
1513 3153 1637 3183 sume
1673 3137 1755 3181 tibi
1790 3151 1897 3180 vasa
1934 3137 2122 3194 pastoris
2159 3136 2298 3180 stulti.

463 3198 499 3225 16
516 3197 627 3249 Quia
649 3211 751 3240 ecce
777 3210 859 3252 ego
881 3198 1105 3242 suscitabo
1130 3205 1353 3256 pastorem
1382 3199 1428 3242 in
1458 3204 1595 3254 terra,
1623 3197 1695 3254 qui
1726 3196 1939 3239 derelicta
1964 3211 2051 3240 non
2078 3195 2299 3250 visitabit,

463 3258 710 3315 dispersum
744 3269 829 3298 non
860 3262 1048 3313 quaeret,
1086 3263 1130 3301 et
1163 3259 1401 3301 contritum
1436 3273 1524 3302 non
1556 3256 1754 3312 sanabit,
1788 3262 1831 3299 et
1864 3255 1909 3298 id
1943 3255 2059 3311 quod
2092 3261 2181 3298 stat
2211 3268 2301 3298 non

462 3316 676 3371 enutriet,
709 3320 755 3359 et
779 3329 933 3359 carnes
958 3315 1193 3372 pinguium
1223 3317 1447 3373 comedet,
1475 3323 1518 3360 et
1546 3315 1738 3372 ungulas
1767 3329 1918 3358 eorum
1951 3314 2179 3358 dissolvet.
2206 3313 2296 3359 1⁷0

463 3381 624 3433 pastor,
652 3380 696 3419 et
726 3374 897 3418 idolum
923 3374 1230 3431 derelinquens
1255 3391 1439 3433 gregem
1462 3393 1470 3420 :
1494 3375 1672 3432 gladius
1696 3389 1826 3431 super
1855 3374 2084 3417 brachium
2112 3374 2230 3431 ejus,
2247 3377 2295 3419 et

464 3450 592 3491 super
617 3434 796 3479 oculum
821 3434 1028 3477 dextrum
1054 3435 1174 3491 ejus,
1199 3436 1430 3478 brachium
1456 3435 1552 3491 ejus
1573 3433 1783 3478 ariditate
1805 3432 2058 3491 siccabitur,
2079 3439 2125 3477 et
2145 3433 2296 3478 oculus

466 3494 619 3537 dexter
640 3494 737 3550 ejus
760 3493 1069 3537 tenebrescens
1091 3493 1411 3537 obscurabitur.

470 3641 501 3666 11
518 3640 584 3673 ,12]
612 3641 732 3667 Martii.
751 3641 901 3675 XXVII,
917 3644 943 3668 9.
