2391 3861
736 196 848 239 cnr..
884 196 962 251 iv,
999 197 1017 238 1
1054 220 1113 229 .-
1143 195 1198 249 1η
1230 196 1270 236 4.
1800 193 1912 235 1:287

95 306 565 313 —————————-—-——--⁴.---
576 306 617 309 ,μᾷ
632 306 637 308 ,

333 402 357 457 ξ
391 401 480 443 ΠΙ.
509 380 568 433 ⁸—-
600 399 692 442 Sul>
723 400 810 454 1090
842 401 1045 452 servitus,
1075 399 1252 441 libertas
1274 413 1358 455 per
1391 399 1675 454 evanqelium.

154 518 261 561 CAP.
289 517 368 558 IV.
393 540 452 548 —
479 513 491 540 ¹
517 513 627 557 Dico
655 520 826 569 autem,
859 519 1023 568 quanto
1057 519 1252 588 ternpore
1287 513 1411 557 lieres
1446 513 1653 569 parvulus
1683 519 1768 568 est,
1803 514 1911 556 nihil

94 575 248 618 differt
267 589 294 616 a
314 587 453 628 servo,
473 587 571 615 cum
594 572 651 614 sit
674 572 877 614 domiuus
900 572 1123 625 omnium3
1149 590 1164 596 -
1182 571 1258 614 sed
1285 572 1366 613 sub
1388 572 1605 614 tutoribus
1623 577 1668 616 et
1691 572 1915 615 actoribus

95 640 180 685 est,
204 647 338 689 usque
364 631 422 675 ad
447 631 715 689 praefinitum
745 636 920 686 tempus
944 644 970 672 a
996 635 1133 687 patre.
1160 630 1178 656 3
1195 631 1266 672 Ita
1292 636 1336 673 et
1363 645 1442 673 nos
1471 645 1572 673 cum
1598 645 1795 674 essemus
1817 646 1914 687 par-

94 693 207 748 vuli,
237 692 318 734 sub
351 689 581 735 elementis
615 688 769 732 mundi
803 703 976 732 eramus
1008 688 1262 732 servientes.
1297 687 1313 712 4
1333 690 1391 732 At
1427 689 1501 732 ubi
1534 690 1657 732 venit
1686 690 1913 746 plenitudo

94 752 316 808 temporis,
347 749 468 792 misit
494 750 613 793 Deus
639 747 803 791 Filium
830 762 972 802 suum,
998 747 1172 790 factum
1198 762 1253 790 ex
1279 748 1474 803 muliere,
1497 748 1668 791 factum
1696 749 1776 791 sub
1803 749 1916 805 lege,

95 810 110 836 ’ὖ
130 817 177 852 ut
198 825 269 853 eos
292 809 365 865 qui
391 809 470 852 sub
492 807 591 863 lege
613 812 738 850 erant
756 806 1004 862 redimeret,
1024 812 1073 848 ut
1093 806 1376 863 adoptionem
1400 807 1587 849 filiorum
1607 808 1913 863 reciperemus.

93 870 110 895 ὓ
128 868 342 918 Quoniam
370 874 517 911 autem
543 867 648 910 estis
670 865 769 916 filii„
798 865 917 907 misit
945 866 1064 908 Deus
1088 865 1298 921 Spiritum
1322 864 1425 907 Filii
1449 866 1515 907 sui
1542 866 1588 907 in
1606 866 1737 908 corda
1757 873 1913 922 vestra,

95 928 361 971 clamantem
385 944 394 971 2
419 926 570 980 Abba,
605 926 750 968 Pater.
776 924 791 949 7
813 925 970 980 Itaque
995 924 1089 980 jam
1123 938 1208 967 non
1235 930 1301 966 est
1327 937 1496 979 servus,
1524 925 1600 967 sed
1634 925 1764 967 filius.
1791 925 1914 975 Quod

93 987 128 1028 si
152 986 285 1040 filius,
307 993 349 1028 et
371 987 494 1029 heres
518 999 594 1042 per
617 984 773 1027 Deum.
810 1034 814 1039 ι

151 1045 167 1071 ³
194 1045 278 1089 Sed
306 1051 410 1088 tunc
436 1044 611 1100 quidem
644 1043 901 1099 ignorantes
935 1044 1100 1097 D'eum,
1131 1043 1185 1085 iis
1209 1043 1281 1098 qui
1309 1048 1467 1085 natura
1501 1057 1585 1085 non
1613 1049 1715 1085 sunt
1741 1043 1801 1086 dii
1827 1058 1913 1087 ser-

92 1105 295 1148 viebatis.
310 1104 327 1129 9
347 1105 475 1146 Nunc
496 1108 647 1146 autem
667 1117 764 1145 cum
786 1102 1080 1158 cognoveritis
1106 1103 1269 1158 Deum,
1294 1102 1429 1145 immo
1449 1103 1615 1157 cogniti
1639 1102 1734 1144 sitis
1760 1117 1783 1144 a
1810 1105 1914 1158 Deo,

93 1164 310 1220 quomodo
338 1162 643 1206 convertimini
666 1162 826 1204 iterum
849 1160 904 1203 ad
929 1161 1101 1203 infirma
1124 1167 1167 1204 et
1187 1175 1327 1217 egena
1345 1161 1576 1216 elementa,
1596 1161 1754 1216 quibus
1773 1161 1915 1204 denuo

93 1224 253 1267 servire
290 1222 465 1265 vultis?
500 1221 535 1248 1⁰
569 1221 673 1264 Dies
715 1220 978 1275 observatis,
1021 1227 1063 1263 et
1104 1234 1296 1276 menses5
1336 1225 1380 1263 et
1419 1226 1639 1276 tempora,
1680 1226 1724 1262 et
1764 1234 1915 1263 annos.

94 1283 124 1308 ¹¹
147 1283 299 1326 Timeo
321 1296 419 1336 vos,
445 1295 499 1324 ne
525 1281 641 1323 forte
667 1280 761 1323 sine
788 1294 917 1322 causa
943 1279 1235 1322 laboraverim
1260 1279 1306 1322 111
1332 1279 1471 1322 vobis.

156 1342 188 1368 ¹²
208 1343 361 1384 Estote
386 1341 501 1384 sicut
531 1354 632 1396 ego,
657 1339 758 1395 quia
784 1344 827 1382 et
853 1353 934 1395 ego
960 1339 1074 1382 sicut
1100 1353 1190 1381 vos.
1226 1339 1425 1393 Fratres,
1453 1339 1632 1381 obsecro
1659 1353 1736 1382 vos
1762 1355 1771 1382 :
1805 1339 1915 1381 nihil

93 1416 162 1445 nie
200 1401 390 1444 laesistis.
421 1399 456 1426 ¹3
481 1399 612 1443 Scitis
648 1404 797 1442 autem
835 1398 937 1453 quia
970 1412 1047 1454 per
1087 1397 1390 1440 infirmitatem
1429 1398 1572 1441 carnis
1609 1398 1914 1453 evangelizavi

92 1460 218 1503 vobis
240 1459 534 1516 jampride1n3
561 1464 604 1501 et
629 1458 919 1501 tentationem
942 1461 1136 1500 vestram
1160 1457 1206 1499 in
1226 1471 1356 1500 carne
1379 1471 1478 1500 mea
1503 1456 1537 1483 ‘¹4
1560 1471 1647 1500 non
1673 1457 1915 1513 sprevistis,

93 1534 232 1575 neque
268 1518 523 1575 respuistis;
557 1517 632 1560 sed
666 1517 780 1559 sicut
813 1515 1023 1571 angelum
1058 1516 1140 1559 Dei
1169 1516 1404 1572 excepistis
1434 1531 1524 1571 me,
1552 1516 1665 1559 sicut
1692 1516 1915 1559 Christum

93 1580 261 1622 desum.
296 1578 331 1604 ¹⁵
349 1577 437 1621 Ubi
471 1582 538 1620 est
575 1590 679 1632 ergo
712 1575 942 1619 beatitudo
980 1574 1162 1618 vestra?
1198 1575 1523 1618 Testimonium
1556 1575 1673 1618 euim
1706 1575 1915 1631 perhibeo

92 1637 217 1680 vobis
247 1636 368 1692 quia,
399 1636 435 1678 si
470 1635 562 1678 fieri
597 1640 765 1692 posset,
799 1633 947 1676 oculos
976 1640 1144 1676 vestros
1176 1633 1419 1688 eruissetis,
1453 1640 1495 1677 et
1530 1633 1762 1677 dedissetis
1793 1634 1915 1677 mihi.

93 1697 129 1723 ¹⁶
152 1697 266 1752 Ergo
291 1695 499 1738 inimicus
528 1694 654 1736 vobis
687 1694 836 1736 factus
869 1707 986 1748 sum,
1019 1707 1173 1735 verum
1207 1692 1358 1735 dicens
1384 1693 1542 1736 vobis?
1575 1692 1608 1718 ¹⁷
1628 1693 1917 1735 AEmulantur

91 1770 170 1799 vos
195 1769 280 1798 non
306 1755 444 1809 bene,
476 1752 554 1796 sed
587 1752 819 1796 excludere
849 1766 927 1795 vos
952 1752 1128 1807 volunt,
1164 1757 1213 1794 ut
1240 1751 1340 1794 illos
1373 1751 1656 1795 aemulemini.
1685 1751 1720 1778 '¹8
1744 1752 1918 1794 Bonum

91 1820 240 1858 autem
262 1813 535 1857 aemulamini
557 1812 602 1854 in
624 1812 739 1854 bono
765 1826 947 1867 semper,
969 1817 1013 1853 et
1033 1825 1121 1854 non
1143 1815 1319 1853 tantum
1343 1826 1442 1854 cum
1465 1825 1658 1868 praesens
1676 1825 1774 1853 sum
1799 1810 1917 1867 apud

91 1888 182 1916 vos.
210 1873 245 1899 '¹9
262 1872 416 1916 Filioli
432 1871 540 1927 mei,
560 1885 666 1927 quos
687 1871 848 1913 iterum
871 1870 1079 1927 parturio,
1100 1869 1239 1913 donec
1261 1871 1479 1913 formetur
1499 1870 1695 1913 Christus
1712 1869 1759 1912 in
1777 1869 1916 1913 vobis.

92 1932 129 1959 ‘2⁰
148 1932 319 1976 Vellem
344 1938 494 1974 autem
520 1945 613 1973 esse
639 1929 754 1987 apud
782 1943 858 1971 vos
885 1928 1036 1983 modo,
1063 1934 1106 1972 et
1135 1934 1307 1971 mutare
1331 1943 1484 1972 vocem
1514 1944 1679 1984 meam,
1709 1929 1917 1985 quoniam

93 1991 342 2035 confundor
361 1991 407 2033 111
436 1989 573 2033 vobis.

152 2050 183 2077 Ἢ
214 2050 360 2093 Dicite
395 2050 524 2105 mihi,
552 2050 624 2106 qui
651 2051 731 2093 sub
758 2050 855 2106 lege
881 2050 1015 2093 vultis
1050 2065 1143 2094 esse
1169 2063 1179 2090 ε
1209 2051 1353 2106 legem
1386 2065 1473 2093 non
1504 2050 1711 2106 legistis?
1738 2048 1774 2075 2'2
1805 2049 1917 2093 Scri-

91 2117 213 2167 ptum
257 2116 324 2152 est
358 2109 476 2151 enim
511 2110 715 2163 quoniam
736 2109 963 2152 Abraham
984 2110 1093 2152 duos
1111 2110 1225 2153 filios
1243 2109 1414 2164 habuit,
1437 2109 1651 2152 unumde
1676 2107 1854 2162 ancilla,
1875 2113 1918 2150 et

91 2184 228 2211 unum
259 2169 312 2212 de
337 2170 490 2211 libera.
517 2167 554 2194 23
573 2169 659 2212 Sed
685 2168 758 2224 qui
785 2168 838 2211 de
870 2169 1056 2224 ancilla,
1086 2169 1328 2212 secundum
1356 2183 1532 2211 carnem
1563 2174 1692 2211 natus
1718 2174 1806 2220 est,
1842 2167 1916 2222 qui

91 2235 239 2271 autem
267 2228 321 2270 de
346 2228 504 2283 libera,
535 2242 611 2284 per
643 2228 1040 2284 repromissionem.
1072 2227 1108 2254 ‘24
1130 2228 1236 2278 Quae
1262 2234 1365 2271 sunt
1390 2243 1466 2284 per
1492 2227 1752 2283 allegoriam
1784 2227 1915 2268 dicta.

93 2288 204 2330 Haec
232 2287 350 2330 enim
374 2291 477 2329 sunt
498 2287 584 2330 duo
610 2291 908 2331 testamenta:
933 2302 1070 2330 unum
1101 2287 1280 2343 quidem
1309 2288 1355 2330 in
1386 2292 1534 2330 monte
1559 2287 1685 2340 Sina,
1711 2286 1757 2328 in
1783 2285 1916 2328 servi—

91 2353 229 2389 tutem
263 2360 502 2402 generans,
534 2361 631 2402 quae
665 2352 733 2389 est
764 2347 910 2402 Agar,
945 2345 982 2373 ⁶³5
1009 2347 1112 2390 Sina
1146 2347 1265 2390 enirn
1298 2361 1423 2390 mons
1450 2351 1516 2389 est
1546 2346 1593 2388 in
1624 2345 1812 2399 Arabia,
1843 2345 1917 2400 qui

92 2405 356 2461 conjunctus
379 2411 447 2449 est
465 2406 504 2449 ei
527 2420 624 2461 quae
646 2419 763 2449 nunc
789 2412 856 2448 est
877 2406 1146 2462 Jerusalem,
1171 2411 1214 2449 01
1239 2406 1375 2449 servit
1397 2420 1497 2449 cum
1519 2405 1625 2448 filiis
1649 2405 1763 2459 suis3
1786 2402 1919 2446 ’261110

90 2471 240 2507 autem
277 2479 378 2520 quae
417 2479 591 2508 sursum
628 2470 697 2508 est
725 2465 993 2521 Jerusalem,
1031 2465 1171 2516 libera
1210 2471 1299 2521 est3
1339 2479 1437 2521 quae
1476 2470 1541 2507 est
1578 2469 1718 2506 mater
1754 2468 1915 2506 nostra.

91 2522 126 2550 2⁷
146 2523 369 2580 Scriptum
393 2529 460 2567 est
482 2525 600 2567 enim
620 2539 628 2567 :
653 2525 844 2579 Laetare,
872 2525 1054 2581 sterilis,
1078 2539 1176 2581 quae
1202 2538 1290 2567 non
1307 2525 1450 2581 paris,
1479 2537 1670 2580 erumpe,
1690 2528 1733 2566 et
1759 2523 1915 2579 clama,

91 2597 191 2638 quae
220 2597 308 2626 non
334 2583 550 2639 parturis3
578 2583 681 2639 quia
710 2583 838 2626 multi
864 2584 944 2627 filii
971 2584 1177 2639 desertae,
1205 2584 1348 2640 magis
1374 2597 1507 2639 quam
1537 2583 1637 2639 ejus
1659 2596 1758 2637 quae
1783 2581 1918 2624 habet

90 2642 248 2685 virum.
275 2641 314 2668 ²⁸
333 2643 425 2685 Nos
457 2647 629 2698 autem,
662 2643 843 2697 fratres,
874 2644 1117 2686 secundum
1151 2644 1280 2686 Isaac
1310 2642 1613 2700 promissionis
1643 2641 1722 2684 filii
1752 2654 1916 2684 sumus.

92 2699 128 2726 29
147 2700 230 2744 Sed
253 2701 472 2756 quomodo
493 2707 599 2745 tunc
622 2702 661 2744 is
684 2702 758 2758 qui
777 2703 1020 2745 secundum
1041 2717 1218 2746 earnem
1245 2707 1376 2745 natus
1392 2701 1554 2753 fuerat,
1574 2700 1920 2758 persequebatur

91 2774 193 2802 eum
218 2760 290 2815 qui
324 2760 567 2803 secundum
600 2762 824 2818 spiritum,
861 2762 922 2804 ita
955 2768 1000 2805 et
1031 2776 1163 2804 nunc.
1196 2761 1232 2788 30
1259 2761 1342 2804 Sed
1373 2760 1478 2816 quid
1513 2761 1622 2804 dicit
1655 2759 1916 2816 Scriptura?

93 2819 219 2874 Ejice
240 2819 464 2875 ancillam,
484 2825 527 2863 et
549 2820 688 2863 filium
712 2821 834 2876 ejus:
859 2835 944 2864 11011
971 2821 1089 2864 0111111
1115 2822 1239 2863 heres
1263 2821 1345 2863 erit
1370 2820 1486 2863 filius
1507 2820 1686 2863 ancillae
1709 2833 1807 2861 cnm
1827 2819 1919 2862 filio
1957 2841 1962 2846 ·

91 2878 256 2921 liberae.
283 2878 316 2905 3¹
342 2879 518 2934 Itaque,
545 2880 728 2933 fratres,
755 2894 841 2922 non
868 2894 1019 2922 sumus
1039 2880 1216 2922 ancillae
1242 2879 1344 2934 filii,
1371 2879 1447 2922 sed
1474 2879 1648 2935 liberae,
1676 2891 1761 2933 qua
1786 2877 1917 2919 liber—

91 2941 182 2980 tate
209 2937 408 2980 Christus
430 2951 508 2981 nos
533 2937 751 2981 liberavit.

485 3087 700 3141 PARS
752 3087 1086 3158 TERTIA,
1144 3087 1524 3143 MORALIS

222 3219 244 3272 ξ
276 3218 312 3260 Ι.
345 3244 404 3249 --
435 3218 647 3260 Ηονίαιὶο
679 3218 741 3259 ar]
775 3216 966 3262 Galatas
995 3225 1044 3260 ut
1070 3219 1115 3261 in
1149 3218 1344 3262 libertate
1374 3219 1542 3264 Christi
1572 3195 1786 3263 maneant.

151 3325 258 3368 CAP.
280 3326 336 3369 V.
353 3352 413 3358 —
436 3325 446 3351 ¹
467 3326 603 3380 State,
627 3331 670 3369 et
691 3325 827 3369 nolite
851 3325 1009 3369 iterum
1031 3326 1138 3382 jugo
1164 3327 1389 3371 servitutis
1412 3328 1640 3370 contineri.
1661 3326 1678 3352 2
1697 3329 1816 3370 Ecce
1835 3342 1917 3384 ego

95 3383 256 3427 Paulus
282 3383 381 3428 dico
406 3383 553 3441 vobis,
581 3384 786 3440 quoniam
818 3384 854 3427 si
880 3385 1283 3441 circumcidamini,
1312 3385 1510 3430 Christus
1532 3386 1659 3429 vobis
1685 3385 1797 3429 nihil
1818 3401 1913 3444 pro-

93 3443 220 3486 derit.
246 3441 510 3487 ³Testificor
531 3448 677 3487 autem
713 3458 859 3487 rursus
889 3444 1009 3487 omni
1041 3444 1209 3488 homini
1244 3445 1580 3488 circumcidenti
1613 3459 1682 3500 se,
1708 3446 1915 3501 quoniam

91 3501 266 3545 debitor
286 3507 353 3545 est
377 3501 594 3546 universae
623 3502 732 3558 legis
756 3502 992 3546 faciendae.
1011 3502 1027 3529 4
1043 3503 1260 3547 Evacuati
1279 3504 1382 3547 estis
1400 3519 1426 3546 a
1446 3503 1638 3560 Christo,
1659 3503 1735 3560 qui
1749 3504 1795 3547 in
1817 3504 1915 3561 lege

92 3646 236 3717 2Χ21761011.
255 3644 406 3679 XV1,15
423 3650 459 3673 et
475 3646 578 3682 XXI,
595 3650 621 3675 2.
639 3648 738 3680 —--27]
763 3647 806 3675 Is.
824 3646 911 3681 LIV,
930 3649 954 3675 1.
972 3660 1010 3666 -
1027 3648 1074 3681 28]
1098 3648 1193 3676 Rom.
1214 3648 1279 3683 IX,
1297 3651 1323 3677 8.
1340 3663 1376 3667 —-
1391 3648 1537 3682 30](11011.
1555 3648 1635 3676 XXI
1650 3669 1656 3683 ,
1674 3651 1718 3677 lc.
1737 3664 1772 3669 —-
1789 3650 1818 3684 2]
1840 3651 1915 3678 Act.

157 3709 164 3724 ,
196 3710 203 3717 .

1979 522 2134 551 Christus
2159 529 2218 550 1103

2028 566 2164 594 redemit

1998 619 2015 638 a
2034 610 2200 638 servitum

2054 653 2149 687 legis.

2057 1050 2149 1079 Pauli

2008 1093 2161 1127 objurga«
2175 1094 2202 1120 io

2016 1141 2050 1166 et
2068 1137 2189 1165 effusi„

2047 1179 2165 1208 cordis.

1999 2053 2089 2085 Agar
2106 2052 2214 2085 figura

2002 2095 2106 2130 logis,
2128 2095 2207 2122 Sara

2017 2137 2195 2171 evangelii.

1993 3340 2211 3370 Circumcisio

2026 3384 2176 3413 inutilis.

2018 3428 2090 3457 sola
2107 3428 2188 3458 fides

2029 3472 2176 3505 prodest.
