2423 3861
200 1313 295 1343 visio

179 1359 298 1392 quinta
313 1366 319 1386 :

159 1402 320 1431 Dominus
333 1424 339 1435 ‚

142 1450 235 1475 stans
253 1454 354 1479 super

189 1492 295 1520 altare
307 1513 313 1526 ‚

128 1536 275 1564 ultiones
290 1544 368 1564 suas

168 1580 330 1614 praedieit.

145 2674 350 2703 Pmmittun-

152 2722 208 2747 tur
226 2724 337 2748 tamen

169 2768 318 2796 tempora

142 2806 349 2836 felicissima.

446 126 556 169 1012
1034 122 1125 163 AM.
1161 121 1300 166 VIII,
1338 121 1362 162 6
1396 144 1454 151 -
1487 119 1574 172 IX,
1611 119 1678 160 15.
1710 164 1713 167 ,

441 296 620 349 siclum,
663 303 704 336 et
744 303 1043 347 supponamus
1081 294 1268 330 stateras
1306 287 1501 342 dolosas,
1532 288 1549 312 ὓ
1575 292 1622 329 ut
1658 286 1964 342 possideamus
2000 289 2047 331 in
2085 295 2274 347 argento

441 367 602 409 egenos
626 358 668 395 et
689 363 903 407 pauperes
927 362 1004 405 pro
1032 346 1369 401 calceamentis,
1397 351 1441 389 et
1467 343 1726 401 quisquilias
1751 346 1968 389 frumenti
1993 348 2273 393 vendamus?

501 412 517 438 7
531 411 709 455 Juravit
734 407 950 451 Dominus
970 407 1018 448 in
1039 405 1293 462 superbiam
1315 405 1458 448 Jacob
1477 405 1553 448 :Si
1574 404 1737 447 oblitus
1756 404 1883 447 fuero
1902 419 2040 461 usque
2061 407 2118 450 ad
2139 408 2275 451 finem

439 471 587 515 omnia
615 483 741 525 opera
777 466 952 513 eorum!
987 465 1004 491 8
1027 464 1257 520 Numquid
1291 478 1421 520 super
1452 464 1537 507 isto
1569 478 1658 506 non
1691 463 2045 507 commovebitur
2068 470 2204 523 terra,
2231 480 2275 511 et

438 529 610 585 lugebit
635 526 776 570 omnis
801 525 1028 567 habitator
1052 524 1174 579 ejus;
1203 528 1245 566 et
1272 523 1484 566 ascendet
1509 522 1633 579 quasi
1658 522 1820 566 fluvius
1846 523 2100 581 universus,
2124 527 2275 583 etreji-

439 589 590 642 cietur,
615 590 657 629 et
679 584 843 628 defluet
865 583 990 640 quasi
1011 583 1132 626 rivus
1156 581 1385 639 AEgypti?
1413 581 1430 608 9
1446 583 1507 624 Et
1532 582 1615 625 erit
1638 581 1685 624 in
1711 582 1782 626 die
1804 583 1904 639 illa,
1924 583 2035 627 dicit
2058 584 2276 628 Dominus

418 648 578 699 Deus,
606 644 780 687 occidet
804 643 870 686 sol
894 643 941 685 in
967 642 1171 697 meridie,
1199 647 1243 685 et
1263 641 1569 685 tenebrescere
1591 642 1761 685 faciam
1788 648 1952 686 terram
1976 642 2024 685 in
2051 643 2122 687 die
2146 643 2278 687 lumi-

435 706 533 759 nis;
574 703 609 729 '¹⁰
634 708 677 746 et
714 707 973 746 convertam
1006 701 1280 745 festivitates
1314 707 1485 744 vestras
1521 701 1567 743 in
1604 701 1800 758 luctum,
1838 707 1883 745 et
1916 702 2066 745 omnia
2099 703 2278 747 cantica

436 769 581 806 vestra
606 763 652 805 in
678 762 934 819 planctum,
963 767 1007 804 et
1031 761 1245 803 inducam
1267 774 1398 816 super
1421 774 1550 803 omne
1580 760 1758 819 dorsum
1780 766 1978 804 vestrum
2001 776 2206 819 saccum,
2224 774 2276 807 ·et

436 837 566 879 super
592 836 721 865 omne
747 826 881 878 caput
915 821 1176 875 calvitium3
1209 826 1251 862 et
1281 834 1444 876 ponam
1477 834 1577 863 eam
1603 821 1728 876 quasi
1762 821 1933 863 luctum
1958 821 2202 877 unigeniti,
2233 830 2278 865 et

435 881 675 925 novissima
701 880 797 936 ejus
825 880 948 936 quasi
976 879 1095 923 diem
1119 893 1335 922 amarum.
1360 878 1392 904 11
1414 880 1530 922 Ecce
1558 879 1651 923 dies
1678 880 1882 936 veniunt,
1911 879 2020 922 dicit
2043 881 2275 936 Dominus,

436 947 479 984 et
505 942 681 983 mittam
706 941 877 982 famem
901 939 948 982 in
973 944 1165 995 terram3
1194 953 1283 982 non
1313 939 1484 982 famem
1514 938 1663 995 panis,
1691 953 1832 995 neque
1866 939 1990 982 sitim
2019 954 2168 996 aquae,
2200 941 2276 984 sed

435 1000 644 1044 audiendi
671 999 855 1043 verbum
882 999 1077 1042 Domini.
1110 996 1145 1024 '¹2
1170 999 1228 1041 Et
1248 998 1659 1041 commovebuntur
1683 1013 1708 1040 a
1739 999 1849 1041 mari
1884 1013 2022 1055 usque
2050 999 2108 1042 ad
2133 1014 2273 1055 mare,

436 1066 478 1103 et
502 1060 558 1102 ab
585 1059 792 1115 aquilone
814 1073 951 1114 usque
974 1057 1030 1100 ad
1053 1058 1293 1111 orientem,
1318 1057 1571 1100 circuibunt
1593 1062 1842 1113 quaerentes
1863 1058 2048 1101 verbum
2072 1059 2274 1115 Domini,

436 1125 479 1162 et
503 1134 591 1163 non
616 1119 859 1162 invenient.
885 1117 921 1144 ¹3
943 1118 998 1161 In
1025 1118 1096 1161 die
1120 1117 1200 1160 illa
1227 1117 1437 1160 deficient
1454 1117 1651 1172 virgines
1676 1117 1876 1174 pulchrae
1902 1122 1945 1160 et
1971 1118 2275 1162 adolescentes

434 1179 480 1220 in
501 1179 595 1234 siti,
618 1178 651 1204 ¹4
665 1178 740 1233 qui
761 1178 914 1234 jurant
938 1177 985 1220 in
1012 1177 1176 1220 delicto
1202 1176 1429 1232 Samariae,
1454 1181 1499 1220 et
1520 1176 1675 1219 dicunt
1693 1193 1701 1220 :
1721 1176 1847 1218 Vivit
1870 1177 1991 1219 Deus
2012 1182 2126 1233 tuus,
2153 1178 2273 1221 Dan!

435 1244 477 1280 et
503 1238 628 1280 Vivit
653 1238 726 1280 via
753 1237 994 1280 Bersabee!
1022 1242 1065 1280 et
1088 1236 1271 1291 cadent,
1300 1241 1344 1279 et
1368 1250 1457 1279 non
1482 1241 1716 1292 resurgent
1737 1236 1866 1279 ultra.

494 1299 602 1342 CAP.
626 1298 707 1339 IX.
733 1323 793 1328 —-
818 1297 831 1322 1
851 1296 959 1339 Vidi
986 1297 1230 1339 Dominum
1263 1301 1458 1338 stantem
1490 1309 1622 1352 super
1649 1296 1812 1351 altare,
1838 1300 1882 1339 et
1912 1295 2028 1338 dixit
2053 1313 2062 1339 ε
2089 1297 2277 1340 Percute

434 1358 685 1412 cardinem,
729 1362 772 1400 et
817 1361 1181 1399 commoveantur
1221 1354 1604 1411 superliminaria,
1644 1355 1834 1397 avaritia
1875 1354 2012 1398 enim‘
2037 1355 2085 1397 in
2130 1355 2276 1413 capite

435 1417 657 1471 omnium,
693 1422 736 1459 et
765 1415 1058 1459 novissimum
1084 1429 1237 1458 eorum
1260 1414 1307 1456 in
1340 1414 1492 1470 gladio
1517 1414 1807 1470 interficiam,
1834 1429 1924 1457 non
1946 1414 2028 1457 erit
2060 1414 2174 1470 fuga
2198 1415 2275 1459 eis.

434 1476 648 1532 Fugient,
677 1481 722 1519 et
746 1489 835 1518 non
861 1474 1109 1517 salvabitur
1134 1489 1190 1517 ex
1213 1474 1275 1517 eis
1305 1474 1380 1529 qui
1404 1473 1590 1529 fugerit.
1614 1472 1632 1498 ²
1650 1473 1694 1517 Si
1721 1473 2033 1517 descenderint
2058 1488 2194 1530 usque
2218 1474 2276 1517 ad

432 1536 672 1590 infernum,
698 1535 805 1578 inde
831 1548 989 1576 manus
1014 1548 1115 1577 mea
1140 1533 1301 1576 educet
1325 1547 1424 1588 eos3
1452 1538 1496 1576 et
1517 1533 1553 1575 si
1576 1533 1862 1576 ascenderint
1879 1533 2082 1589 usquein
2100 1532 2274 1590 caelum,

432 1595 536 1638 inde
569 1595 805 1637 detra-ham
837 1607 923 1636 eos.
951 1593 969 1619 3
993 1595 1051 1636 Et
1082 1593 1118 1636 si
1151 1592 1405 1636 absconditi
1437 1592 1610 1635 fuerint
1644 1592 1692 1634 in
1725 1592 1891 1636 vertice
1921 1593 2138 1649 Carmeli,
2163 1593 2276 1636 <inde

433 1660 636 1697 scrutans
668 1654 872 1696 auferam
906 1667 1004 1707 eos;
1039 1658 1083 1696 et
1115 1652 1152 1695 si
1186 1651 1432 1695 celaverint
1466 1666 1512 1695 se
1550 1651 1605 1694 ab
1645 1651 1784 1694 oculis
1822 1652 1932 1694 meis
1967 1652 2015 1694 in
2051 1652 2275 1709 profundo

434 1713 588 1768 maris,
614 1713 678 1755 ibi
701 1713 924 1756 mandabo
949 1711 1163 1769 serpenti,
1192 1717 1235 1755 et
1261 1711 1481 1754 mordebit
1507 1725 1594 1754 eos.
1622 1710 1639 1736 4
1658 1712 1716 1753 Et
1737 1711 1773 1753 si
1799 1711 1990 1754 abierint
2014 1711 2062 1754 in
2087 1712 2274 1768 captivi-

434 1778 573 1816 tatem
597 1787 744 1816 coram
769 1771 963 1815 inimicis
987 1771 1101 1826 suis,
1126 1771 1190 1814 ibi
1212 1770 1438 1813 mandabo
1462 1770 1635 1826 gladio,
1661 1775 1705 1813 et
1727 1770 1900 1813 occidet
1923 1785 2019 1825 eos,
2044 1775 2089 1813 et
2112 1785 2275 1827 ponam

418 1833 582 1877 ‘oculos
609 1846 729 1874 meos
754 1846 885 1888 super
910 1846 983 1874 eos
1010 1831 1055 1873 in
1086 1830 1275 1886 malum,
1304 1834 1347 1872 et
1373 1844 1460 1872 non
1492 1830 1538 1871 in
1572 1830 1752 1872 bonum.
1776 1829 1792 1855 5
1820 1830 1877 1872 Et
1904 1829 2121 1872 Dominus
2155 1831 2275 1874 Deus

434 1892 721 1946 exercituum,
742 1891 815 1946 qui
841 1891 989 1946 tangit
1015 1896 1190 1946 terram,
1211 1895 1254 1933 et
1280 1889 1505 1944 tabescet,
1534 1895 1577 1932 et
1604 1888 1823 1944 lugebunt
1846 1903 1998 1931 omnes
2018 1888 2277 1932 habitantes

431 1951 478 1993 in
512 1965 583 2005 ea,
614 1956 658 1993 et
690 1950 902 1993 ascendet
938 1950 1051 1993 sicut
1083 1950 1205 1991 rivus
1241 1949 1410 2004 omnis,
1449 1954 1493 1991 et
1530 1947 1694 1991 defluet
1727 1947 1843 1990 sicut
1875 1947 2038 1990 fluvius
2069 1948 2278 2005 AEgypffi-

434 2010 450 2037 ⁶
471 2011 553 2061 Qui
581 2010 774 2052 aedificat
797 2009 844 2052 in
871 2009 980 2052 caelo
1006 2009 1313 2052 ascensionem
1339 2022 1486 2064 suam,
1515 2012 1559 2050 et
1583 2007 1855 2051 fasciculum
1881 2021 2009 2050 suum
2033 2021 2166 2064 super
2189 2012 2275 2051 ter-

431 2084 526 2112 ram
567 2069 806 2123 fundavit3
847 2069 921 2124 qui
963 2074 1092 2112 vocat
1133 2082 1269 2123 aquas
1309 2067 1468 2122 maris,
1508 2071 1553 2109 et
1589 2066 1783 2109 effundi-t
1823 2081 1898 2109 eas
1937 2080 2068 2123 super
2107 2066 2275 2110 faciem

431 2137 583 2183 terrae3
614 2129 832 2172 Dominus
858 2142 1019 2171 nomen
1046 2128 1156 2183 ejus.
1182 2127 1196 2152 7
1218 2126 1448 2182 Numquid
1478 2140 1566 2169 non
1589 2132 1638 2168 ut
1667 2126 1747 2168 filii
1773 2125 2040 2183 AEthiopum
2065 2140 2145 2169 vos
2169 2126 2274 2170 estis

432 2189 560 2244 mihi,
588 2188 667 2231 filii
698 2187 871 2231 Israel?
902 2188 966 2230 ait
1001 2187 1232 2230 Dominus.
1266 2186 1496 2242 Numquid
1529 2200 1618 2229 non
1647 2186 1790 2228 Israel
1822 2185 2061 2229 ascendere
2094 2185 2186 2228 feci
2220 2185 2275 2229 de

430 2254 544 2292 terra
570 2248 781 2305 AEgypti,
809 2253 854 2291 et
887 2246 1149 2290 Palaestinos
1175 2246 1229 2289 de
1257 2245 1562 2302 Cappadocia,
1587 2250 1631 2288 et
1657 2245 1788 2301 Syros
1815 2245 1870 2288 de
1893 2244 2095 2301 Cyrene?
2116 2241 2275 2288 8Ecce

431 2308 545 2351 oculi
586 2307 765 2351 Domini
805 2307 887 2350 Dei
925 2321 1056 2364 super
1091 2320 1279 2361 regnum
1316 2319 1507 2362 peccans
1537 2322 1546 2349 :
1584 2310 1629 2348 et
1669 2310 1898 2347 conteram
1933 2303 2046 2348 illud
2086 2319 2114 2347 a
2153 2304 2273 2348 facie

431 2375 586 2422 terrae,
622 2372 929 2410 verumtamen
966 2371 1196 2409 conterens
1230 2379 1319 2407 non
1353 2369 1583 2408 conteram
1616 2364 1799 2407 domum
1833 2363 1997 2420 Jacob,
2036 2363 2146 2407 dicit
2184 2364 2272 2407 Do-

429 2427 589 2469 minus.
620 2426 637 2452 9
664 2428 780 2470 Ecce
816 2426 935 2469 enim
972 2425 1195 2468 mandabo
1229 2439 1338 2480 ego,
1374 2428 1419 2467 et
1452 2424 1706 2467 concutiam
1742 2423 1788 2466 in
1821 2422 2028 2467 omnibus
2052 2422 2272 2479 gentibus

431 2486 611 2530 domum
634 2486 795 2542 Israel,
821 2485 937 2528 sicut
967 2484 1219 2528 concutitur
1243 2483 1445 2527 triticum
1475 2483 1524 2540 in
1558 2483 1721 2538 cribro,
1753 2489 1796 2526 et
1822 2496 1910 2525 non
1936 2482 2066 2542 cadet
2091 2478 2273 2538 lapillus

429 2560 559 2602 super
592 2551 768 2589 terram.
804 2544 840 2571 10
864 2545 919 2587 In
952 2544 1103 2600 gladio
1133 2543 1378 2587 morientur
1408 2557 1560 2586 omnes
1590 2548 1848 2599 ,peccatores
1876 2541 2031 2599 populi
2061 2541 2170 2596 mei,
2196 2542 2271 2597 qui

431 2606 583 2648 dicunt
606 2622 614 2649 :
638 2606 738 2648 Non
763 2603 1158 2662 appropinquabit,
1186 2608 1229 2647 et
1254 2617 1344 2646 non
1367 2603 1520 2646 veniet
1541 2616 1672 2659 super
1696 2616 1777 2645 nos
1799 2601 1982 2645 malum.

492 2665 522 2690 11
547 2665 600 2708 In
628 2665 699 2708 die
723 2664 803 2707 illa
831 2664 1055 2707 suscitabo
1085 2663 1426 2706 tabernaculum
1456 2661 1624 2717 David,
1657 2661 1774 2718 quod
1799 2660 1988 2716 cecidit3
2015 2665 2058 2704 et
2082 2659 2271 2704 reaedifi-

431 2724 539 2768 cabo
561 2730 790 2781 aperturas
812 2738 1039 2767 murorum
1061 2723 1171 2779 ejus,-
1195 2727 1238 2766 et
1260 2736 1311 2765 ea
1334 2736 1433 2778 quae
1457 2726 1712 2765 corruerant
1732 2720 2018 2776 instaurab03
2046 2724 2092 2763 et
2114 2717 2271 2763 reaedi-

430 2783 570 2826 ficabo
603 2783 715 2827 illud
736 2783 853 2827 sicut
873 2783 919 2826 in
945 2782 1100 2826 diebus
1126 2781 1346 2837 antiquis,
1376 2780 1412 2807 '¹2
1433 2786 1482 2824 ut
1507 2780 1765 2838 possideant
1788 2779 1998 2836 reliquias
2032 2778 2268 2837 Idu-maeae,

430 2849 474 2885 et
499 2857 651 2886 omnes
677 2843 899 2899 nationes,
926 2857 977 2886 eo
1004 2842 1119 2898 quod
1140 2841 1400 2884 invocatum
1429 2841 1486 2884 sit
1512 2854 1674 2884 nomen
1699 2853 1849 2882 meum
1870 2853 2005 2896 super
2026 2851 2100 2881 eos
2125 2854 2134 2882 :
2161 2836 2270 2880 dicit

431 2903 648 2945 Dominus
673 2903 846 2946 faciens
877 2903 988 2945 haec.
1017 2902 1052 2928 '¹3
1075 2902 1192 2944 Ecce
1226 2900 1320 2944 dies
1346 2900 1556 2956 veniunt,
1584 2900 1693 2943 dicit
1729 2895 1965 2954 Dominus,
1993 2901 2039 2940 et
2071 2909 2269 2953 compre-

434 2961 597 3004 hendet
621 2967 766 3005 arator
791 2976 1050 3017 messorem,
1075 2966 1119 3004 et
1141 2960 1336 3004 calcator
1357 2973 1457 3002 uvae
1485 2960 1738 3003 mittentem
1759 2972 1937 3012 semen3
1964 2961 2008 2999 et
2033 2954 2269 2998 stillabunt

431 3026 602 3063 montes
628 3020 931 3076 dulcedinem,
958 3028 1002 3064 et
1031 3034 1183 3064 omncs
1218 3019 1353 3063 colles
1388 3019 1496 3062 culti
1528 3024 1668 3062 erunt.
1697 3017 1731 3043 ¹4
1752 3018 1816 3060 Et
1841 3021 2098 3060 convertam
2126 3014 2267 3072 capti-

435 3079 617 3121 vitatem
640 3080 791 3135 populi
816 3080 902 3123 mei
930 3081 1094 3135 Israel;
1119 3084 1162 3122 et
1189 3078 1477 3122 aedificabunt
1503 3078 1708 3122 civitates
1732 3077 1948 3130 desertas,
1973 3080 2017 3118 et
2040 3074 2268 3117 inhabita-

431 3138 566 3192 bunt,
603 3144 645 3180 et
678 3139 945 3195 plantabunt
973 3140 1144 3195 vineas,
1178 3143 1222 3181 et
1247 3138 1404 3182 bibent
1428 3139 1584 3181 vinum
1613 3150 1784 3192 earu-m,
1816 3138 1860 3178 et
1891 3133 2063 3177 facient
2095 3133 2267 3188 hortos,

432 3203 476 3241 et
505 3197 737 3240 comedent
766 3198 939 3240 fructus
972 3213 1134 3241 eorum.
1167 3197 1202 3224 15
1229 3198 1286 3241 Et
1312 3198 1532 3254 ‘plantabo
1562 3210 1636 3240 ees
1668 3209 1798 3252 super
1830 3194 2015 3237 humum
2046 3207 2197 3248 suam,
2225 3200 2269 3236 et

431 3271 517 3300 non
548 3256 738 3299 evellam
764 3271 837 3300 eos
865 3257 979 3299 ultra
1006 3257 1059 3300 de
1086 3264 1200 3300 terra
1226 3271 1326 3313 sua,
1354 3271 1486 3312 quam
1516 3255 1618 3300 dedi
1645 3254 1729 3310 eis,
1757 3253 1866 3296 dicit
1901 3252 2119 3296 Dominus
2147 3251 2266 3294 Deus

431 3321 542 3359 tuus

436 3474 480 3506 lo]
503 3475 580 3502 Τοῦ.
601 3476 652 3509 11,
673 3479 697 3502 6.
722 3476 736 3502 Ι
759 3475 866 3504 Mach.
890 3476 983 3509 1,41.
1007 3490 1040 3493 —
1062 3475 1090 3508 2]
1115 3474 1167 3502 Ps.
1190 3474 1421 3509 CXXXVIII,
1443 3478 1468 3504 8.
1491 3488 1525 3494 -
1546 3473 1575 3508 4]
1598 3472 1667 3501 Jer.
1690 3470 1819 3506 XLIV,
1840 3472 1883 3499 ll.
1906 3484 1942 3490 —
1961 3470 1991 3504 6]
2012 3469 2090 3503 Sup.
2113 3469 2161 3505 V,
2181 3471 2208 3497 8.
2226 3477 2265 3489 ⁸—

435 3517 481 3550 11]
506 3518 579 3546 Act.
606 3519 673 3553 xv,
696 3522 738 3547 16.
757 3533 793 3538 -
816 3519 861 3552 13]
884 3519 978 3554 decl,
1003 3519 1075 3553 111,
1099 3521 1139 3546 ls.
