2423 3861
198 606 355 640 Prodigia
378 604 438 634 Dei

216 652 249 680 in
274 651 419 685 granam

215 695 323 730 plebis
341 702 418 724 suae.

243 1348 388 1377 Titulus.
451 1341 454 1344 ’

197 1424 321 1452 Gentes
357 1424 442 1454 invi-

232 1472 351 1498 tantur
370 1471 411 1499 ad

215 1513 420 1543 laudandum

268 1560 372 1588 Deum

246 1603 392 1633 Israelis.

217 2016 418 2046 Praedicitur

256 2069 371 2089 carum

229 2105 407 2135 conversio

252 2153 381 2180 sutura.

244 2714 389 2742 Titulus.

228 2792 415 2823 Argumen-

284 2839 366 2863 tum.

240 3152 409 3186 Quomodo

280 3198 369 3224 Deus

224 3239 431 3268 succurrerit

283 3284 371 3313 Sion.

504 120 590 163 580
1067 117 1140 159 Ps.
1173 116 1314 171 XLV,
1352 116 1377 158 7
1409 141 1470 146 -
1499 114 1701 168 XLVII,
1736 113 1775 180 s.

799 288 1034 344 adjurabit
1060 301 1157 330 eam
1185 287 1305 329 Deus
1330 300 1460 328 mane
1485 284 1693 327 diluculo.

699 348 714 374 7
734 347 1019 391 Conturbatae
1041 351 1144 388 sunt
1170 351 1344 401 gentes,
1372 350 1416 388 et
1439 344 1654 387 inclinata
1679 345 1783 384 sunt
1806 354 1969 396 regna:

799 406 922 450 dedit
947 420 1101 449 vocem
1127 419 1274 460 suam,
1297 409 1418 448 mota
1440 408 1506 447 est
1531 409 1659 446 terra.

699 467 716 494 8
736 466 952 510 Dominus
977 465 1192 507 virtutum
1215 464 1445 507 nobiscum
1465 481 1474 518 3

800 530 1026 582 susceptor
1051 529 1199 567 noster
1225 524 1344 567 Deus
1370 521 1526 566 Jacob.

702 585 719 611 ⁰
737 585 917 639 Venite,
945 590 988 627 et
1009 583 1158 627 videte
1185 597 1318 639 opera
1343 581 1546 634 Domini,

801 658 899 699 quae
925 643 1071 700 posuit
1097 643 1299 699 prodigia
1325 656 1455 698 super
1480 646 1664 696 terram,

741 703 777 730 10
793 703 1001 746 auferens
1026 702 1144 745 bella
1169 716 1305 758 usque
1331 701 1387 744 ad
1413 700 1547 743 finem
1572 705 1712 742 terrae.

739 762 908 806 Arcum
934 766 1150 818 conteret,
1178 767 1221 805 et
1248 761 1503 815 confringet
1532 758 1676 815 arma,

799 827 842 865 et
868 827 994 864 scuta
1019 821 1248 864 comburet
1277 819 1386 876 igni.

682 880 715 907 ¹¹
736 882 927 936 Vacate,
954 887 997 924 et
1021 881 1170 924 videte
1195 879 1405 935 quoniam
1431 893 1513 934 ego
1539 892 1637 921 sum
1669 879 1813 921 Deus:

799 940 1029 984 exaltabor
1053 940 1099 982 in
1125 939 1354 995 gentibus,
1382 943 1424 982 et
1450 937 1682 980 exaltabor
1706 936 1752 979 in
1779 941 1906 979 terra.

685 998 718 1025 ¹'2
738 1000 955 1044 Dominus
980 1000 1195 1042 virtutum
1221 997 1482 1052 nobiscum3

799 1064 1026 1116 susceptor
1052 1064 1199 1101 noster
1225 1059 1344 1100 Deus
1371 1056 1528 1100 Jacob.

1216 1166 1432 1208 PsALMth
1465 1164 1618 1207 XLVI

931 1255 1119 1298 Domini
1151 1260 1214 1297 est
1243 1268 1425 1310 reynum
1457 1254 1504 1295 in
1536 1253 1742 1295 universa
1777 1257 1904 1295 terra.

565 1343 575 1369 ¹
596 1344 650 1387 In
675 1344 828 1398 finem,
856 1357 933 1400 pro
958 1342 1059 1385 filiis
1087 1342 1216 1397 Core,
1245 1341 1463 1384 Psalmus.

699 1416 716 1442 '²
735 1418 897 1461 Omnes
925 1422 1099 1473 gentes,
1128 1416 1327 1473 plaudite
1353 1415 1588 1470 manibus3

798 1477 988 1532 jubilate
1015 1477 1109 1519 Deo
1134 1476 1180 1518 in
1207 1490 1315 1519 voce
1340 1475 1655 1519 exultationis:

699 1536 717 1562 3
735 1536 944 1592 quoniam
972 1536 1188 1578 Dominus
1215 1535 1435 1590 excelsus,
1463 1533 1695 1590 terribilis,

800 1609 876 1639 rex
903 1609 1091 1650 magnus
1116 1609 1246 1651 super
1272 1608 1449 1637 omnem
1472 1599 1647 1637 terram.

699 1654 716 1681 4
735 1655 935 1710 Subjecit
957 1654 1142 1710 populos
1168 1653 1315 1709 nobis,

800 1720 843 1757 et
868 1720 1022 1769 gentes
1049 1713 1130 1756 sub
1157 1713 1346 1770 pedibus
1368 1713 1544 1757 nostris.

699 1774 716 1800 5
735 1774 885 1830 Elegit
910 1773 1037 1816 nobis
1062 1772 1358 1816 hereditatem
1383 1787 1509 1816 suam
1531 1791 1539 1827 ;

799 1833 994 1891 speciem
1020 1832 1163 1876 Jacob
1190 1846 1323 1887 qua-m
1350 1831 1519 1875 dilexit.

700 1893 716 1920 6
733 1892 951 1936 Ascendit
979 1894 1097 1935 Deus
1123 1891 1168 1933 in
1194 1891 1358 1947 jubilo,

801 1958 843 1995 et
870 1951 1087 1995 Dominus
1110 1950 1158 1993 in
1183 1964 1291 1993 voce
1316 1950 1450 1994 tubae.

701 2012 715 2039 7
736 2012 919 2055 Psallite
948 2013 1041 2054 Deo
1068 2016 1236 2066 nostro,
1261 2010 1440 2066 psallite
1461 2027 1470 2064 3

799 2071 978 2129 psallite
1003 2070 1097 2127 regi
1123 2076 1293 2124 nostro,
1320 2069 1526 2126 psallite3

701 2132 717 2158 8
735 2131 943 2188 quoniam
969 2145 1047 2173 rex
1073 2130 1215 2173 omnis
1240 2134 1369 2172 terrae
1397 2130 1533 2184 Deus,

800 2191 979 2248 psallite
1004 2189 1239 2247 sapienter.

700 2252 717 2277 ‘³
737 2250 960 2307 Regnabit
987 2251 1105 2293 Deus
1130 2263 1260 2306 super
1283 2254 1467 2305 gentes3

805 2312 923 2353 Deus
949 2309 1073 2353 sedet
1098 2323 1228 2365 super
1249 2308 1403 2352 sedem
1428 2313 1631 2351 sanctam
1657 2322 1797 2351 suam.

683 2369 718 2396 ¹⁰
736 2370 964 2426 Principes
989 2369 1253 2426 populorum
1279 2367 1539 2424 congregati
1561 2372 1664 2410 sunt
1689 2381 1791 2410 cum
1816 2368 1909 2410 Deo
1936 2365 2185 2424 Abraham,

802 2429 1012 2485 quoniam
1038 2428 1099 2471 dii
1125 2428 1264 2471 fortes
1291 2434 1421 2471 terrae
1447 2427 1732 2471 vehementer
1758 2425 1918 2469 elevati
1944 2432 2057 2469 sunt.

1211 2537 1426 2580 PSALMUS
1458 2536 1638 2579 XLVII

1147 2626 1368 2668 Dominus
1403 2631 1544 2668 tuetur
1577 2624 1695 2668 Sion.

565 2715 577 2741 ¹
599 2714 802 2758 Psalmus
825 2713 1010 2770 cantici,
1035 2713 1137 2756 filiis
1163 2714 1294 2769 Core,
1321 2712 1516 2756 secunda
1542 2711 1731 2755 sabbati.

701 2787 718 2814 ⁹
735 2789 927 2844 Magnus
955 2788 1172 2832 Dominus
1200 2793 1244 2831 et
1269 2786 1508 2830 laudabilis
1534 2786 1687 2842 nimis,

803 2849 847 2890 in
873 2848 1055 2891 cixdtate
1083 2847 1165 2891 Dei
1192 2847 1351 2902 nostri,
1377 2847 1424 2889 in
1450 2851 1600 2889 monte
1626 2849 1779 2888 sancto
1806 2844 1915 2901 ejus.

703 2907 721 2933 3
739 2907 970 2950 Fundatur
992 2906 1267 2950 exultatione
1288 2906 1510 2949 universae
1536 2911 1664 2949 terrae
1689 2918 1814 2947 mons
1841 2904 1943 2948 Sion
1963 2921 1973 2960 3

803 2967 943 3010 latera
967 2966 1206 3022 aquilonis,
1237 2966 1394 3009 civitas
1419 2965 1537 3021 regis
1564 2963 1730 3020 magni.

703 3026 720 3052 4
741 3028 859 3069 Deus
883 3026 930 3068 in
956 3026 1160 3069 domibus
1186 3026 1282 3082 ejus
1309 3030 1602 3081 cognoscetur

806 3100 907 3128 cum
932 3085 1144 3142 suscipiet
1165 3100 1277 3129 eam.

705 3146 721 3172 5
739 3145 956 3196 Quoniam
980 3159 1081 3188 ecce
1103 3159 1230 3201 reges
1256 3151 1385 3188 terrae
1413 3143 1671 3201 congregati
1697 3147 1819 3198 sunt,

805 3210 1106 3247 convenerunt
1126 3204 1171 3247 in
1195 3220 1345 3248 unum.

706 3266 723 3292 ὓ
743 3264 834 3321 Ipsi
858 3263 1079 3319 videntes,
1107 3264 1169 3307 sic
1195 3263 1404 3307 admirati
1430 3270 1553 3319 sunt,

805 3323 1055 3367 conturbati
1078 3329 1200 3378 sunt,
1225 3323 1434 3367 commoti
1456 3328 1570 3367 sunt.

708 3383 722 3410 7
742 3385 924 3427 Tremor
949 3383 1243 3440 apprehendit
1265 3398 1360 3439 eos3

806 3442 869 3486 ibi
897 3442 1066 3486 dolores
1092 3448 1140 3485 ut
1165 3444 1450 3501 parturientis
1473 3461 1482 3488 :

767 3502 784 3529 8
800 3501 847 3545 in
872 3501 1030 3558 spiritu
1055 3502 1306 3546 vehementi
1333 3508 1531 3546 conteres
1556 3514 1693 3545 naves
1718 3499 1913 3545 Tharsis.

514 3651 565 3685 46,
583 3650 612 3683 6]
633 3650 666 3677 11
686 3650 905 3683 Reg.'.'1‚15.
