2456 3861
670 180 816 223 Dicor.
850 180 982 233 XVI,
1016 181 1041 222 2
1076 206 1130 212 -—
1163 181 1321 234 XVII,
1354 182 1394 224 3.
1857 183 1938 226 177

122 355 165 393 te
191 350 406 393 Dominus
432 349 550 392 Deus
576 354 676 392 tuus
698 349 752 393 de
777 350 976 406 AEgypto
1004 356 1143 392 nocte.
1177 349 1194 375 ⁹²
1216 350 1562 405 Immolabisque
1585 350 1727 393 Phase
1750 350 1940 393 Domino

123 408 217 451 Deo
249 413 323 450 1110
357 408 410 451 (10
445 408 622 458 ovibus,
645 414 690 451 et
721 408 774 451 de
804 408 965 462 bobus,
991 409 1036 451 in
1070 409 1165 451 1000
1195 423 1324 463 quem
1357 409 1540 464 elegerit
1573 408 1787 452 Dominus
1823 410 1939 452 Deus

120 471 241 519 tuus,
268 472 317 508 ut
344 467 515 509 habitet
540 481 699 510 nomen
733 468 829 521 ejus
858 467 933 510 ibi.
960 468 978 494 ³
996 467 1092 510 Non
1124 468 1326 510 comedes
1355 468 1399 510 in
1426 482 1476 511 eo
1510 481 1668 523 panem
1699 468 1939 511 fermenta-

119 531 238 578 tum3
267 532 435 581 septem
461 525 616 568 diebus
650 525 852 568 comedes
884 525 1049 580 absque
1075 527 1315 579 fermento,
1343 526 1595 569 afflictionis
1628 540 1808 582 panem,
1836 540 1939 581 quo-

119 583 239 625 niam
277 583 321 626 in
356 598 517 640 pavore
549 598 749 637 egressus
782 598 826 626 es
861 584 915 627 de
950 584 1170 639 Aigypto,
1198 590 1246 626 01
1279 584 1530 627 memineris
1557 585 1645 628 diei
1679 585 1939 640 egressionis

119 648 208 683 tuae
231 642 284 684 de
305 644 524 699 sligypto,
552 642 753 684 omnibus
779 642 934 685 diebus
967 642 1072 684 vitae
1107 649 1209 686 tnae.
1240 642 1256 670 ⁴
1279 645 1319 686 N
1325 659 1378 686 on
1410 643 1642 699 apparebit
1669 645 1939 688 fermentum

118 699 162 741 in
190 701 393 743 omnibns
420 700 617 743 terminis
651 699 737 742 tuis
769 707 938 755 septem
972 700 1146 755 diebus,
1173 708 1215 745 et
1249 715 1334 744 non
1370 702 1616 745 remanebit
1648 702 1702 746 de
1734 702 1939 746 carnibus

118 759 214 813 ejus
236 759 350 814 quod
373 759 651 801 immolatum
678 764 743 801 est
764 772 945 813 vespere
968 759 1014 800 in
1037 759 1107 801 die
1129 759 1270 815 primo
1292 774 1427 815 usque
1449 775 1589 803 mane.
1614 761 1630 786 ⁵
1652 762 1753 804 Non
1777 761 1939 817 poteris

116 817 347 860 immolare
365 818 508 860 Phase
530 816 577 859 in
600 817 796 872 qualibet
818 817 994 860 urbium
1018 822 1208 871 tuarum,
1231 832 1338 872 quas
1363 819 1578 862 Dominus
1603 821 1720 863 Deus
1742 825 1842 862 tuus
1864 820 1939 862 da-

118 884 239 918 turus
259 882 324 919 est
346 876 448 929 tibi,
475 875 492 901 6
509 875 585 918 sed
606 875 653 917 in
675 875 792 927 1000,
819 889 948 930 (100111
974 875 1157 931 elegerit
1181 876 1398 919 Dominus
1417 877 1534 920 Deus
1560 883 1682 932 tuus,
1700 883 1748 920 ut
1769 878 1940 922 habitet

118 949 276 978 nomen
294 934 390 989 ejus
404 934 467 977 ibi
483 951 492 989 ;
511 933 764 976 immolabis
779 934 923 978 Phase
943 936 1118 990 vespere
1131 935 1187 977 ad
1203 935 1307 978 solis
1322 949 1540 990 occasum,
1553 937 1726 991 quando
1742 950 1938 991 egressus

77 1044 80 1045 ⁷
116 1008 161 1036 es
183 993 237 1036 de
262 994 476 1050 AEgyptO.
504 992 519 1018 7
543 993 600 1036 Et
629 1006 807 1048 coqueS,
831 998 876 1036 et
908 994 1109 1036 comedes
1141 993 1187 1036 in
1221 993 1317 1036 loco
1342 1008 1472 1049 quem
1506 994 1690 1050 elegerit
1724 995 1939 1040 Dominus

118 1053 236 1096 Deus
262 1058 362 1095 tuus
383 1070 392 1106 3
424 1066 639 1107 maneque
665 1065 954 1107 consurgens,
980 1052 1116 1096 vades
1136 1052 1183 1095 in
1208 1053 1494 1097 tabernacula
1520 1059 1609 1096 tua.
1636 1053 1652 1080 ⁸
1674 1054 1761 1097 Sex
1785 1053 1940 1096 diebus

117 1111 318 1155 comedes
345 1125 528 1168 azyma3
555 1116 600 1154 et
619 1110 667 1153 in
689 1110 760 1154 die
781 1111 990 1166 septima,
1012 1111 1114 1166 quia
1139 1111 1326 1155 collecta
1348 1117 1414 1156 est
1437 1111 1617 1155 Domini
1641 1112 1723 1156 Dei
1746 1112 1830 1167 tui,
1853 1125 1940 1155 non

114 1170 256 1213 facies
282 1185 402 1226 opus.

175 1230 191 1255 9
214 1230 387 1286 Septem
419 1229 719 1274 hebdomadas
741 1229 993 1272 numerabis
1015 1229 1095 1273 tibi
1119 1230 1175 1272 ab
1202 1244 1253 1273 ea
1279 1229 1350 1273 die
1372 1244 1456 1286 qua
1485 1230 1648 1274 falcem
1676 1230 1722 1274 in
1745 1235 1939 1286 segetem

116 1288 306 1343 miseris,
340 1288 374 1321 ¹-0
395 1296 439 1332 et
471 1288 714 1332 celebrabis
749 1288 867 1331 diem
899 1289 1066 1332 festum
1100 1288 1476 1332 hebdomadarum
1506 1290 1695 1333 Domino
1718 1291 1813 1334 Deo
1838 1295 1934 1343 tuo,

116 1347 385 1391 oblationem
417 1353 706 1404 spontaneam
740 1361 897 1390 manus
930 1353 1039 1402 1000,
1067 1361 1199 1402 qua-m
1233 1347 1391 1390 offeres
1424 1348 1551 1404 juxta
1584 1348 1939 1392 benedictionem

117 1406 297 1449 Domini
322 1406 402 1449 Dei
429 1407 493 1448 tui
515 1424 523 1461 3
558 1405 590 1431 ¹¹
615 1411 657 1448 01
682 1406 929 1462 epulaberis
957 1419 1102 1449 coram
1128 1407 1318 1449 Domino
1346 1407 1439 1450 Deo
1464 1412 1558 1460 tuo,
1582 1412 1652 1463 tu,
1677 1407 1795 1450 filius
1816 1412 1936 1462 tuus,

115 1472 158 1509 01
179 1465 269 1509 filia
291 1472 386 1520 tua,
406 1479 558 1508 servus
580 1470 704 1519 tuus,
722 1470 763 1507 01
785 1464 950 1507 ancilla
974 1469 1069 1518 100,
1089 1470 1132 1508 01
1153 1465 1309 1508 levites
1332 1466 1406 1520 qui
1429 1471 1494 1509 est
1515 1466 1632 1510 intra
1653 1472 1800 1523 portas
1818 1471 1936 1521 tuas,

114 1524 286 1568 advena
315 1539 368 1568 ac
392 1523 586 1580 pupillus
617 1528 659 1566 01
685 1523 840 1578 vidua,
864 1523 937 1578 qui
964 1529 1192 1566 morantur
1219 1524 1470 1580 vobiscum,
1497 1525 1543 1568 in
1569 1525 1666 1568 loco
1694 1540 1824 1581 quem
1854 1525 1937 1568 ele-

113 1584 227 1639 gerit
261 1583 477 1626 Dominus
500 1583 620 1625 Deus
649 1588 772 1636 tuus,
798 1587 847 1624 ut
874 1582 1046 1626 habitet
1076 1596 1235 1626 nomen
1258 1583 1355 1638 ejus
1379 1583 1442 1626 ibi
1463 1601 1472 1638 3
1505 1583 1541 1610 12
1566 1589 1610 1627 01
1641 1584 1939 1628 recordaberis

114 1641 322 1697 quoniam
345 1655 495 1685 servus
517 1641 656 1684 fueris
681 1641 728 1684 in
756 1641 978 1698 AEgypto,
1003 1641 1310 1696 custodiesque
1341 1656 1393 1684 ac
1423 1642 1566 1686 facies
1594 1657 1694 1699 quae
1718 1648 1940 1700 praecepta

113 1706 228 1744 sunt.

174 1760 210 1787 13
238 1760 574 1805 Solemnitatem
607 1774 779 1816 quoque
811 1759 1200 1804 tabernaculorum
1233 1759 1478 1804 celebrabis
1510 1775 1588 1818 per
1618 1767 1789 1818 septem
1822 1762 1934 1816 dies,

112 1819 289 1876 quando
310 1819 540 1875 collegeris
567 1818 621 1862 de
646 1833 749 1862 area
779 1824 821 1862 01
843 1819 1053 1862 torculari
1074 1819 1230 1874 fruges
1252 1825 1350 1862 tuas
1371 1837 1380 1874 3
1415 1819 1448 1846 ¹4
1469 1826 1513 1863 01
1538 1820 1785 1877 epulaberis
1806 1820 1853 1864 in
1874 1821 1940 1864 fe-

112 1879 312 1922 stivitate
333 1884 430 1932 tua,
452 1884 522 1933 10,
545 1878 662 1922 filius
683 1883 785 1922 tuus
811 1883 856 1922 01
879 1877 991 1933 filia,
1018 1892 1170 1922 servus
1191 1883 1292 1920 tuus
1319 1883 1363 1921 01
1383 1879 1568 1934 ancilla,
1591 1879 1747 1923 levites
1769 1894 1940 1935 quoque

113 1942 156 1981 01
179 1937 371 1993 advena,
394 1937 588 1995 pupillus
610 1952 664 1981 00
689 1937 824 1981 vidua
850 1936 924 1992 qui
945 1937 1061 1980 intra
1085 1942 1231 1994 portas
1261 1942 1359 1981 tuas
1381 1943 1496 1982 sunt.
1524 1938 1559 1965 ¹5
1583 1939 1758 1995 Septem
1785 1939 1940 1983 diebus

113 1997 305 2040 Domino
332 1998 426 2040 Deo
446 2002 521 2040 tuo
550 1997 669 2040 festa
699 1996 963 2052 celebrabiS,
984 1996 1032 2039 in
1054 1996 1150 2039 loco
1175 2010 1306 2052 quem
1332 1997 1513 2052 elegerit
1537 1998 1781 2053 Dominus3
1808 1998 1939 2042 bene-

113 2055 316 2112 dicetque
348 2056 429 2098 tibi
464 2055 680 2099 Dominus
716 2056 835 2100 Deus
868 2060 970 2099 tuus
1002 2056 1049 2099 in
1084 2055 1255 2099 cunctis
1288 2056 1493 2111 frugibus
1528 2057 1636 2113 tuis,
1665 2063 1708 2101 et
1739 2057 1786 2100 in
1821 2057 1938 2100 omni

113 2128 240 2171 opere
266 2129 479 2158 manuum
504 2120 701 2171 tuarum,
724 2115 894 2170 erisque
917 2115 964 2158 in
990 2114 1162 2158 laetitia.

172 2173 208 2200 1⁶
229 2174 388 2217 Tribus
410 2173 584 2218 vicibus
606 2188 684 2230 per
703 2188 873 2217 annum
893 2174 1125 2231 apparebit
1151 2188 1280 2219 omne
1302 2175 1598 2218 masculinum
1622 2180 1749 2220 tuum
1768 2176 1815 2219 in
1837 2190 1939 2220 con-

111 2238 264 2289 spectu
293 2232 472 2276 Domini
496 2233 579 2276 Dei
602 2233 689 2288 tui,
711 2233 756 2276 in
778 2233 876 2276 1000
897 2247 1028 2288 quem
1050 2233 1233 2289 elegerit
1258 2251 1266 2277 :
1291 2234 1339 2277 in
1359 2234 1641 2278 solemnitate
1660 2249 1938 2291 azymorum,

111 2291 157 2334 in
189 2291 473 2336 solemnitate
504 2292 905 2348 hebdomadarum,
939 2297 982 2336 et
1012 2292 1060 2335 in
1092 2293 1374 2337 solemnitate
1406 2294 1806 2338 tabernaculorum.
1840 2295 1936 2338 Non

111 2351 343 2407 apparebit
374 2356 478 2395 ante
512 2351 755 2403 Dominum
778 2365 974 2406 vacuus3
1008 2350 1042 2377 ¹7
1069 2352 1146 2395 sed
1179 2352 1335 2396 offeret
1366 2353 1666 2408 unusquisque
1697 2353 1939 2397 secundum

111 2410 227 2465 quod
252 2410 456 2453 habuerit
477 2410 605 2466 juxta
629 2410 985 2453 benedictionem
1009 2410 1187 2454 Domini
1215 2411 1296 2455 Dei
1318 2411 1407 2467 sui,
1433 2426 1568 2467 quam
1589 2412 1760 2456 dederit
1784 2412 1836 2458 ei.

730 2531 755 2588 ξ
788 2532 850 2575 ΙΙ.
873 2556 933 2564 --
961 2531 1052 2574 Jus
1074 2531 1320 2587 publicum.

171 2647 206 2675 ¹8
226 2648 252 2692 J
257 2647 408 2691 udices
433 2651 477 2689 et
498 2646 734 2703 magistros
761 2646 1002 2690 constitues
1023 2646 1071 2688 in
1089 2646 1293 2690 omnibus
1312 2647 1449 2703 portis
1470 2647 1577 2703 tuis,
1597 2662 1705 2704 quas
1724 2649 1941 2694 Dominus

112 2708 233 2752 Deus
266 2711 368 2749 tuus
406 2705 578 2748 dederit
609 2705 714 2761 tibi,
748 2719 826 2762 per
858 2705 1056 2761 singulas
1092 2705 1232 2748 tribus
1268 2710 1389 2762 tuas,
1414 2711 1462 2750 ut
1493 2706 1697 2762 judicent
1728 2708 1940 2766 populum

109 2766 230 2822 justo
255 2765 444 2821 judicio,
472 2764 507 2790 19
525 2779 607 2808 nec
628 2764 674 2808 in
698 2765 887 2808 alteram
909 2770 1082 2820 partem
1105 2764 1341 2809 declinent.

171 2825 272 2868 Non
305 2824 498 2880 accipies
529 2838 783 2880 personam,
822 2837 905 2866 nec
940 2837 1143 2879 munera,
1178 2823 1282 2879 quia
1313 2839 1497 2868 munera
1529 2832 1760 2870 excaeoant
1792 2827 1940 2871 000100

110 2884 383 2940 sapientum,
410 2887 455 2926 et
485 2888 663 2926 mutant
686 2883 822 2926 verba
853 2882 1086 2938 justorum.
1117 2882 1153 2909 ‘2⁰
1174 2884 1201 2926 J
1208 2888 1303 2926 uste
1337 2884 1452 2939 quod
1485 2884 1655 2940 justum
1690 2890 1758 2929 est
1792 2900 1938 2942 perse-

110 2942 276 2997 (100110,
303 2948 352 2985 111
379 2942 508 2985 vivas
535 2947 580 2985 et
607 2941 833 2999 possideas
866 2947 1050 2998 terram,
1077 2956 1209 2998 quam
1241 2942 1456 2988 Dominus
1488 2945 1607 2988 Deus
1635 2949 1737 2988 1000
1770 2944 1940 2989 dederit

110 3000 212 3044 tibi.
230 2999 265 3028 ²¹
283 3001 382 3044 Non
405 3001 632 3057 plantabis
646 3001 817 3055 lucum,
839 3005 885 3044 et
902 3014 1079 3044 omnem
1102 3001 1304 3044 arborem
1327 3001 1459 3058 juxta
1484 3003 1624 3046 altare
1650 3003 1833 3047 Domini
1855 3005 1937 3048 Dei

69 3078 73 3079 ⁷
111 3059 190 3103 tui.
226 3060 263 3090 2²
289 3061 382 3103 Nec
418 3059 562 3104 facies
597 3060 701 3116 tibi,
738 3073 879 3115 neque
920 3060 1161 3104 constitues
1201 3065 1416 3116 statuam,
1451 3075 1548 3117 quae
1585 3062 1679 3106 odit
1723 3063 1938 3113 Dominus

113 3119 232 3162 Deus
257 3124 370 3162 tuus.

172 3178 278 3223 CAP.
304 3179 456 3222 XVII.
478 3204 538 3212 --
562 3179 574 3204 ¹
599 3180 701 3223 Non
725 3179 978 3223 immolabis
1005 3179 1196 3223 Domino
1218 3181 1313 3224 Deo
1337 3184 1413 3223 tuo
1443 3194 1591 3237 ovem,
1617 3185 1662 3224 et
1687 3181 1867 3236 bovem,
1891 3180 1937 3223 in

113 3250 197 3292 quo
231 3242 297 3280 est
333 3238 528 3294 macula,
563 3243 641 3281 aut
673 3239 901 3296 quippiam
932 3238 1054 3294 vitii,
1079 3238 1182 3294 quia
1207 3239 1481 3283 abominatio
1514 3245 1582 3282 est
1618 3239 1810 3283 Domino
1843 3241 1937 3283 Deo

112 3299 202 3339 tuo.
239 3295 256 3321 ²
278 3297 388 3340 Cum
424 3297 586 3353 reperti
621 3297 793 3341 fuerint
823 3297 941 3354 apud
973 3302 1040 3353 te,
1073 3297 1190 3341 intra
1214 3312 1349 3342 unam
1381 3302 1603 3355 portarum
1630 3303 1804 3342 tuarum
1829 3312 1937 3353 quas

113 3354 330 3398 Dominus
358 3357 477 3399 Deus
498 3361 598 3399 tuus
623 3356 750 3400 dabit
773 3356 876 3412 tibi,
901 3356 970 3400 vir
992 3362 1070 3401 aut
1094 3357 1252 3400 mulier
1275 3357 1351 3413 qui
1381 3356 1554 3401 faciant
1579 3357 1746 3401 malum
1765 3357 1812 3400 in
1834 3370 1935 3399 con-

112 3419 266 3469 spectu
293 3414 472 3459 Domini
496 3415 581 3458 Dei
612 3415 698 3472 tui,
720 3420 767 3459 et
790 3415 1173 3472 transgrediantur
1196 3421 1377 3472 pactum
1409 3416 1548 3471 illius,
1581 3416 1600 3442 3
1621 3421 1667 3459 ut
1699 3415 1867 3459 vadant
1891 3419 1936 3459 et

113 3472 309 3516 serviant
330 3473 414 3516 (1110
438 3473 616 3529 alienis,
640 3479 686 3518 et
705 3474 890 3518 adorent
912 3488 1004 3530 000,
1028 3473 1166 3520 0010111
1198 3480 1243 3519 01
1264 3475 1435 3530 lunam,
1465 3480 1509 3517 et
1530 3488 1706 3518 omnem
1727 3473 1935 3518 militiam

115 3633 164 3704 ΞΘ]
179 3634 386 3706 galga?
401 3656 408 3670 ‚
429 3639 464 3665 15
483 3638 518 3663 et
535 3635 695 3671 XXXIV,
709 3638 754 3664 20.
776 3635 882 3665 Eccu.
898 3636 1038 3672 XXXV,
1057 3639 1081 3665 6.
1099 3651 1135 3656 -
1157 3637 1204 3670 19]
1224 3636 1283 3664 Ex.
1303 3636 1446 3670 XXIII,
1466 3639 1491 3664 8.
1514 3636 1593 3664 Lev.
1615 3635 1718 3671 XIX,
1739 3639 1783 3666 15.
1805 3636 1882 3669 Sup.
1901 3636 1935 3671 1,

137 3679 161 3705 7.
208 3683 244 3704 cc
261 3684 281 3705 1.
321 3678 339 3685 ’“
377 3698 386 3714 ,
401 3681 448 3708 31.

1678 3740 1730 3781 12

2057 1238 2192 1264 Festum

2017 1280 2244 1310 Pentecostes.

2032 1771 2217 1800 Festivitas

2006 1815 2245 1844 Tabernae-1110-

2086 1867 2170 1888 rum.

2055 2189 2194 2217 Marium

2004 2233 2169 2265 apparitio
2187 2233 2245 2261 tri—

2022 2277 2101 2309 plex
2119 2285 2226 2305 coram

2025 2320 2226 2349 sanctuario.

2049 2665 2208 2694 Judicum

2031 2709 2222 2745 institutio,

2006 2838 2039 2863 ct
2053 2834 2244 2863 instructio.
