2423 3861
129 1547 309 1576 Praedietio

155 1592 284 1621 futura}

112 1636 325 1669 poenitentiae

129 1683 163 1709 et
183 1680 303 1709 libera-

159 1723 273 1753 tionis.

113 2127 118 2129 ⁴
131 2133 304 2166 Repetitio

107 2177 332 2206 confessionis

115 2224 150 2250 et
166 2222 321 2255 depreca—

158 2265 275 2295 tionis,

165 3269 270 3298 Israel

97 3312 242 3341 afflictus
260 3313 338 3347 quia

97 3355 276 3390 dereliquit
292 3366 339 3386 sa-

131 3398 302 3432 pientiam.

410 114 492 156 918
1009 111 1121 151 nm.
1158 109 1226 163 11,
1261 110 1313 150 21
1349 136 1409 141 -
1440 110 1536 164 111,
1575 112 1640 152 14.

408 299 453 327 es
485 284 531 326 in
565 297 698 325 manu
732 295 966 337 puerorum
999 284 1175 322 tuorum
1209 280 1543 335 prophetarum,
1576 280 1760 324 dicens:
1791 279 1825 306 91
1859 282 1929 325 Sic
1959 283 2069 326 dicit
2095 283 2245 326 Domi-

408 358 489 386 nus
515 360 523 386 ;
554 341 776 384 inclinate
804 340 1039 381 humerum
1073 342 1270 381 vestrum
1300 345 1345 380 et
1374 339 1593 381 cervicem
1625 344 1840 396 vestram,
1867 346 1912 383 et
1945 356 2079 397 opera
2107 343 2247 386 facite

406 402 502 457 regi
534 399 797 455 Babylonis,
825 403 869 441 et
893 397 1105 441 sedebitis
1131 397 1178 439 in
1207 402 1325 440 terra
1354 412 1487 453 quam
1519 398 1621 441 dedi
1647 398 1848 454 patribus
1874 401 2047 444 vestris.
2066 400 2104 427 99
2122 401 2247 452 Quod

407 460 443 503 si
464 474 551 502 non
577 458 807 501 audieritis
830 472 986 501 vocem
1011 456 1192 500 Domini
1216 457 1299 500 Dei
1318 457 1476 512 vestri,
1500 457 1670 513 operari
1692 457 1788 514 regi
1812 458 2099 516 Babyloniae,
2123 462 2248 505 defe-

407 519 600 562 ctionem
625 523 820 561 vestram
848 517 1019 560 faciam
1049 516 1103 560 de
1134 516 1393 559 civitatibus
1420 517 1448 559 J
1452 516 1561 573 uda,
1586 522 1629 560 et
1653 532 1679 559 a
1705 517 1816 560 foris
1842 518 2115 576 Jerusalem,
2142 519 2180 547 93
2204 525 2249 564 01

406 578 611 621 auferam
639 592 666 619 a
695 577 821 620 vobis
850 590 1007 620 vocem
1038 575 1335 632 jucunditatis
1369 581 1412 619 et
1441 590 1597 619 vocem
1630 576 1806 632 gaudii,
1833 582 1878 620 et
1908 592 2062 622 vocem
2099 581 2249 636 sponsi

407 642 449 680 et
482 651 638 680 vocem
672 650 868 693 sponsae,
900 642 945 679 et
985 636 1069 679 erit
1104 635 1246 679 omnis
1283 641 1400 679 terra
1437 635 1532 679 sine
1564 636 1755 692 vestigio
1799 637 1857 679 ab
1889 636 2249 683 inhabitantibus

407 711 518 739 eam.
546 695 582 722 '24
609 698 666 739 Et
691 711 779 739 non
801 695 1040 738 audierunt
1061 699 1215 738 vo'cem
1237 700 1383 752 tuam,
1407 701 1456 738 ut
1478 701 1764 752 operarentur
1784 696 1879 752 regi
1907 697 2150 754 Babylonis
2170 715 2179 752 ;
2206 704 2248 742 et

405 755 601 799 statuisti
624 756 759 799 verba
782 760 880 811 tua,
904 770 1002 811 quae
1025 755 1199 798 locutus
1225 770 1270 798 es
1296 755 1342 797 in
1363 755 1572 798 manibus
1593 769 1830 812 puerorum
1855 762 2032 800 tuorum
2061 759 2248 814 prophe-

405 820 570 871 tarum,
606 820 656 857 ut
689 816 1039 858 transferrentur
1068 829 1164 858 ossa
1197 829 1353 871 regum
1385 819 1638 858 nostrorum
1664 820 1707 858 et
1741 830 1838 858 ossa
1871 821 2048 872 patrum
2079 822 2248 861 nostro-

404 890 503 917 rum
528 875 582 918 de
608 875 705 918 loco
731 889 834 930 suo;
856 873 892 901 95
911 879 954 917 et
979 889 1083 918 ecce
1108 875 1310 931 projecta
1331 880 1436 917 sunt
1461 874 1506 917 in
1530 874 1675 918 calore
1697 875 1802 918 solis
1825 880 1869 918 et
1889 876 1935 918 in
1961 876 2065 932 gelu
2091 877 2247 933 noctis,

405 939 451 977 et
472 934 633 978 mortui
657 939 759 978 sunt
780 934 827 977 in
850 934 1075 977 doloribus
1097 934 1315 991 pessimis,
1335 934 1381 976 in
1404 934 1528 978 fame
1547 939 1590 978 et
1611 934 1657 976 in
1680 934 1844 991 gladio,
1864 940 1908 978 et
1930 935 1977 978 in
1999 935 2248 980 emissione.

405 992 442 1020 96
479 995 538 1037 Ε1
582 994 768 1051 posuisti
808 994 1026 1050 templum
1067 994 1114 1036 in
1159 1008 1244 1050 quo
1284 994 1545 1037 invocatum
1590 999 1656 1037 est
1702 1008 1864 1038 nomen
1904 1000 2031 1039 tuum
2069 995 2116 1039 in
2154 996 2250 1053 ipso

405 1053 521 1097 sicut
548 1055 646 1097 haec
673 1054 786 1110 dies,
814 1059 992 1110 propter
1024 1053 1310 1109 iniquitatem
1337 1053 1493 1096 domus
1523 1053 1664 1099 Israel
1698 1059 1742 1097 et
1774 1054 1931 1098 domus
1962 1055 2096 1099 Juda.
2123 1054 2159 1082 97
2190 1056 2250 1098 Et.

405 1114 556 1157 fecisti
581 1114 628 1156 in
653 1113 801 1170 nobis,
828 1113 1018 1156 Domine
1046 1114 1167 1157 Deus
1193 1118 1354 1170 noster,
1380 1113 1625 1156 secundum
1651 1128 1828 1157 omnem
1853 1114 2103 1158 bonitatem
2125 1121 2250 1158 tuam

407 1179 451 1216 et
478 1174 725 1217 secundum
754 1187 931 1217 omnem
952 1172 1284 1216 miserationem
1311 1178 1435 1215 tuam
1460 1172 1585 1216 illam
1608 1188 1846 1229 magnam,
1875 1173 1912 1201 98
1937 1174 2053 1218 510111
2075 1175 2249 1218 locutus

406 1247 452 1276 es
488 1233 536 1276 in
574 1248 709 1276 manu
751 1232 875 1290 pueri
910 1232 974 1275 tui
1008 1233 1174 1288 Moysi,
1205 1233 1251 1275 in
1294 1233 1365 1276 die
1403 1247 1489 1288 qua
1521 1233 1772 1290 praecepisti
1807 1233 1846 1276 ei
1879 1233 2071 1277 scribere
2104 1234 2250 1290 legem

406 1298 528 1335 tuam
564 1308 713 1337 coram
746 1293 848 1335 filiis
884 1293 1045 1348 Israel,
1085 1291 1122 1318 99
1156 1292 1308 1335 dicens
1351 1309 1358 1336 :
1399 1292 1446 1335 Si
1486 1307 1576 1335 non
1615 1293 1846 1336 audieritis
1882 1308 2039 1337 vocem
2080 1308 2248 1350 meam,

406 1353 646 1396 multitudo
672 1353 771 1396 haec
797 1366 961 1408 magna
987 1357 1270 1395 convertetur
1294 1352 1340 1394 in
1366 1352 1601 1395 minimam
1625 1352 1743 1395 inter
1769 1357 1940 1408 gentes,
1960 1368 2045 1409 quo
2067 1368 2150 1410 ego
2176 1368 2250 1397 eos

407 1413 659 1469 dispergam
683 1431 691 1468 3
718 1412 755 1439 3⁰
782 1412 883 1468 quia
909 1412 1000 1454 5010
1028 1412 1143 1467 quod
1172 1426 1240 1455 me
1271 1426 1359 1455 non
1392 1411 1547 1455 audiet
1571 1412 1780 1468 populus,
1808 1413 1998 1469 populus
2032 1418 2098 1456 est
2131 1413 2249 1456 enim

407 1472 516 1515 dura
543 1473 727 1516 cervice.

466 1534 524 1575 Et
547 1538 828 1576 convertetur
849 1533 906 1575 ad
934 1548 1006 1575 cor
1031 1547 1159 1575 suum
1184 1532 1231 1574 in
1262 1537 1377 1576 terra
1405 1532 1681 1588 captivitatis
1707 1547 1800 1575 suae
1821 1550 1829 1586 3
1858 1532 1892 1558 3¹
1913 1538 1957 1575 et
1979 1532 2122 1575 scient
2147 1534 2250 1589 quia

407 1606 489 1648 ego
515 1606 613 1635 sum
637 1588 855 1635 Dominus
884 1594 1003 1635 Deus
1031 1606 1181 1634 eorum
1204 1609 1212 1646 ς
1245 1597 1287 1634 01
1314 1591 1428 1634 dabo
1453 1591 1514 1634 eis
1542 1606 1628 1646 cor,
1653 1596 1696 1634 et
1719 1591 2004 1647 intelligent;
2029 1607 2178 1648 aures,
2206 1598 2250 1636 et

406 1651 619 1707 audient3
655 1651 692 1678 39
711 1657 754 1695 01
779 1651 1027 1694 laudabunt
1053 1665 1123 1694 me
1144 1651 1191 1693 in
1220 1656 1336 1694 terra
1359 1650 1634 1708 captivitatis
1660 1665 1772 1706 suae,
1805 1656 1848 1694 et
1877 1665 2094 1695 memores
2120 1658 2249 1695 erunt

407 1711 600 1753 nominis
623 1711 710 1754 mei
731 1728 740 1766 3
768 1710 805 1737 33
822 1716 866 1754 et
891 1715 1095 1754 avertent
1120 1725 1166 1754 se
1189 1725 1214 1752 a
1240 1710 1368 1753 dorso
1390 1725 1467 1753 suo
1495 1711 1615 1764 duro,
1644 1716 1687 1753 et
1708 1726 1734 1752 a
1757 1710 2118 1766 malignitatibus
2144 1712 2248 1767 suis,

408 1770 510 1826 quia
534 1770 874 1814 reminiscentur
902 1770 1024 1813 viam
1058 1775 1236 1827 patrum
1271 1784 1469 1825 suorum,
1498 1770 1570 1825 qui
1604 1776 1906 1826 peccaverunt
1934 1770 1982 1812 in
2016 1785 2100 1814 me.
2132 1771 2168 1798 34
2191 1773 2249 1814 Et

406 1830 624 1873 revocabo
652 1830 751 1873 11105
780 1830 827 1872 111
853 1835 1015 1874 terram
1043 1845 1177 1886 quam
1202 1829 1351 1882 juravi
1377 1829 1578 1886 patribus
1605 1844 1777 1885 eorum,
1813 1829 2066 1886 Abraham,
2095 1832 2247 1885 Isaac,

407 1896 451 1932 et
472 1890 640 1946 ,Ja00b3
666 1895 710 1932 et
722 1888 1193 1947 dominabunturejus,
1210 1892 1254 1930 et
1268 1889 1578 1945 multiplicabo
1601 1903 1686 1943 eos,
1707 1894 1750 1932 et
1771 1903 1858 1931 non
1882 1888 2246 1943 minorabuntur,

407 1948 442 1975 35
469 1954 512 1992 et
548 1955 743 1992 statuam
775 1949 865 1991 illis
902 1954 1222 1992 testamentum
1261 1948 1452 1991 alterum
1490 1948 1832 2004 sempiternum,
1871 1954 1921 1991 ut
1959 1949 2043 1991 sim
2081 1949 2170 1993 illis
2203 1949 2249 1991 in

408 2009 571 2056 Deum.
605 2014 649 2052 et
672 2009 756 2066 ipsi
788 2014 915 2051 erunt
942 2009 1050 2051 mihi
1080 2008 1128 2050 in
1154 2007 1367 2065 populum
1389 2026 1396 2062 3
1423 2013 1466 2050 et
1491 2022 1578 2050 non
1606 2007 1794 2051 movebo
1815 2008 2009 2065 amplius
2035 2009 2249 2066 populum

406 2082 575 2123 meum,
602 2068 716 2111 filios
741 2069 900 2122 Israel,
925 2083 952 2110 a
976 2073 1093 2111 terra
1119 2082 1252 2123 quam
1280 2068 1382 2111 dedi
1408 2067 1510 2110 illis.

465 2127 571 2171 CAP.
607 2126 694 2174 III.
733 2154 791 2160 —
825 2128 837 2154 1
866 2130 923 2171 Ε1
956 2142 1094 2183 1111110,
1129 2127 1319 2171 Domine
1351 2127 1652 2184 omnipotens,
1690 2129 1809 2171 Deus
1836 2129 1995 2184 Israel,
2022 2129 2174 2171 anima
2203 2129 2247 2171 in

404 2187 638 2243 angustiis,
667 2194 710 2231 et
735 2188 915 2245 spiritus
944 2188 1104 2230 anxius
1133 2187 1300 2230 clamat
1330 2187 1387 2230 ad
1414 2192 1469 2230 te.
1497 2186 1514 2212 9
1536 2188 1676 2243 Audi,
1710 2188 1922 2244 Domine,
1949 2194 1994 2231 et
2019 2189 2246 2245 miserere,

405 2246 508 2302 quia
538 2248 657 2290 Deus
691 2262 736 2291 es
766 2248 1043 2303 misericors;
1079 2254 1123 2292 et
1158 2247 1365 2290 miserere
1400 2247 1560 2301 nostri,
1596 2247 1698 2302 quia
1729 2247 2013 2304 peccavimus
2042 2253 2147 2291 ante
2172 2252 2245 2304 te3

404 2306 421 2332 3
440 2306 541 2362 quia
567 2312 615 2350 tu
645 2307 771 2351 sedes
803 2308 850 2350 in
884 2307 1228 2364 sempiternum,
1262 2313 1306 2350 et
1335 2321 1414 2349 nos
1443 2307 1687 2363 peribimus
1720 2307 1767 2350 in
1801 2307 1986 2350 aevum?
2019 2306 2037 2334 4
2056 2307 2248 2351 Domine

404 2366 706 2423 omnipotens,
746 2369 866 2411 Deus
902 2368 1063 2423 Israel,
1098 2367 1204 2410 audi
1239 2382 1356 2410 1111110
1396 2367 1641 2410 orationem
1681 2371 1955 2411 mortuorum
1997 2367 2158 2423 Israel,
2204 2372 2246 2410 et

403 2424 595 2469 filiorum
619 2426 815 2483 ipsorum
835 2428 906 2483 qui
927 2432 1226 2484 peccaverunt
1245 2432 1349 2470 ante
1367 2433 1423 2482 te,
1446 2431 1488 2469 et
1514 2441 1602 2469 11011
1623 2426 1862 2470 audierunt
1883 2440 2040 2470 vocem
2063 2426 2245 2469 Domini

405 2485 489 2528 Dei
519 2486 608 2541 sui,
640 2492 683 2530 et
711 2486 997 2543 agglutinata
1027 2493 1130 2530 sunt
1163 2487 1290 2530 nobis
1322 2487 1453 2529 mala.
1488 2486 1505 2512 5
1532 2485 1635 2529 Noli
1669 2486 1925 2529 meminisse
1957 2485 2245 2542 iniquitatum

402 2550 580 2600 patrum
610 2551 887 2601 nostrorum3
915 2546 992 2590 sed
1022 2552 1245 2590 memento
1276 2561 1434 2589 manus
1459 2551 1550 2589 tuae
1576 2550 1621 2589 et
1649 2546 1842 2589 nominis
1875 2546 1938 2588 tui
1970 2545 2018 2587 in
2047 2550 2246 2602 tempore

402 2604 508 2660 isto,
547 2605 564 2631 6
597 2606 701 2661 quia
729 2611 777 2648 tu
811 2621 856 2649 es
894 2607 1111 2649 Dominus
1147 2607 1267 2649 Deus
1303 2610 1480 2660 noster,
1522 2610 1566 2649 et
1601 2605 1884 2649 laudabimus
1924 2610 1990 2660 te,
2030 2605 2243 2659 Domine,

403 2663 418 2690 7
437 2664 540 2719 quia
570 2671 748 2722 propter
772 2666 855 2708 hoc
883 2666 1045 2709 dedisti
1076 2665 1282 2709 timorem
1315 2672 1441 2708 tuum
1465 2666 1513 2708 in
1537 2665 1743 2708 cordibus
1770 2665 1951 2720 nostris,
1979 2669 2023 2707 et
2050 2670 2099 2707 ut
2120 2664 2245 2707 invo-

403 2738 551 2767 cemus
573 2739 735 2768 nomen
757 2730 904 2781 tuum,
933 2730 977 2768 et
1002 2725 1233 2768 laudemus
1257 2731 1299 2768 te
1327 2725 1374 2767 in
1402 2725 1665 2781 captivitate
1691 2730 1862 2780 nostra,
1890 2724 1993 2779 quia
2024 2723 2244 2767 converti-

402 2797 500 2826 mur
524 2783 581 2826 ab
606 2784 843 2840 iniquitate
868 2790 1046 2841 patrum
1071 2790 1339 2839 nostrorum,
1369 2785 1443 2841 qui
1470 2788 1770 2841 peccaverunt
1794 2789 1898 2826 ante
1928 2789 1984 2826 te.
2017 2784 2033 2810 8
2052 2784 2111 2825 Et
2140 2798 2243 2826 ecce

401 2855 480 2885 nos
505 2842 551 2885 in
575 2843 837 2900 captivitate
856 2849 1007 2887 nostra
1029 2858 1180 2887 sumus
1202 2844 1348 2899 hodie,
1369 2859 1456 2900 qua
1478 2859 1557 2888 nos
1576 2843 1822 2900 dispersisti
1841 2843 1887 2885 in
1909 2842 2242 2899 improperium,

403 2906 445 2944 et
469 2902 515 2944 in
542 2902 853 2959 maledictum,
882 2910 925 2947 et
957 2903 1002 2946 in
1037 2909 1292 2960 peccatum,
1324 2904 1570 2947 secundum
1597 2917 1748 2946 omnes
1772 2902 2032 2958 iniquitates
2065 2908 2241 2956 patrum

401 2966 672 3019 nostrorum,
696 2962 770 3017 qui
797 2968 1071 3006 recesserunt
1095 2978 1121 3005 a
1147 2968 1210 3019 te,
1241 2963 1432 3006 Domine
1457 2964 1577 3007 Deus
1603 2967 1763 3006 noster.

652 3078 852 3122 Snc'rio
895 3080 964 3122 ΙΙ.
998 3107 1057 3111 -
1098 3081 1283 3124 81111110
1326 3091 1718 3123 PROPHETICUS
1762 3078 1995 3121 BARucn

873 3182 895 3234 ξ
920 3181 956 3222 Ι.
979 3207 1039 3213 -
1059 3181 1326 3224 Encomium
1347 3181 1508 3224 divinoe
1529 3180 1766 3236 sapientioe.

462 3272 479 3298 9
498 3273 639 3329 Audi,
668 3274 827 3329 Israel,
860 3276 1072 3319 mandata
1099 3277 1233 3331 vitae3
1269 3277 1449 3319 auribus
1482 3274 1680 3331 percipe,
1712 3280 1760 3317 ut
1793 3276 1908 3319 scias
1941 3275 2238 3332 prudentiam.

404 3331 439 3358 ‘¹0
465 3332 578 3383 Quid
609 3338 695 3389 est,
730 3333 890 3389 Israel,
926 3335 1040 3389 quod
1072 3335 1116 3377 in
1150 3340 1264 3379 terra
1293 3335 1574 3378 inimicorum
1602 3348 1670 3388 05,
1700 3333 1733 3360 11
1760 3334 2021 3378 inveterasti
2045 3334 2092 3377 in
2123 3339 2241 3378 terra

403 3391 564 3447 aliena,
587 3391 896 3451 coinquinatus
923 3407 967 3436 es
994 3407 1094 3436 cum
1120 3395 1318 3450 mortuis,
1342 3395 1579 3451 deputatus
1602 3407 1646 3436 es
1669 3408 1777 3442 cum¹
1793 3393 2168 3438 descendentibus
2193 3393 2240 3436 in

403 3450 665 3495 infernum?
693 3450 729 3477 19
748 3451 1033 3507 Dereliquisti
1059 3453 1234 3496 fontem
1260 3452 1507 3510 sapientiae.
1540 3452 1575 3479 13
1594 3453 1710 3495 Nam
1736 3453 1772 3496 si
1799 3453 1845 3496 in
1873 3454 1945 3496 via
1972 3453 2056 3496 Dei
2082 3453 2238 3496 ambu-

404 3508 560 3566 lasses,
592 3510 840 3554 habitasses
869 3511 1022 3566 utique
1054 3511 1100 3553 in
1124 3527 1232 3568 pace
1258 3512 1540 3568 sempiterna.
1574 3511 1608 3537 11
1631 3511 1762 3554 Disce
1796 3512 1869 3555 ubi
1896 3513 1955 3555 sit
1979 3512 2236 3569 prudentia,

405 3639 451 3671 29]
472 3639 548 3666 Lm.
568 3640 692 3675 XXVI,
712 3643 754 3668 14.
777 3642 875 3668 Dent.
894 3640 1061 3673 XXVIII,
1078 3643 1120 3668 15.
