2456 3861
629 97 648 140 1
681 98 791 140 PAR.
825 98 965 152 xm,
998 97 1024 140 3
1053 123 1110 130 -
1142 98 1241 152 xv,
1273 98 1314 140 2.
1688 153 1691 157 ⁴
1796 99 1883 143 393

56 271 201 328 placet
219 268 357 325 vobis,
377 274 420 312 et
440 283 466 311 a
493 268 683 312 Domino
707 269 800 312 Deo
825 272 973 311 nostro
995 267 1219 323 egreditur
1235 282 1376 311 sermo
1399 281 1528 323 quem
1550 267 1714 324 loquor,
1735 269 1883 312 mitta-

58 344 153 372 mus
177 328 234 371 ad
263 328 425 371 fratres
451 332 621 371 nostros
647 326 836 382 reliquos
865 327 911 369 in
936 326 1161 370 universas
1183 327 1383 382 regiones
1410 327 1568 382 Israel,
1592 333 1635 370 et
1659 327 1714 370 ad
1740 342 1881 371 sacer-

55 388 200 443 dotes,
223 392 267 431 et
291 387 472 442 levitas,
499 386 570 442 qui
601 386 808 428 habitant
831 385 875 428 in
902 385 1165 429 suburbanis
1191 385 1386 441 urbium,
1411 390 1459 428 ut
1483 392 1806 442 congregentur
1826 387 1882 430 ad

54 461 154 498 nos,
177 447 195 474 ³
215 451 260 489 et
283 446 546 489 reducamus
567 459 715 488 arcam
741 445 822 488 Dei
849 444 984 487 nostri
1006 444 1063 487 ad
1085 459 1188 500 nos3
1209 459 1294 488 non
1313 445 1430 488 enirn
1449 445 1759 501 requisivimus
1785 460 1883 489 eam

52 506 100 548 in
126 505 283 549 diebus
308 504 427 548 Saul.
450 504 466 530 ⁴
485 505 543 547 Et
563 503 790 560 respondit
815 503 1019 546 universa
1041 503 1279 546 multitudo
1310 509 1358 546 ut
1386 504 1449 546 ita
1474 503 1625 559 fieret3
1656 505 1885 561 placuerat

56 565 172 608 enim
205 577 347 607 sermo
382 563 500 606 omni
530 562 706 620 populo.
733 562 750 588 ⁵
776 561 1075 617 Congregavit
1107 575 1210 617 ergo
1247 563 1393 606 David
1427 569 1636 606 cunctum
1667 564 1825 620 Israel,
1858 579 1885 607 a

54 623 180 667 Sihor
205 622 414 680 AEgypti,
442 635 579 677 usque
601 621 705 663 dum
727 619 990 676 ingrediaris
1013 620 1190 676 Emath,
1210 626 1259 663 ut
1280 621 1520 665 adduceret
1544 637 1694 666 arcam
1722 623 1804 666 Dei
1831 623 1885 666 de

54 681 378 726 Cariathiarim.
401 682 418 708 ὓ
436 681 494 723 Et
525 679 727 722 ascendit
757 678 925 732 David,
953 683 997 722 et
1028 679 1170 722 omnis
1196 679 1263 721 vir
1293 680 1431 723 Israel
1459 681 1517 723 ad
1548 681 1706 725 collem
1736 682 1885 726 Caria-

50 741 231 784 thiarim
244 776 253 793 ‚
280 740 352 796 qui
379 745 443 783 est
467 740 514 782 in
533 738 672 794 Juda,
692 742 741 780 ut
757 737 937 780 afferret
954 737 1058 780 inde
1075 751 1225 780 arcam
1244 739 1423 781 Domini
1444 740 1526 783 Dei
1545 740 1738 784 sedentis
1757 755 1886 798 super

51 800 301 854 cherubim,
330 798 405 841 ubi
434 798 693 840 invocatum
717 802 784 840 est
817 810 978 839 nomen
1008 796 1119 852 ejus.
1146 796 1162 822 ⁷
1188 797 1587 854 Imposueruntque
1619 814 1768 843 arcam
1803 801 1884 844 Dei

50 874 180 916 super
202 859 450 915 plaustrum
471 870 657 911 novum,
685 856 740 899 de
762 855 892 899 domo
921 855 1175 898 Abinadad.
1199 856 1290 900 Oza
1318 862 1489 911 autem,
1521 863 1565 899 et
1594 858 1733 902 frater
1766 859 1883 915 ejus,

50 917 284 960 minabant
308 916 570 974 plaustrum.
597 915 614 942 ⁸
634 916 765 959 Porro
794 915 961 970 David,
989 919 1033 958 et
1054 915 1284 958 universus
1314 915 1475 971 Israel,
1499 915 1713 960 ludebant
1739 932 1885 961 coram

51 978 144 1020 Deo
179 976 297 1020 omni
326 976 490 1018 virtute
521 975 567 1017 in
601 975 808 1031 canticis,
843 980 887 1017 et
915 974 960 1016 in
995 974 1197 1030 citharis,
1229 979 1272 1018 et
1301 975 1543 1031 psalteriis,
1567 980 1610 1018 et
1638 977 1883 1032 tympanis,

48 1041 93 1079 et
118 1035 357 1092 cymbalis,
385 1040 428 1078 et
449 1034 581 1078 tubis.
601 1033 619 1060 9
637 1034 749 1077 Cum
772 1039 922 1077 autem
948 1033 1252 1090 pervenissent
1276 1034 1333 1077 ad
1356 1048 1505 1077 aream
1528 1034 1721 1091 Chidon,
1745 1040 1886 1078 teten-

49 1095 115 1138 dit
137 1095 227 1139 Oza
254 1109 436 1137 manum
458 1108 584 1137 suam
610 1098 658 1136 ut
682 1098 949 1137 sustentaret
973 1107 1144 1149 arcam,
1171 1093 1249 1136 bos
1276 1093 1438 1150 quippe
1468 1093 1705 1137 lasciviens
1730 1094 1885 1151 paulu-

48 1153 142 1196 lum
176 1154 472 1197 inclinaverat
508 1167 621 1196 eam.
661 1152 700 1180 ¹⁰
726 1153 873 1196 Iratus
907 1158 972 1195 est
1012 1151 1162 1208 itaque
1199 1153 1418 1196 Dominus
1456 1158 1609 1196 contra
1646 1153 1803 1208 ozam,
1842 1159 1887 1197 et

48 1213 264 1270 percussit
282 1227 396 1268 eum,
416 1227 466 1256 eo
485 1212 601 1269 quod
620 1212 838 1268 tetigisset
856 1226 1030 1266 arcam3
1050 1217 1093 1254 et
1112 1216 1309 1255 mortuus
1332 1218 1397 1255 est
1418 1212 1481 1255 ibi
1508 1226 1655 1256 coram
1679 1213 1884 1257 Domino.

110 1272 141 1298 ¹¹
170 1272 554 1327 Contristatusque
586 1276 652 1315 est
686 1271 854 1326 David,
886 1285 936 1314 eo
965 1270 1081 1326 quod
1111 1271 1336 1315 divisisset
1366 1271 1583 1315 Dominus
1614 1272 1780 1327 Ozam3
1811 1286 1886 1315 vo-

48 1332 254 1387 cavitque
295 1331 442 1374 locum
481 1330 629 1386 illum,
669 1330 841 1373 Divisio
879 1330 1001 1385 Ozae,
1040 1344 1177 1385 usque
1212 1330 1259 1372 in
1296 1336 1562 1387 praesentem
1595 1331 1728 1376 diem.
1767 1330 1803 1357 '¹2
1828 1332 1886 1374 Et

48 1391 199 1434 timuit
233 1392 377 1434 Deum
410 1395 516 1432 tunc
545 1389 776 1445 temporis,
807 1389 958 1432 dicens
985 1405 992 1432 :
1027 1389 1252 1438 Quomodo
1287 1404 1465 1446 possum
1498 1390 1554 1433 ad
1585 1405 1655 1433 me
1687 1390 1885 1434 introdu-

48 1464 146 1494 cere
170 1464 321 1492 arcam
352 1448 468 1492 Dei?
492 1448 528 1474 13
546 1449 603 1490 Et
628 1448 683 1491 ob
708 1449 823 1491 hanc
850 1462 1030 1490 causam
1062 1462 1150 1490 non
1179 1448 1368 1491 adduxit
1394 1463 1493 1492 eam
1518 1449 1574 1492 ad
1604 1464 1670 1505 se,
1704 1450 1787 1493 hoc
1821 1455 1887 1493 est

47 1509 94 1552 in
116 1509 345 1552 civitatem
373 1507 544 1563 David,
580 1507 657 1550 sed
687 1507 848 1550 avertit
876 1506 922 1549 in
949 1506 1128 1549 domum
1161 1506 1418 1551 Obededom
1443 1508 1633 1551 Gethaei.
1665 1507 1700 1534 ¹4
1720 1509 1886 1552 Mansit

48 1582 150 1623 ergo
175 1582 278 1610 arca
302 1567 385 1610 Dei
409 1566 456 1609 in
478 1566 608 1610 domo
632 1566 890 1610 Obededom
911 1565 1052 1608 tribus
1075 1565 1327 1623 mensibus;
1352 1571 1396 1610 et
1416 1566 1645 1610 benedixit
1669 1567 1885 1610 Dominus

46 1626 197 1670 domui
224 1627 342 1682 ejus,
365 1630 410 1670 et
434 1626 639 1670 omnibus
664 1640 764 1682 quae
789 1625 997 1669 habebat.

106 1686 213 1730 CAP.
243 1687 370 1729 XIV.
395 1712 455 1717 —
483 1685 496 1711 1
517 1685 641 1728 Misit
664 1699 836 1741 quoque
870 1685 1050 1741 Hiram,
1084 1700 1162 1729 rex
1191 1686 1318 1742 Tyri,
1353 1685 1531 1730 nuntios
1557 1686 1613 1729 ad
1645 1687 1812 1742 David,
1845 1693 1887 1730 et

45 1744 170 1802 ligna
212 1745 415 1801 cedrina,
458 1751 501 1788 et
540 1744 732 1788 artifices
774 1744 1019 1801 parietum,
1069 1745 1404 1801 lignorumque,
1448 1750 1494 1788 ut
1535 1745 1806 1789 aedificarent
1846 1746 1885 1789 ei

46 1804 241 1847 domum.
273 1804 291 1830 2
313 1804 621 1860 Cognovitque
649 1804 796 1846 David
824 1803 941 1860 quod
966 1804 1270 1847 confirmasset
1295 1818 1394 1847 eum
1424 1805 1640 1848 Dominus
1665 1805 1712 1847 in
1736 1819 1887 1861 regem

45 1878 176 1920 super
193 1863 346 1919 Israel,
367 1867 410 1906 et
428 1863 712 1906 sublevatum
732 1868 847 1907 esset
868 1877 1055 1919 regnum
1078 1878 1206 1906 suum
1229 1877 1358 1920 super
1377 1864 1591 1921 populum
1613 1864 1708 1920 ejus
1731 1864 1884 1907 Israel.

105 1923 122 1949 3
139 1922 328 1979 Accepit
357 1937 529 1978 quoque
557 1922 704 1966 David
730 1922 842 1966 alias
871 1937 1028 1966 uxores
1058 1922 1104 1965 in
1130 1923 1401 1978 Jerusalem,
1432 1923 1673 1979 genuitque
1698 1923 1811 1966 filios
1843 1928 1887 1966 et

45 1982 173 2025 filias.
200 1982 218 2008 4
242 1982 301 2024 Et
329 1983 426 2025 haec
452 1981 633 2025 nomina
660 1996 810 2025 eorum
837 1982 909 2038 0111
931 1982 1025 2025 nati
1050 1987 1153 2025 sunt
1178 1982 1218 2025 ei
1242 1982 1287 2024 in
1315 1982 1565 2026 Jerusalem
1589 1999 1596 2026 :
1630 1983 1812 2036 samua,
1844 1988 1886 2026 et

46 2041 212 2098 Sobad,
245 2041 446 2096 Nathan,
474 2046 518 2084 et
551 2041 781 2097 Salomon,
808 2042 826 2068 ⁵
846 2042 1056 2097 Jebahar,
1088 2046 1131 2085 et
1164 2042 1338 2097 Elisua,
1366 2047 1410 2084 et
1440 2041 1687 2098 Eliphalet,
1715 2042 1732 2068 6
1758 2043 1886 2097 Noga

45 2115 239 2157 quoque,
263 2106 307 2143 et
332 2101 544 2157 Napheg,
568 2105 612 2143 et
638 2101 825 2157 Japhia,
849 2100 864 2127 ⁷
887 2101 1107 2154 Elisama,
1135 2106 1178 2144 et
1201 2100 1438 2157 Baahada,
1464 2106 1508 2144 et
1533 2101 1773 2157 Eliphalet.

104 2159 121 2186 8
140 2160 385 2203 Audientes
417 2165 567 2202 autem
603 2159 877 2202 Philisthiim
907 2174 957 2203 eo
990 2160 1106 2216 quod
1141 2165 1299 2203 unctus
1333 2165 1448 2203 esset
1481 2160 1627 2203 David
1656 2160 1703 2202 in
1735 2175 1886 2217 regem

45 2234 175 2276 super
215 2219 472 2262 universum
510 2218 674 2274 Israel,
717 2219 1011 2262 ascenderunt
1048 2233 1198 2262 omnes
1231 2224 1280 2262 ut
1317 2224 1564 2276 quaererent
1600 2234 1730 2275 eum3
1769 2220 1886 2275 quod

45 2293 148 2322 cum
169 2278 367 2322 audisset
398 2278 565 2334 David,
589 2292 791 2334 egressus
813 2283 879 2322 est
901 2278 1080 2321 obviam
1105 2279 1180 2321 eis.
1208 2278 1225 2304 9
1247 2279 1380 2322 Ρο110
1407 2278 1682 2322 Philisthiim
1705 2279 1886 2322 venien-

44 2343 135 2394 tes,
175 2337 327 2380 diffusi
372 2342 474 2381 sunt
513 2337 559 2380 in
597 2337 714 2380 valle
757 2337 990 2394 Raphaim.
1030 2337 1067 2364 ¹0
1096 2337 1414 2394 Consuluitque
1457 2338 1605 2381 David
1644 2338 1886 2382 Dominum

45 2397 198 2440 dicens
220 2414 229 2441 ε
256 2397 301 2441 Si
325 2396 566 2440 ascendam
590 2397 648 2440 ad
674 2396 977 2453 Philisthaeos,
1006 2397 1114 2440 etsi
1145 2398 1290 2440 trades
1317 2412 1390 2440 eos
1414 2398 1462 2440 in
1492 2412 1627 2440 manu
1661 2411 1759 2440 mea
1775 2397 1796 2440 ?
1828 2398 1886 2439 Et

45 2456 160 2500 dixit
189 2456 229 2500 ei
257 2457 476 2500 Dominus
501 2473 509 2500 :
541 2456 767 2512 Ascende,
794 2461 837 2499 et
867 2456 1041 2499 tradam
1067 2471 1139 2499 eos
1164 2455 1210 2498 in
1240 2471 1374 2499 manu
1404 2461 1495 2500 tua.
1527 2456 1560 2483 ¹¹
1588 2458 1785 2512 Cumque
1818 2456 1885 2499 illi

44 2515 349 2559 ascendissent
376 2516 423 2559 in
451 2515 812 2573 Baalpharasim,
845 2516 1062 2573 percussit
1083 2530 1155 2559 eos
1180 2515 1243 2558 ibi
1270 2515 1438 2571 David,
1466 2521 1509 2559 et
1539 2515 1655 2558 dixit
1679 2532 1688 2559 ε
1723 2515 1886 2558 Divisit

47 2576 167 2618 Deus
209 2575 415 2619 inimicos
463 2590 583 2619 meos
627 2590 704 2632 per
753 2590 933 2618 manum
975 2590 1144 2630 meam,
1187 2574 1303 2617 sicut
1350 2574 1610 2617 dividuntur
1649 2589 1789 2630 aquae.
1829 2575 1886 2617 Et

44 2634 210 2678 idcirco
233 2640 441 2678 vocatum
467 2641 533 2678 est
562 2649 723 2679 nomen
747 2635 869 2678 1111115
899 2635 984 2678 1001
1017 2633 1367 2691 Baalpharasim.
1403 2632 1436 2659 ¹2
1460 2633 1885 2689 Dereliqueruntque

44 2693 107 2737 ibi
135 2693 239 2738 deos
260 2708 382 2750 suos,
405 2709 514 2750 quos
545 2694 692 2738 David
714 2694 846 2750 jussit
871 2694 1009 2737 exuri.

105 2752 141 2779 13
169 2752 274 2796 Alia
314 2753 450 2796 etiam
489 2754 587 2798 viee
636 2753 910 2797 Philisthiim
951 2754 1195 2810 irruerunt,
1238 2759 1280 2796 et
1326 2753 1479 2796 diffusi
1521 2759 1623 2796 sunt
1667 2752 1712 2795 in
1755 2752 1883 2796 valle.

48 2811 81 2838 ¹4
107 2812 426 2868 Consuluitque
457 2828 632 2856 rursum
663 2813 811 2856 David
843 2814 1007 2869 Deum,
1046 2818 1090 2856 et
1119 2812 1234 2856 dixit
1270 2813 1310 2855 ei
1349 2814 1466 2856 Deus
1493 2829 1502 2856 :
1538 2813 1638 2856 Non
1671 2811 1884 2855 ascendas

0 2880 5 2890 ·
45 2877 145 2928 post
181 2885 285 2927 eos3
329 2873 483 2916 recede
521 2873 579 2916 ab
616 2873 704 2928 eis,
743 2878 788 2915 et
824 2872 973 2916 venies
1012 2876 1164 2915 contra
1203 2872 1304 2915 illos
1342 2886 1398 2915 ex
1436 2872 1622 2914 adverso
1662 2886 1883 2928 pyrorum.

48 2930 82 2957 ¹⁵
99 2931 299 2987 Cumque
323 2932 515 2975 audieris
544 2933 740 2976 sonitum
771 2931 1014 2988 gradientis
1040 2931 1087 2973 in
1113 2931 1344 2975 cacumine
1369 2945 1602 2988 pyrorum,
1630 2936 1736 2973 tunc
1762 2945 1884 2986 egre-

47 2990 178 3034 dieris
211 2991 268 3034 ad
297 2991 495 3047 bellum;
526 3006 726 3048 egressus
757 2998 823 3035 est
860 2991 978 3034 enim
1010 2992 1130 3034 Deus
1161 2995 1266 3034 ante
1306 2996 1370 3046 te,
1405 2995 1454 3033 ut
1486 2989 1707 3047 percutiat
1742 2994 1885 3033 castra

46 3049 335 3093 Philisthiim.
362 3050 398 3077 ¹⁶
424 3051 550 3094 Fecit
581 3065 682 3107 ergo
718 3050 866 3094 David
897 3049 1013 3092 sicut
1041 3054 1313 3107 praeceperat
1346 3049 1385 3093 ei
1421 3052 1562 3106 Deus,
1593 3054 1637 3094 et
1669 3048 1885 3106 percussit

47 3114 191 3151 castra
232 3109 601 3153 Philisthinorum
637 3110 692 3154 de
730 3110 916 3155 Gabaon
953 3123 1091 3165 usque
1124 3109 1308 3153 Gazera.
1344 3109 1378 3136 ¹⁷
1403 3109 1785 3166 Divulgatumque
1819 3112 1884 3150 est

46 3181 207 3212 nomen
246 3168 393 3212 David
425 3169 472 3212 in
504 3169 722 3213 universis
754 3167 1029 3225 regionibus,
1063 3174 1106 3211 et
1141 3169 1357 3212 Dominus
1391 3168 1515 3212 dedit
1543 3181 1753 3225 pavorem
1786 3166 1883 3222 ejus

45 3240 176 3284 super
198 3242 349 3272 omnes
375 3236 543 3285 gentes.

73 3293 79 3300 '
106 3286 215 3330 CAP.
237 3289 337 3331 XV.
363 3315 420 3320 --
442 3288 455 3314 1
476 3290 603 3333 Fecit
633 3305 805 3347 quoque
829 3289 914 3333 sibi
944 3289 1096 3334 domos
1125 3289 1171 3332 in
1204 3290 1386 3333 civitate
1423 3289 1590 3341 David,
1618 3293 1661 3331 et
1691 3286 1881 3330 aedifica-

46 3344 113 3388 vit
140 3346 288 3390 locum
316 3362 432 3391 arcae
459 3348 563 3405 Dei,
597 3350 874 3405 tetenditque
903 3349 942 3392 ei
975 3349 1325 3394 tabernaculum.
1357 3348 1374 3374 2
1395 3350 1521 3392 Tunc
1550 3347 1665 3390 dixit
1698 3345 1845 3388 David
1871 3362 1880 3389 ε

48 3403 266 3448 Illicitum
286 3408 353 3450 es't
376 3413 425 3450 ut
449 3423 475 3450 a
500 3422 776 3464 quocumque
797 3413 993 3465 portetur
1016 3422 1119 3451 arca
1144 3408 1250 3464 Dei,
1272 3408 1358 3451 nisi
1382 3423 1408 3450 a
1437 3407 1584 3450 levitis
1611 3419 1718 3461 quos
1744 3404 1881 3460 elegit

50 3462 265 3508 Dominus
285 3465 342 3508 ad
367 3467 635 3523 portandum
661 3482 778 3525 eam,
802 3472 846 3511 et
870 3467 926 3510 ad
949 3466 1292 3510 ministrandum
1314 3466 1398 3509 sibi
1422 3479 1558 3521 usque
1578 3464 1625 3507 in
1651 3469 1878 3507 aeternum.

54 3610 86 3643 5]
104 3609 139 3638 11
157 3611 313 3648 Reg.V1,
329 3616 356 3642 2.
372 3627 409 3633 -
425 3615 517 3649 14,1]
534 3615 568 3643 11
587 3615 671 3647 neg.
689 3614 837 3649 v,11.—
850 3613 881 3647 3]
899 3613 934 3640 11
951 3613 1035 3646 Reg.
1053 3613 1092 3646 v,
1108 3614 1151 3640 13.
1171 3626 1208 3631 —
1220 3612 1251 3645 8]
1269 3611 1303 3639 11
1322 3612 1405 3645 neg.
1425 3611 1464 3645 v,
1482 3613 1525 3639 17.

1965 1281 2182 1315 Relinquitur

2028 1326 2116 1358 apud

1973 1371 2172 1400 Obededom.

1979 1694 2025 1721 De
2046 1689 2172 1725 palatio

2004 1941 2042 1962 ac
2061 1933 2142 1962 filiis

2012 1977 2128 2007 David.

1995 2177 2157 2207 Victoriae

1994 2222 2157 2250 adversus

1962 2265 2180 2296 Philisthiim.

1947 3295 2190 3325 'translationis

2027 3347 2112 3369 arcae

2001 3383 2035 3412 in
2053 3384 2132 3412 Sion

1946 3431 1978 3457 1⁰
1995 3431 2188 3464 apparatus,
