2423 3861
126 1758 354 1793 Triumphalis

120 1811 294 1837 ingressu:
328 1811 360 1831 111

141 1847 341 1875 Jerusalem.

150 3166 341 3196 vendentes

151 3215 345 3243 enciuntur.

163 3336 244 3363 ,lesu
270 3335 329 3364 mi-

128 3377 304 3407 nisterium
332 3378 364 3407 in

180 3423 315 3455 templo.

429 114 539 156 1178
1102 113 1211 155 LUC.
1247 113 1380 166 XIX,
1417 113 1578 156 16-48.

425 283 607 339 quisque
637 283 888 338 negotiatus
921 287 1046 325 esset.
1077 280 1110 307 ¹⁶
1128 281 1266 323 Venit
1294 286 1444 323 autem
1478 283 1666 336 primus,
1694 282 1845 323 dicens
1868 298 1878 325 :
1904 283 2115 339 Domine,
2150 297 2253 325 mna

425 348 499 384 tua
527 342 676 385 decem
706 355 831 383 mnas
856 339 1108 395 acquisivit.
1138 339 1170 365 ¹7
1190 340 1249 382 Et
1269 339 1333 382 ait
1357 339 1424 381 illi
1447 356 1454 383 :
1481 340 1629 395 Euge,
1652 339 1766 382 bone
1788 353 1938 393 serve3
1966 341 2068 395 quia
2091 341 2139 384 in
2163 357 2254 384 mo-

425 401 523 444 dico
556 401 683 443 fuisti
722 399 886 455 fidelis,
925 399 1008 442 eris
1046 403 1312 455 potestatem
1341 398 1510 442 habens
1543 413 1674 455 super
1707 398 1861 441 decem
1894 398 2113 442 civitates.
2140 400 2175 427 1⁸
2198 401 2253 443 Et

424 459 536 503 alter
558 459 699 514 venit,
727 458 879 501 dicens
902 475 910 502 :
938 457 1142 512 Domine,
1167 472 1270 500 mna
1293 462 1370 500 tua
1394 457 1506 500 fecit
1528 457 1722 513 quinque
1749 471 1888 500 mnas,
1909 457 1944 483 ¹9
1963 458 2022 500 Et
2041 457 2145 501 huic
2164 459 2254 503 ait:

425 520 481 561 Et
514 524 561 560 tu
595 523 688 560 esto
721 531 851 574 super
880 516 1072 573 quinque
1103 516 1320 559 civitates.
1355 515 1392 542 ‘20
1418 518 1474 559 Et
1503 517 1615 560 alter
1647 516 1789 572 venit,
1826 516 1978 559 dicens
2004 533 2013 560 :
2045 517 2256 573 Domine,

425 591 524 620 ecce
552 591 655 619 mna
687 582 782 633 tua,
813 590 946 632 quam
981 575 1116 618 habui
1141 575 1382 632 repositam
1407 575 1452 618 in
1481 575 1684 631 sudario,
1712 574 1746 601 21
1766 575 1895 618 timui
1922 575 2041 619 enim
2065 581 2129 632 te,
2157 576 2258 631 quia

424 637 553 678 homo
575 641 775 679 austerus
801 650 846 679 es
869 652 878 679 z
904 635 1024 678 tollis
1050 635 1166 690 quod
1190 649 1278 678 non
1304 634 1512 691 posuisti,
1536 640 1578 677 et
1604 634 1733 678 metis
1760 634 1875 690 quod
1901 649 1989 678 non
2014 635 2256 678 seminasti.

424 693 461 719 ‘2'2
480 694 602 738 Dicit
627 695 666 737 ei
687 713 694 739 ι
721 696 786 738 De
811 709 883 738 ore
910 700 984 737 tuo
1007 700 1050 737 te
1072 693 1244 750 judico,
1270 709 1396 737 serve
1424 708 1630 750 nequam.
1657 693 1837 737 Sciebas
1863 694 1979 749 quod
2013 708 2094 750 ego
2127 694 2257 737 homo

423 759 623 797 austerus
656 768 775 810 sum,
803 753 963 797 tollens
997 753 1112 809 quod
1153 768 1241 796 non
1277 753 1425 810 posui,
1455 759 1499 796 et
1532 759 1704 796 metens
1738 752 1854 808 quod
1892 767 1979 796 non
2017 752 2257 807 seminavi,

424 812 461 839 '²3
482 818 526 856 et
546 827 680 869 quare
706 828 794 856 non
818 812 980 856 dedisti
1007 812 1243 869 pecuniam
1266 827 1412 855 meam
1441 812 1497 855 ad
1527 827 1748 868 mensam,
1771 817 1820 855 ut
1845 827 1925 868 ego
1951 812 2134 855 veniens
2160 826 2260 856 cum

424 872 566 915 usuris
603 873 754 928 utique
787 872 1034 927 exegissem
1072 872 1232 914 illam?
1258 871 1294 898 ‘24
1321 872 1380 915 Et
1411 872 1662 915 astantibus
1698 871 1842 915 dixit:
1869 872 2059 915 Auferte
2093 871 2149 914 ab
2181 871 2261 914 illo

425 946 598 987 mnam,
625 937 668 974 et
699 932 801 975 date
829 932 897 974 illi
923 931 996 987 qui
1024 931 1177 975 decem
1208 946 1334 974 mnas
1367 931 1515 975 habet.
1546 931 1582 957 25
1601 932 1658 974 Et
1692 931 1900 973 dixerunt
1918 931 1972 984 ,ei
1999 947 2009 974 ε
2049 930 2262 985 Domine,

424 990 559 1034 habet
593 991 747 1034 decem
774 1006 914 1034 mnas.
941 990 978 1016 ‘2⁶
998 991 1109 1033 Dico
1138 996 1289 1034 autem
1319 991 1468 1046 vobis,
1503 991 1604 1046 quia
1631 990 1751 1033 omni
1781 990 1965 1033 habenti
1995 989 2187 1045 dabitur,
2218 995 2261 1032 et

424 1049 695 1104 abundabit;
725 1051 780 1093 ab
811 1065 861 1094 eo
886 1055 1037 1093 autem
1067 1050 1141 1106 qui
1167 1065 1255 1093 non
1285 1049 1442 1105 habet,
1474 1055 1518 1093 et
1543 1049 1658 1105 quod
1688 1049 1824 1092 habet
1853 1049 2082 1093 auferetur
2110 1049 2166 1092 ab
2197 1062 2262 1092 eo,

424 1107 459 1134 ²⁷
479 1110 801 1152 Verumtamen
827 1109 1032 1152 inimicos
1059 1124 1179 1153 meos
1207 1109 1329 1165 illos,
1357 1109 1431 1165 qui
1461 1109 1698 1152 noluerunt
1728 1123 1798 1151 me
1827 1122 2013 1164 regnare
2039 1122 2170 1165 super
2193 1121 2263 1163 se,

424 1168 633 1212 adducite
659 1170 764 1225 huc,
790 1174 833 1212 et
854 1169 1091 1212 interficite
1112 1174 1216 1219 ante
1242 1183 1324 1212 me.

484 1226 519 1254 “²8
540 1229 595 1270 Et
621 1228 688 1271 his
713 1228 864 1285 dictis,
889 1228 1171 1285 praecedebat
1193 1228 1437 1271 ascendens
1461 1228 1488 1270 J
1493 1228 1802 1284 erosolymam.

1036 1377 1251 1432 PARS
1305 1377 1653 1443 QUARTA

700 1503 1037 1542 CHRISTUS
1087 1503 1502 1548 PATIENSET
1551 1502 1990 1541 TRIUMPHANS

909 1626 1072 1668 SEc'rro
1109 1625 1143 1668 Ι.
1170 1651 1229 1656 —-
1261 1625 1427 1668 PAsslo
1463 1636 1781 1667 PRAEPARATUR

486 1732 522 1760 ‘29
545 1735 603 1777 Et
628 1734 802 1776 factum
837 1738 924 1787 est',
952 1747 1051 1775 cun]
1082 1733 1480 1789 appropinquasset
1509 1733 1565 1775 ad
1602 1732 1865 1789 Bethphage
1899 1737 1943 1775 et
1974 1732 2264 1790 Bethaniam,

426 1793 483 1836 ad
517 1798 714 1835 montem
748 1792 821 1848 qui
847 1798 1031 1835 vocatur
1064 1792 1249 1847 oliveti,
1285 1792 1408 1834 misit
1442 1792 1550 1834 duos
1581 1791 1823 1848 discipulos
1857 1805 1979 1847 SUOS,
2014 1791 2052 1818 3⁰
2077 1791 2264 1836 dicens:

428 1854 498 1896 Ite
521 1853 568 1895 in
598 1851 832 1895 castellum
856 1851 970 1907 quod
995 1857 1148 1894 contra
1177 1858 1265 1905 est3
1298 1852 1343 1894 in
1367 1851 1483 1907 quod
1509 1851 1802 1906 introeuntes,
1829 1850 2067 1893 invenietis
2093 1851 2265 1908 pullum

427 1912 565 1955 asinae
602 1911 860 1966 alligatum,
896 1910 966 1953 cui
1004 1925 1132 1954 nemo
1171 1925 1366 1966 unquam
1400 1910 1631 1953 hominum
1667 1910 1811 1960 sedit:
1846 1910 2006 1953 solvite
2038 1909 2187 1966 illum,
2222 1915 2266 1954 et

427 1971 649 2015 adducite.
677 1970 710 1997 3¹
733 1972 790 2013 Et
818 1971 853 2012 si
880 1970 976 2026 quis
1003 1984 1081 2013 vos
1109 1969 1451 2025 interrogaverit
1473 1986 1482 2013 ε
1509 1969 1651 2019 Quare
1676 1968 1886 2012 solvitis?
1916 1969 1980 2012 sic
2011 1969 2168 2012 dicetis
2191 1969 2231 2013 ei
2256 1986 2266 2014 t

428 2031 540 2082 Quia
566 2029 783 2073 Dominus
811 2044 988 2086 operam
1013 2027 1108 2085 ejus
1135 2029 1370 2072 desiderat.
1398 2028 1435 2055 32
1448 2029 1671 2071 Abierunt
1692 2033 1843 2071 autem
1868 2028 1943 2084 qui
1969 2028 2092 2071 missi
2119 2034 2265 2085 erant,

427 2096 471 2134 et
491 2090 778 2145 invenerunt,
802 2089 916 2132 sic-ut
942 2088 1056 2132 dixit
1077 2088 1188 2144 illis,
1215 2094 1409 2131 stantem
1431 2088 1617 2145 pullum.
1644 2087 1681 2114 33
1699 2087 1982 2131 Solventibus
2004 2093 2155 2131 autem
2176 2088 2268 2131 illis

427 2148 619 2206 pullum,
654 2149 864 2192 dixerunt
897 2148 1066 2192 domini
1097 2148 1194 2204 ejus
1227 2148 1282 2190 ad
1315 2147 1444 2191 illos:
1471 2147 1586 2198 Quid
1619 2147 1791 2191 solvitis
1824 2147 2029 2204 pullum?
2053 2147 2090 2174 34
2106 2148 2170 2190 At
2197 2147 2265 2190 illi

428 2209 634 2252 dixerunt
661 2208 807 2259 :Quia
841 2207 1059 2251 Dominus
1090 2222 1192 2250 eum
1225 2207 1523 2250 necessarium
1555 2207 1704 2250 habet.
1735 2207 1771 2234 3⁵
1798 2209 1854 2250 Et
1888 2206 2109 2250 duxerunt
2136 2205 2265 2249 illum

427 2268 484 2311 ad
528 2268 556 2310 J
561 2281 698 2311 esum.
745 2269 804 2310 Et
843 2267 1064 2324 jactantes
1106 2267 1376 2310 vestimenta
1419 2281 1497 2309 sua
1546 2281 1676 2323 supra
1722 2266 1919 2323 pullum,
1962 2265 2268 2323 imposuerunt

428 2328 455 2370 J
461 2342 598 2371 esum.
629 2327 666 2353 3⁰
688 2329 833 2370 Eunte
866 2332 1016 2370 autem
1046 2326 1144 2382 illo,
1179 2326 1524 2369 substernebant
1548 2326 1816 2369 vestimenta
1846 2340 1924 2368 sua
1953 2325 1999 2367 in
2028 2325 2114 2368 via.
2149 2324 2184 2351 3⁷
2208 2323 2267 2368 Et

429 2401 530 2430 cum
555 2386 929 2443 appropinquaret
955 2386 1049 2442 jain
1073 2386 1131 2429 ad
1159 2385 1421 2429 descensum
1450 2386 1614 2428 montis
1642 2385 1828 2441 Oliveti,
1856 2389 2084 2441 coeperunt
2113 2398 2265 2428 omnes

428 2446 569 2489 turbae
593 2445 913 2502 discipulorum
937 2445 1184 2502 gaudentes
1206 2445 1388 2488 laudare
1413 2446 1556 2488 Deum
1574 2458 1682 2488 voce
1705 2459 1882 2500 magna,
1906 2458 2038 2500 super
2059 2443 2265 2487 omnibus

429 2520 536 2561 quas
557 2505 762 2548 viderant
788 2505 1046 2560 virtutibus,
1074 2504 1110 2557 33
1129 2504 1328 2547 dicentes
1350 2519 1358 2546 :
1387 2503 1656 2547 Benedictus
1680 2504 1752 2559 qui
1773 2503 1894 2546 venit
1919 2517 1997 2546 rex
2017 2503 2063 2545 in
2086 2502 2268 2546 nomine

430 2564 635 2608 Domini!
658 2579 747 2621 pax
771 2564 819 2606 in
846 2564 976 2620 caelo,
997 2569 1040 2607 et
1059 2559 1201 2619 gloria
1221 2563 1265 2605 in
1291 2563 1503 2606 excelsis!
1530 2562 1567 2589 39
1586 2564 1644 2605 Et
1667 2563 1848 2618 quidam
1871 2562 2190 2619 pharisaeorum
2211 2561 2268 2605 de

428 2624 568 2666 turbis
587 2623 795 2667 dixerunt
816 2623 872 2666 ad
899 2623 1026 2666 illum
1048 2640 1057 2667 ε
1081 2623 1310 2678 Magister,
1333 2622 1513 2679 increpa
1537 2622 1778 2679 discipulos
1801 2627 1913 2665 tuos.
1934 2620 1969 2647 4⁰
1987 2621 2154 2672 Quibus
2172 2621 2269 2678 ipse

428 2682 491 2725 ait
513 2682 652 2726 :Dico
680 2683 825 2739 vobis,
850 2683 952 2739 quia
977 2682 1013 2725 si
1039 2683 1084 2725 hi
1111 2682 1352 2736 tacuerint,
1375 2682 1546 2738 lapides
1574 2681 1847 2725 clamabunt.

487 2741 521 2768 4¹
550 2743 607 2784 Et
632 2748 680 2785 ut
712 2742 1107 2799 appropinquavit,
1138 2741 1295 2784 videns
1330 2741 1560 2784 civitatem
1591 2740 1715 2784 flevit
1748 2755 1878 2797 super
1902 2740 2050 2798 illam,
2079 2740 2260 2783 dicens:

431 2801 467 2828 ⁴2
489 2801 601 2853 Quia
626 2801 663 2844 si
690 2801 972 2858 cognovisses
1002 2806 1046 2845 et
1074 2806 1143 2856 tu,
1175 2806 1219 2844 et
1248 2800 1428 2856 quidem
1457 2801 1503 2843 in
1538 2801 1620 2843 hac
1655 2800 1725 2843 die
1759 2805 1856 2856 tua,
1889 2815 1986 2857 quae
2019 2799 2075 2843 ad
2109 2812 2265 2856 pacem

429 2861 534 2904 tibi!
562 2875 680 2904 nunc
706 2866 857 2904 autem
885 2860 1148 2903 abscondita
1174 2865 1279 2903 sunt
1303 2860 1360 2902 ab
1386 2859 1525 2903 oculis
1551 2860 1652 2903 tuis.
1679 2859 1716 2886 ‘⁴3
1741 2860 1852 2910 Quia
1882 2859 2062 2903 venient
2093 2858 2185 2901 dies
2218 2857 2263 2899 in

429 2925 491 2976 te,
515 2925 558 2963 et
581 2920 922 2963 circumdabunt
944 2925 986 2963 te
1013 2920 1184 2963 inimici
1210 2919 1274 2962 tui
1301 2919 1440 2974 vallo,
1468 2925 1511 2963 et
1541 2919 1884 2962 circumdabunt
1910 2924 1972 2975 te,
2004 2923 2047 2961 et
2072 2931 2266 2972 coangu-

428 2979 611 3022 stabunt
635 2985 676 3023 te
697 2979 912 3035 undique,
939 2979 975 3005 Ψ·
993 2986 1037 3022 et
1058 2979 1115 3021 ad
1137 2984 1301 3022 terram
1330 2983 1609 3036 prosternent
1630 2983 1694 3033 te,
1719 2984 1762 3022 et
1792 2978 1904 3021 filios
1932 2983 2028 3020 tuos
2051 2976 2126 3032 qui
2150 2975 2196 3017 in
2223 2981 2266 3018 tc

429 3044 551 3093 sunt,
579 3044 622 3081 et
643 3053 730 3082 non
756 3038 1007 3094 relinquent
1032 3038 1077 3080 in
1101 3044 1144 3081 te
1169 3037 1366 3094 lapidem
1392 3052 1524 3094 super
1544 3037 1753 3094 lapidem,
1778 3052 1827 3081 eo
1851 3036 1965 3093 quod
1988 3049 2076 3079 non
2103 3048 2265 3090 cogno-

430 3097 545 3141 veris
566 3102 740 3154 tempus
765 3098 1034 3141 visitationis
1061 3103 1164 3141 tuae.

487 3156 524 3184 45
542 3157 601 3199 Et
622 3157 845 3213 ingressus
866 3157 912 3199 in
937 3157 1169 3214 templum,
1194 3157 1332 3213 coepit
1350 3158 1511 3213 ejicere
1533 3156 1776 3200 vendentes
1799 3155 1844 3198 in
1869 3155 1959 3209 illo,
1986 3159 2030 3196 et.
2052 3158 2264 3208 ementes,

429 3216 466 3243 ‘¹⁶
484 3216 636 3259 dicens
668 3215 758 3259 illis
781 3233 789 3260 :
825 3216 1046 3273 Scriptum
1073 3221 1138 3259 est
1160 3233 1168 3260 :
1196 3216 1308 3266 Quia
1337 3217 1494 3260 domus
1520 3230 1618 3259 mea
1645 3215 1801 3259 domus
1831 3212 2042 3258 orationis
2068 3218 2147 3255 est.
2176 3213 2268 3255 Vos

428 3280 579 3319 autem
604 3275 777 3319 fecistis
799 3275 925 3318 illam
947 3275 1205 3332 speluncam
1228 3275 1462 3318 latronum.

488 3334 523 3361 4⁷
551 3336 609 3378 Et
642 3340 736 3379 erat
769 3334 931 3378 docens
969 3334 1165 3390 quotidie
1205 3335 1252 3377 in
1290 3336 1471 3391 templo.
1513 3333 1738 3390 Principes
1775 3338 1923 3375 autem
1962 3331 2268 3386 sacerdotum,

431 3399 474 3436 et
498 3394 679 3450 scribae,
710 3400 753 3437 et
778 3393 1000 3450 principes
1027 3393 1170 3450 plebis
1201 3394 1461 3449 q11ae1·0ba1·1t
1493 3393 1620 3435 illum
1649 3391 1859 3448 perdere3
1887 3390 1922 3416 ⁴⁸
1949 3397 1991 3433 et
2022 3405 2109 3433 non
2140 3390 2267 3433 inve·

437 3539 485 3571 26]
499 3538 619 3566 Matth.
639 3539 739 3573 XIII,
757 3541 791 3566 12
809 3541 843 3566 et
861 3538 967 3572 XXV,
984 3540 1029 3566 29.
1044 3538 1145 3566 Marc.
1166 3539 1211 3565 lV
1240 3541 1284 3566 25.
1303 3538 1381 3570 Sup.
1401 3537 1498 3570 VIII,
1516 3539 1559 3565 18.
1574 3550 1610 3554 -
1626 3535 1674 3568 29]
1693 3534 1815 3562 Matth.
1835 3534 1929 3562 XXI.
1949 3537 1974 3562 1.
1992 3535 2092 3563 Marc.
2112 3535 2173 3569 XI,
2191 3538 2216 3564 1.
2229 3549 2268 3556 -

436 3583 486 3614 35]
502 3582 597 3610 Joan.
616 3583 706 3618 XII,
724 3586 766 3611 14.
784 3599 820 3603 —
841 3584 889 3617 44]
915 3583 1038 3611 Matth.
1058 3583 1191 3617 XXIV,
1216 3585 1242 3610 2.
1264 3582 1365 3609 Marc.
1384 3581 1493 3615 XIII,
1510 3582 1536 3607 2.
1560 3578 1624 3606 Inf.
1649 3579 1752 3612 XXI,
1774 3581 1800 3606 G.
1827 3592 1860 3597 --·
1886 3579 1932 3611 45]
1961 3579 2081 3607 Matth.
2100 3579 2204 3614 XXI,
2221 3581 2269 3608 12.

437 3626 534 3653 Marc.
553 3626 614 3661 XI,
633 3629 675 3654 15.
693 3642 728 3645 -
748 3629 796 3660 46]
821 3628 863 3655 ls.
884 3627 970 3660 LVI,
989 3630 1013 3655 7.
1031 3627 1100 3654 Jer.
1119 3626 1257 3657 VII,11.
