2456 3861
446 86 532 130 534
967 92 1055 136 210ss
1089 99 1266 157 xxxi,
1304 101 1362 145 25
1389 123 1448 131 -—
1476 97 1684 157 xxxn,
1720 104 1759 147 7.

740 266 784 304 et
809 261 956 306 obrizo
979 264 1071 307 dixi
1094 282 1103 309 :
1127 266 1316 311 Fiducia
1337 283 1460 324 mea3

619 316 656 344 25
673 317 709 362 si
731 319 908 364 laetatus
930 336 1027 365 sum
1052 337 1182 381 super
1201 327 1354 370 multis
1379 328 1548 371 divitiis
1573 329 1704 386 meis,

738 384 782 422 et
807 380 909 435 quia
933 381 1125 438 plurima
1148 385 1310 441 reperit
1334 401 1491 429 manus
1514 401 1626 431 mea.

619 435 656 463 ‘2⁶
674 437 719 481 si
742 438 834 481 vidi
857 440 995 483 solem
1019 455 1118 485 cum
1142 443 1359 503 fulgeret,

735 502 778 539 et
803 497 956 541 lunam
980 499 1262 546 incedentem
1283 506 1421 561 clare,

618 553 653 581 2⁷
671 560 715 598 et
739 556 942 600 laetatum
964 564 1030 602 est
1054 560 1101 603 in
1125 561 1387 608 abscondito
1410 579 1483 608 cor
1508 581 1676 623 meum,

735 620 780 659 et
803 617 1026 661 osculatus
1052 634 1149 663 sum
1170 636 1351 665 manum
1379 638 1523 667 meam
1550 640 1623 669 ore
1649 641 1773 673 meo:

615 672 650 700 ⁶28
669 688 767 730 quae
790 680 856 718 est
879 676 1092 733 iniquitas
1115 681 1331 738 maxima,

732 739 775 777 et
797 736 975 791 negatio
1003 744 1155 782 contra
1180 741 1321 784 Deum
1348 743 1632 788 altissimum.

614 790 651 817 2⁰
669 792 712 836 Si
734 794 914 849 gavisus
935 810 1033 839 sum
1058 798 1115 840 ad
1140 799 1314 842 ruinam
1337 802 1433 857 ejus
1460 803 1533 858 qui
1560 819 1629 848 me
1657 805 1830 862 oderat,

733 858 776 896 et
798 854 995 898 exultavi
1019 857 1134 912 quod
1155 858 1399 904 invenisset
1421 876 1521 905 eum
1547 864 1741 919 malum;

613 908 650 938 3⁰
666 925 753 955 non
779 913 898 956 enim
921 914 1021 958 dedi
1044 916 1101 958 ad
1127 919 1403 973 peccandum
1429 926 1582 976 guttur
1606 938 1774 980 meum,

731 975 780 1014 ut
801 978 1054 1029 expeterem
1078 976 1350 1021 maledicens
1375 980 1571 1024 animam
1595 982 1704 1038 ejus.

611 1026 645 1057 3¹
663 1028 710 1073 Si
733 1045 820 1074 non
844 1031 1052 1076 dixerunt
1076 1034 1160 1076 viri
1186 1037 1463 1081 tabernaculi
1488 1041 1575 1083 mei
1598 1058 1607 1085 :

729 1090 833 1140 Quis
860 1091 935 1134 det
960 1092 1014 1135 de
1037 1094 1243 1137 carnibus
1267 1096 1383 1152 ejus,
1411 1103 1460 1140 ut
1485 1102 1762 1147 saturemur?

606 1145 647 1174 ³2
663 1147 789 1192 Foris
811 1164 899 1192 non
922 1152 1088 1194 mansit
1108 1154 1365 1209 peregrinus
1384 1174 1392 1212 3

729 1208 889 1251 ostium
914 1224 1064 1254 meum
1089 1212 1248 1256 viatori
1275 1216 1434 1271 patuit.

607 1263 645 1292 33
665 1266 709 1310 Si
734 1267 948 1312 abscondi
976 1270 1101 1327 quasi
1127 1272 1258 1316 homo
1281 1281 1515 1330 peccatum
1540 1292 1707 1335 meum,

726 1331 770 1370 et
795 1327 939 1371 celavi
959 1329 1006 1372 in
1031 1330 1131 1373 sinu
1157 1346 1256 1375 meo
1282 1333 1567 1390 iniquitatem
1592 1352 1753 1382 meam.

607 1382 644 1411 ³4
659 1384 705 1429 Si
732 1387 894 1444 expavi
918 1389 975 1432 ad
1001 1390 1337 1435 multitudinem
1362 1394 1569 1452 nimiam,

723 1451 770 1489 et
791 1446 1017 1504 despectio
1041 1450 1387 1507 propinquorum
1413 1454 1568 1498 terruit
1591 1471 1685 1513 me3
1783 1498 1787 1501 Δ

724 1510 768 1549 et
791 1520 881 1549 non
901 1507 1045 1563 magis
1071 1509 1213 1562 tacui,
1240 1525 1321 1555 nec
1348 1526 1549 1568 egressus
1571 1530 1669 1559 sum
1691 1518 1870 1563 ostium.

605 1559 642 1588 35
658 1562 764 1615 Quis
786 1564 897 1609 mihi
921 1566 1092 1610 tribuat
1116 1568 1380 1626 auditorem,

723 1629 772 1667 ut
795 1623 1064 1669 desiderium
1090 1642 1239 1671 meum
1263 1630 1419 1674 audiat
1445 1632 1758 1691 Omnipotens,

718 1688 766 1725 et
788 1682 953 1726 librum
979 1685 1146 1729 scribat
1166 1687 1260 1743 ipse
1285 1689 1359 1744 qui
1384 1690 1576 1751 judicat,

600 1737 637 1764 3⁶
653 1743 701 1780 ut
730 1741 777 1784 in
798 1741 981 1787 humero
1002 1759 1101 1788 meo
1125 1752 1298 1802 portem
1319 1748 1470 1805 illum,

722 1806 766 1842 et
791 1801 1061 1846 circumdem
1089 1801 1218 1847 illum
1244 1808 1368 1862 quasi
1396 1823 1603 1853 coronam
1630 1811 1774 1856 mihi?

601 1855 639 1885 3⁷
657 1857 741 1904 Per
765 1860 963 1916 singulos
991 1863 1154 1917 gradus
1181 1879 1302 1908 meos
1327 1869 1626 1923 pronuntiabo
1650 1871 1800 1927 illum,

717 1924 763 1962 et
784 1920 909 1975 quasi
935 1921 1125 1978 principi
1152 1923 1339 1967 offeram
1361 1939 1475 1970 eum.

600 1975 636 2004 38
654 1977 698 2020 Si
720 1978 957 2021 adversum
985 1995 1055 2024 me
1080 1987 1196 2024 terra
1219 1998 1319 2026 mea
1340 1983 1526 2044 clamat,

719 2042 764 2080 et
785 2052 886 2080 cum
909 2038 1004 2095 ipsa
1030 2040 1142 2084 sulci
1166 2042 1263 2097 ejus
1286 2043 1449 2087 defient
1470 2063 1479 2101 3

599 2093 635 2122 30
651 2095 687 2138 si
710 2096 885 2140 fluctus
908 2098 1006 2154 ejus
1033 2101 1205 2144 comedi
1229 2102 1397 2159 absque
1424 2105 1634 2163 pecunia,

721 2160 765 2198 et
785 2155 984 2199 animam
1011 2159 1309 2214 agricolarum
1335 2162 1434 2218 ejus
1455 2165 1620 2208 afflixit

598 2213 636 2240 40
652 2229 729 2271 pro
752 2215 979 2260 frumento
1007 2218 1173 2261 oriatur
1197 2220 1307 2264 mihi
1335 2222 1548 2283 tribulus,

686 2280 729 2317 et
751 2289 828 2331 pro
853 2275 1018 2319 hordeo
1044 2277 1186 2334 spina.

478 2329 627 2374 Finita
649 2338 752 2375 sunt
773 2334 908 2377 verba
933 2336 1034 2379 Job.

1004 2464 1401 2523 SECUNDA
1451 2470 1667 2527 PARS

935 2590 1491 2635 INTERVENTUS
1552 2599 1734 2639 ELIU

971 2710 995 2767 ξ
1030 2712 1066 2755 Ι.
1100 2738 1160 2745 —
1190 2713 1376 2759 Primus
1401 2731 1539 2761 sermo
1572 2719 1697 2762 Eliu.

107 2831 349 2862 vzliuintrodu-
472 2812 581 2858 CAP.
606 2815 805 2859 XXXII.
831 2844 890 2849 —
923 2817 1211 2863 ¹Omiserunt
1243 2828 1393 2866 autem
1426 2829 1513 2868 tres
1543 2826 1626 2869 viri
1656 2827 1730 2870 isti
1759 2830 2022 2886 respondere
2057 2833 2085 2875 J
2091 2832 2167 2888 ob,
2203 2849 2255 2879 eo

177 2875 276 2906 citur·
413 2872 528 2927 quod
564 2872 711 2929 justus
748 2875 831 2918 sibi
871 2876 1106 2923 videretur.
1136 2878 1154 2905 2
1179 2882 1237 2923 Et
1271 2881 1432 2938 iratus,
1476 2884 1822 2943 indignatusque
1863 2894 1929 2931 est
1970 2890 2096 2947 Eliu,
2134 2893 2250 2937 filius

413 2931 648 2989 Balachel,
678 2934 877 2991 Buzites,
902 2936 955 2979 de
982 2939 1248 2993 cognatione
1276 2942 1413 2997 Ram3
1447 2942 1587 2987 iratus
1611 2950 1677 2988 est
1702 2952 1852 2990 autem
1877 2948 2114 2993 adversum
2140 2952 2248 3008 Job,

412 3004 462 3033 60
485 2990 600 3046 quod
625 2991 796 3048 justum
817 3008 863 3037 se
886 3009 980 3038 esse
1003 2996 1169 3041 diceret
1196 3013 1345 3043 coram
1372 3003 1481 3046 Deo.
1507 3002 1525 3029 3
1543 3003 1676 3047 Porro
1697 3005 1933 3049 adversum
1958 3009 2125 3053 amicos
2152 3011 2248 3067 ejus

410 3048 670 3105 indignatus
701 3057 787 3108 est,
820 3067 869 3096 60
900 3055 1016 3110 quod
1041 3070 1130 3099 non
1156 3058 1431 3104 invenissent
1455 3063 1788 3119 responsionem
1813 3066 2149 3126 rationabilem,
2171 3071 2248 3115 sed

411 3109 721 3153 tantummodo
748 3112 1117 3158 condemnassent
1136 3117 1164 3160 J
1170 3117 1237 3161 ob.
1257 3118 1274 3144 4
1297 3119 1442 3175 Igitur
1463 3121 1566 3164 Eliu
1589 3124 1845 3179 expectavit
1862 3125 1950 3168 Job
1972 3127 2246 3187 loquentem,

412 3181 462 3210 60
487 3167 606 3223 quod
627 3168 818 3213 seniores
843 3178 989 3215 essent
1015 3174 1088 3229 qui
1114 3175 1422 3232 loquebantur.
1450 3180 1467 3206 ⁵
1487 3181 1597 3224 Cum
1625 3187 1775 3226 autem
1801 3183 1987 3229 vidisset
2017 3188 2134 3243 quod
2159 3194 2248 3233 tres

410 3226 675 3283 respondere
705 3242 791 3271 non
818 3231 1085 3287 potuissent,
1108 3234 1245 3278 iratus
1268 3242 1335 3280 est
1356 3238 1654 3284 vehementer.
1677 3241 1695 3269 6
1715 3242 2092 3303 Respondensque
2121 3247 2246 3303 Eliu,

411 3284 527 3329 filius
554 3287 792 3341 Barachel,
818 3289 1016 3346 Buzites,
1044 3292 1158 3336 dixit
1180 3311 1188 3338 :

122 3345 242 3374 Narrat
269 3355 327 3395 9111·
649 3346 678 3389 J
682 3346 807 3389 unior
829 3362 926 3390 sum
948 3355 1165 3407 tempore,
1189 3369 1266 3397 vos
1291 3363 1442 3400 autem
1466 3358 1767 3418 antiquiores3

105 3390 345 3463 '‘a'ssffelffimssfffl
707 3405 891 3462 idcirco,
920 3408 1109 3453 demisso
1137 3414 1301 3470 capite,

181 3441 194 3466 ⁴
301 3456 308 3465 '
707 3465 872 3508 veritus
893 3481 991 3509 sum
1016 3469 1141 3512 vobis
1166 3471 1365 3519 indicare
1386 3491 1531 3520 meam
1557 3480 1842 3526 sententiam,

608 3522 624 3550 7
644 3524 884 3581 Sperabam
911 3527 1028 3569 enim
1051 3530 1166 3583 quod
1189 3538 1296 3575 aetas
1318 3535 1529 3590 prolixior
1550 3537 1810 3596 loqueretur,

705 3588 749 3626 et
769 3598 983 3628 annorum
1010 3586 1249 3633 multitudo
1273 3591 1447 3637 doceret
1469 3596 1749 3652 sapientiam.
