2423 3861
269 545 285 566 e
312 536 437 570 quibus

233 582 327 609 firma
365 580 475 609 oritur

287 625 418 653 fiducia.

229 1136 325 1163 Nunc
357 1139 469 1163 aute-m

230 1180 335 1208 Israel
354 1179 387 1207 in
406 1179 471 1207 ima

275 1228 430 1252 versatur

214 1288 216 1290 -
272 1267 426 1304 miseria,

309 2091 390 2120 licet

243 2135 403 2164 innocens
420 2139 454 2164 et

248 2181 316 2209 Deo
333 2180 453 2209 fidelis

257 2799 445 2827 Vehemens

245 2842 458 2876 supplicatio.

278 3476 422 3506 Titulus.

540 122 625 166 578
1102 122 1178 164 Ps.
1211 122 1396 177 XLIII,
1429 123 1457 163 4
1488 148 1549 153 -—
1579 122 1747 176 XLIV,
1773 122 1819 164 ’1.

737 291 755 317 4
774 293 867 335 Nec
894 293 1012 336 enim
1033 293 1078 335 in
1102 293 1251 349 gladio
1274 308 1353 336 suo
1372 293 1665 350 possederunt
1689 297 1874 348 terram,

836 358 879 395 et
904 352 1138 395 brachium
1163 366 1314 395 eorum
1341 367 1428 395 non
1451 351 1645 395 salvavit
1666 365 1740 394 eos
1760 369 1771 407 3

779 411 855 454 sed
881 411 1064 454 dextera
1089 416 1167 454 tua
1192 416 1236 454 et
1260 412 1493 454 brachium
1517 416 1664 466 tuum,

837 476 881 513 et
901 471 1172 514 illuminatio
1199 471 1346 514 vultus
1371 471 1458 526 tui,
1481 470 1692 526 quoniam
1717 470 2028 526 complacuisti
2047 470 2095 513 in
2116 469 2193 515 eiS.

739 529 756 556 5
775 530 843 573 Tu
870 544 914 573 es
939 530 1033 587 ipse
1057 544 1136 573 rex
1161 544 1284 573 meus
1307 536 1350 574 et
1378 532 1495 573 Deus
1522 544 1646 572 meus
1666 547 1675 584 3

839 589 912 645 qui
936 589 1123 632 mandas
1145 590 1310 633 salutes
1338 589 1494 633 Jacob.

737 648 756 674 6
774 649 829 691 In
851 655 894 691 te
916 649 1121 692 inimicos
1144 654 1315 692 nostros
1341 648 1659 692 ventilabimus
1686 662 1842 704 cornu,

838 715 881 751 et
901 709 947 751 in
973 708 1152 752 nomine
1176 713 1253 751 tuo
1278 723 1535 765 spernemus
1560 707 1840 763 insurgentes
1860 707 1907 749 in
1933 707 2074 752 nobis,

740 766 755 793 7
774 768 873 810 Non
897 768 1016 811 enim
1036 768 1083 810 in
1108 783 1214 811 arcu
1240 783 1339 811 meo
1361 768 1569 825 sperabo,

837 833 880 870 et
903 827 1079 883 gladius
1105 842 1229 870 meus
1251 842 1339 871 non
1361 827 1555 870 salvabit
1577 841 1646 869 me
1667 844 1676 882 3

737 886 754 913 8
772 887 957 930 salvasti
983 887 1102 930 enim
1125 900 1202 929 nos
1230 887 1284 930 de
1309 886 1609 942 affligentibus
1636 900 1735 942 nos,

838 951 882 989 et
907 946 1105 989 odientes
1131 961 1210 989 nos
1234 946 1492 991 confudisti.

737 1005 754 1031 9
771 1007 826 1049 In
849 1007 942 1049 Deo
969 1006 1251 1049 laudabimur
1271 1010 1366 1048 tota
1388 1006 1459 1049 die
1479 1023 1488 1061 3

837 1071 880 1108 et
904 1066 950 1108 in
976 1065 1155 1108 nomine
1178 1071 1253 1108 tuo
1281 1065 1593 1108 confitebimur
1618 1065 1664 1108 in
1690 1066 1920 1111 saeoulum.

721 1124 756 1150 1⁰
773 1125 903 1168 Nunc
925 1130 1075 1167 autem
1095 1125 1296 1181 repulisti
1320 1130 1363 1168 et
1389 1125 1634 1168 confudisti
1660 1139 1739 1167 nos
1760 1142 1769 1180 3

837 1190 879 1227 et
901 1198 988 1227 11011
1011 1184 1272 1240 egredieris,
1302 1185 1442 1240 Deus,
1465 1184 1511 1227 in
1538 1184 1778 1227 virtutibus
1801 1184 1975 1229 nostris.

718 1243 751 1270 11
772 1243 988 1287 Avertisti
1010 1257 1090 1287 nos
1114 1249 1354 1287 retrorsum
1376 1250 1476 1300 post
1499 1244 1705 1287 inimicos
1731 1249 1903 1286 nostros
1923 1261 1931 1300 3

835 1309 879 1347 et
901 1303 974 1359 qui
1000 1303 1188 1347 oderunt
1213 1318 1292 1347 nos
1320 1304 1592 1360 diripiebant
1617 1304 1716 1348 sibi.

720 1362 756 1388 12
776 1363 950 1406 Dedisti
975 1377 1053 1407 nos
1083 1367 1300 1418 tanquam
1330 1378 1432 1406 oves
1455 1378 1658 1406 escarum
1678 1381 1688 1420 3

836 1423 946 1466 etin
971 1423 1180 1479 gentibus
1206 1423 1453 1480 dispersisti
1475 1438 1568 1466 nos.

718 1483 753 1509 13
770 1482 1027 1526 vendidisti
1049 1483 1263 1539 populum
1284 1488 1412 1526 tuum
1434 1483 1529 1527 sine
1554 1483 1696 1540 pretio
1716 1502 1725 1539 3

834 1548 877 1585 et
900 1556 987 1585 11011
1012 1542 1102 1584 fuit
1129 1542 1370 1585 multitudo
1396 1542 1442 1585 in
1468 1543 1895 1587 commutationibus
1918 1557 2082 1586 eorum.

718 1601 754 1627 14
773 1601 964 1645 Posuisti
991 1615 1070 1644 nos
1097 1601 1383 1658 opprobrium
1408 1602 1567 1645 vicinis
1593 1603 1777 1658 nostris,

834 1661 1232 1704 subsannationem
1257 1666 1302 1704 et
1324 1661 1519 1705 derisum
1541 1662 1611 1705 his
1633 1662 1707 1718 qui
1733 1667 1837 1706 sunt
1857 1662 1903 1705 in
1926 1661 2113 1705 circuitu
2135 1666 2299 1706 nostro.
2326 1675 2328 1678 ’

717 1719 752 1746 15
771 1720 962 1764 Posuisti
985 1735 1063 1763 nos
1088 1721 1134 1763 in
1157 1721 1497 1764 similitudinem
1521 1722 1754 1778 gentibus,

836 1781 1179 1823 commotionem
1206 1780 1364 1836 capitis
1386 1781 1432 1823 in
1459 1781 1646 1837 populis.

717 1839 752 1866 16
770 1840 882 1883 Tota
909 1840 979 1883 die
1005 1839 1273 1882 verecundia
1299 1854 1398 1882 mea
1421 1845 1576 1882 contra
1598 1855 1668 1884 me
1695 1846 1781 1896 est,

835 1905 877 1942 et
900 1898 1104 1941 confusio
1129 1899 1266 1942 faciei
1289 1913 1400 1942 meae
1427 1900 1655 1956 cooperuit
1680 1915 1774 1943 me:

717 1958 750 1985 17
770 1974 795 2002 a
818 1973 926 2002 voce
950 1958 1260 2015 exprobrantis
1287 1959 1330 2002 et
1357 1959 1656 2016 obloquentis,

836 2033 861 2061 a
887 2018 1005 2061 facie
1031 2018 1202 2061 inimici
1229 2023 1273 2061 et
1294 2019 1612 2075 persequentis.

716 2078 751 2104 ¹8
771 2079 883 2121 Haec
906 2078 1054 2121 omnia
1080 2084 1298 2122 venerunt
1324 2093 1454 2135 super
1479 2093 1557 2122 nos
1578 2097 1586 2134 3
1615 2094 1697 2122 nec
1724 2079 1851 2123 obliti
1877 2094 2028 2123 sumus
2055 2085 2117 2136 te,

834 2144 877 2181 et
901 2138 1051 2194 inique
1076 2152 1164 2181 non
1191 2138 1362 2194 egimus
1383 2138 1429 2181 in
1455 2144 1724 2182 testamento
1747 2144 1836 2182 tuo.

715 2197 751 2223 19
770 2199 826 2240 Et
848 2212 935 2241 11011
957 2198 1140 2241 recessit
1166 2203 1282 2241 retro
1305 2212 1379 2241 cor
1404 2203 1605 2241 nostrum
1625 2216 1632 2253 3

834 2262 878 2301 et
905 2257 1138 2300 declinasti
1161 2257 1343 2300 semitas
1369 2264 1540 2301 nostras
1562 2272 1589 2300 a
1614 2258 1686 2301 via
1712 2263 1817 2313 tua3

716 2315 753 2343 2⁰
772 2317 980 2372 quoniam
1003 2317 1250 2360 humiliasti
1276 2332 1355 2360 nos
1377 2318 1423 2360 in
1447 2317 1542 2361 loco
1568 2317 1840 2372 afflictionis,

834 2382 876 2420 et
903 2377 1127 2434 cooperuit
1153 2391 1231 2419 nos
1257 2377 1416 2420 umbra
1436 2378 1603 2421 mortis.

715 2435 747 2461 2¹
770 2436 813 2480 Si
836 2436 961 2479 obliti
988 2451 1140 2480 sumus
1165 2451 1328 2480 nomen
1353 2437 1434 2480 Dei
1457 2437 1616 2494 nostri,

835 2501 878 2539 et
903 2496 939 2539 si
964 2496 1259 2553 expandimus
1286 2511 1444 2540 manus
1467 2502 1639 2540 nostras
1661 2497 1719 2540 ad
1746 2497 1878 2541 deum
1903 2497 2120 2556 alienum,

715 2553 752 2580 Ὦ
769 2569 913 2599 nonne
938 2557 1057 2599 Deus
1080 2556 1274 2612 requiret
1295 2556 1410 2600 ista‘?

831 2615 926 2671 ipse
948 2615 1067 2659 enim
1090 2616 1215 2658 novit
1235 2615 1500 2659 abscondita
1526 2617 1686 2660 cordis.

776 2675 994 2725 Quoniam
1020 2680 1198 2732 propter
1219 2680 1263 2718 te
1287 2676 1606 2719 mortificamur
1630 2681 1725 2719 tota-
1752 2675 1822 2719 die
1842 2693 1850 2732 3

835 2735 1044 2777 aestimati
1067 2749 1218 2778 sumus
1245 2735 1360 2778 sicut
1384 2750 1488 2779 oves
1514 2735 1759 2779 occisionis,

716 2792 752 2819 ‘23
771 2795 976 2850 Exurge3
1002 2809 1136 2850 quare
1164 2795 1408 2851 obdormis,
1438 2795 1661 2839 Domine?

834 2868 1020 2910 exurge,
1044 2860 1088 2897 et
1108 2868 1163 2897 ne
1185 2855 1375 2911 repellas
1396 2855 1443 2897 in
1468 2855 1616 2898 finem.

715 2911 752 2938 24
770 2912 912 2963 Quare
934 2913 1100 2956 faciem
1125 2919 1250 2956 tuam
1276 2915 1475 2958 avertis?

833 2972 1105 3016 oblivisceris
1130 2973 1293 3030 inopiae
1315 2979 1479 3017 nostrae
1506 2980 1550 3018 et
1574 2974 1874 3018 tribulationis
1901 2975 2101 3020 nostrae‘?

714 3029 750 3057 ²5
769 3032 987 3083 Quoniam
1012 3032 1249 3076 humiliata
1275 3038 1341 3076 est
1366 3034 1411 3076 in
1434 3034 1616 3092 pulvere
1640 3034 1791 3077 anima
1817 3039 1966 3077 nostra
1986 3051 1994 3090 3

833 3091 1166 3147 conglutinatus
1193 3098 1259 3135 est
1279 3093 1325 3135 in
1351 3098 1466 3136 terra
1493 3099 1647 3137 venter
1670 3098 1830 3137 noster.

713 3149 750 3176 ‘25
769 3152 967 3207 Exurge,
993 3151 1202 3208 Domine,
1226 3152 1394 3208 adjuva
1418 3168 1518 3210 nos,

832 3215 875 3252 et
899 3210 1068 3254 redime
1093 3225 1172 3254 nos
1198 3216 1375 3269 propter
1397 3227 1558 3256 nomen
1583 3217 1725 3256 tuum.

1261 3313 1476 3356 PsALMUS
1508 3314 1662 3356 XLIV

1009 3392 1374 3448 Epithalamium
1413 3393 1578 3438 Christi
1602 3399 1642 3436 et
1672 3393 1896 3437 Eccles‘z‘ae.

596 3469 607 3496 1
630 3471 684 3513 In
706 3470 860 3526 finem,
885 3486 960 3528 pro
984 3471 1038 3514 iis
1060 3473 1134 3528 qui
1157 3472 1562 3528 commutabuntur,
1586 3471 1687 3515 filiis
1714 3472 1844 3529 Core,
1867 3472 1924 3516 ad
1945 3473 2251 3532 intellectum,
2269 3488 2374 3518 can-

536 3528 674 3571 ticum
699 3544 775 3586 pro
799 3530 972 3574 dilecto.
2363 3556 2365 3558 ·

538 3651 584 3684 22]
605 3651 875 3687 nom.V111,36.
