2423 3861
646 131 719 174 Ps.
753 131 881 186 XLI,
914 132 941 173 4
973 157 1031 163 ——
1062 131 1244 186 XLIII,
1279 132 1319 174 3.
1807 131 1893 175 577

64 235 323 243 ——-=
353 237 1415 244 p——m—.->
1426 238 1773 242 —-..—„.—,..,-†
1794 240 1810 241 Π

267 301 284 328 ⁴
302 302 498 345 Fuerunt
520 300 628 343 mihi
650 300 860 357 lacrymae
887 315 998 343 meae
1021 315 1156 357 panes
1179 300 1250 343 die
1274 314 1326 344 ac
1352 304 1501 354 nocte,

367 360 471 403 dum
497 359 658 403 dieitur
684 359 791 402 mihi
819 359 1013 415 quotidie
1037 375 1046 403 ε
1068 358 1155 402 Ubi
1178 364 1245 401 est
1273 360 1392 402 Deus
1414 358 1548 402 tuus?

267 418 285 445 ⁵
303 419 415 462 Haeo
433 417 685 462 reeordatus
703 432 821 474 sum,
845 424 888 461 et
906 417 1043 461 effudi
1067 418 1111 460 in
1138 431 1207 460 me
1224 417 1421 460 animam
1444 431 1609 473 meam,
1643 418 1783 474 [muln
1797 418 1891 466 Dei,

365 477 572 533 quoniam
583 476 779 519 transibo
794 477 839 519 in
856 477 1000 520 locum
1012 475 1285 519 tabernaculi
1297 475 1586 531 admirabilis,
1599 490 1732 531 usque
1747 476 1803 518 ad
1818 476 1842 517 (l
1851 494 1856 513 ι
1865 495 1890 515 ›-

363 536 409 579 in
431 550 537 579 voce
562 535 849 579 exultationis
872 541 916 578 et
941 534 1253 590 confessionis,
1277 548 1408 578 sonus
1431 534 1664 590 epulantis.

270 595 288 622 ⁶
304 594 445 646 Quare
467 594 604 637 tristis
629 608 695 649 es,
718 594 868 636 anima
894 594 1021 637 mea?

363 659 407 697 et
427 667 559 720 quare
585 652 821 697 conturbas
847 652 950 696 me?

306 712 474 770 Sper‘a
462 727 508 755 in
530 713 645 766 Deo,
673 711 879 767 quoniam
901 712 1046 754 adhuc
1073 711 1313 755 confitebor
1334 711 1421 766 illi,

363 772 555 815 salutare
577 747 724 814 vultus
750 770 858 825 mei,
885 769 900 796 ⁷
920 775 964 813 et
988 771 1106 813 Deus
1128 784 1266 813 meus,

305 831 375 874 Ad
390 844 604 887 meipsum
617 843 767 873 amma
782 843 880 872 mea
891 829 1153 872 conturbata
1168 833 1259 872 est·
1250 834 1507 886 spiopterea
1532 843 1698 871 memor
1721 844 1792 872 ero
1818 830 1882 872 tui
1960 841 2017 870 Pia
2052 843 2195 875 quercia.

364 890 417 932 de
436 895 500 933 tei
502 904 549 932 ra
567 888 797 943 Jordanis,
817 894 861 931 et
880 889 974 931 Hei
976 901 1159 931 monum
1177 902 1203 930 a
1221 864 1370 930 nionte
1389 887 1576 931 modico.

265 948 282 975 ⁸
301 949 401 1005 Aby
404 963 498 991 ssus
520 948 729 1005 abyssum
749 923 950 1003 invocat,
976 947 1023 990 in
1045 960 1153 990 voce
1179 950 1502 989 cataractarum
1527 951 1725 1001 tuaium3

360 1007 508 1051 omnia
534 1007 707 1050 excelsa
733 1012 829 1061 tua,
853 1011 897 1050 et
919 982 1078 1049 fiuctus
1100 1004 1164 1048 tui
1187 1019 1316 1062 super
1339 1019 1408 1049 me
1433 1003 1715 1048 tiansierunt.

263 1065 280 1092 ⁹
298 1067 351 1109 In
377 1067 448 1109 die
470 1066 699 1109 mandavit
723 1065 938 1109 Dominus
964 1064 1313 1108 mise1icordiam
1338 1078 1482 1120 suam,

361 1131 404 1168 et
428 1131 557 1169 nocte
582 1125 805 1169 canticum
835 1125 959 1181 ejus3

359 1184 477 1241 apud
506 1199 575 1228 me
601 1183 740 1228 oratio
766 1185 858 1227 Deo
883 1184 989 1227 vitae
1011 1198 1136 1227 meae.

244 1242 278 1269 ¹⁰
298 1243 454 1286 Dicam
482 1245 576 1286 Deo
597 1260 606 1287 :
633 1244 867 1300 Susceptor
892 1257 1016 1286 meus
1042 1257 1086 1286 es
1105 1261 1114 1298 3
1137 1257 1269 1299 quare
1292 1242 1456 1286 oblitus
1483 1256 1528 1285 es
1550 1242 1666 1285 mei?

359 1307 403 1345 et
428 1317 561 1358 quare
582 1302 866 1345 contristatus
889 1301 1065 1358 incedo,
1091 1301 1195 1344 dum
1220 1301 1389 1357 affligit
1414 1315 1484 1343 me
1505 1300 1741 1343 inimicus?

246 1360 275 1387 ¹¹
301 1361 417 1404 Dum
440 1361 782 1416 confringuntur
803 1375 899 1404 ossa
925 1375 1044 1415 mea,

359 1419 737 1476 exprobraverunt
762 1419 870 1461 mihi
893 1419 966 1474 qui
989 1396 1205 1462 tribulant
1227 1434 1298 1462 me
1322 1419 1492 1461 inimici
1519 1418 1625 1475 mei,

359 1478 463 1521 dum
490 1477 642 1520 dicunt
666 1477 776 1520 mihi
797 1492 874 1533 per
898 1477 1097 1533 singulos
1122 1478 1242 1521 dies:
1270 1477 1360 1521 Ubi
1383 1483 1449 1520 est
1476 1479 1594 1520 Deus
1616 1478 1746 1521 tuus?

242 1535 277 1563 ¹2
294 1536 437 1587 Quare
462 1536 601 1578 tristis
627 1550 694 1591 es,
717 1535 868 1578 anima
889 1535 1020 1578 mea?

355 1600 399 1638 et
425 1609 558 1662 quare
585 1594 821 1638 conturbas
843 1594 943 1638 me?

298 1653 462 1711 Spera
451 1668 498 1696 in
522 1655 638 1707 Deo,
662 1653 870 1709 quoniam
895 1653 1041 1696 adhuc
1064 1653 1304 1696 confitebor
1328 1653 1414 1708 illi,

355 1712 548 1756 salutare
569 1711 717 1755 vultus
742 1712 851 1767 mei,
878 1718 921 1756 et
948 1713 1067 1755 Deus
1088 1726 1226 1756 meus.

784 1828 998 1871 PSALMUS
1031 1828 1167 1870 XLII

581 1922 857 1969 Continualio
881 1923 1053 1979 psalmi
1078 1923 1372 1979 praecedentis.

119 2017 133 2045 ¹
153 2017 356 2062 Psalmus
382 2017 542 2061 David.
2003 2032 2145 2062 rituum.

296 2100 324 2142 J
328 2098 459 2141 udiea
473 2113 555 2154 me,
569 2099 700 2154 Deus,
714 2103 757 2142 et
771 2098 970 2142 discerne
985 2113 1164 2142 causam
1178 2112 1323 2142 meam
1339 2098 1393 2141 de
1407 2104 1539 2154 gente
1554 2113 1642 2142 non
1657 2106 1827 2153 sanetag
2017 2117 2130 2146 oram»

354 2158 411 2200 ab
436 2157 615 2201 homine
639 2157 790 2213 iniquo
816 2161 860 2200 et
882 2157 1033 2200 doloso
1059 2171 1159 2200 erue
1184 2171 1268 2200 me.
1969 2161 2178 2190 confidenti&

256 2217 273 2243 “2
290 2216 401 2268 Quia
423 2222 471 2259 tu
497 2230 562 2271 es,
588 2217 728 2271 Deus,
752 2216 970 2259 fortitudo
995 2230 1114 2271 mea,
1137 2230 1269 2272 quare
1295 2230 1365 2259 me
1390 2216 1621 2273 repulisti?

355 2281 399 2319 et
425 2289 558 2331 quare
584 2275 722 2318 tristis
742 2274 922 2330 incedo,
949 2275 1055 2318 dum
1079 2274 1238 2331 affligit
1262 2289 1332 2318 me
1353 2275 1593 2319 inimicus?

257 2335 274 2361 3
292 2334 459 2378 Emitte
482 2334 627 2377 lucem
653 2339 776 2376 tuam
803 2339 846 2377 et
867 2333 1101 2377 veritatem
1125 2338 1274 2389 tuam3

353 2394 451 2451 ipsa
476 2408 546 2436 me
569 2393 868 2448 deduxerunt,
895 2397 939 2435 et
959 2393 1240 2436 adduxerunt

353 2453 400 2495 in
422 2458 618 2495 montem
641 2457 843 2495 sanctum
865 2456 1009 2508 tuum,
1033 2457 1076 2494 et
1096 2451 1142 2493 in
1165 2451 1451 2495 tabernacula
1474 2458 1560 2496 tua.

257 2511 274 2538 4
292 2513 351 2556 Et
373 2511 566 2555 introibo
591 2511 648 2554 ad
672 2511 812 2554 altare
838 2510 942 2566 Dei,

355 2571 412 2614 ad
439 2572 604 2626 Deum,
628 2570 702 2626 qui
724 2569 924 2613 laetifieat
940 2570 1222 2626 juventutem
1244 2585 1402 2614 meam.

357 2630 609 2674 Confitebor
630 2629 712 2672 tibi
733 2629 780 2672 in
804 2628 995 2681 eithara,
1024 2629 1162 2684 Deus,
1187 2630 1306 2672 Deus
1332 2643 1465 2672 meus.

256 2690 273 2716 ⁵
290 2690 431 2742 Quare
456 2689 594 2732 tristis
620 2703 686 2744 es,
712 2688 861 2731 anima
887 2688 1015 2733 mea?

355 2754 400 2792 et
420 2763 553 2805 quale
580 2723 815 2791 cont’urbas
842 2746 945 2790 me?

295 2807 464 2866 Spera
452 2823 498 2850 111
523 2809 636 2862 Deo,
660 2807 869 2863 quoniam
893 2806 1040 2849 adhuc
1066 2805 1306 2849 confitebor
1325 2805 1412 2862 illi,

355 2867 547 2910 salutare
572 2866 721 2910 vultus
744 2865 851 2922 mei,
878 2870 921 2908 et
947 2866 1066 2908 Deus
1088 2879 1223 2909 meus

768 2982 982 3024 PSALMUS
1018 2980 1178 3024 XLIII

59 3079 292 3133 Israeliten,
324 3093 530 3122 memores
561 3079 856 3135 pristinorum
888 3077 979 3119 Dei
1012 3075 1334 3131 beneficiorum,
1370 3076 1463 3133 ejus
1495 3091 1616 3134 opem
1651 3079 1887 3134 implorant

707 3138 753 3180 in
785 3136 991 3192 anqustia
1016 3136 1235 3191 praesenti„

120 3232 207 3277 ¹In
231 3233 385 3288 finem,
408 3232 510 3275 filiis
537 3233 645 3276 Core
667 3231 724 3275 ad
750 3230 1041 3274 intellectum.
1996 3240 2139 3272 Tunius.

253 3312 271 3340 2
289 3315 426 3369 Deus,
450 3313 630 3356 auribus
652 3312 812 3357 nostris
832 3310 980 3354 audiv
957 3325 1103 3367 imus,
1958 3319 2188 3367 Me1310rantur

351 3377 498 3429 patres
523 3372 661 3415 nostri
682 3371 1060 3415 annuntiaverunt
1080 3369 1233 3415 nobis:
1960 3363 2186 3436 agtrqtzanpm

295 3446 402 3489 opus
424 3431 539 3487 quod
565 3436 768 3489 operatus
794 3445 839 3474 es
863 3430 909 3472 in
932 3428 1086 3473 diebus
1107 3443 1276 3487 eorum,
2003 3414 2063 3437 ete
2090 3415 2161 3444 mm

354 3496 397 3533 et
417 3490 463 3533 in
485 3490 639 3534 diebus
663 3490 870 3546 antiquis.

256 3548 275 3575 3
291 3549 451 3591 Manus
472 3554 548 3592 tua
570 3555 723 3606 gentes
749 3548 1032 3605 disperdidit,
1058 3553 1102 3592 et
1123 3549 1335 3606 plantasti
1357 3563 1453 3604 eos;

352 3607 549 3651 afflixisti
575 3608 757 3666 populos
784 3613 828 3652 et
853 3607 1062 3665 expulisti
1087 3621 1172 3652 eos.

1616 3682 1676 3730 Ξῖ
