2456 3861
712 150 793 193 Ex.
829 150 998 203 XXIV,
1034 149 1060 191 3
1091 175 1152 182 -—
1181 149 1322 204 XXV,
1360 150 1428 193 18.
1926 151 1982 194 75

160 320 385 376 quabunt3
408 333 498 363 nec
522 319 712 376 populus
732 318 941 362 ascendet
965 332 1064 362 cum
1094 332 1157 362 eo.
1184 318 1202 345 3
1224 317 1360 361 Venit
1384 332 1495 373 ergo
1514 318 1691 374 Moyses
1715 323 1759 362 et
1787 319 1983 362 narravit

160 378 278 436 plebi
307 377 455 421 omnia
481 378 616 421 verba
651 377 850 432 Domini,
877 382 1008 432 atque
1041 377 1239 433 jud-icia;
1274 377 1586 433 responditque
1622 377 1764 420 omnis
1797 377 1984 433 populus

158 451 246 480 una
270 450 377 480 voce
404 453 412 480 :
443 436 602 480 Omnia
627 437 761 480 verba
790 436 988 491 Domini,
1011 450 1110 491 quae
1137 436 1308 479 locutus
1333 441 1419 491 est,
1441 435 1673 480 faciemus.

216 495 232 521 ‘¹
256 495 440 551 Scripsit
465 500 614 539 autem
641 497 814 551 Moyses
841 495 1068 539 universos
1096 509 1316 539 sermones
1349 495 1557 550 Domini3
1584 499 1629 538 et
1655 509 1784 539 mane
1806 509 1982 539 consun-

156 569 285 610 gens,
312 554 549 597 aedificavit
575 554 713 598 altare
743 553 798 596 ad
828 553 999 597 radices
1028 553 1213 608 montis,
1243 560 1287 597 et
1321 553 1554 598 duodecim
1585 553 1741 598 titulos
1768 569 1844 611 per
1878 554 1983 597 duo-

157 613 300 656 decim
339 613 478 656 tribus
519 612 687 666 Israel;
721 612 738 638 '³’
763 612 970 667 misitque
994 611 1193 666 juvenes
1226 612 1280 655 de
1318 612 1419 655 filiis
1458 613 1616 668 lsrael,
1651 623 1695 657 et
1731 613 1985 656 obtuleruut

156 671 433 726 holocausta,
462 671 889 725 immolaveruutque
914 670 1120 713 victimas
1151 671 1358 726 pacificas
1382 672 1591 727 Domino,
1616 671 1791 716 vitulos.
1823 673 1840 699 ὓ
1862 672 1984 716 Tulit

156 730 304 786 itaque
332 732 506 786 Moyses
528 729 760 772 dimidiam
784 733 964 784 'partem
990 729 1240 784 sanguinis,
1268 735 1312 772 et
1341 730 1462 773 misit
1494 731 1539 774 iu
1562 736 1784 787 crateras3
1812 737 1983 788 partem

156 795 302 833 autem
325 788 547 834 residuam
568 787 689 831 fudit
710 801 839 843 super
860 787 1014 830 altare.
1041 787 1055 814 ⁷
1075 789 1404 843 Assumensque
1427 789 1634 833 volumen
1652 790 1854 845 foederiS,
1874 790 1984 845 legit

157 848 365 891 audiente
390 847 572 903 populo»,
599 846 673 902 qui
703 846 910 890 dixerunt
937 862 945 888 :
979 846 1138 891 Omnia
1164 860 1262 902 quae
1289 847 1461 890 locutus
1491 853 1557 891 est
1588 849 1823 903 Dominus,
1846 849 1984 892 faeie·

156 920 271 961 11113,
297 911 342 950 et
371 905 532 948 erimus
561 905 832 950 obedientes.
865 905 882 932 8
908 905 1002 949 Ille·
1022 919 1125 950 vero
1148 911 1375 962 sumptum
1407 905 1673 962 sanguinem
1701 908 1906 963 respersit
1940 908 1984 950 in

154 965 386 1021 populum,
407 969 451 1008 et
475 964 540 1008 ait
561 980 569 1007 :
594 963 681 1007 Hic
703 969 771 1008 est
792 963 972 1020 sanguis
989 964 1173 1007 foederis
1191 964 1306 1020 quod
1325 965 1498 1021 pepigit
1520 965 1740 1009 Dominus
1755 967 1985 1010 vobiscum

154 1038 282 1080 super
307 1023 478 1067 cunctis
503 1023 779 1068 sermonibus
801 1023 885 1067 his.

213 1083 231 1109 9
256 1083 650 1138 Ascenderuntque
677 1084 852 1139 Moyses
875 1087 920 1126 et
946 1084 1117 1137 Aaron,
1140 1083 1298 1127 Nadab
1323 1088 1369 1126 et
1391 1083 1531 1140 Abiu,
1555 1089 1598 1128 et
1619 1085 1906 1141 septuaginta
1933 1084 1985 1127 de

154 1142 398 1186 senioribus
423 1141 591 1196 Israel,
624 1141 660 1168 ‘¹⁰
681 1147 725 1187 et
746 1142 954 1185 viderunt
985 1142 1129 1186 Deum
1158 1141 1323 1197 Israel3
1354 1148 1397 1185 et
1418 1142 1498 1186 sub
1529 1143 1716 1200 pedibus
1743 1144 1839 1199 ejus
1861 1143 1984 1199 quasi

155 1215 262 1258 opus
291 1201 452 1258 lapidis
482 1201 747 1257 sapphirini,
772 1206 815 1244 et
845 1201 968 1256 quasi
1003 1201 1185 1257 caelum,
1209 1215 1309 1245 cum
1342 1215 1545 1246 serenum
1575 1207 1654 1245 est.
1682 1202 1715 1229 ¹¹
1740 1203 1833 1246 Nec
1858 1216 1987 1258 super

155 1274 227 1304 eos
248 1260 320 1316 qui
347 1260 498 1317 procul
524 1266 795 1304 recesserant
813 1260 866 1303 de
889 1260 991 1303 filiis
1011 1260 1155 1316 Israel,
1176 1260 1298 1304 misit
1315 1275 1497 1304 manum
1516 1276 1641 1305 suam
1658 1279 1667 1317 ;
1692 1261 1986 1317 videruntque

156 1320 319 1375 Deum,
343 1326 386 1363 et
409 1319 715 1375 comederunt,
738 1333 790 1362 ac
817 1319 1037 1362 biberunt.

190 1463 352 1506 SECTIO
379 1463 460 1506 IV.
486 1488 546 1493 —
571 1463 747 1504 Drva
774 1473 1000 1504 MANDATA
1027 1473 1158 1505 ciqu
1184 1473 1514 1507 SANCTUARJUM
1541 1475 1599 1505 Er
1627 1476 1949 1508 SACERDOTIUM

212 1584 248 1611 ¹⁵2
275 1584 401 1627 Dixit
424 1589 575 1628 autem
603 1584 820 1627 Dominus
849 1584 906 1627 ad
937 1585 1120 1640 Moysen
1152 1601 1160 1628 :
1191 1585 1396 1628 Ascende
1435 1586 1491 1629 ad
1521 1601 1591 1630 me
1623 1586 1668 1629 in
1701 1591 1917 1643 montem,
1946 1593 1989 1631 et

153 1649 246 1687 esto
270 1643 358 1699 ibi3
387 1643 587 1699 daboque
608 1643 691 1686 tibi
717 1643 893 1686 tabulas
919 1643 1140 1700 lapideas,
1160 1649 1204 1686 et
1226 1644 1371 1700 legem
1390 1659 1442 1687 ac
1469 1645 1680 1688 mandata
1701 1647 1987 1703 quaescripsi,

152 1708 200 1745 ut
223 1702 381 1746 doceas
404 1717 489 1746 eos.
519 1702 555 1729 ‘¹3
575 1703 863 1746 Surrexerunt
882 1704 1056 1759 Moyses
1076 1708 1119 1745 et
1138 1704 1274 1745 Josue
1292 1703 1494 1747 minister
1513 1704 1609 1760 ejus
1626 1722 1635 1760 3
1659 1705 1988 1761 ascendensque

153 1763 327 1818 Moyses
362 1762 410 1804 in
447 1767 645 1805 montem
679 1761 782 1817 Dei,
818 1761 853 1788 ‘¹4
875 1761 1120 1805 senioribus
1153 1762 1218 1805 ait
1245 1780 1252 1806 :
1290 1764 1536 1819 Expectate
1566 1763 1638 1806 hic
1674 1764 1813 1807 donec
1846 1779 1988 1809 rerer-⁴

151 1827 297 1864 tamur
321 1821 503 1865 advos.
534 1821 725 1865 Habetis
760 1823 909 1864 Aaron
944 1825 987 1864 et
1024 1822 1122 1864 Hur
1158 1821 1415 1877 vobiscum3
1454 1823 1490 1865 si
1524 1823 1626 1879 quid
1665 1829 1820 1866 natum
1853 1824 1990 1867 fuerit

152 1880 428 1936 quaestionis,
450 1880 655 1924 referetis
677 1879 733 1923 ad
761 1894 846 1924 eos.
870 1880 907 1907 ¹5
925 1881 1122 1937 Cumque
1150 1881 1421 1925 ascendisset
1443 1883 1638 1938 Moyses,
1661 1883 1832 1939 operuit
1848 1883 1989 1926 nubes

152 1938 437 1994 11101110111ζ’16
461 1945 504 1982 et
532 1939 756 1982 habitavit
789 1939 930 1996 gloria
966 1939 1146 1982 Domini
1181 1954 1310 1997 super
1344 1941 1485 1997 Sinai,
1525 1946 1680 1998 tegens
1712 1941 1840 1985 illum
1874 1943 1990 1986 nube

151 2013 229 2042 sex
257 1998 439 2054 diebus,
468 1999 656 2055 septimo
685 2004 835 2042 autem
869 1999 940 2042 die
965 1999 1144 2042 vocavit
1171 2014 1272 2042 eum
1302 2000 1356 2043 de
1390 2001 1536 2044 medio
1567 2001 1784 2057 caliginis.
1821 2001 1856 2028 ¹⁷
1883 2003 1990 2044 Erat

151 2058 494 2114 autem-species
516 2058 670 2114 gloriae
694 2059 896 2115 Domini,
924 2058 1049 2114 quasi
1074 2058 1192 2115 ignis
1222 2059 1381 2103 ardens
1407 2074 1537 2116 super
1568 2061 1781 2103 verticem
1804 2061 1987 2117 montis,

150 2117 197 2160 in
230 2122 467 2173 conspectu
499 2117 689 2160 filiorum
727 2118 878 2162 Israel.
915 2117 953 2145 '¹²³
981 2119 1298 2174 Ingressusque
1332 2120 1507 2176 Moyses
1555 2120 1753 2162 medium
1791 2120 1987 2176 nebulae,

151 2175 352 2219 ascendit
380 2175 426 2218 in
460 2181 682 2232 montem,
707 2182 753 2220 et
775 2177 865 2220 fuit
888 2177 951 2220 ibi
982 2177 1280 2234 quadraginta
1313 2178 1487 2234 diebus,
1522 2184 1565 2222 et
1592 2178 1888 2235 quadraginta
1914 2193 1990 2222 no-

152 2235 308 2278 ctibus.

210 2296 316 2339 CAP.
332 2295 475 2338 XXV.
494 2321 548 2327 —
575 2294 588 2320 ¹
610 2296 890 2352 Locutusque
913 2303 979 2341 est
1001 2299 1219 2343 Dominus
1241 2298 1298 2342 ad
1319 2300 1524 2357 Moysen,
1547 2299 1699 2343 dicens
1723 2316 1732 2343 ε
1755 2297 1772 2324 2
1791 2300 1989 2355 Loquere

150 2354 253 2399 filiis
275 2354 433 2410 Israel,
457 2359 507 2397 ut
526 2354 689 2398 tollant
718 2355 827 2398 mihi
852 2357 1072 2412 primitias
1094 2376 1102 2414 ;
1126 2358 1182 2401 ab
1215 2358 1335 2402 omni
1365 2359 1544 2402 homine
1566 2359 1640 2416 qui
1668 2358 1824 2402 offeret
1854 2358 1988 2401 ultro-

150 2428 277 2468 neus,
299 2413 529 2470 accipietis
551 2429 638 2458 eas.
669 2414 687 2441 3
710 2416 822 2458 Haec
848 2421 951 2459 sunt
975 2423 1125 2461 autem
1155 2432 1254 2473 quae
1280 2417 1481 2474 accipere
1506 2417 1677 2461 debetis
1706 2435 1714 2462 ε
1740 2432 1916 2473 aurum,
1946 2422 1989 2460 et

149 2478 405 2529 argentum,
437 2478 480 2516 et
515 2487 595 2529 aes,
626 2473 643 2500 4
669 2474 962 2530 hyacinthum
1003 2481 1047 2519 et
1079 2491 1340 2533 purpuram,
1379 2491 1646 2533 coccumque
1678 2477 1746 2519 bis
1775 2477 1986 2532 tinctum,

151 2537 194 2575 et
216 2532 418 2588 byssum,
447 2532 560 2589 pilos
588 2547 839 2590 caprarum,
863 2534 880 2560 5
902 2540 945 2577 et
971 2536 1110 2591 pelles
1134 2536 1325 2579 arietum
1351 2536 1618 2592 rubricatas,
1647 2535 1871 2592 pellesque
1892 2536 1986 2578 ian-

149 2591 318 2647 thinas,
351 2596 395 2634 et
422 2591 547 2647 ligna
579 2593 738 2648 setim,
771 2593 788 2619 6
809 2593 956 2637 oleum
988 2595 1044 2638 ad
1079 2594 1316 2638 luminaria
1356 2595 1684 2652 concinnanda,
1715 2600 1915 2638 aromata
1940 2595 1986 2638 in

151 2656 447 2707 unguentum,
476 2656 520 2694 et
544 2651 843 2709 thymiamata
873 2653 977 2696 boni
1001 2654 1169 2710 odoris3
1194 2653 1209 2680 ⁷
1236 2654 1407 2712 lapides
1432 2654 1696 2711 onychinos,
1722 2660 1765 2698 et
1786 2669 1986 2711 gemmas

150 2709 205 2752 ad
229 2710 474 2753 ornandum
500 2711 643 2767 ephod
665 2726 717 2755 ac
738 2712 968 2756 rationale.
991 2713 1008 2740 8
1028 2713 1298 2770 Facientque
1320 2713 1429 2757 mihi
1449 2714 1774 2770 sanctuarium,
1796 2719 1839 2757 et
1860 2713 1985 2757 habi-

149 2768 254 2812 tabo
286 2769 331 2811 in
370 2770 516 2813 medio
550 2784 719 2824 eorum,
751 2771 769 2797 9
792 2771 924 2827 juxta
962 2782 1138 2817 omnem
1171 2773 1512 2817 similitudinem
1553 2773 1829 2817 tabernaculi
1869 2773 1986 2829 quod

151 2828 382 2882 ostendam
403 2829 507 2885 tibi,
536 2834 583 2872 et
602 2831 800 2873 omnium
827 2846 1031 2876 vasorum
1058 2833 1106 2875 in
1129 2833 1300 2876 cultum
1325 2832 1436 2889 ejus.
1465 2833 1621 2890 Sicque
1650 2833 1829 2878 facietis
1859 2832 1985 2876 illud.

209 2886 246 2913 ¹⁰
273 2889 436 2930 Arcam
460 2888 513 2932 de
535 2888 670 2945 lignis
703 2890 833 2933 setim
864 2892 1157 2949 compingite,
1185 2892 1255 2949 cuj
1266 2907 1312 2936 us
1345 2892 1579 2949 longitudo
1611 2892 1776 2936 habeat
1802 2892 1909 2936 duos
1927 2898 1987 2935 -et

150 2946 282 2989 semis
309 2947 509 3003 cubitos3
545 2947 755 3003 latitudo,
785 2949 986 2993 cubitum
1016 2957 1060 2994 et
1089 2952 1356 3007 dimidium3
1391 2951 1603 3007 altitudo,
1630 2951 1830 2997 cubitum
1864 2952 1987 2995 simi-

149 3004 250 3048 liter
282 3020 334 3048 ac
359 3006 601 3050 semissem.
637 3007 671 3034 ¹¹
700 3009 757 3051 Et
783 3009 1017 3054 deaurabis
1038 3025 1138 3055 eam
1171 3026 1277 3055 auro
1303 3011 1595 3056 mundissimo
1627 3010 1748 3055 intus
1775 3017 1821 3055 et
1843 3011 1982 3067 foris,

149 3064 378 3121 faciesque
411 3079 563 3122 supra,
595 3081 803 3123 coronam
833 3083 1015 3114 auream
1043 3084 1121 3127 per
1151 3070 1416 3126 circuitum3
1452 3069 1490 3096 ¹⁸2
1515 3075 1558 3113 et
1582 3075 1770 3128 quatuor
1798 3070 1985 3114 circulos

150 3137 324 3179 aureos,
351 3138 464 3181 quos,
488 3139 625 3182 pones
654 3141 731 3184 per
761 3133 949 3183 quatuor
970 3144 1085 3173 arcae
1116 3130 1302 3187 angulos
1323 3148 1332 3185 3
1368 3130 1454 3174 duo
1476 3129 1629 3174 circuli
1659 3130 1748 3174 sint
1771 3130 1819 3172 in
1840 3129 1984 3173 latere

150 3195 256 3238 uno,
285 3188 328 3226 et
353 3183 442 3227 duo
463 3183 510 3226 in
531 3185 684 3230 altero.
715 3186 751 3212 ¹3
777 3187 933 3231 Facies
962 3203 1133 3245 quoque
1158 3195 1307 3233 vectes
1336 3190 1390 3233 de
1416 3189 1551 3246 lignis
1572 3189 1724 3243 setim,
1748 3195 1791 3232 et
1817 3188 1986 3245 operies.

152 3254 223 3284 eos
251 3255 386 3298 auro;
419 3242 458 3269 Μ’
475 3243 746 3301 inducesque
777 3260 855 3303 per
885 3246 1070 3292 circulos
1099 3248 1174 3305 qui
1204 3253 1307 3294 sunt
1333 3248 1380 3291 in
1410 3263 1526 3292 arcae
1553 3247 1785 3304 lateribuS,
1817 3254 1983 3304 1111101·-7

150 3305 268 3343 tetur
291 3300 337 3344 in
361 3302 423 3346 eis
443 3319 452 3357 3
484 3302 521 3329 ¹5
543 3303 616 3359 qui
639 3319 814 3362 semper
835 3312 962 3350 erunt
978 3307 1032 3351 111
1058 3307 1256 3364 circulis,
1278 3322 1360 3353 nec
1390 3322 1585 3364 unquam
1616 3307 1902 3351 extrahentur
1926 3306 1982 3349 ab

153 3358 227 3403 eis.
262 3359 299 3386 ¹⁶
321 3361 549 3419 Ponesque
572 3362 619 3405 in
648 3378 751 3406 arca
776 3364 1136 3411 testificationem
1157 3381 1293 3423 quam
1320 3367 1553 3411 dabotibi.
1581 3366 1614 3393 ¹⁷
1637 3366 1794 3416 Facies
1819 3370 1861 3409 et
1886 3379 1983 3420 pro-

151 3417 428 3474 pitiatorium
461 3421 515 3464 de
543 3436 649 3466 auro
676 3424 990 3481 mundissimo,
1016 3425 1124 3471 duos
1153 3426 1326 3471 cubitos
1352 3431 1395 3470 et
1412 3426 1670 3470 dimidium
1690 3424 1860 3469 tenebit
1889 3424 1983 3469 lon-

153 3476 308 3531 gitudo
330 3479 446 3536 ejus,
470 3485 514 3526 et
543 3481 744 3527 cubitum
772 3497 824 3526 ac
849 3483 1078 3528 semissem
1102 3485 1306 3529 latitudo.
1343 3484 1380 3514 ¹⁸
1405 3486 1526 3528 Duos
1547 3498 1718 3541 quoque
1745 3482 1984 3527 Cherubim

154 3644 184 3678 8]
204 3644 306 3674 Hebr.
324 3647 384 3682 IX,
403 3650 447 3676 20.
464 3663 500 3668 —
517 3650 546 3683 2]
567 3650 632 3678 Inf.
646 3651 787 3683 XXXV.
808 3655 834 3680 5.
852 3666 887 3671 —
905 3653 934 3686 9]
950 3653 1050 3680 Hebr.
1068 3654 1126 3687 IX,
1144 3657 1169 3682 2.

2120 503 2221 532 Ritus

2048 547 2186 575 {sederis
2208 547 2291 575 cele·

2097 593 2244 618 brantur.

2082 1099 2171 1126 Deus
2190 1105 2262 1126 sese

2051 1142 2201 1170 ostendit
2245 1149 2293 1170 se-

2096 1185 2248 1214 nioribus

2114 1231 2238 1264 populi.

2055 1603 2188 1635 Moyses
2207 1601 2297 1630 redit

2130 1646 2222 1674 solus

2071 1689 2103 1718 in
2123 1692 2280 1718 montem.

2056 2310 2145 2337 Deus
2181 2311 2298 2341 postu·

2093 2354 2139 2381 lat
2172 2354 2258 2382 dona

2053 2405 2112 2431 pro
2126 2397 2296 2426 erectione

2081 2442 2275 2470 sanctuarii.

2051 2903 2145 2930 Arcae
2153 2901 2295 2931 foederis

2076 2945 2271 2980 descriptio.
