2456 3861
628 169 774 212 Dwr.
809 169 994 223 XVIII,
1031 171 1078 210 11
1115 195 1173 202 —
1206 170 1338 219 XIX,
1376 171 1441 212 14.
1865 173 1942 214 170

123 337 282 380 ariolos
307 337 566 393 sciscitetur,
594 342 639 381 et
664 338 868 381 observet
900 338 1071 381 somnia
1099 344 1231 395 atque
1261 339 1465 394 auguria,
1493 353 1574 382 nec
1604 339 1662 382 sit
1692 339 1938 395 maleficus,

124 395 156 421 ¹¹
177 410 257 439 nec
279 396 542 451 incantator,
570 411 649 439 nec
679 397 753 452 qui
779 397 996 453 pythones
1019 398 1240 452 consulat,
1277 412 1358 441 nec
1388 397 1582 453 divinos,
1618 403 1695 440 aut
1719 403 1888 453 quaerat
1917 413 1943 440 a

123 454 306 497 mortuis
330 455 593 509 veritate1n;
631 454 663 481 ¹²
681 456 829 498 onmia
854 455 973 498 enim
999 457 1095 499 haec
1124 456 1404 499 abominatur
1430 456 1666 511 Dominus,
1693 462 1737 499 ct
1767 463 1943 512 propter

122 513 368 556 istiusmodi
393 513 559 557 scelera
584 513 750 557 delebit
772 528 845 557 eos
870 514 914 556 in
946 514 1127 557 introitu
1151 521 1238 558 tuo.
1269 515 1303 541 ¹³
1322 516 1552 559 Perfectus
1578 514 1681 570 eris,
1708 521 1754 558 et
1777 515 1942 571 absque

122 571 297 614 macula
312 586 412 614 cum
429 572 618 616 Domino
635 574 727 616 Deo
742 578 830 617 tuo.
852 572 886 599 11
905 574 1072 616 Gentes
1090 573 1200 628 istae,
1218 588 1401 629 quarum
1418 574 1661 630 possidebis
1676 579 1851 630 terram,
1867 589 1941 617 au-

120 644 253 686 gures
271 636 315 673 et
340 631 514 674 divinos
538 630 724 674 audiunt
743 649 752 685 ;
781 636 828 673 tu
850 636 999 673 autem
1017 646 1043 673 a
1062 632 1253 674 Domino
1274 633 1368 675 Deo
1390 638 1464 676 tuo
1485 633 1614 676 aliter
1632 633 1860 676 institutus
1882 648 1941 676 66.

185 688 218 715 ¹⁵·
257 690 525 745 Prophetam
563 689 616 732 de
657 694 790 744 gente
823 694 900 731 tua
940 695 985 732 et
1020 689 1074 732 de
1112 690 1326 733 fratribus
1358 691 1444 733 tuis
1481 691 1594 734 sicut
1629 706 1720 747 me,
1759 691 1941 735 suscita-

121 747 189 790 bit
217 747 299 790 tibi
327 748 541 791 Dominus
573 749 692 791 Deus
721 753 848 800 tuus;
882 747 1026 803 ipsum
1058 748 1230 803 audies,
1263 748 1298 774 ¹⁶
1317 753 1365 791 ut
1393 750 1542 805 petisti
1575 765 1601 792 a
1632 751 1821 793 Domino
1849 752 1943 794 Deo

121 810 197 849 tuo
227 806 273 848 in
307 806 479 861 Horeb,
510 805 686 861 quando
716 805 869 848 concio
899 812 1171 861 congregata
1195 812 1280 862 est,
1308 812 1439 862 atque
1466 808 1616 851 dixisti
1648 824 1655 852 :
1694 809 1823 852 Ultra
1855 824 1942 852 non

123 864 300 907 audiam
330 878 485 908 vocem
516 864 696 908 Domini
728 864 810 907 Dei
843 864 950 919 mei,
984 870 1030 907 et
1058 865 1208 920 ignem
1233 866 1349 908 hunc
1375 866 1619 909 maximum
1641 867 1830 923 amplius
1855 883 1942 912 non

124 923 301 978 videbo,
337 937 391 966 ne
424 923 597 967 moriar.
637 923 669 949 ¹⁷
697 925 755 966 Et
786 922 851 966 ait
885 923 1100 966 Dominus
1132 924 1243 966 mihi
1277 940 1285 966 ε
1328 925 1447 967 Bene
1479 925 1626 967 omnia
1658 932 1760 968 sunt
1793 926 1942 970 locuti.

126 981 160 1008 ¹⁸
185 982 453 1038 Prophetam
489 982 712 1026 suscitabo
751 982 813 1025 eis
847 982 901 1026 de
937 982 1082 1025 medio
1118 983 1310 1025 fratrum
1343 997 1519 1025 suorum
1553 983 1745 1026 similem
1778 985 1864 1039 tui,
1900 991 1944 1028 et

122 1055 284 1098 ponam
306 1041 442 1083 verba
471 1056 571 1084 mea
596 1041 641 1083 in
664 1055 735 1084 ore
770 1041 886 1097 ejus,
914 1040 1200 1097 loqueturque
1223 1041 1279 1084 ad
1306 1055 1377 1085 eos
1401 1041 1549 1084 omnia
1573 1056 1670 1098 quae
1693 1057 1944 1098 praecepero

123 1099 202 1143 illi.
225 1099 258 1125 19
275 1099 357 1150 Qui
375 1105 525 1143 autem
546 1100 683 1144 verba
701 1100 811 1156 ejus,
832 1114 930 1156 quae
954 1100 1154 1156 loquetur
1172 1100 1218 1143 in
1240 1100 1418 1143 nomine
1436 1114 1547 1156 meo,
1568 1101 1718 1144 audire
1740 1101 1942 1157 noluerit,

121 1172 205 1215 ego
228 1158 343 1202 ultor
364 1159 565 1202 existam.

181 1216 218 1244 '²⁰
237 1218 457 1274 Propheta
482 1223 631 1262 autem
660 1219 734 1275 qui
759 1218 1013 1274 arrogantia
1039 1218 1305 1274 depravatus
1336 1218 1524 1262 voluerit
1548 1219 1667 1275 loqui
1693 1219 1738 1261 in
1767 1219 1944 1263 nomine

122 1290 241 1332 meo,
268 1291 365 1332 quae
391 1291 474 1333 ego
496 1292 584 1320 non
606 1277 799 1334 praecepi
821 1277 887 1320 illi
909 1283 957 1320 ut
979 1277 1164 1332 diceret,
1195 1282 1272 1320 aut
1297 1292 1351 1321 ex
1373 1278 1551 1321 nomine
1573 1278 1818 1321 alienorum
1843 1278 1944 1322 deo-

121 1350 240 1391 rum,
273 1336 574 1379 interficietur.
610 1336 644 1362 91
671 1336 796 1387 Quod
826 1336 863 1379 si
895 1336 1034 1379 tacita
1064 1336 1335 1391 cogitatione
1364 1337 1642 1393 responderis
1673 1352 1681 1380 :
1718 1337 1944 1387 Quomodo

123 1409 301 1451 possum
326 1395 576 1451 intelligere
602 1396 807 1451 verbum,
835 1395 950 1451 quod
985 1394 1202 1438 Dominus
1227 1409 1315 1438 non
1345 1401 1412 1438 est
1436 1396 1644 1439 locutus?
1678 1395 1714 1421 ²⁹2
1737 1397 1835 1439 Hoc
1868 1397 1943 1438 ha-

123 1453 248 1496 bebis
273 1453 450 1510 signum
480 1469 489 1496 ε
522 1454 644 1505 Quod
667 1454 713 1496 in
737 1454 914 1497 nomine
942 1453 1122 1497 Domini
1146 1454 1361 1512 propheta
1385 1454 1460 1497 ille
1486 1454 1761 1511 praedixerit,
1785 1460 1829 1497 et
1858 1469 1942 1498 non

122 1512 340 1568 evenerit,
367 1513 449 1555 hoc
477 1513 692 1556 Dominus
721 1527 809 1556 non
842 1517 908 1556 est
937 1512 1130 1567 locutuS,
1153 1513 1229 1555 sed
1254 1527 1330 1569 per
1354 1517 1572 1556 tumorem
1596 1513 1734 1556 animi
1759 1513 1825 1556 sui
1848 1528 1943 1569 pro-

122 1572 258 1628 pheta
284 1571 498 1614 confinxit
519 1588 527 1626 ;
554 1577 599 1614 et
621 1571 785 1615 idcirco
808 1586 896 1614 non
921 1570 1099 1614 timebis
1122 1585 1237 1615 eum.

182 1631 288 1675 CAP.
314 1631 438 1673 XIX.
461 1656 520 1663 —
542 1630 555 1656 1
575 1631 687 1674 Cum
713 1630 1024 1688 disperdiderit
1050 1630 1266 1673 Dominus
1290 1633 1409 1675 Deus
1433 1636 1534 1675 tuus
1559 1636 1735 1688 gentes,
1761 1647 1944 1687 quarum

123 1689 205 1733 tibi
235 1689 475 1733 traditurus
504 1695 571 1733 661
604 1695 788 1746 terram,
820 1695 864 1734 et
889 1689 1135 1746 possederis
1160 1704 1279 1746 eam,
1312 1690 1670 1746 habitaverisque
1693 1690 1740 1733 in
1764 1690 1944 1733 urbibus

122 1749 219 1805 ejus
249 1754 293 1792 et
325 1748 371 1791 in
401 1749 589 1806 aedibus,
625 1748 746 1792 2tres
777 1749 982 1792 civitates
1015 1748 1241 1805 separabis
1270 1748 1354 1792 tibi
1385 1749 1431 1791 in
1457 1750 1603 1792 medio
1630 1755 1778 1804 terrae,
1812 1764 1945 1805 quam

123 1808 339 1851 Dominus
379 1809 497 1852 Deus
534 1814 636 1851 tuus
676 1808 801 1851 dabit
840 1808 923 1851 tibi
965 1808 1011 1850 in
1046 1808 1388 1865 possessionem,
1430 1808 1448 1835 3
1471 1814 1670 1851 sternens
1710 1808 1947 1864 diligenter

122 1867 271 1922 viam,
299 1872 344 1910 et
372 1867 419 1910 in
444 1873 531 1911 tres
565 1868 794 1924 aequaliter
823 1877 970 1924 partes
996 1872 1138 1910 totam
1168 1872 1296 1910 terrae
1330 1873 1418 1911 tuae
1446 1867 1722 1924 provinciam
1753 1867 1943 1920 divides,

123 1932 172 1969 ut
207 1927 372 1970 habeat
408 1942 431 1971 e
469 1927 616 1971 vicino
654 1927 728 1983 qui
762 1932 940 1984 propter
980 1925 1270 1970 homicidium
1307 1927 1522 1983 profugus
1559 1932 1644 1982 est,
1686 1941 1769 1982 quo
1809 1926 1946 1983 possit

122 1986 323 2029 evadere.
358 1986 375 2013 4
402 1987 515 2030 Haec
548 1987 630 2030 erit
662 1987 736 2030 lex
768 1985 1005 2030 homicidae
1034 1985 1272 2042 fugientis,
1307 1985 1435 2042 cujus
1468 1985 1560 2028 vita
1596 1986 1813 2029 servanda
1845 1990 1943 2029 est:

120 2045 205 2096 Qui
237 2045 503 2102 percusserit
532 2047 783 2103 proximum
816 2060 943 2088 suum
976 2045 1197 2101 nesciens,
1233 2050 1277 2088 et
1317 2045 1391 2101 qui
1427 2044 1520 2088 heri
1556 2050 1600 2088 et
1632 2044 1948 2087 nudiustertius

123 2104 295 2147 nullum
329 2109 483 2148 contra
507 2120 609 2149 eum
641 2105 793 2149 odium
826 2104 1032 2148 habuisse
1065 2104 1388 2161 comprobatur,
1420 2104 1436 2131 5
1462 2104 1538 2147 sed
1570 2104 1731 2147 abiisse
1765 2117 1865 2146 cum
1898 2117 1948 2146 eo

121 2163 385 2220 simpliciter
406 2163 452 2206 in
478 2164 639 2207 silvam
656 2165 713 2208 ad
735 2164 858 2221 ligna
880 2164 1107 2219 caedenda,
1135 2168 1180 2207 et
1204 2163 1249 2206 in
1275 2163 1518 2207 succisione
1543 2163 1764 2219 lignorum
1785 2162 1949 2206 securis

122 2222 293 2279 fugerit
319 2238 473 2280 manu,
506 2224 762 2279 ferrumque
784 2224 958 2280 lapsum
988 2223 1041 2267 de
1068 2223 1300 2266 manubrio
1324 2223 1518 2265 amicum
1543 2223 1640 2279 ejus
1664 2221 1946 2278 percusserit,

124 2288 169 2325 et
204 2282 435 2338 occiderit,
470 2283 542 2327 hic
576 2283 633 2326 ad
667 2297 802 2325 unam
839 2282 1191 2339 supradictarum
1230 2283 1404 2325 urbium
1437 2281 1687 2337 confugiet,
1723 2286 1767 2324 et
1798 2281 1948 2335 vivet,

125 2341 143 2367 6
163 2356 217 2384 116
239 2341 430 2385 forsitan
455 2343 682 2399 proximus
708 2343 825 2399 ejus,
854 2342 982 2398 cujus
1003 2341 1171 2385 effusus
1195 2347 1261 2385 est
1279 2341 1481 2398 sanguis,
1508 2341 1654 2384 dolore
1677 2340 1948 2395 stimulatus,

124 2406 429 2458 persequatur,
457 2407 502 2445 et
526 2402 831 2459 apprehendat
859 2417 960 2445 611111
989 2401 1026 2443 61
1053 2400 1225 2457 longior
1256 2401 1330 2444 via
1357 2401 1512 2454 fuerit,
1541 2405 1586 2444 et
1609 2399 1829 2457 percutiat
1856 2399 1950 2441 ani-

126 2474 245 2502 mam
269 2460 388 2516 ejus,
413 2461 489 2518 qui
510 2475 598 2504 non
624 2466 692 2505 est
715 2476 813 2505 reus
841 2460 1013 2514 mortis,
1041 2460 1144 2515 quia
1170 2461 1342 2504 nullum
1368 2466 1521 2504 contra
1542 2475 1663 2515 eum,
1687 2458 1761 2514 qui
1783 2458 1951 2501 occisus

123 2524 211 2574 est,
249 2519 400 2563 odium
436 2520 555 2576 prius
591 2521 797 2564 habuisse
832 2524 1114 2564 monstratur.
1151 2519 1165 2546 7
1193 2520 1366 2563 Idcirco
1400 2519 1608 2576 praecipio
1645 2518 1748 2573 tibi,
1775 2522 1824 2560 ut
1862 2522 1950 2560 tres

124 2578 331 2622 civitates
357 2579 539 2635 aequalis
568 2580 683 2624 inter
712 2595 758 2624 se
787 2579 921 2637 spatii
952 2579 1138 2625 dividas.
1167 2579 1184 2606 ⁸
1203 2578 1314 2622 Cum
1345 2584 1495 2621 autem
1521 2576 1775 2621 dilataverit
1799 2576 1949 2619 Domi-

125 2652 207 2680 nus
241 2639 360 2681 Deus
389 2644 489 2682 tuus
519 2640 730 2683 terminos
759 2645 877 2694 tuos,
904 2638 1018 2682 sicut
1047 2638 1216 2695 juravit
1247 2638 1445 2694 patribus
1468 2637 1576 2693 tuis,
1599 2643 1642 2680 et
1673 2635 1845 2679 dederit
1869 2634 1952 2678 tibi

125 2702 333 2740 cunctam
355 2703 538 2755 terram,
562 2713 695 2755 quam
721 2699 783 2742 eis
804 2698 1029 2755 pollicitus
1056 2702 1142 2752 est,
1167 2697 1184 2723 9
1205 2696 1263 2757 (si
1285 2702 1436 2739 tamen
1459 2695 1718 2739 custodieris
1741 2694 1953 2737 mandata

123 2755 244 2812 ejus,
282 2762 327 2800 et
363 2757 525 2801 feceris
553 2773 651 2814 quae
688 2758 819 2802 hodie
854 2756 1065 2814 praecipio
1102 2756 1206 2812 tibi,
1249 2760 1298 2799 ut
1332 2755 1494 2812 diligas
1529 2754 1771 2798 Dominum
1808 2754 1953 2796 Deum

125 2820 272 2872 tuum,
303 2821 347 2859 et
375 2817 577 2861 ambules
601 2818 648 2860 in
672 2818 756 2861 viis
782 2818 877 2873 ejus
910 2815 1030 2859 omni
1058 2817 1296 2873 tempore),
1325 2814 1461 2858 addes
1490 2814 1569 2857 tibi
1595 2820 1684 2857 tres
1706 2813 1817 2856 alias
1843 2812 1952 2855 civi-

126 2880 263 2930 tates,
297 2881 342 2919 et
373 2877 727 2932 supradictarum
756 2877 891 2919 trium
921 2875 1096 2918 urbium
1134 2889 1366 2918 numerum
1404 2873 1682 2930 duplicabis3
1722 2872 1758 2898 ¹⁰
1781 2876 1829 2915 ut
1865 2885 1954 2914 non

124 2933 384 2978 effundatur
415 2936 597 2992 sanguis
623 2935 828 2979 innoxius
858 2935 904 2977 in
936 2934 1082 2978 medio
1111 2940 1264 2990 terrae,
1291 2948 1424 2990 quam
1458 2932 1674 2976 Dominus
1706 2933 1825 2975 Deus
1853 2936 1954 2973 tuus

128 2993 253 3036 dabit
292 2994 375 3036 tibi
412 2995 746 3051 possidendam,
782 3009 836 3038 ne
875 2994 934 3038 sis
971 2993 1202 3050 sanguinis
1234 3007 1347 3036 reus.
1388 2992 1420 3019 ¹¹
1450 2992 1494 3037 Si
1531 2992 1628 3048 quis
1664 2996 1814 3034 autem
1854 2989 1954 3033 odio

127 3053 296 3097 habens
326 3053 579 3110 proximum
607 3069 755 3110 suum,
784 3053 1018 3097 insidiatus
1049 3052 1186 3096 fuerit
1215 3053 1322 3095 vitae
1348 3052 1464 3108 ejus,
1489 3065 1757 3107 surgensque
1779 3062 1952 3106 percus-

125 3113 234 3156 serit
258 3113 398 3168 illum,
422 3118 467 3156 et
489 3120 686 3157 mortuus
708 3113 859 3168 fuerit,
882 3113 1136 3168 fugeritque
1159 3112 1215 3155 ad
1238 3126 1373 3154 unam
1396 3111 1449 3154 de
1472 3109 1737 3167 supradictis
1759 3107 1952 3162 urbibus,

130 3171 166 3198 ¹⁹2
182 3172 364 3216 mittent
395 3172 587 3216 seniores
614 3172 810 3216 civitatis
835 3172 973 3228 illius,
1005 3177 1051 3215 et
1082 3171 1297 3228 arripient
1325 3185 1427 3214 611111
1461 3170 1515 3213 de
1540 3170 1638 3216 loco
1662 3167 1841 3223 effugii,
1867 3172 1953 3208 tra-

129 3231 322 3288 dentque
353 3231 402 3274 in
430 3246 565 3274 manu
586 3232 799 3289 proximi,
827 3231 952 3287 cujus
977 3231 1158 3287 sanguis
1184 3230 1351 3274 effusus
1373 3234 1458 3286 est,
1483 3234 1528 3272 et
1553 3228 1773 3271 morietur.
1804 3226 1837 3252 ¹3
1856 3226 1954 3291 Non

130 3290 407 3334 misereberis
432 3290 550 3346 ejus,
580 3296 625 3334 et
649 3292 827 3335 auferes
853 3289 1085 3333 innoxium
1114 3288 1378 3346 sanguinem
1407 3288 1461 3332 de
1492 3287 1652 3343 Israel,
1683 3291 1731 3329 ut
1760 3286 1872 3329 bene
1898 3288 1956 3326 611

131 3348 227 3392 11111.

192 3407 227 3434 11
257 3410 358 3453 Νο11
397 3425 615 3467 assumes,
661 3415 705 3454 et
740 3409 982 3453 transferes
1022 3408 1235 3452 terminos
1275 3406 1465 3465 proximi
1505 3406 1589 3461 tui,
1624 3418 1730 3460 quos
1767 3403 1956 3446 fixerunt

136 3583 183 3616 11]
202 3583 218 3609 Ι
240 3583 321 3616 Reg.
344 3583 506 3618 XXVIII,
524 3585 549 3611 7.
578 3597 613 3602 —
643 3583 690 3616 15]
716 3583 812 3611 Joan.
839 3582 865 3616 1,
881 3585 926 3610 45.
956 3582 1029 3609 Act.
1055 3581 1182 3614 111‚‘.>2.
1211 3595 1247 3600 —
1278 3580 1324 3612 16]
1344 3580 1404 3606 Ex.
1423 3578 1499 3612 XX,
1516 3580 1560 3605 21.
1578 3592 1614 3596 -
1636 3576 1682 3609 18]
1704 3575 1799 3603 Joan.
1819 3574 1845 3609 Ι,
1863 3576 1956 3602 45.-

136 3627 166 3660 2]
183 3627 279 3654 Num.
297 3626 438 3663 XXXV,
456 3630 499 3655 11.
513 3627 584 3655 Jos.
603 3627 678 3662 XX,
695 3629 767 3655 2.-—-
783 3627 813 3660 8]
831 3626 908 3654 Gen.
927 3625 1091 3659 XXVIII,
1111 3627 1153 3652 14.
1176 3625 1235 3652 Ex.
1254 3621 1414 3656 XXXIV,
1435 3624 1479 3649 24.
1502 3619 1672 3654 sup.X11,
1689 3621 1779 3647 20.—
1794 3619 1841 3652 11]
1859 3618 1956 3647 Num.

136 3671 277 3706 XXXV,
295 3673 339 3701 20.

2058 704 2200 736 Magnus

2049 748 2211 779 propheta

2015 790 2239 819 suscitandus.

2010 1230 2149 1264 signum
2171 1231 2249 1259 falsi

2064 1278 2098 1303 et
2126 1275 2196 1304 veri

2040 1320 2220 1352 prophetae.

2028 1645 2074 1672 De
2091 1642 2233 1671 urbibus

2064 1686 2198 1719 refugii.

2022 3415 2067 3443 De
2090 3412 2250 3444 terminis.
