2423 3861
73 804 112 829 ,⁴2⁰
129 806 297 832 astrorum

125 847 205 875 ordo
224 853 258 876 et

123 890 256 921 itinera.

67 1745 285 1781 -Quaestiones

135 1793 225 1822 circa

77 1837 241 1867 *animalia
255 1846 263 1868 x

117 1882 238 1918 leaena,

99 2008 206 2029 corvu
213 2009 227 2029 s
238 2022 245 2037 ,

119 2174 201 2203 ibex
210 2195 221 2212 ‚

101 2654 236 2684 onager,

52 3125 267 3165 rhinoceros,

70 3598 234 3637 ttruthi0‚

837 99 925 141 JOB
959 100 1234 157 XXXVIII,
1271 103 1325 146 27
1359 129 1417 135 -
1449 104 1673 161 XXXIX,
1710 107 1777 149 13.

683 268 759 311 ubi
781 269 928 313 nullus
953 271 1210 314 mortalium
1235 279 1545 331 commoratur,

564 325 598 353 2⁷
617 332 667 370 ut
691 327 896 385 impleret
918 328 1089 372 inviam
1114 335 1159 373 et
1184 330 1454 388 desolatam,

681 392 725 429 et
749 387 1012 443 produceret
1036 388 1195 433 herbas
1222 391 1442 435 virentes?

563 443 599 471 ‘²8
617 445 723 496 Quis
750 451 816 489 est
840 445 1006 502 pluvi'ae
1032 449 1189 504 pater?

679 504 750 548 vel
772 505 869 561 quis
893 507 1049 561 genuit
1070 508 1214 552 stillas
1240 510 1385 554 roris?

560 561 596 588 99
614 564 682 606 De
704 564 833 620 cujus
858 570 982 609 utero
1008 580 1184 622 egressa
1210 575 1276 612 est
1301 569 1505 626 glacies?

675 628 720 666 et
739 623 843 679 gelu
866 624 920 667 de
945 625 1055 669 caelo
1081 627 1178 683 quis
1203 629 1389 684 genuit?

556 679 593 706 3⁰
609 681 666 724 In
690 681 1030 728 similitudinem
1059 685 1222 744 lapidis
1246 702 1374 745 aquae
1402 689 1634 747 durantur,

673 746 717 785 et
741 742 995 799 superficies
1019 745 1170 802 abyssi
1196 748 1526 804 constringitur.

554 798 588 825 3¹
608 800 838 857 Numquid
865 803 1137 860 conjungere
1163 806 1334 850 valebis
1361 808 1580 852 micantes
1606 809 1757 852 stellas
1785 811 2013 870 Pleiadas,

672 865 751 903 aut
775 875 936 918 gyrum
961 863 1141 907 Arcturi
1167 866 1331 922 poteris
1358 867 1607 924 dissipare?

553 917 590 944 3²
606 919 835 976 Numquid
861 922 1068 978 producis
1094 923 1334 967 luciferum
1357 926 1402 969 in
1424 932 1623 984 tempore
1648 943 1748 984 suo,

670 984 714 1022 et
737 994 972 1037 vesperum
994 996 1125 1038 super
1149 983 1262 1027 filios
1284 989 1412 1028 terrae
1439 999 1703 1043 consurgere
1728 988 1877 1032 facis?

553 1036 590 1063 33
607 1038 836 1094 Numquid
861 1040 978 1083 nosti
1004 1041 1205 1085 ordinem
1231 1043 1352 1099 caeli,

669 1103 712 1140 et
737 1112 872 1154 pones
895 1100 1116 1143 rationem
1139 1101 1235 1157 ejus
1261 1102 1305 1145 in
1329 1105 1477 1149 terra?

549 1155 585 1181 34
603 1156 831 1212 Numquid
857 1158 1055 1202 elevabis
1076 1160 1123 1202 in
1146 1161 1310 1204 nebula
1335 1177 1491 1207 vocem
1516 1169 1662 1223 tuam,

668 1221 712 1259 et
732 1215 925 1273 impetus
951 1233 1168 1274 aquarum
1192 1222 1359 1278 operiet
1384 1223 1461 1266 te?

523 1332 526 1336 Α
547 1273 584 1321 35
602 1274 829 1331 Numquid
856 1277 1006 1321 mittes
1034 1279 1238 1335 fulgura,
1263 1287 1306 1325 et
1333 1281 1482 1340 ibunt,

417 2164 525 2210 CAP.

664 1339 709 1377 et
728 1337 998 1379 revertentia
1025 1338 1176 1382 dicent
1199 1340 1283 1383 tibi
1304 1357 1317 1397 :-
1340 1342 1598 1388 Adsumus?

545 1391 583 1418 3⁰
600 1393 706 1444 Quis
727 1395 877 1451 posuit
896 1396 944 1439 in
970 1397 1213 1442 visceribus
1239 1400 1431 1445 hominis
1456 1403 1759 1460 sapientiam?

663 1453 735 1497 vel
756 1454 854 1510 quis
882 1455 1006 1499 dedit
1030 1457 1151 1513 gallo
1175 1458 1563 1517 intelligentiam?

544 1511 579 1538 3⁷
599 1512 702 1563 Quis
726 1515 951 1558 enarrabit
980 1516 1189 1561 caelorum
1213 1519 1454 1578 rationem,

662 1577 706 1615 et
728 1580 996 1618 concentum
1022 1576 1120 1619 caeli
1145 1578 1243 1633 quis
1265 1579 1456 1624 dormire
1470 1581 1642 1625 faciet?

542 1630 579 1657 33
596 1630 781 1682 Quando
805 1633 1081 1678 fundebatur
1105 1637 1251 1693 pulvis
1277 1637 1322 1681 in
1348 1644 1484 1696 terra,

661 1696 705 1734 et
731 1692 877 1748 glebae
904 1695 1344 1751 compingebantur?

541 1749 579 1776 39
595 1751 824 1807 Numquid
852 1753 1000 1810 capies
1026 1754 1181 1798 leaenae
1204 1758 1424 1814 praedam,

659 1815 705 1853 et
729 1810 927 1854 animam
951 1814 1199 1857 catulorum
1223 1816 1319 1871 ejus
1341 1817 1570 1876 implebis,

539 1868 578 1894 4⁰
594 1870 770 1925 quando
793 1870 960 1913 cubant
984 1872 1031 1914 in
1052 1873 1212 1930 antris,

657 1934 701 1971 et
721 1929 769 1972 in
790 1931 1010 1987 specubus
1036 1932 1339 1979 insidiantur?

537 1986 571 2013 4¹
593 1987 699 2038 Quis
726 1996 948 2046 praeparat
976 2006 1108 2035 corvo
1130 2007 1278 2037 escam
1303 2010 1452 2053 suam,

653 2049 831 2104 quando
856 2050 968 2106 pulli
995 2051 1091 2108 ejus
1119 2052 1317 2097 clamant
1339 2055 1395 2099 ad
1423 2057 1591 2114 Deum,

654 2113 891 2163 vagantes,
919 2124 969 2153 eo
992 2111 1108 2167 quod
1134 2126 1223 2155 non
1248 2114 1445 2158 habeant
1470 2116 1625 2161 cibos?

551 2166 768 2211 XXXIX.
793 2194 854 2201 —
875 2169 888 2194 1
913 2169 1143 2227 Numquid
1165 2173 1281 2216 nosti
1306 2179 1480 2232 tempus
1507 2182 1658 2233 partus
1684 2179 1853 2223 ibicum
1879 2181 1924 2225 in
1946 2183 2113 2241 petris?

652 2226 725 2270 vel
750 2228 1044 2284 parturientes
1071 2245 1223 2275 cervas
1250 2233 1527 2279 observasti?

555 2283 572 2310 2
589 2285 893 2330 Dinumerasti
920 2303 1093 2333 menses
1120 2298 1359 2349 conceptus
1386 2308 1558 2353 earum,

653 2350 696 2388 et
720 2345 843 2389 scisti
868 2352 1042 2405 tempus
1068 2356 1221 2407 partus
1247 2353 1431 2396 earum?

551 2402 569 2429 3
585 2404 885 2449 Incurvantur
909 2407 967 2450 ad
990 2409 1157 2465 fetum,
1186 2415 1229 2454 et
1254 2412 1454 2469 pariunt,

652 2469 695 2507 et
720 2465 893 2521 rugitus
919 2467 1144 2512 emittunt.

549 2521 566 2548 4
584 2523 853 2579 Separantur
877 2525 958 2568 filii
983 2541 1157 2585 earum,
1185 2535 1228 2573 et
1250 2538 1441 2588 pergunt
1461 2533 1519 2577 ad
1545 2539 1746 2591 pastum3

650 2583 956 2642 egrediuntur,
981 2592 1023 2629 et
1045 2602 1132 2631 non
1155 2596 1438 2635 revertuntur
1459 2593 1516 2636 ad
1543 2608 1629 2637 eas.

549 2640 566 2666 5
584 2641 690 2692 Quis
713 2642 883 2687 dimisit
907 2659 1125 2702 onagrum
1146 2647 1360 2707 liberum,

649 2706 692 2744 et
714 2702 894 2746 vincula
919 2705 1018 2760 ejus
1040 2707 1137 2761 quis
1163 2708 1329 2754 solvit?

547 2759 565 2786 ⁰
582 2760 662 2804 Oui
689 2762 791 2805 dedi
817 2762 862 2805 in
887 2764 1129 2810 solitudine
1155 2767 1358 2826 domum,

647 2826 692 2864 et
716 2821 1004 2867 tabernacula
1031 2826 1128 2882 ejus
1149 2826 1196 2870 in
1219 2832 1334 2871 terra
1360 2830 1610 2887 salsuginis.

549 2877 563 2904 ⁷
583 2879 840 2925 Contemnit
862 2882 1196 2929 multitudinem
1222 2886 1444 2946 civitatis3
1597 2893 1600 2895 ’

647 2939 887 2984 clamorem
913 2944 1132 2987 exactoris
1154 2961 1242 2990 non
1267 2948 1407 2993 audit.

547 2996 564 3022 3
582 2997 892 3056 Circumspicit
915 3007 1087 3046 montes
1114 3019 1290 3061 pascuae
1314 3022 1430 3066 suae,

645 3062 690 3100 et
714 3059 903 3103 virentia
929 3075 1114 3118 quaeque
1139 3066 1365 3122 perquirit.

544 3114 562 3139 9
579 3115 806 3173 Numquid
832 3119 952 3164 volet
973 3121 1225 3168 rhinoceros
1250 3127 1415 3173 servire
1439 3129 1542 3188 tibi,

643 3181 720 3219 aut
744 3179 989 3223 morabitur
1008 3181 1066 3224 ad
1092 3198 1289 3242 praesepe
1315 3191 1442 3231 tuum
1459 3189 1481 3232 ?

527 3232 563 3259 ¹⁰
581 3234 807 3292 Numquid
833 3238 1041 3295 alligabis
1067 3242 1345 3289 rhinocerota
1370 3248 1428 3291 ad
1453 3249 1670 3293 arandum
1697 3250 1789 3296 loro
1813 3258 1911 3312 tuo,

641 3299 720 3337 aut
745 3297 999 3355 confringet
1024 3300 1179 3356 glebas
1207 3305 1393 3349 vallium
1419 3313 1517 3364 post
1543 3308 1619 3352 te?

525 3351 558 3378 ¹¹
577 3353 805 3410 Numquid
830 3356 1038 3401 fiduciam
1065 3360 1249 3406 habebis
1272 3363 1318 3407 in
1339 3380 1504 3423 magna
1526 3367 1793 3416 fortitudine
1819 3371 1937 3429 ejus,

641 3418 686 3456 et
710 3413 988 3472 derelinques
1014 3419 1053 3461 ei
1081 3419 1254 3466 labores
1280 3425 1408 3469 tuos?

523 3469 560 3496 ¹²
577 3471 806 3529 Numquid
831 3475 981 3518 credes
1005 3476 1073 3520 illi
1097 3481 1211 3534 quod
1237 3489 1483 3528 sementem
1503 3485 1662 3531 reddat
1682 3488 1765 3533 tibi
1773 3523 1786 3548 ,

641 3537 684 3575 et
707 3546 857 3576 aream
882 3538 1007 3578 tuam
1029 3541 1299 3595 congreget?

521 3588 558 3615 ¹3
575 3590 726 3633 Penna
752 3593 1010 3637 struthionis
1035 3596 1193 3640 similis
1223 3605 1289 3642 est
