2456 3861
796 147 909 189 Luv.
945 145 1146 197 XXVII,
1180 145 1315 188 9-34.
1880 145 1961 187 119

145 329 188 367 et
224 328 437 378 quantum
473 320 549 364 ille
586 319 894 374 aestimaverit,
939 325 982 363 et
1023 318 1182 362 viderit
1231 332 1330 362 eum
1375 331 1501 374 posse
1542 315 1742 371 reddere,
1790 321 1962 358 tantum

145 381 282 425 dabit.

203 441 220 466 ‘³
246 439 423 482 Animal
455 445 626 493 autem,
654 438 767 494 quod
798 437 1016 480 immolari
1052 442 1194 493 potest
1226 435 1437 490 Domino,
1465 435 1500 477 si
1525 434 1621 491 quis
1647 434 1839 489 voverit,
1863 448 1960 476 san-

144 505 264 542 ctum
295 499 396 546 orit,
436 498 467 524 ¹⁰
492 504 535 540 et
565 497 723 539 mutari
759 511 843 539 non
878 496 1058 552 poterit,
1086 495 1130 537 id
1160 501 1246 549 est,
1270 509 1348 538 nec
1380 494 1536 538 melius
1563 494 1699 548 malo,
1727 508 1806 537 nec
1837 493 1962 550 pejus

143 558 256 600 110110
278 575 286 608 ;
311 557 424 612 quod
458 557 494 599 si
525 555 782 609 mutaverit,
810 561 852 598 et
881 555 1026 610 ipsum
1051 554 1166 609 quod
1198 560 1417 596 mutatum
1443 559 1530 608 est,
1560 559 1604 596 et
1635 552 1745 595 illud
1776 566 1852 609 pro
1879 566 1963 607 quo

144 623 363 658 mutatum
398 622 483 669 est,
523 620 827 658 consecratum
860 613 941 656 erit
981 612 1184 655 Domino.
1230 612 1258 638 ¹¹
1287 612 1468 654 Animal
1505 611 1807 666 immundum,
1846 611 1961 667 quod

142 675 360 717 immolari
387 673 578 718 Domino
601 686 686 715 non
710 676 865 728 potest,
893 671 929 712 si
952 671 1047 726 quis
1074 671 1256 724 voverit,
1283 671 1528 714 adducetur
1549 677 1652 714 ante
1673 670 1959 718 sacerdotem,

144 733 179 760 ¹2
204 734 274 789 qui
306 733 510 788 judicans
541 736 687 774 utrum
721 730 884 772 bonum
913 743 970 771 an
1001 729 1167 771 malum
1188 729 1265 783 sit,
1293 734 1457 772 statuet
1482 729 1685 786 pretium.
1714 729 1749 756 ¹³
1775 729 1899 780 Quod
1925 729 1960 771 si

143 793 246 836 dare
269 791 456 834 voluerit
480 790 517 832 is
541 790 613 846 qui
638 788 789 843 offert,
812 787 947 830 addet
969 801 1100 843 supra
1123 787 1464 830 aestimationem
1488 788 1688 843 quintam
1711 795 1894 845 partem.

206 851 236 877 ¹¹
258 851 404 893 Homo
431 849 467 891 si
497 848 668 892 voverit
697 847 876 890 domum
907 860 1052 900 suam,
1087 850 1130 888 et
1158 845 1501 889 sanctificaverit
1526 847 1736 901 Domino,
1765 846 1960 890 conside-

142 910 255 953 rabit
282 923 380 952 eam
405 907 606 951 sacerdos
629 912 776 949 utrum
798 905 912 948 bona
937 919 994 947 an
1016 905 1134 947 mala
1160 904 1229 960 sit,
1253 910 1296 947 et
1317 904 1444 960 juxta
1468 905 1670 961 pretium,
1695 906 1809 960 quod
1831 906 1886 948 ab
1914 920 1963 948 eo

140 968 277 1012 fuerit
307 967 618 1020 constitutum,
648 964 989 1008 venundabitur.
1016 963 1048 989 ¹5
1064 963 1143 1007 Sin
1167 968 1317 1006 autem
1341 963 1417 1006 ille
1444 963 1516 1019 qui
1544 970 1745 1018 voverat,
1776 964 1963 1007 voluerit

140 1027 354 1070 redimere
376 1040 495 1080 eam,
519 1025 643 1068 dabit
669 1024 869 1080 quintam
895 1027 1064 1080 partem
1088 1022 1396 1065 aestimationis
1418 1036 1570 1078 supra,
1605 1027 1647 1064 et
1676 1022 1858 1066 habebit
1889 1023 1961 1065 do-

142 1101 276 1129 mum.

204 1145 237 1171 16
255 1146 378 1195 Quod
410 1145 444 1187 si
474 1159 631 1200 agrum
661 1143 947 1201 possessionis
981 1158 1071 1185 suae
1102 1142 1292 1197 voverit,
1328 1146 1370 1185 et
1400 1141 1721 1185 consecraverit
1753 1142 1963 1195 Domino,

140 1204 269 1261 juxta
292 1218 543 1248 mensuram
567 1203 778 1246 sementis
801 1202 1094 1245 aestimabitur
1118 1201 1308 1258 pretium
1333 1217 1342 1244 ε
1368 1201 1405 1244 si
1428 1201 1610 1256 triginta
1632 1200 1791 1243 modiis
1813 1201 1964 1244 hordei

141 1264 299 1307 seritur
339 1269 473 1318 terra,
516 1262 837 1318 quinquaginta
882 1261 1002 1304 siclis
1043 1260 1321 1304 venundetur
1360 1260 1548 1316 argenti.
1580 1259 1614 1285 ¹⁷
1640 1259 1685 1302 Si
1719 1260 1871 1302 statim
1909 1259 1964 1302 ab

141 1337 258 1366 anno
297 1322 551 1379 incipientis
592 1321 748 1377 jubilei
794 1321 964 1364 voverit
1011 1334 1188 1376 agrum,
1235 1325 1399 1375 quanto
1439 1319 1586 1362 valere
1630 1324 1795 1375 potest,
1841 1324 1966 1361 tanto

143 1382 448 1425 aestimabitur.
486 1380 520 1407 ¹⁸
544 1380 622 1424 Sin
654 1385 804 1422 autem
838 1385 935 1436 post
968 1379 1246 1434 aliquantum
1276 1377 1506 1434 temporis,
1533 1377 1793 1434 supputabit
1823 1392 1963 1421 sacer-

142 1440 219 1484 dos
259 1440 494 1497 pecuniam
535 1439 662 1495 juxta
703 1452 939 1493 annorum,
983 1438 1056 1493 qui
1093 1437 1250 1493 reliqui
1288 1442 1411 1491 sunt,
1454 1451 1687 1480 numerum
1731 1451 1868 1492 usque
1908 1437 1964 1479 ad

142 1499 372 1556 jubileum,
397 1505 440 1542 et
462 1499 717 1542 detrahetur
738 1511 792 1540 ex
814 1497 967 1554 pretio.
996 1497 1031 1522 ¹9
1049 1496 1174 1547 Quod
1199 1496 1235 1539 si
1260 1496 1449 1539 voluerit
1474 1495 1689 1538 redimere
1711 1510 1867 1551 agrum
1889 1496 1965 1539 ille

143 1559 215 1614 qui
253 1563 453 1613 voverat,
490 1557 624 1600 addet
661 1556 862 1612 quintam
899 1561 1070 1613 partem
1109 1556 1340 1598 aestimatae
1378 1555 1600 1611 pecuniae,
1639 1560 1681 1597 et
1723 1554 1965 1611 possidebit

143 1631 255 1661 eum.
287 1616 323 1643 20
346 1617 424 1660 Sin
460 1622 611 1660 autem
652 1615 842 1659 noluerit
878 1615 1114 1670 redimere,
1148 1614 1225 1657 sed
1261 1614 1388 1657 alteri
1419 1613 1603 1656 cuilibet
1633 1613 1769 1656 fuerit
1798 1628 1964 1656 venun-

143 1675 292 1730 datus,
319 1675 434 1718 ultra
461 1690 561 1719 eum
595 1675 668 1731 qui
698 1679 879 1718 voverat
911 1674 1128 1717 redimere
1158 1688 1245 1716 non
1278 1673 1468 1730 poterit3
1496 1671 1530 1698 2¹
1550 1672 1654 1728 quia
1681 1687 1782 1715 eum
1808 1672 1964 1728 jubilei

141 1735 312 1778 venerit
330 1735 436 1789 dies,
456 1735 760 1778 sanctificatus
785 1734 867 1777 erit
890 1734 1096 1788 Domino,
1119 1738 1162 1776 et
1183 1733 1400 1790 possessio
1423 1736 1677 1775 consecrata
1699 1731 1755 1774 ad
1779 1732 1849 1788 jus
1871 1746 1965 1788 per-

141 1794 253 1837 tinet
278 1794 570 1837 sacerdotum.
601 1792 638 1819 Ἦ
654 1793 700 1837 Si
725 1807 831 1849 ager
856 1797 1029 1849 emptus
1063 1797 1148 1848 est,
1177 1798 1219 1835 et
1244 1806 1331 1835 non
1362 1792 1416 1835 de
1444 1790 1718 1848 possessione
1746 1791 1967 1847 majorum

141 1853 442 1896 sanctificatus
483 1853 619 1896 fuerit
662 1853 873 1907 Domino,
919 1851 956 1878 ‘23
987 1851 1248 1909 supputabit
1299 1850 1524 1905 sacerdos,
1572 1849 1700 1905 juxta
1736 1864 1967 1893 annorum

141 1926 373 1955 numerum
404 1927 539 1968 usque
572 1912 629 1954 ad
659 1911 900 1967 jubileum,
930 1911 1150 1968 pretium3
1186 1915 1229 1954 et
1259 1910 1383 1953 dabit
1414 1909 1490 1952 ille
1521 1909 1595 1965 qui
1628 1914 1810 1952 voverat
1840 1923 1964 1962 eum,

143 1971 335 2015 Domino
355 1989 363 2022 ;
388 1970 424 1997 ⁶2¹
441 1971 487 2014 in
509 1971 678 2027 jubileo
702 1975 853 2013 autem
877 1975 1122 2014 revertetur
1146 1970 1202 2013 ad
1225 1970 1414 2027 priorem
1441 1968 1692 2023 dominum,
1716 1968 1790 2024 qui
1812 1968 1966 2011 vendi-

142 2030 266 2073 derat
288 2045 401 2085 eum,
429 2036 472 2073 et
492 2030 707 2073 habuerat
727 2029 774 2072 in
795 2034 910 2073 sorte
931 2029 1218 2086 possessionis
1240 2043 1345 2072 suae.
1368 2028 1404 2055 2⁵
1423 2027 1577 2072 Omnis
1600 2027 1837 2070 aestimatio
1858 2027 1965 2070 siclo

141 2091 380 2133 sanctuarii
403 2089 730 2147 ponderabitur.
756 2089 898 2132 Siclus
921 2089 1081 2145 viginti
1109 2089 1258 2132 obolos
1284 2087 1432 2131 habet.

200 2147 236 2176 2⁶
255 2149 577 2204 Primogenita,
606 2163 702 2204 quae
727 2148 785 2191 ad
814 2147 1057 2191 Dominum
1082 2148 1324 2205 pertinent,
1347 2161 1477 2190 nemo
1503 2147 1780 2190 sanctificare
1806 2146 1967 2204 poterit

143 2214 185 2252 et
208 2223 398 2263 vovere3
426 2208 519 2251 sive
543 2208 636 2262 bos,
659 2207 753 2250 sive
779 2207 871 2251 ovis
893 2207 1045 2262 fuerit,
1070 2207 1250 2251 Domini
1276 2211 1391 2249 sunt.
1418 2205 1452 2232 ⁶2⁷
1473 2206 1597 2256 Quod
1618 2206 1654 2249 si
1684 2205 1966 2248 immundum

141 2272 208 2310 est
227 2267 408 2323 animal,
434 2267 621 2311 redimet
647 2266 720 2322 qui
744 2266 917 2322 obtulit,
940 2267 1069 2322 juxta
1096 2266 1438 2309 aestimationem
1460 2270 1596 2321 tuam,
1622 2271 1664 2308 et
1685 2265 1819 2308 addet
1841 2265 1964 2321 quin-

141 2331 234 2369 tam
256 2332 426 2383 partem
449 2326 577 2384 pretii
599 2344 607 2381 ;
637 2326 673 2368 si
695 2326 911 2369 redimere
936 2325 1139 2381 noluerit,
1166 2325 1382 2368 vendetur
1405 2324 1532 2367 alteri
1562 2330 1918 2381 quantocumque
1941 2340 1963 2366 a

141 2390 185 2428 te
209 2385 346 2428 fuerit
373 2386 655 2429 aestimatum.

200 2443 236 2471 ²⁸
255 2445 396 2488 Omne
417 2445 533 2501 quod
556 2445 748 2489 Domino
770 2452 1062 2503 consecratur,
1089 2446 1183 2490 sive
1203 2446 1336 2489 homo
1357 2445 1516 2500 fuerit,
1542 2444 1635 2488 sive
1657 2444 1846 2500 animal,
1874 2444 1940 2486 si
1956 2466 1966 2486 ⁷·

140 2518 258 2559 ager,
289 2518 375 2546 non
409 2504 637 2560 vendetur,
668 2519 749 2548 nee
778 2505 936 2548 redimi
962 2506 1136 2562 poterit.
1164 2505 1387 2560 Quidquid
1413 2504 1550 2547 semel
1579 2504 1716 2547 fuerit
1739 2517 1965 2546 consecra-

140 2567 257 2617 tum,
295 2570 499 2607 sanctum
535 2569 790 2607 sanctorum
830 2565 911 2607 erit
954 2565 1158 2608 Domino.
1197 2563 1234 2591 2⁹
1259 2566 1316 2607 Et
1358 2564 1499 2607 omnis
1537 2562 1828 2618 consecratio,
1868 2576 1964 2618 quae

141 2621 326 2664 offertur
346 2623 402 2665 ab
427 2623 626 2678 homine,
653 2638 741 2667 non
766 2624 1036 2679 redimetur3
1059 2624 1136 2667 sed
1162 2628 1302 2667 morte
1328 2623 1549 2667 morietur.

199 2680 236 2707 3⁰
263 2682 424 2725 Omnes
462 2681 646 2725 decimae
682 2688 830 2739 terrae,
868 2683 962 2727 sive
996 2683 1049 2726 de
1083 2683 1311 2739 frugibus,
1349 2682 1441 2725 sive
1475 2683 1528 2726 de
1562 2682 1703 2740 pomis
1736 2682 1963 2734 arborum,

142 2740 322 2784 Domini
360 2747 483 2797 sunt,
523 2746 565 2784 et
600 2741 667 2784 illi
701 2743 1046 2785 sanctificantur.
1083 2742 1116 2768 3¹
1142 2742 1188 2786 Si
1218 2742 1314 2798 quis
1348 2747 1498 2785 autem
1530 2742 1719 2785 voluerit
1751 2741 1966 2785 redimere

141 2799 335 2843 decimas
357 2815 471 2856 suas,
497 2800 631 2844 addet
654 2801 854 2857 quintam
879 2807 1051 2858 partem
1072 2816 1236 2845 earum.
1263 2800 1300 2828 3'2
1315 2801 1525 2845 Omnium
1543 2801 1816 2845 decimarum
1840 2800 1966 2843 bovis

141 2863 184 2901 et
218 2859 311 2902 ovis
343 2865 385 2902 et
413 2874 579 2917 caprae,
614 2875 710 2915 quae
744 2861 825 2903 sub
851 2861 1038 2918 pastoris
1069 2861 1194 2917 virga
1220 2866 1471 2911 transeunt,
1499 2860 1712 2916 quidquid
1743 2860 1966 2903 decimum

139 2918 321 2973 venerit,
350 2918 702 2962 sanctificabitur
729 2920 933 2964 Domino.
960 2920 998 2946 33
1012 2921 1112 2963 Non
1135 2920 1323 2977 eligetur
1348 2934 1428 2963 nec
1454 2920 1641 2975 bonum,
1668 2933 1748 2962 nec
1776 2918 1964 2971 malurn,

141 2990 220 3019 nec
245 2977 383 3021 altero
406 2978 779 3033 commutabitur3
803 2979 839 3022 si
862 2979 958 3035 quis
984 2980 1237 3035 mutaverit,
1264 2984 1307 3022 et
1332 2979 1448 3035 quod
1475 2984 1696 3022 mutatum
1719 2983 1797 3034 est,
1822 2983 1863 3021 et
1889 2991 1965 3034 pro

139 3049 224 3091 quo
250 3042 471 3080 mutatum
493 3042 578 3092 est,
601 3038 954 3082 sanctificabitur
977 3038 1189 3093 Domino,
1213 3044 1255 3082 et
1276 3052 1363 3081 non
1384 3038 1638 3082 redimetur.

140 3151 151 3162 ·
197 3094 234 3121 34
252 3096 490 3198 Haechunt
515 3102 757 3154 praecepta,
789 3111 885 3153 quae
912 3097 1144 3140 mandavit
1167 3097 1384 3141 Dominus
1410 3097 1555 3154 Moysi
1582 3097 1638 3140 ad
1665 3096 1777 3139 filios
1806 3096 1963 3150 Israel,

137 3166 185 3196 ln
206 3160 355 3198 monte
407 3155 511 3198 inai.

138 3317 186 3351 25]
208 3318 269 3346 Ex.
288 3319 394 3355 XXX,
413 3324 455 3350 13.
479 3322 574 3351 Num.
596 3324 659 3359 111,
678 3326 721 3353 47.
746 3301 922 3359 Ez.⁰xl.v‚
941 3326 983 3352 12.

2047 438 2078 463 20
2102 435 2240 465 Animal.

2047 850 2078 874 30
2110 847 2242 875 Domus.

2075 1151 2107 1176 40
2130 1150 2224 1181 Ager.

2032 2150 2078 2178 De
2111 2146 2274 2181 primoge-

2113 2195 2194 2220 nith·

2031 2450 2064 2474 et
2083 2446 2271 2474 anathema-

2102 2489 2203 2518 tibus.

2048 2679 2093 2706 De
2110 2676 2258 2706 decimis.

2106 3087 2197 3116 Libri

2062 3130 2243 3161 conclusio.
