2423 3861
671 173 718 215 II
754 174 905 216 MAcn.
938 173 1064 227 XIV,
1098 174 1153 216 44
1186 199 1244 204 —
1276 173 1374 227 XV,
1405 173 1475 215 22.
1873 171 1982 213 1095

163 283 395 292 ——.-—-
404 284 451 288 -...-
457 280 1638 287 ,ἐμῇ-Ε,-

164 362 268 406 gam
293 346 504 401 dedisset,
523 351 569 389 et
588 344 731 387 turbae
749 343 866 386 intra
882 344 996 386 ostia
1013 345 1324 400 irrumperent,
1341 357 1568 386 recurrens
1587 341 1797 384 audacter
1817 341 1873 383 ad
1893 355 1983 383 mu-

163 421 272 462 rum,
297 402 595 462 praecipitavit
613 402 897 459 semetipsum
916 402 1104 445 viriliter
1121 403 1167 445 in
1189 403 1364 457 turbas3
1385 401 1423 428 *¹⁴
1438 401 1596 458 quibus
1613 399 1824 444 velociter
1842 399 1984 441 locum

163 465 374 509 dantibus
399 463 519 507 casui
551 461 667 518 ejus,
694 461 818 504 venit
841 475 918 517 per
938 461 1129 503 mediam
1157 462 1388 505 cervicem.
1411 461 1448 487 '¹⁵
1471 461 1527 503 Et
1552 474 1651 503 cum
1676 458 1823 502 adhuc
1846 457 1983 514 spira-

164 531 241 580 ret,
266 537 476 567 accensus
504 521 665 576 animo,
685 520 897 573 surrexit3
923 525 965 562 ct
991 534 1089 562 cum
1116 520 1295 575 sanguis
1318 520 1414 575 ejus
1436 533 1596 575 magno
1621 517 1742 561 fluxu
1762 515 1983 569 deflueret,

164 589 206 627 et
239 581 514 638 gravissimis
545 578 803 622 vulneribus
833 583 946 621 esset
975 578 1168 633 saucius,
1202 592 1330 620 cursu
1361 579 1534 621 turbam
1568 576 1848 635 pertransiit3
1882 575 1918 601 ⁴⁸
1944 584 1985 617 et

163 648 285 685 stans
321 654 454 698 snpra
493 638 731 695 quamdam
768 642 937 694 petram
975 644 1266 693 prwruptam,
1305 642 1348 680 et
1383 637 1475 692 jam
1509 635 1745 692 exsanguis
1779 635 1984 688 effectus,

164 700 420 757 complexus
452 697 662 741 intestina
694 711 794 752 sua,
820 696 1016 751 utrisque
1050 696 1255 738 manibus
1288 697 1474 752 projecit
1502 710 1632 752 super
1664 695 1835 750 turbas,
1861 694 1984 736 invo-

164 774 268 815 cans
304 758 625 802 dominatorem
658 756 763 799 vitae
796 768 848 798 ac
877 754 1076 811 spiritus,
1104 759 1152 796 ut
1184 755 1281 796 haec
1310 754 1374 796 illi
1407 755 1564 798 iterum
1593 754 1820 808 redderet3
1855 758 1986 809 atque

164 818 226 860 ita
252 818 345 860 vita
372 816 609 860 defunctus
644 821 722 858 est.

222 877 329 920 CAP.
356 876 457 919 XV.
482 901 542 906 —
565 874 578 900 ¹
599 873 990 928 Nicanorautem,
1017 878 1066 916 ut
1093 873 1307 930 comperit
1332 874 1359 916 J
1366 874 1498 917 udam
1520 888 1613 917 esse
1633 873 1680 916 in
1705 872 1813 915 locis
1834 872 1986 915 Sama-

163 936 262 990 riae,
291 933 507 990 cogitavit
530 947 631 976 curn
655 932 775 976 omni
801 932 970 989 impetu
993 931 1063 975 die
1085 931 1260 975 sabbati
1284 933 1559 975 committere
1582 931 1761 975 bellum.
1781 929 1798 956 ²
1816 932 1842 973 J
1848 930 1986 973 udaeis

163 1008 284 1049 vero,
312 993 385 1049 qui
411 991 538 1035 illum
571 1006 649 1048 per
677 990 990 1034 necessitatem
1024 991 1333 1047 sequebantur,
1364 991 1645 1035 dicentibus:
1681 990 1748 1033 Ne
1778 989 1840 1032 ita
1870 990 1985 1032 fero-

163 1053 272 1096 citer
297 1057 340 1095 et
359 1051 546 1094 barbare
569 1051 743 1106 feceris,
762 1050 839 1094 sed
861 1050 1071 1093 honorem
1089 1050 1234 1092 tribue
1257 1049 1342 1092 diei
1361 1049 1738 1104 sanctificationis,
1759 1054 1802 1092 et
1822 1049 1987 1090 honora

163 1126 263 1154 eum
296 1110 370 1166 qui
403 1109 607 1153 universa
640 1109 877 1166 conspicit,
913 1109 930 1135 3
954 1109 1031 1153 ille
1063 1109 1226 1152 infelix
1261 1109 1551 1164 interrogavit
1584 1108 1619 1151 si
1656 1113 1722 1151 est
1754 1112 1909 1164 potens
1941 1106 1986 1148 in

163 1170 294 1224 caelo,
321 1169 393 1226 qui
417 1169 656 1225 imperavit
677 1168 750 1225 agi
772 1168 887 1211 diem
920 1168 1219 1211 sabbatorum.
1245 1167 1262 1194 4
1281 1168 1337 1210 Et
1361 1167 1728 1224 respondentibus
1753 1165 1874 1212 illis:
1911 1166 1987 1207 Est

163 1229 380 1272 Dominus
405 1228 533 1270 vivus
567 1226 658 1284 ipse
688 1227 734 1269 in
768 1227 878 1270 caelo
912 1233 1087 1284 potens,
1115 1227 1186 1283 qui
1212 1226 1344 1282 jussit
1367 1226 1442 1282 agi
1466 1227 1700 1283 septimam
1731 1225 1874 1279 diem3
1901 1224 1917 1249 5
1941 1230 1987 1266 at

160 1288 237 1331 ille
267 1288 330 1330 ait
351 1305 360 1331 :
387 1288 445 1329 Et
470 1301 550 1343 ego
578 1292 732 1343 potens
758 1300 855 1328 sum
881 1300 1011 1342 super
1036 1292 1218 1339 terram,
1246 1285 1318 1341 qui
1344 1285 1511 1341 impero
1536 1285 1649 1327 sumi
1675 1298 1818 1339 arma,
1842 1288 1886 1326 et
1913 1297 1986 1326 ne-

162 1347 284 1403 gotia
309 1346 426 1401 regis
450 1345 638 1402 impleri.
663 1345 835 1388 Tamen
860 1359 948 1389 non
974 1345 1165 1388 obtinuit
1186 1350 1234 1387 ut
1260 1344 1493 1387 consilium
1519 1344 1758 1401 perficeret.

221 1405 238 1432 ⁶
258 1407 313 1448 Et
339 1405 534 1448 Nicanor
560 1404 738 1460 quidem
764 1419 865 1447 cnm
893 1418 1066 1446 summa
1097 1403 1303 1460 superbia
1338 1408 1528 1459 erectus,
1565 1402 1837 1458 cogitaverat
1870 1415 1987 1444 com-

164 1479 295 1507 mune
322 1464 569 1520 trophaeum
593 1468 784 1506 statuere
807 1463 862 1506 de
881 1464 908 1505 J
914 1463 1012 1505 uda.
1036 1462 1051 1488 7
1071 1462 1355 1505 Machabaeus
1379 1467 1527 1505 autern
1549 1476 1721 1518 semper
1739 1460 1988 1504 confidebat

162 1537 262 1565 cum
281 1523 400 1565 omni
423 1536 500 1578 spe
521 1522 737 1564 auxilium
762 1522 845 1564 sibi
867 1536 893 1564 a
920 1522 1013 1564 Deo
1035 1521 1292 1563 affuturum.
1312 1521 1328 1547 8
1348 1522 1404 1563 Et
1425 1521 1686 1563 hortabatur
1702 1535 1801 1563 suos
1824 1534 1878 1563 ne
1899 1519 1987 1562 for-

161 1581 385 1624 midarent
412 1580 469 1623 ad
501 1580 744 1622 adventum
774 1580 1025 1634 nationum,
1060 1579 1136 1622 sed
1169 1580 1216 1621 in
1242 1584 1389 1622 mente
1414 1579 1630 1622 haberent
1655 1579 1876 1635 adjutoria
1905 1578 1987 1620 sibi

161 1641 285 1682 facta
312 1639 365 1682 de
396 1640 527 1694 caelo,
558 1645 602 1681 et
635 1653 751 1681 nunc
785 1643 1011 1694 sperarent
1040 1639 1096 1680 ab
1128 1638 1442 1694 Omnipotente
1475 1637 1559 1680 sibi
1584 1637 1826 1680 affuturam
1850 1637 1987 1680 victo-

160 1699 286 1742 riam.
313 1698 330 1724 9
347 1699 406 1741 Et
431 1698 651 1741 allocutus
673 1711 746 1740 eos
769 1697 824 1740 de
844 1697 942 1753 lege
972 1702 1015 1739 et
1043 1697 1292 1753 propheti-s,
1319 1697 1562 1739 admonens
1588 1696 1724 1739 etiam
1749 1696 1990 1739 certamina

161 1773 260 1814 quae
286 1758 488 1801 fecerant
520 1757 661 1813 prius,
696 1756 987 1813 promptiores
1022 1755 1252 1799 constituit
1284 1769 1371 1798 eos.
1407 1754 1443 1781 ¹⁰
1469 1757 1525 1798 Et
1552 1755 1618 1797 ita
1649 1755 1809 1797 animis
1843 1769 1990 1798 eorum

162 1816 339 1872 erectis,
371 1816 503 1859 simul
530 1815 792 1859 ostendebat
823 1815 1025 1871 gentium
1054 1815 1308 1869 fallaciam,
1335 1819 1378 1858 et
1409 1814 1760 1870 juramentorum
1785 1813 1990 1870 praevari-

162 1876 398 1919 cationem.
427 1875 458 1901 ¹¹
481 1875 685 1931 Singulos
712 1879 862 1917 autem
887 1874 1064 1917 illorum
1089 1873 1302 1928 armavit,
1329 1887 1416 1916 non
1443 1873 1588 1930 clypei
1613 1878 1657 1916 et
1680 1873 1822 1915 hastae
1849 1872 1991 1915 muni-

161 1935 301 1990 tione,
337 1935 413 1978 sed
443 1934 719 1977 sermonibus
753 1933 951 1991 optimis,
984 1939 1030 1977 et
1063 1931 1466 1990 exhortationibus,
1500 1932 1701 1989 exposito
1738 1932 1872 1988 digno
1904 1931 1991 1974 fide

161 1994 353 2050 somnio,
382 2008 459 2051 per
479 1993 594 2049 quod
621 1993 848 2036 universos
873 1992 1135 2037 laetificavit.

224 2052 259 2079 ¹2
278 2054 386 2096 Erat
406 2058 556 2096 autem
577 2052 888 2108 hujuscemodi
907 2052 1027 2095 visus
1047 2069 1057 2097 :
1081 2052 1254 2107 Oniam,
1283 2052 1356 2108 qui
1381 2052 1531 2095 fuerat
1555 2066 1751 2094 summus
1774 2050 1989 2104 sacerdos

162 2113 307 2156 virum
343 2112 512 2155 bonum
547 2117 591 2155 et
629 2111 893 2167 benignum,
927 2111 1228 2154 verecundum
1259 2111 1380 2166 visu,
1412 2111 1664 2154 modestum
1700 2110 1914 2165 moribus,
1949 2114 1991 2152 et

163 2171 337 2227 eloquio
360 2171 588 2226 decorum,
615 2176 660 2213 et
681 2170 756 2226 qui
778 2185 804 2212 a
828 2184 962 2227 puero
983 2170 1029 2212 in
1050 2171 1289 2213 virtutibus
1316 2170 1583 2213 exercitatus
1608 2170 1686 2225 sit,
1713 2183 1868 2211 manus
1892 2182 1990 2224 pro—

162 2230 440 2285 tendentem,
468 2244 590 2272 orare
617 2244 693 2286 pro
720 2229 840 2272 omni
869 2229 1031 2286 populo
1053 2230 1339 2284 Judaeorum3
1369 2228 1403 2255 '¹3
1420 2235 1519 2285 post
1551 2229 1634 2271 hoc
1664 2228 1918 2284 apparuisse
1948 2232 1991 2269 et

163 2289 302 2332 alium
334 2289 500 2343 virum,
529 2293 660 2331 aetate
693 2294 737 2331 et
769 2288 910 2344 gloria
943 2289 1214 2344 mirabilem,
1244 2293 1286 2331 et
1320 2287 1473 2344 magni
1507 2286 1676 2330 decoris
1708 2286 1969 2329 habitudine

164 2348 280 2392 circa
305 2348 459 2403 illum3
490 2347 523 2373 ¹³¹
541 2347 877 2404 respondentem
907 2362 1009 2391 vero
1037 2348 1197 2391 Oniam
1228 2347 1391 2390 dixisse
1412 2363 1419 2390 :
1445 2346 1532 2389 Hic
1563 2350 1630 2388 est
1654 2346 1845 2388 fratrum
1870 2359 1990 2387 ama-

164 2413 244 2462 tor,
275 2417 318 2450 et
343 2407 495 2464 populi
523 2406 688 2461 Israel;
720 2406 792 2449 hic
826 2412 892 2449 est
922 2407 995 2462 qui
1035 2407 1225 2449 multum
1258 2412 1354 2449 orat
1393 2420 1471 2462 pro
1504 2405 1666 2462 populo
1704 2410 1746 2447 et
1786 2404 1990 2447 universa

164 2472 317 2510 sancta
352 2465 556 2519 civitate,
583 2466 610 2508 ,J
616 2465 821 2521 eremias,
852 2466 1066 2523 propheta
1101 2466 1208 2520 Dei;
1240 2465 1274 2490 '¹5
1296 2464 1547 2508 extendisse
1577 2468 1726 2507 autem
1749 2463 1990 2506 Jeremiam

164 2526 386 2581 dextram,
423 2531 466 2568 et
499 2524 673 2568 dedisse
706 2524 838 2567 Judae
873 2525 1074 2581 gladium
1104 2539 1307 2578 aureum,
1342 2523 1598 2566 dicentem:
1633 2522 1668 2548 '¹⁶
1689 2522 1857 2578 Accipe
1892 2535 1991 2563 san-

165 2591 285 2628 ctum
318 2583 540 2640 gladium,
579 2597 738 2626 munus
778 2598 804 2626 a
838 2585 952 2639 Deo,
994 2584 1041 2626 in
1074 2598 1158 2639 quo
1195 2582 1376 2639 dejicies
1410 2581 1683 2625 adversarios
1717 2580 1868 2638 populi
1905 2579 1990 2622 mei

165 2643 316 2687 Israel.

226 2702 257 2728 ¹⁷
286 2702 521 2745 Exhortati
555 2702 703 2758 itaque
740 2702 872 2745 Judae
906 2702 1181 2745 sermonibus
1212 2701 1342 2744 bonis
1375 2701 1525 2757 valde,
1560 2700 1613 2743 de
1646 2699 1805 2755 quibus
1838 2698 1990 2742 extolli

164 2768 309 2819 posset
335 2761 547 2817 impetus,
573 2766 615 2804 et
636 2761 774 2803 animi
796 2761 1011 2817 juvenum
1030 2760 1293 2815 confortari,
1317 2764 1568 2803 statuerunt
1591 2758 1802 2802 dimicare
1829 2763 1871 2800 et
1890 2771 1990 2800 con-

163 2821 315 2877 fligere
342 2820 531 2875 fortiter,
559 2826 607 2862 ut
634 2819 771 2862 virtus
798 2819 851 2863 de
877 2820 1069 2876 negotiis
1094 2820 1335 2875 judicaret,
1363 2833 1414 2861 eo
1439 2818 1555 2874 quod
1582 2817 1739 2860 civitas
1768 2822 1922 2858 sancta
1948 2821 1992 2858 et

165 2880 380 2936 templum
414 2879 781 2936 periclitarentur.
816 2878 851 2905 ¹8
878 2881 986 2922 Erat
1019 2879 1138 2922 enim
1173 2892 1250 2934 pro
1287 2877 1519 2933 uxoribus,
1558 2881 1601 2920 et
1637 2876 1760 2932 filiis,
1799 2876 1991 2930 itemque

163 2954 241 2996 pro
270 2938 506 2994 fratribus,
543 2943 585 2981 et
615 2937 838 2994 cognatis,
879 2938 1022 2981 minor
1054 2937 1330 2991 sollicitudo;
1368 2936 1587 2979 maximus
1614 2949 1716 2978 vero
1747 2939 1790 2978 et
1826 2933 1990 2990 primus

164 3012 241 3055 pro
267 2998 506 3041 sanctitate
531 2997 663 3039 timor
688 3002 781 3040 erat
812 2996 981 3053 templi.
1008 2996 1042 3022 ¹⁹
1058 2996 1144 3040 Sed
1171 3002 1214 3038 et
1239 3009 1311 3039 eos
1345 2995 1420 3051 qui
1448 2995 1495 3038 in
1525 2994 1707 3037 civitate
1732 2998 1877 3049 erant,
1904 3006 1991 3035 non

166 3057 351 3099 minima
377 3056 629 3099 sollicitudo
656 3056 851 3098 habebat
876 3070 952 3112 pro
973 3055 1041 3098 his
1069 3055 1140 3110 qui
1168 3054 1443 3111 congressuri
1471 3059 1608 3097 erant.

224 3115 260 3142 2⁰
287 3117 364 3172 Et,
400 3130 499 3159 cum
529 3115 623 3172 jam
656 3129 807 3158 omnes
841 3119 1066 3171 sperarent
1098 3113 1315 3169 judicium
1347 3113 1570 3169 futurum,
1600 3113 1832 3168 hostesque
1866 3112 1991 3154 ades-

165 3180 274 3230 sent,
298 3180 430 3230 atque
453 3174 672 3218 exercitus
696 3179 810 3217 esset
835 3173 1075 3228 ordinatus,
1099 3172 1254 3215 bestiae
1281 3172 1536 3228 equitesque
1562 3177 1805 3228 opportuno
1827 3171 1872 3213 in
1896 3171 1991 3213 1000

166 3234 419 3291 compositi,
447 3233 481 3260 2¹
502 3233 784 3277 considerans
811 3232 1095 3274 Machabaeus
1119 3231 1362 3275 adventum
1388 3231 1709 3287 multitudinis,
1734 3236 1778 3273 et
1806 3244 1990 3286 appara-

165 3300 259 3336 tum
293 3293 465 3335 varium
497 3307 740 3347 armorum,
780 3298 823 3334 et
859 3291 1140 3334 ferocitatem
1175 3291 1437 3346 bestiarum,
1476 3290 1720 3333 extendens
1758 3303 1913 3331 manus
1945 3288 1991 3330 in

167 3352 339 3408 caelum,
361 3352 565 3408 prodigia
588 3352 832 3394 facientem
856 3350 1098 3393 Dominum
1120 3349 1360 3405 invocavit,
1381 3349 1453 3405 qui
1476 3364 1564 3391 non
1586 3348 1828 3391 secundum
1850 3361 1989 3390 armo-

166 3425 263 3452 rum
289 3411 549 3466 potentiam,
569 3410 645 3453 sed
668 3416 797 3466 prout
821 3409 905 3466 ipsi
927 3409 1088 3466 placet,
1109 3409 1186 3452 dat
1208 3408 1355 3464 dignis
1375 3408 1621 3451 victoriam.
1639 3406 1676 3432 92
1696 3407 1821 3449 Dixit
1842 3411 1991 3449 autem

165 3468 377 3512 invocans
403 3470 483 3513 hoc
506 3470 637 3512 modo
660 3487 667 3513 :
690 3470 778 3523 Tu,
801 3468 1011 3523 Domine,
1031 3468 1104 3524 qui
1126 3467 1285 3510 misisti
1303 3467 1514 3523 angelum
1532 3472 1656 3509 tuum
1679 3465 1760 3508 sub
1786 3465 1990 3520 Ezechia,

165 3541 268 3582 rege
295 3528 433 3584 Juda,
460 3534 504 3571 et
530 3527 795 3571 interfecisti
819 3527 872 3570 de
905 3526 1061 3569 castris
1086 3525 1386 3570 Sennacherib
1413 3530 1590 3568 centum
1616 3524 1842 3580 octoginta
1868 3523 1991 3580 quin·
2049 3556 2051 3558 .

164 3665 195 3698 1]
216 3665 229 3692 1
249 3665 356 3693 Mach.
375 3666 452 3701 VII,
469 3669 514 3695 26.
532 3680 568 3685 -
589 3667 636 3700 22]
655 3666 732 3698 sup.
752 3666 847 3700 VIII,
865 3667 906 3692 19.

2081 875 2264 905 Consilium

2066 920 2071 924 ’
2086 919 2259 948 Nicanoris

2087 963 2255 997 pugnandi

2097 1008 2246 1036 sabbato.

2072 1412 2179 1441 Judas
2197 1417 2277 1439 suos

2054 1456 2248 1484 corroborat
2259 1457 2294 1482 et

2090 1499 2130 1527 ad
2154 1499 2258 1526 Deum

2118 1541 2230 1575 erigit.

2120 3118 2235 3147 Oratio

2126 3162 2232 3190 Judae.
