2391 3861
149 929 228 956 Caro
246 929 280 956 et

141 970 292 1003 spiritus.

127 2289 171 2315 De
189 2288 308 2315 mutua

123 2328 313 2357 dilectione.

155 2757 284 2784 Bonum

114 2799 328 2831 operandum.

140 3352 160 3379 Π
167 3351 314 3385 ecapitu-

139 3397 223 3423 latur
239 3403 314 3428 pars

140 3437 310 3469 polemica.

403 158 514 198 1908
1028 154 1140 196 GAL.
1175 154 1230 205 v,
1264 154 1290 195 5
1323 179 1381 184 —-
1413 153 1501 198 vr.
1538 154 1604 194 13.

405 266 515 273 ’,-

400 324 730 380 ]'ustificamini;
753 339 777 365 a
800 321 944 378 gratia
970 321 1211 365 excidistis.
1231 323 1248 348 5
1266 322 1357 364 Nos
1380 322 1498 364 enim
1524 322 1680 377 spiritu
1705 336 1761 364 ex
1782 322 1880 376 fide,
1900 337 2022 378 spem
2041 324 2227 378 justitiae

400 389 700 440 expectamus.
720 383 737 409 6
757 383 873 424 Nam
894 382 941 424 in
960 381 1133 424 Christo
1153 381 1180 423 J
1186 395 1260 423 esu
1282 394 1424 436 neque
1447 380 1725 423 circumcisio
1747 380 1916 435 aliquid
1937 381 2066 437 valet,
2086 396 2227 438 neque

400 443 686 499 praeputium,
713 441 790 484 sed
816 441 923 484 fides
950 455 1046 497 quae
1071 454 1147 496 per
1170 439 1433 482 charitatem
1459 445 1675 495 operatur.

459 502 474 528 7
494 501 746 544 Currebatis
769 500 906 555 bene3
936 499 1032 555 quis
1049 513 1127 542 vos
1152 498 1388 555 impedivit
1406 498 1584 541 veritati
1611 513 1698 541 non
1725 498 1936 542 obedire?
1962 499 1979 526 ⁸
1999 499 2229 544 Persuasio

400 563 497 604 haec
522 574 610 603 11011
643 565 709 603 est
735 574 789 602 ex
818 573 868 602 eo
902 559 975 614 qui
1001 564 1131 601 vocat
1152 572 1242 600 vos
1267 557 1284 583 9
1306 557 1534 600 Modicum
1563 557 1836 600 fermentum
1861 563 2000 601 totam
2035 573 2227 604 massam

401 619 654 676 corrumpit.
684 619 719 645 ¹0
738 620 832 674 Ego
860 618 1032 662 confido
1057 617 1103 660 in
1128 617 1253 660 vobis
1283 617 1329 659 in
1357 616 1569 671 Domino,
1597 617 1711 672 quod
1740 616 1850 659 nihil
1879 615 2000 662 aliud
2019 617 2227 673 sapietis3

400 679 474 735 qui
504 685 653 721 autem
687 678 923 721 conturbat
951 691 1030 720 vos
1060 676 1254 733 portabit
1284 676 1524 732 judicium,
1556 676 1822 731 quicumque
1855 681 1921 719 est
1949 676 2039 719 ille.
2072 676 2104 702 '¹¹
2134 677 2231 732 Ego

400 743 571 794 autem,
590 738 774 793 fratres,
797 737 835 780 si
858 736 1239 780 circumcisionem
1261 735 1408 778 adhuc
1431 734 1644 791 praedico,
1665 735 1768 790 quid
1795 735 1941 778 adhuc
1966 736 2231 792 persecutio-

400 812 500 841 nem
528 796 702 854 patior‘?
731 798 846 853 Ergo
873 800 1136 840 evacuatum
1168 799 1234 837 est
1259 794 1520 837 scandalum
1548 792 1759 836 0111010.19
1782 794 1969 837 Utinam
1996 799 2039 838 et
2064 794 2232 838 abscin-

401 857 562 900 dantur
585 857 656 912 qui
683 871 761 898 vos
784 855 1074 899 conturbant!

464 916 604 959 ¹3Vos
631 916 747 959 enim
783 915 828 957 in
860 915 1112 958 libertatem
1139 913 1285 957 vocati
1320 914 1444 968 estis,
1476 914 1658 969 fratres,
1687 920 1862 956 tantum
1895 928 1950 957 ne
1979 913 2232 957 libertatem

399 976 443 1018 in
473 975 750 1019 occasionem
777 975 890 1018 detis
924 973 1090 1029 carnis,
1121 973 1196 1016 sed
1224 988 1300 1029 per
1326 973 1589 1016 charitatem
1625 972 1804 1029 spiritus
1834 973 2000 1016 servite
2022 973 2232 1016 invicem.

402 1035 436 1060 '¹4
455 1035 609 1078 Omnis
643 1035 760 1077 enim
793 1035 866 1077 lex
897 1033 944 1076 in
976 1048 1063 1077 uno
1097 1047 1299 1075 sermone
1334 1033 1578 1089 impletur:
1614 1031 1786 1088 Diliges
1824 1032 2074 1088 proximum
2108 1038 2233 1075 tuum

401 1095 515 1137 sicut
544 1100 587 1137 te
613 1094 771 1150 ipsum.
804 1093 834 1119 ¹5
857 1093 981 1144 Quod
1009 1093 1046 1135 si
1076 1092 1270 1134 invicem
1302 1091 1532 1147 mordetis,
1562 1096 1605 1134 et
1635 1091 1889 1147 comeditis,
1916 1091 2066 1134 videte
2097 1105 2153 1134 ne
2177 1090 2234 1133 ab

400 1168 595 1196 invicem
619 1167 956 1196 consumamini.

465 1213 496 1239 ¹⁶
516 1213 626 1256 Dico
662 1218 832 1260 autem:
875 1212 1038 1268 Spiritu
1075 1212 1323 1267 ambulate,
1351 1218 1395 1255 et
1432 1212 1652 1255 desideria
1686 1212 1829 1255 carnis
1862 1225 1949 1255 non
1983 1210 2232 1267 perficietis.

403 1272 436 1298 ¹7
456 1273 566 1316 Caro
593 1273 709 1315 enim
736 1271 1009 1328 concupiscit
1038 1271 1251 1315 adversus
1282 1271 1504 1328 spiritum,
1529 1271 1709 1328 spiritus
1734 1277 1884 1314 autem
1906 1270 2118 1312 adversus
2141 1284 2232 1312 ear-

403 1346 526 1386 1101ος
555 1333 652 1375 haec
676 1331 794 1374 enim
819 1330 903 1374 sibi
930 1330 1123 1374 invicem
1146 1331 1450 1387 adversantur,
1478 1336 1527 1373 ut
1552 1345 1640 1373 non
1667 1344 1956 1386 quaecumque
1975 1328 2130 1385 vultis,
2156 1329 2235 1371 illa

402 1391 593 1435 faciatis.
624 1391 654 1417 ¹3
674 1390 799 1441 Quod
825 1390 859 1433 si
884 1390 1041 1447 spiritu
1068 1390 1304 1443 ducimini,
1329 1404 1416 1432 non
1440 1390 1544 1433 estis
1570 1390 1651 1432 sub
1675 1390 1786 1445 lege.
1812 1389 1845 1415 ¹9
1868 1388 2112 1431 Manifesta
2134 1394 2236 1430 sunt

402 1456 549 1494 autem
595 1465 726 1506 opera
772 1450 941 1505 carnis,
984 1465 1081 1506 quae
1125 1455 1228 1492 sunt
1269 1449 1533 1505 fornicatio,
1579 1449 1886 1504 immunditia,
1928 1447 2233 1504 impudicitia,

402 1510 596 1566 luxuria,
620 1509 896 1553 20111010111111
930 1510 1140 1565 servitus,
1172 1509 1408 1564 veneficia,
1438 1508 1709 1562 inimicitiae,
1745 1507 2072 1560 contentiones,
2103 1521 2235 1549 aemu-

403 1570 610 1626 lationes,
633 1569 734 1624 irae,
761 1569 891 1625 rixae,
917 1569 1226 1624 dissensiones,
1255 1574 1402 1623 sectae,
1427 1567 1460 1594 9¹
1480 1568 1678 1623 invidiae,
1702 1567 1956 1622 homicidia,
1984 1566 2234 1621 ebrietates,

405 1629 759 1684 comessationes,
783 1634 826 1672 et
847 1629 916 1671 his
938 1628 1128 1684 similia3
1158 1643 1254 1684 quae
1281 1628 1475 1685 praedico
1493 1627 1639 1681 vobis,
1665 1627 1778 1669 sicut
1803 1626 2004 1683 praedixi,
2029 1625 2236 1681 quoniam

403 1690 476 1744 qui
502 1689 612 1732 talia
637 1694 796 1745 agunt,
820 1703 1005 1744 regnum
1031 1688 1113 1731 Dei
1139 1702 1227 1731 non
1251 1691 1586 1743 consequentur.
1611 1685 1648 1711 ‘22
1666 1686 1854 1729 Fructus
1880 1692 2030 1728 autem
2057 1684 2237 1742 spiritus

403 1754 468 1791 est
494 1749 706 1804 charitas,
731 1748 966 1804 gaudium,
987 1762 1095 1805 pax,
1120 1747 1357 1804 patientia,
1381 1746 1658 1801 benignitas,
1677 1745 1875 1800 bonitas,
1895 1743 2234 1800 longanimitas,

405 1808 440 1834 23
465 1808 777 1863 mansuetudo,
813 1807 941 1862 fides,
981 1807 1220 1861 modestia,
1260 1805 1556 1860 continentia,
1596 1805 1791 1848 castitas.
1827 1805 2053 1847 Adversus
2085 1803 2237 1858 hujus-

405 1867 522 1910 modi
548 1882 633 1910 non
666 1873 732 1910 est
761 1867 845 1910 lex,
873 1866 1007 1917 24Qui
1038 1872 1187 1909 autem
1211 1872 1313 1908 sunt
1347 1865 1532 1919 Christi,
1560 1878 1738 1907 carnem
1768 1879 1893 1906 suam
1925 1863 2238 1906 crucifixerunt

405 1941 504 1969 cum
526 1927 655 1982 vitiis
670 1933 714 1969 et
739 1925 1122 1982 concupiscentiis.
1147 1924 1183 1951 25
1201 1925 1244 1968 Si
1272 1924 1429 1980 spiritu
1452 1924 1666 1977 vivimus,
1694 1923 1851 1979 spiritu
1877 1928 1920 1966 et
1944 1922 2237 1965 ambulemus.

404 1986 440 2012 '2¹³
471 1987 570 2030 Non
609 1986 851 2029 efficiamur
886 1984 1031 2027 inanis
1070 1984 1223 2040 gloriae
1258 1983 1430 2040 cupidi,
1468 1982 1661 2025 invicem
1700 1987 2012 2039 provocantes,
2047 1980 2240 2023 invicem

403 2045 665 2088 invidentes

985 2133 1009 2191 ξ
1044 2133 1105 2176 Π.
1139 2159 1198 2164 -
1231 2133 1406 2174 ᾸῙΟηίία
1437 2132 1661 2187 specialia.

464 2264 568 2307 CAP.
593 2264 674 2306 VI.
700 2290 760 2295 ——
782 2263 793 2289 ¹
814 2263 1013 2318 Fratres,
1041 2267 1084 2305 et
1117 2262 1152 2304 si
1186 2265 1522 2318 praeoccupatus
1556 2259 1694 2303 fuerit
1718 2259 1850 2303 homo
1881 2259 1925 2301 in
1956 2258 2104 2314 aliquo
2131 2258 2238 2301 deli-

405 2328 497 2378 cto,
531 2337 607 2367 vos
637 2323 711 2378 qui
745 2321 998 2379 spirituales
1034 2321 1159 2377 estis,
1199 2319 1453 2376 hujusmodi
1491 2319 1697 2362 instruite
1734 2319 1780 2361 in
1818 2318 1975 2375 spiritu
2012 2317 2237 2371 lenitatis3

406 2383 688 2426 considerans
710 2387 753 2426 te
771 2383 935 2439 ipsum,
954 2395 1009 2424 ne
1038 2387 1082 2424 et
1106 2385 1154 2423 tu
1179 2379 1376 2423 tenteris.
1400 2378 1417 2404 2
1437 2379 1564 2421 Alter
1596 2378 1779 2421 alterius
1811 2392 1943 2420 onera
1972 2382 2166 2434 portate,
2197 2383 2241 2420 et

405 2442 468 2484 sic
498 2441 802 2498 adimplebitis
831 2442 977 2496 legem
1008 2440 1185 2484 Christi.
1217 2439 1234 2465 3
1256 2440 1371 2496 Nam
1398 2438 1433 2481 si
1460 2438 1557 2494 quis
1588 2437 1815 2481 existimat
1844 2451 1890 2480 se
1919 2435 2089 2492 aliquid
2124 2450 2238 2491 esse,

406 2515 505 2543 cum
532 2501 643 2543 nihil
665 2501 742 2556 sit,
766 2501 859 2557 ipse
884 2514 930 2544 se
956 2499 1140 2544 seducit.
1167 2499 1183 2525 ⁴
1203 2500 1322 2555 Opus
1345 2503 1494 2540 autem
1521 2512 1649 2540 suum
1675 2496 1831 2553 probet
1853 2495 2173 2552 unusquisque,
2198 2502 2240 2538 et

405 2560 468 2603 sic
489 2560 534 2602 in
558 2560 794 2617 semetipso
817 2564 991 2602 tantum
1014 2558 1201 2615 gloriam
1226 2557 1431 2613 habebit,
1456 2562 1500 2600 et
1522 2571 1609 2599 11011
1638 2557 1683 2599 111
1709 2557 1863 2599 altero.
1891 2555 1907 2581 5
1927 2554 2241 2610 Unusquisque

407 2619 523 2662 enim
548 2634 657 2663 onus
679 2634 807 2662 suum
830 2619 1038 2676 portabit.
1062 2618 1079 2644 6
1100 2617 1408 2661 Communicet
1429 2622 1579 2659 autem
1604 2616 1641 2658 is
1665 2616 1738 2671 qui
1766 2615 2067 2658 catechizatur
2092 2613 2239 2668 verbo,

407 2679 445 2721 01
471 2679 544 2734 qui
567 2693 612 2721 se
636 2679 904 2733 catechizat,
929 2678 974 2720 in
999 2678 1202 2721 omnibus
1228 2676 1367 2719 bonis.

466 2737 480 2763 7
509 2738 658 2781 Nolite
695 2752 837 2781 errare
864 2755 872 2782 :
904 2739 1024 2780 Deus
1056 2752 1144 2780 non
1177 2736 1398 2779 irridetur.
1433 2735 1450 2762 ὃ
1473 2736 1580 2786 Quae
1609 2734 1727 2777 enim
1761 2733 2049 2778 seminaverit
2082 2733 2239 2786 homo,

384 2798 502 2840 -haec
525 2804 567 2840 et
593 2802 742 2841 metet.
766 2797 984 2847 Quoniam
1007 2796 1081 2852 qui
1103 2795 1295 2839 seminat
1321 2795 1365 2837 in
1394 2809 1524 2838 carne
1550 2808 1648 2848 sua,
1674 2794 1728 2837 de
1755 2807 1885 2836 carne
1912 2798 1955 2836 et
1985 2797 2123 2835 metet
2147 2805 2238 2834 cor-

408 2857 682 2913 ruptionem,
708 2856 781 2912 qui
811 2861 959 2899 autem
994 2855 1185 2899 seminat
1219 2854 1265 2897 in
1299 2855 1479 2911 spiritu,
1507 2854 1561 2896 de
1595 2853 1751 2909 spiritu
1782 2858 1919 2895 metet
1947 2851 2086 2895 vitam
2116 2855 2233 2893 aeter-

407 2930 525 2959 nam.
553 2916 570 2942 9
597 2917 769 2959 Βο1111111
800 2922 951 2958 autem
976 2915 1217 2958 facientes.
1245 2928 1332 2957 non
1364 2913 1646 2965 deficiamus3
1676 2917 1873 2969 tempore
1903 2911 2021 2955 enim
2047 2923 2125 2953 suo
2150 2922 2239 2951 me-

407 2980 552 3018 temus
575 2990 661 3019 non
681 2974 950 3018 deficientes.
974 2973 1007 3000 ¹⁰
1023 2976 1138 3029 Ergo
1167 2973 1271 3016 dum
1298 2979 1472 3029 tempus
1491 2972 1726 3027 habemus,
1747 2984 1978 3027 operemur
1999 2969 2163 3012 bonum
2181 2967 2238 3010 ad

409 3047 578 3090 omnes,
607 3034 802 3077 maxime
827 3040 976 3077 autem
1002 3033 1059 3076 ad
1087 3033 1353 3076 domesticos
1383 3032 1502 3076 fidei.

1110 3188 1538 3246 EPILOGUS

469 3335 499 3361 ¹¹
523 3335 684 3379 Videte
710 3334 914 3391 qualibus
942 3333 1100 3377 litteris
1129 3331 1283 3389 scripsi
1308 3331 1433 3375 vobis
1465 3346 1563 3375 mea
1589 3346 1738 3375 manu.
1764 3329 1803 3356 ¹2
1820 3329 2094 3386 Quicumque
2121 3331 2236 3374 enim

408 3394 564 3437 volunt
603 3394 779 3451 placere
815 3393 860 3435 in
898 3406 1048 3448 carne,
1083 3392 1129 3434 hi
1167 3396 1333 3447 cogunt
1369 3405 1448 3434 vos
1487 3390 1768 3445 circumcidi,
1802 3393 1977 3431 tantum
2010 3394 2060 3431 ut
2098 3389 2239 3432 crucis

409 3452 572 3496 Christi
598 3452 949 3510 persecutionem
979 3466 1065 3494 non
1099 3450 1339 3507 patiantur.
1367 3449 1402 3476 ¹3
1420 3450 1574 3505 Neque
1604 3449 1722 3492 enim
1747 3447 1821 3503 qui
1857 3446 2237 3491 circumciduntur

411 3624 439 3655 9]
468 3624 479 3650 1
507 3623 577 3651 Cor.
603 3623 650 3657 V,
674 3626 698 3650 6.
724 3637 761 3642 —
786 3623 833 3655 14]
856 3622 936 3649 Lev.
954 3621 1057 3655 XIX,
1084 3623 1127 3648 18.
1154 3619 1274 3647 Matth.
1293 3617 1415 3652 XXII,
1439 3619 1483 3645 39.
1508 3617 1604 3644 Rom.
1628 3614 1735 3650 XIII,
1752 3618 1777 3644 8.
1799 3630 1829 3635 -
1852 3616 1898 3649 16]
1924 3616 1936 3643 1
1961 3616 2050 3645 Petr.
2071 3618 2124 3652 ΙΙ,
2145 3621 2185 3646 11.
2203 3631 2240 3637 —

411 3665 440 3698 5]
461 3666 473 3691 1
494 3667 563 3694 Cor.
584 3667 647 3700 ΙΙΙ,
664 3670 690 3694 S.
709 3681 744 3684 —
764 3666 793 3699 9]
815 3665 849 3692 ΙΙ
867 3665 980 3692 Thess.
1001 3664 1065 3699 ΙΙΙ,
1086 3666 1127 3691 13.
