2423 3861
161 289 231 316 Pax
256 290 290 316 et

148 331 308 365 gaudium

126 375 328 409 promittun-

142 427 199 448 tur
227 419 291 453 piis
303 440 309 455 ‚

129 463 325 493 emendatis,

129 1483 318 1515 Reprehen-

115 1526 206 1554 ditur
222 1526 333 1554 falsus

122 1568 182 1598 Dei
199 1570 323 1599 cultus.

105 2260 209 2288 Verus
229 2259 344 2289 cultus

129 2303 321 2337 exponitur.

412 104 496 145 840
950 98 1008 138 Is.
1045 96 1198 150 LVII,
1235 96 1290 137 14
1321 120 1379 125 —
1412 94 1592 148 LVIII,
1629 94 1696 135 14.

2146 199 2229 206 ——-

471 273 506 300 ¹4
525 273 584 316 Et
609 272 780 315 dicam:
804 269 937 311 Viam
970 267 1129 321 facite,
1156 265 1353 321 praebete
1382 264 1488 317 iter3
1519 263 1740 305 declinate
1775 263 1828 305 de
1854 263 2033 318 semita,
2063 263 2240 306 auferte

411 331 683 376 offendicula
709 329 761 371 de
788 328 858 369 via
890 325 1043 382 populi
1072 324 1173 367 mei.
1202 323 1237 350 ¹5
1255 323 1367 373 Quia
1398 323 1494 364 haec
1521 321 1631 364 dicit
1661 321 1897 377 Excelsus,
1931 327 1975 365 et
2005 321 2238 376 Sublimis,

410 392 617 434 habitans
652 387 968 440 aeternitatem,
1000 390 1043 427 et
1071 388 1276 426 sanctum
1305 395 1466 424 nomeu
1496 381 1614 436 ejus,
1648 380 1693 422 in
1731 381 1906 423 excelso
1935 385 1979 423 et
2011 381 2057 423 in
2085 387 2240 424 sancto

409 451 638 503 habitans,
669 452 712 489 et
739 460 838 488 cum
872 444 1062 487 contrito
1088 447 1132 486 et
1162 440 1321 484 humili
1350 441 1508 497 spiritu
1532 457 1540 484 :
1566 444 1615 482 ut
1639 439 1837 482 vivificet
1869 439 2073 496 spiritum
2097 440 2241 482 humi-

410 510 538 564 lium,
567 512 610 549 et
635 505 833 548 vivificet
862 518 934 546 cor
960 502 1264 546 contritorum.
1287 500 1324 526 1⁶
1342 501 1441 544 Non
1468 499 1586 542 enim
1607 498 1654 541 in
1679 498 1998 555 sempiternum
2031 498 2239 554 litigabo,

410 581 549 623 neque
579 579 714 620 usque
745 564 801 606 ad
835 563 969 605 finem
1000 563 1178 613 irascar,
1211 560 1314 616 quia
1343 559 1523 616 spiritus
1553 573 1580 601 a
1611 557 1732 601 facie
1761 572 1860 601 mea
1894 557 2163 613 egredietur,
2198 562 2243 600 et

409 627 538 669 flatus
561 639 642 680 ego
668 623 849 667 faciam.
873 622 903 648 ¹⁷
920 623 1104 678 Propter
1128 619 1412 676 iniquitatem
1438 617 1639 661 avaritiae
1663 617 1759 673 ejus
1785 617 1922 660 iratus
1947 631 2057 672 sum,
2080 621 2125 660 et
2146 631 2243 673 per-

410 685 523 728 cussi
550 698 663 727 eum.
683 681 912 726 Abscondi
930 697 956 724 a
974 687 1018 724 te
1036 680 1204 724 faciem
1226 693 1385 735 meam,
1406 682 1450 721 et
1474 677 1732 733 indignatus
1758 690 1881 731 811111,
1909 682 1952 720 et
1972 675 2085 719 abiit
2102 690 2242 732 vagus

408 745 454 787 in
483 744 557 786 via
587 742 731 786 cordis
764 741 845 785 sui.
873 741 907 768 ¹8
928 741 1036 784 Vias
1069 740 1167 796 ejus
1200 738 1315 792 vidi,
1347 743 1391 781 et
1422 737 1579 780 sanavi
1613 750 1738 790 eu>m3
1776 740 1820 779 et
1855 735 2011 778 reduxi
2045 749 2165 790 eum,
2201 740 2245 778 et

408 803 581 846 reddidi
604 801 928 845 consolationes
954 800 1058 857 ipsi,
1086 805 1130 843 et
1154 797 1411 854 lugentibus
1437 797 1547 853 ers.
1567 795 1603 822 ¹9
1617 795 1774 840 Creavi
1800 795 2000 838 fructum
2025 794 2242 837 labiorum

408 877 593 919 paoem3
621 876 778 918 pacem
808 860 847 904 ei
874 859 947 916 qui
977 860 1109 915 longe
1135 863 1202 902 est
1227 862 1270 900 et
1300 856 1374 912 qui
1406 870 1563 913 prope,
1592 854 1707 898 dixit
1741 854 1979 911 Dominus,
2011 859 2056 897 et
2087 853 2244 897 sanavi

409 937 523 965 eum.

468 980 505 1007 20
521 981 656 1038 Impii
679 985 830 1024 autem
855 979 980 1035 quasi
1007 992 1128 1020 mare
1150 978 1352 1032 fervens,
1381 975 1496 1031 quod
1523 975 1747 1031 quiescere
1773 988 1861 1017 non
1887 978 2054 1030 potest,
2077 978 2123 1016 et
2148 973 2245 1016 red—

408 1041 580 1084 undant
613 1040 772 1083 fluctus
803 1039 899 1095 ejus
924 1038 972 1081 in
1006 1035 1390 1080 conculcationem
1416 1041 1460 1077 et
1486 1035 1643 1076 lutum.
1670 1032 1703 1059 ²³¹
1725 1034 1825 1076 Non
1860 1038 1926 1076 est
1954 1047 2040 1089 pax
2073 1031 2245 1087 impiis,

409 1099 519 1143 dicit
544 1099 760 1142 Dominus
787 1100 920 1141 Deus.

566 1229 728 1272 8110110
764 1229 853 1271 HI.
880 1253 939 1260 —-
971 1227 1206 1269 C-AELnsTis
1241 1225 1521 1268 ε1811118111111
1556 1234 1725 1267 GLORIA
1758 1235 1816 1265 ET
1850 1233 2087 1264 FELICITAs

865 1352 888 1409 ξ
923 1352 959 1395 Ι.
994 1378 1053 1382 -
1084 1351 1155 1394 De
1187 1366 1290 1393 vera
1323 1356 1363 1393 et
1380 1350 1514 1405 falsa
1547 1350 1788 1392 sanctitate.

470 1463 577 1507 CAP.
605 1462 781 1505 LVIII.
803 1460 892 1492 -1
915 1460 1090 1515 Clama,
1118 1474 1173 1502 ne
1197 1474 1359 1514 cesses,
1387 1458 1512 1514 quasi
1536 1458 1644 1501 tuba
1670 1458 1821 1501 exalta
1847 1471 2002 1500 vocem
2028 1462 2172 1512 tuam,
2205 1461 2249 1500 et

410 1521 628 1565 annuntia
652 1520 814 1578 populo
838 1534 934 1562 meo
961 1519 1126 1562 scelera
1149 1533 1312 1574 eorum,
1338 1523 1381 1561 et
1407 1518 1556 1561 domui
1583 1517 1726 1560 Jacob
1749 1522 1934 1574 peccata
1956 1530 2120 1559 eorum.
2143 1514 2249 1559 ‘2Me

411 1582 577 1626 etenim
603 1581 656 1624 de
683 1580 754 1623 die
782 1579 829 1621 in
860 1579 978 1622 diem
1011 1583 1235 1634 quaerunt,
1268 1583 1311 1620 et
1341 1578 1452 1620 scire
1484 1577 1581 1620 vias
1611 1591 1730 1619 meas
1760 1576 1937 1631 volunt,
1977 1575 2101 1630 quasi
2139 1589 2248 1631 gens

412 1656 510 1697 quae
541 1639 765 1696 justitiam
794 1638 973 1694 fecerit,
998 1643 1041 1681 et
1070 1637 1289 1693 judicium
1317 1637 1398 1679 Dei
1425 1636 1491 1679 sui
1518 1651 1605 1679 non
1636 1635 1932 1690 dereliquerit.
1969 1635 2146 1690 Rogant
2178 1649 2249 1677 me

412 1700 583 1756 judicia
608 1698 818 1755 justitiae,
842 1698 1194 1755 appropinquare
1218 1697 1311 1739 Deo
1337 1696 1506 1739 volunt.
1533 1696 1551 1721 3
1569 1695 1711 1745 Quare
1735 1693 2062 1750 jejunavimus,
2091 1699 2135 1737 et
2160 1709 2249 1737 non

411 1759 649 1816 aspexisti,
677 1757 1012 1801 humiliavimus
1035 1756 1207 1799 animas
1230 1761 1423 1810 nostras,
1447 1760 1490 1798 et
1519 1753 1732 1798 nescisti?
1761 1755 1878 1797 Ecce
1908 1753 1954 1796 in
1984 1753 2056 1796 die
2084 1753 2247 1809 jejunii

412 1819 546 1862 vestri
584 1818 809 1861 invenitur
846 1817 1052 1860 voluntas
1089 1821 1261 1871 vestra,
1304 1820 1346 1858 et
1384 1829 1535 1858 omnes
1573 1813 1793 1857 debitores
1830 1818 1998 1856 vestros
2034 1813 2249 1869 repetitis.

412 1879 429 1905 4
449 1879 565 1922 Ecce
591 1878 647 1921 ad
674 1877 775 1921 lites
798 1882 841 1921 et
864 1876 1169 1920 contentiones
1191 1874 1420 1931 jejunatis,
1440 1880 1484 1918 et
1507 1873 1738 1930 percutitis
1761 1886 1909 1929 pugno
1927 1871 2077 1928 impie.
2097 1871 2250 1915 Nolite

411 1938 615 1994 jejunare
640 1937 757 1980 sicut
781 1951 917 1993 usque
939 1935 995 1978 ad
1018 1935 1134 1978 hanc
1158 1934 1297 1990 diem,
1326 1939 1375 1976 ut
1400 1933 1607 1976 audiatur
1631 1932 1678 1974 in
1701 1932 1875 1974 excelso
1901 1931 2068 1974 clamor
2090 1935 2249 1974 vester.

412 1998 429 2023 5
447 1997 675 2053 Numquid
702 1997 792 2040 tale
814 2002 881 2039 est
902 1995 1128 2052 jejunium
1150 1993 1266 2050 quod
1290 1993 1417 2049 elegi,
1438 2007 1514 2049 per
1533 1992 1652 2034 diem
1674 1990 1880 2046 affligere
1906 1990 2133 2033 hominem
2154 1990 2249 2033 ani-

412 2072 531 2099 mam
553 2056 707 2100 suam?
731 2055 945 2111 numquid
971 2059 1259 2109 contorquere
1285 2052 1409 2108 quasi
1433 2052 1648 2095 circulum
1674 2056 1808 2107 caput
1829 2065 1976 2106 suum,
2001 2054 2046 2093 et
2069 2064 2250 2093 saccum
2294 2089 2296 2091 ,

413 2122 456 2159 et
485 2117 678 2159 cinerem
710 2115 935 2158 sternere?
965 2113 1181 2169 numquid
1209 2112 1329 2155 istud
1351 2111 1532 2155 vocabis
1557 2109 1802 2167 jejunium,
1830 2114 1875 2153 et
1900 2109 2019 2153 diem
2044 2114 2250 2166 accepta-

411 2176 547 2218 bilem
571 2175 796 2218 Domino?

469 2236 486 2261 ὓ
509 2237 668 2278 Nonne
701 2235 784 2278 hoc
819 2238 885 2277 est
922 2233 1065 2289 magis
1098 2233 1322 2289 jejunium
1357 2232 1471 2288 quod
1507 2231 1663 2288 elegi?
1700 2231 1905 2274 Dissolve
1939 2230 2250 2287 colligationes

410 2295 677 2352 impietatis,
705 2294 827 2337 solve
857 2293 1098 2336 fasciculos
1129 2292 1446 2349 deprimentes,
1475 2291 1651 2334 dimitte
1682 2305 1754 2335 eos
1784 2290 1857 2347 qui
1892 2290 2113 2333 confracti
2147 2295 2251 2333 sunt

412 2355 593 2410 liberos,
622 2359 665 2397 et
688 2368 815 2397 omne
839 2367 949 2396 onus
972 2352 1198 2409 dirumpe3
1227 2351 1242 2378 7
1258 2352 1420 2407 frange
1443 2350 1652 2394 esurienti
1679 2365 1841 2408 panem
1863 2354 2002 2405 tuum,
2022 2354 2066 2393 et
2087 2363 2250 2405 egenos

412 2428 636 2470 vagosque
668 2413 805 2456 induc
829 2412 875 2455 in
899 2412 1079 2455 domum
1100 2416 1252 2467 tuam,
1277 2425 1378 2454 cum
1399 2410 1564 2454 videris
1590 2410 1779 2466 nudum,
1801 2409 1921 2466 operi
1943 2423 2063 2465 eum,
2087 2413 2133 2452 et
2153 2423 2246 2451 oar-

413 2488 515 2517 nem
543 2478 667 2516 tuam
700 2487 755 2516 ne
785 2471 1052 2529 despexeris.
1083 2471 1100 2498 8
1125 2472 1251 2514 Tunc
1286 2475 1486 2527 erumpet
1515 2469 1640 2526 quasi
1673 2484 1803 2512 mane
1833 2469 1983 2512 lumen
2016 2473 2169 2522 tuum3
2205 2474 2249 2510 et

413 2533 579 2576 sanitas
606 2538 682 2575 tua
707 2532 838 2574 citius
869 2531 1043 2587 orietur,
1073 2536 1116 2574 et
1144 2530 1335 2574 anteibit
1364 2529 1532 2573 faciem
1557 2534 1680 2572 tuam
1706 2529 1882 2585 justitia
1910 2533 2005 2584 tua,
2034 2532 2077 2571 et
2106 2527 2249 2583 gloria

413 2592 592 2635 Domini
616 2592 797 2647 colliget
818 2596 875 2634 te.
900 2591 917 2616 9
935 2591 1060 2633 Τ11110
1081 2590 1332 2645 invocabis,
1362 2595 1406 2632 et
1433 2589 1651 2633 Dominus
1679 2588 1912 2643 exaudiet3
1937 2586 2173 2642 clamabis,
2204 2592 2249 2630 et

413 2651 531 2695 dicet
551 2668 559 2694 :
588 2653 704 2694 Ecce
725 2651 897 2693 adsum.
921 2650 965 2694 Si
991 2649 1228 2693 abstuleris
1255 2650 1309 2692 de
1331 2649 1478 2692 medio
1500 2649 1563 2690 tui
1588 2653 1806 2703 catenam,
1827 2652 1871 2690 et
1893 2645 2072 2690 desieris
2094 2650 2247 2689 exten-

414 2711 515 2754 dere
541 2711 754 2766 digitum,
778 2715 821 2753 et
846 2709 965 2766 loqui
997 2709 1112 2765 quod
1139 2724 1228 2752 non
1257 2708 1461 2766 prodest3
1492 2708 1527 2734 ¹0
1546 2722 1646 2751 cum
1671 2706 1884 2751 effuderis
1913 2704 2123 2749 esurienti
2152 2705 2248 2748 ani-

414 2785 533 2813 mam
559 2775 702 2825 tuam,
731 2776 774 2813 et
803 2769 1000 2811 animam
1033 2769 1254 2812 afflictam
1283 2768 1542 2825 repleveris,
1571 2767 1732 2811 orietur
1757 2767 1802 2810 in
1832 2765 2024 2809 tenebris
2049 2765 2126 2807 lux
2148 2769 2245 2821 tua,

414 2835 456 2872 et
486 2830 680 2873 tenebrae
710 2834 799 2871 tuae
832 2834 958 2872 erunt
987 2828 1102 2871 sicut
1136 2827 1353 2871 meridies.
1378 2827 1411 2853 ¹¹
1437 2828 1494 2870 Et
1527 2827 1724 2883 requiem
1756 2825 1838 2869 tibi
1869 2824 1994 2877 dabit
2027 2823 2246 2867 Dominus

414 2903 596 2944 semper,
621 2894 666 2932 et
688 2888 896 2945 implebit
921 2887 1228 2944 splendoribus
1257 2887 1454 2929 animam
1476 2892 1621 2943 tuam,
1649 2891 1693 2930 et
1714 2900 1811 2929 ossa
1834 2890 1909 2928 tua
1938 2883 2146 2927 liberabit
2166 2900 2174 2936 ;
2204 2889 2247 2927 et

414 2947 497 2990 eris
520 2948 642 3002 quasi
663 2948 816 2990 hortus
836 2947 1040 3003 irriguus,
1061 2953 1105 2990 et
1127 2947 1241 2989 sicut
1263 2948 1365 2989 fons
1387 2961 1603 3002 aquarum
1622 2946 1749 3002 cujus
1771 2958 1857 2987 non
1877 2943 2083 2986 deficient
2102 2958 2244 2998 aquae.

416 3005 451 3031 η’
470 3007 527 3048 Et
553 3006 892 3049 aedificabuntur
915 3007 960 3049 in
988 3012 1030 3050 te
1057 3007 1230 3050 deserta
1256 3006 1533 3062 saeculorum,
1553 3005 1852 3048 fundamenta
1877 3002 2176 3058 generationis
2203 3009 2246 3046 et

415 3065 712 3122 generationis
741 3066 1001 3120 suscitabis;
1027 3071 1070 3109 et
1091 3065 1321 3109 vocaberis
1352 3065 1593 3108 aedifica-tor
1618 3063 1809 3120 sepium,
1834 3067 2037 3105 avertens
2064 3062 2245 3106 semitas

414 3124 459 3167 in
485 3124 692 3180 quietem.
714 3124 749 3150 ¹3
766 3125 808 3168 81
828 3125 1038 3168 averteris
1061 3140 1087 3168 a
1108 3125 1293 3168 sabbato
1316 3125 1474 3181 pedem
1494 3130 1631 3179 tuum,
1654 3124 1804 3165 facere
1824 3122 2100 3164 voluntatem
2123 3126 2243 3164 tuam

414 3184 459 3226 in
487 3183 558 3226 die
582 3189 736 3226 sancto
758 3198 880 3238 1110ος
909 3190 953 3227 et
970 3184 1198 3227 vocaveris
1224 3184 1462 3227 sabbatum
1486 3183 1747 3237 delicatum,
1768 3187 1811 3224 et
1833 3187 2034 3224 sanctum
2063 3180 2245 3224 Domini

415 3243 675 3299 gloriosum,
707 3248 751 3285 et
783 3243 1098 3298 glorificaveris
1128 3258 1229 3287 eum
1259 3244 1366 3287 dum
1391 3258 1479 3287 non
1508 3242 1624 3285 facis
1654 3241 1748 3283 vias
1778 3246 1901 3295 tuas,
1933 3246 1977 3284 et
2005 3254 2093 3284 non
2123 3239 2246 3282 inve-

415 3301 534 3344 nitur
559 3301 765 3345 voluntas
791 3308 887 3357 tua,
908 3307 956 3344 ut
981 3302 1174 3358 loquaris
1196 3317 1470 3347 sermonem:
1499 3301 1534 3328 14
1551 3306 1656 3343 tunc
1684 3300 1974 3343 delectaberis
2000 3313 2130 3356 super
2158 3300 2246 3342 Do-

416 3361 562 3416 mino3
600 3366 643 3405 et
675 3361 905 3404 sustollam
943 3366 985 3404 te
1018 3376 1148 3418 super
1181 3362 1441 3405 altitudines
1474 3366 1622 3416 terrae,
1651 3365 1697 3405 et
1733 3359 1891 3402 cibabo
1925 3364 1969 3402 te
1998 3357 2246 3402 hereditate

416 3419 578 3476 Jacob,
603 3420 740 3477 patris
758 3420 847 3475 tui3
876 3435 922 3464 os
946 3420 1062 3463 enim
1090 3421 1268 3463 Domini
1291 3421 1490 3465 locutum
1512 3425 1589 3463 est.

416 3576 464 3608 14]
484 3576 797 3612 inf.1.xr1‚10.-
821 3579 869 3612 21]
896 3578 972 3610 Sup.
1001 3577 1166 3613 x1.v111‚
1184 3580 1228 3606 22.
1249 3592 1283 3598 —
1309 3579 1338 3612 5]
1364 3578 1459 3607 zach.
1485 3578 1571 3613 v11,
1588 3580 1614 3606 5.
1644 3592 1680 3597 —
1709 3579 1736 3612 τ]
1763 3579 1817 3606 Ez.
1844 3578 1983 3614 xvin,
2010 3579 2099 3607 7-16.
2122 3578 2245 3607 matth.

416 3619 521 3654 XXV,
538 3623 581 3648 35.
604 3635 639 3640 -
657 3623 703 3654 12]
726 3622 788 3650 ruf.
808 3623 939 3657 LX1‚4.
