2456 3861
229 1917 387 1946 Ochozias

219 1964 388 1994 <egrotans

269 2006 344 2033 vult

217 2051 392 2078 consulere

206 2096 369 2124 Brsselzebu
376 2097 405 2124 b.

185 2208 296 2240 Ipsius
333 2216 423 2237 mors

237 2255 277 2281 ab
298 2253 368 2282 Elia

202 2296 372 2328 pra-dicitu
379 2306 403 2325 r.

198 2972 273 2999 Trc-
291 2976 409 3001 tui-nun

232 3015 317 3044 milit
327 3024 377 3044 *iul

221 3060 330 3088 311i«ae
350 3062 389 3089 :ul

209 3104 402 3136 ··:21·icn‹³,n¹.n

247 3147 360 3176 Elium.

606 728 1000 826 MB'ER
1068 727 1712 848 ἱΟΠΑΒΤΠΞ-
1752 686 2218 827 Rue-im

708 933 1043 977 SECUNDUM
1080 935 1384 980 HEBRAEOS
1418 935 1740 979 SECUNDUS
1772 933 2110 977 MALAGHIM

1243 1116 1478 1140 -ψῆθμμῷ

1135 1287 1303 1341 >PAR
1317 1287 1353 1341 S
1409 1287 1451 1340 P
1466 1287 1548 1340 RI
1564 1286 1673 1341 OR

528 1424 704 1463 FASTA
747 1426 951 1465 REGUM
993 1426 1203 1465 ISRAEL
1244 1426 1312 1464 ET
1340 1425 1493 1465 ‘JUDA
1536 1426 1572 1463 A
1613 1425 1810 1465 MORTE
1853 1425 2049 1464 ACHAB
2090 1424 2282 1472 USQUE

867 1500 941 1538 AD
985 1499 1406 1538 CAPTIVITATEM
1448 1500 1645 1538 DECEM
1685 1500 1947 1539 TRIBUUM

706 1640 869 1683 Somou-10
906 1641 940 1682 Ι.
967 1667 1025 1672 ——
1060 1640 1289 1684 OffloziAs
1323 1653 1414 1683 REX
1449 1641 1638 1695 ISRAEL,
1673 1641 1834 1683 JORAM
1868 1652 1957 1682 REX
1991 1641 2117 1683 JUDA

1083 1775 1105 1827 ξ
1138 1773 1174 1815 I.
1199 1798 1259 1805 -—
1288 1772 1497 1816 Ovhozias
1521 1778 1560 1815 et
1584 1771 1724 1816 Elias.

821 1907 1152 1938 RAEVARICATUS
1178 1900 1243 1938 est
1268 1900 1419 1938 autem
1444 1895 1577 1937 Moab
1612 1895 1656 1936 in
1691 1895 1829 1938 Israel
1863 1900 2097 1952 postquam
2129 1900 2328 1939 mortuus

786 2005 796 2013 „
840 1960 905 1997 est
941 1954 1110 1997 Achab.
1145 1953 1161 1979 ‘2
1194 1954 1453 2009 Ceciditque
1487 1953 1702 1997 Och-ozias
1743 1968 1820 2010 per
1852 1954 2073 1997 cancellos
2107 1955 2326 1998 coenaculi

840 2013 906 2056 sui
933 2013 1047 2069 quod
1072 2013 1267 2056 habebat
1290 2013 1337 2055 in
1355 2013 1584 2069 Samaria,
1612 2018 1654 2056 et
1688 2013 1947 2068 aegrotavit3
1976 2012 2184 2069 misitque
2216 2028 2322 2057 nun-

839 2073 944 2129 tios,
968 2072 1119 2115 dicens
1145 2073 1201 2114 ad
1227 2086 1299 2115 eos
1328 2089 1336 2116 :
1361 2073 1450 2127 Ite,
1486 2072 1702 2116 consul-ite
1738 2072 1988 2116 Beelzebub
2018 2072 2150 2115 deum
2184 2073 2320 2116 Acca-

589 2157 594 2170 ·
784 2155 786 2157 ·
838 2147 936 2188 ron,
962 2136 1108 2174 utrum
1130 2131 1280 2175 vivere
1302 2146 1460 2187 queam
1483 2131 1536 2175 de
1561 2131 1822 2175 infirmitate
1847 2146 1946 2174 mea
1968 2132 2064 2174 hae.

547 2190 786 2247 3Angelus
825 2197 975 2235 autem
1018 2191 1197 2234 Domini
1238 2191 1410 2234 locutus
1451 2196 1517 2234 est
1553 2191 1609 2233 ad
1652 2191 1797 2234 Eliam
1832 2191 2095 2247 Thesbiten,
2135 2191 2325 2236 dicens:

489 2251 646 2306 Surge,
684 2256 727 2294 et
766 2251 956 2294 ascende
987 2250 1034 2293 in
1065 2265 1296 2293 occursum
1325 2250 1581 2293 nuntiorum
1613 2250 1728 2306 regis
1770 2250 2002 2306 Samariae,
2040 2255 2084 2293 et
2117 2250 2236 2294 dices
2267 2251 2325 2294 ad

488 2323 560 2353 eos
590 2326 599 2353 :
626 2310 853 2366 Numquid
880 2325 967 2353 non
993 2315 1058 2353 est
1085 2311 1204 2353 Deus
1229 2310 1275 2352 in
1302 2310 1461 2364 Israel,
1497 2315 1543 2352 ut
1568 2310 1681 2353 eatis
1704 2310 1769 2353 ad
1797 2309 2118 2353 consulendum
2149 2309 2325 2353 Beelze-

487 2368 576 2411 bub
599 2369 729 2412 deum
752 2369 984 2413 Accaron‘?
1007 2369 1334 2420 ‘'‘Quamobrem
1363 2369 1461 2412 haec
1491 2369 1600 2414 dicit
1624 2369 1848 2413 >Dominus
1875 2386 1883 2413 z
1912 2370 1979 2413 De
2001 2369 2325 2426 lectulo·=super

488 2442 617 2483 quem
639 2429 880 2472 ascendisti
903 2443 989 2472 non
1013 2428 1273 2485 descendes,
1302 2429 1380 2472 sed
1405 2434 1543 2472 morte
1569 2429 1780 2472 morieris.
1814 2429 1870 2471 Et
1901 2428 2014 2472 abiit
2044 2428 2179 2472 Elias.
2203 2429 2220 2455 ⁵
2243 2429 2323 2472 Re-

490 2487 688 2543 versique
722 2494 824 2530 sunt
857 2488 1001 2531 nuntii
1039 2488 1095 2530 ad
1126 2488 1379 2532 Ochoziam.
1415 2488 1497 2539 Qui
1532 2488 1646 2531 dixit
1675 2489 1737 2531 eis
1767 2505 1776 2532 ε
1811 2488 1953 2538 Quare
1985 2487 2149 2531 reversi
2182 2487 2322 2531 estis?

488 2546 504 2571 *ἲ
522 2546 583 2588 At
603 2546 669 2588 illi
692 2547 1012 2604 responderunt
1041 2547 1079 2590 ei
1103 2557 1114 2586 τ
1146 2547 1224 2590 Vir
1250 2548 1440 2590 occurrit
1473 2547 1619 2603 nobis,
1651 2553 1694 2591 et
1724 2547 1838 2590 dixit
1859 2547 1915 2590 ad
1945 2561 2024 2590 nos
2057 2564 2066 2590 :
2096 2547 2167 2590 Ite
2188 2553 2231 2590 et
2259 2561 2324 2591 re-

488 2605 713 2648 vertimini
735 2606 791 2649 ad
816 2621 987 2667 regem,
1013 2607 1085 2663 qui
1115 2607 1236 2650 misit
1273 2622 1371 2661 vos,
1403 2612 1446 2650 et
1479 2606 1636 2650 dicetis
1666 2606 1705 2650 ei
1732 2623 1740 2650 :
1773 2607 1886 2649 Haec
1920 2606 2030 2649 dicit
2065 2606 2282 2650 Dominus
2314 2623 2323 2650 :

490 2665 715 2720 Numquid
745 2666 847 2722 quia
881 2680 967 2709 non
1002 2671 1097 2709 erat
1120 2667 1240 2710 Deus
1266 2666 1310 2708 in
1339 2667 1497 2712 Israel.
1534 2666 1676 2709 mittis
1709 2671 1758 2708 ut
1787 2665 2042 2709 consulatur
2073 2665 2323 2709 Beelzebub

489 2723 594 2767 deus
620 2725 856 2768 Accaron‘?
882 2725 1057 2768 Idcirco
1082 2725 1136 2768 de
1159 2726 1321 2769 lectulo
1350 2740 1480 2782 super
1512 2740 1643 2781 quem
1671 2724 1912 2768 ascendisti
1943 2738 2030 2767 non
2061 2724 2321 2782 descendes,

487 2783 562 2826 sed
586 2792 725 2827 morte
748 2784 957 2827 morieris.
982 2784 997 2810 ⁷
1019 2785 1100 2835 Qui
1136 2784 1250 2827 dixit
1283 2785 1378 2830 eis:
1418 2785 1556 2841 Cujus
1589 2784 1742 2841 figurae
1773 2789 1816 2827 et
1848 2783 2026 2826 habitus
2053 2789 2118 2827 est
2147 2783 2216 2826 vir
2246 2784 2322 2827 ille

488 2842 560 2897 qni
581 2843 769 2886 occurrit
790 2843 935 2899 vobis,
959 2851 1000 2887 et
1023 2844 1195 2886 locutus
1216 2850 1283 2887 est
1308 2844 1443 2887 verba
1470 2843 1604 2886 haec?
1638 2843 1654 2871 8
1680 2844 1742 2886 At
1768 2843 1836 2886 illi
1871 2843 2079 2886 dixerunt
2111 2860 2120 2888 z
2141 2843 2229 2886 -Vir
2258 2843 2321 2900 pi-

490 2901 623 2955 losus,
649 2907 691 2944 et
714 2917 821 2945 zona
844 2903 1030 2959 pellicea
1052 2903 1279 2946 accinctus
1301 2903 1494 2946 renibus.
1519 2903 1600 2953 Qui
1620 2903 1685 2945 ait
1714 2919 1722 2946 :
1756 2902 1873 2945 Elias
1896 2903 2131 2946 Thesbites
2158 2907 2236 2946 est.

547 2960 564 2985 9
590 2961 797 3017 Misitque
835 2962 891 3004 ad
930 2976 1031 3005 eum
1065 2962 1495 3018 quinquagenarium
1528 2962 1773 3019 principem
1807 2966 1851 3004 et
1885 2962 2210 3018 quinquaginta
2246 2962 2321 3020 qui

489 3025 612 3062 erant
641 3020 721 3062 sub
759 3035 820 3064 eo.
857 3021 938 3071 Qui
972 3021 1173 3065 aseendit
1205 3022 1261 3064 ad
1299 3036 1427 3075 eum3
1465 3021 1722 3077 sedentique
1750 3020 1795 3063 in
1830 3021 1995 3064 vertice
2025 3021 2188 3064 montis
2217 3022 2282 3065 ait
2309 3037 2319 3065 :

493 3079 637 3121 Homo
673 3079 774 3134 Dei,
813 3095 890 3123 rex
923 3081 1135 3137 praecepit
1175 3087 1222 3123 ut
1256 3081 1511 3124 descendas.
1551 3080 1584 3107 ¹0
1617 3079 1990 3136 Respondensque
2026 3080 2172 3137 Elias,
2207 3081 2321 3124 dixit

488 3137 864 3193 ‹piinquagenario
895 3156 904 3183 ε
937 3140 982 3183 Si
1006 3140 1136 3183 homo
1160 3140 1242 3183 Dei
1269 3154 1387 3195 sum,
1410 3140 1652 3183 descendat
1676 3139 1794 3195 ignis
1821 3138 1874 3182 de
1904 3139 2035 3196 ezelo,
2067 3144 2112 3183 et
2140 3140 2320 3184 devoret

488 3206 530 3240 te
568 3202 610 3239 et
643 3197 967 3253 quinquaginta
1003 3203 1112 3243 tuos.
1147 3199 1389 3242 Descendit
1421 3199 1571 3255 itaque
1604 3199 1721 3255 ignis
1755 3199 1808 3241 de
1846 3199 1976 3254 ezelo,
2012 3205 2055 3242 et
2089 3199 2320 3242 devoravit

487 3271 586 3299 enm
613 3261 655 3299 et
679 3257 1000 3312 quinquaginta
1023 3258 1094 3313 qui
1119 3264 1243 3301 erant-
1265 3272 1367 3301 cum
1389 3272 1452 3302 eo.
1480 3258 1508 3284 ¹¹
1540 3259 1814 3313 Rursumque
1846 3258 1967 3301 misit
1989 3258 2045 3301 ad
2068 3273 2167 3302 eum
2197 3258 2317 3316 prin-

488 3315 630 3371 cipem
653 3315 1081 3371 quinquagenarium
1102 3318 1292 3360 alterum
1315 3323 1359 3360 et
1384 3317 1707 3374 quinquaginta
1737 3331 1836 3359 cum
1863 3332 1926 3361 eo,
1951 3317 2032 3368 Qui
2059 3317 2231 3360 locutus
2253 3322 2319 3361 est

489 3375 550 3416 illi
580 3391 587 3418 :
615 3376 762 3417 Homo
786 3375 890 3430 Dei,
921 3376 1017 3417 haec.
1041 3376 1149 3418 dicit
1171 3391 1247 3419 rex
1275 3393 1282 3419 :
1314 3377 1517 3431 Festina,
1553 3376 1782 3419 descende.
1820 3376 1852 3402 ¹²
1878 3376 2164 3434 Respondens
2197 3376 2317 3419 Elias

487 3433 549 3475 ait
575 3450 583 3476 :
613 3434 655 3478 Si
679 3435 808 3478 homo
829 3435 909 3477 Dei
932 3448 1015 3490 ego
1036 3449 1152 3490 sum,
1177 3435 1416 3479 descendat
1437 3436 1555 3491 ignis
1577 3435 1630 3478 de
1653 3435 1776 3491 caelo,
1800 3443 1843 3478 et
1862 3436 2040 3479 devoret
2063 3440 2108 3480 to
2129 3440 2173 3478 et
2193 3435 2318 3491 quin-

488 3493 700 3549 quaginta
722 3499 830 3537 tuos.
861 3493 1101 3536 Descendit
1127 3508 1230 3550 ergo
1262 3495 1380 3550 ignis
1406 3495 1460 3538 de
1485 3495 1613 3548 caelo,
1638 3500 1680 3537 et
1703 3494 1933 3537 devoravit
1967 3495 2092 3537 illum
2126 3500 2170 3538 et
2192 3494 2314 3551 quin·
2379 3534 2381 3538 Α

487 3552 702 3607 quaginta
738 3553 847 3608 ejus.
886 3552 919 3578 ¹3
948 3553 1114 3595 Iterum
1157 3553 1276 3596 misit
1306 3554 1551 3610 principem
1585 3553 2012 3609 quinquagenarium
2057 3553 2237 3597 tertium
2272 3557 2314 3596 et

487 3610 808 3667 quinquaginta
830 3611 902 3667 qui
927 3617 1050 3654 crant
1076 3626 1174 3654 cum
1196 3626 1259 3655 eo.
1285 3612 1364 3663 Qui
1392 3626 1492 3654 cum
1514 3612 1726 3667 venisset,
1758 3613 1960 3655 curvavit.
1985 3627 2133 3669 genua
2163 3616 2315 3655 contra

493 3668 652 3724 Eliam,
677 3677 719 3713 et.
740 3675 942 3726 precatus
972 3676 1037 3713 est
1066 3684 1185 3719 eum,
1218 3676 1260 3713 et
1292 3670 1356 3712 ait
1385 3687 1393 3714 :
1427 3671 1572 3713 Homo
1605 3671 1708 3721 Dei,
1742 3671 1832 3713 noli
1862 3671 2087 3729 despicere
2115 3670 2314 3714 animam
2376 3663 2378 3671 ⁸
