2423 3861
1894 109 1978 153 725

729 106 828 149 SAP.
863 106 988 160 xiv,
1025 107 1075 148 21
1117 131 1168 138 -
1202 106 1299 161 xv,
1336 107 1404 150 15.

155 282 275 320 ratus
301 277 467 332 fuerat,
494 290 609 319 nunc
632 275 761 318 deum
791 275 1135 318 aestimavem11t.
1155 276 1188 302 ‘²¹
1219 278 1275 319 Flt
1297 277 1392 320 haec
1423 277 1512 319 fuit
1538 278 1640 320 vitae
1672 278 1878 320 humanae
1905 279 1978 321 de-

155 336 319 393 ceptio,
346 336 554 390 quoniam
574 339 651 377 aut
675 334 880 389 affectui,
913 339 991 376 aut
1015 335 1193 389 regibus
1226 336 1524 379 deservientes
1557 336 1777 391 homines,
1813 337 1978 379 incom-

155 394 423 437 municabile
448 407 606 437 nomen
631 393 859 449 lapidibus
877 399 922 436 01
944 393 1075 452 lignis
1100 394 1417 450 imposuerunt.

213 452 250 478 ⁹²2
276 454 332 496 Et
358 467 441 495 non
474 453 710 496 suffecerat
736 465 901 494 errasse
927 466 998 495 eos
1030 452 1146 495 circa
1174 454 1254 496 Dei
1284 454 1540 509 scientiam,
1574 454 1650 498 sed
1677 460 1720 498 et
1745 455 1790 497 in
1816 469 1978 511 magno

154 513 353 556 viventes
380 511 625 555 inscientiae
651 510 782 565 bello,
802 515 868 553 tot
889 516 933 553 et
955 516 1045 552 tam
1072 526 1233 567 magna
1260 513 1378 555 mala
1396 527 1551 569 pacem
1570 513 1812 570 appellant.
1833 512 1869 539 23
1888 515 1979 556 Aut

154 571 271 614 enim
298 571 408 614 filios
434 585 533 614 suos
558 569 878 624 sacrificantes,
911 575 987 612 aut
1020 570 1205 613 obscura
1234 572 1449 613 sacrificia
1483 573 1723 628 facientes,
1753 578 1830 615 aut
1862 573 1976 615 insa-

153 630 238 673 niae
264 630 416 686 plenas
444 629 619 685 vigilias
640 628 874 683 habentes,
902 627 938 654 ⁹2⁴
957 643 1097 683 neque
1124 629 1286 684 vitam,
1310 642 1449 685 neque
1471 631 1648 687 nuptias
1677 631 1863 675 mundas
1886 632 1979 687 jam

152 689 407 732 custodiunt
438 705 445 731 z
473 689 550 732 sed
582 687 693 731 alius
726 687 863 730 alium
900 702 976 743 per
1010 687 1226 730 invidiam
1261 689 1445 743 occidit,
1479 696 1555 732 aut
1588 690 1842 734 adulterans
1877 705 1978 733 con—

152 747 324 802 tristat3
361 747 396 773 *25
429 753 472 791 et
506 747 651 790 omnia
685 747 918 790 commista
953 752 1057 789 sunt
1088 763 1096 790 :
1135 748 1337 803 sanguis,
1375 748 1686 804 homicidium,
1725 749 1896 792 furtum
1935 756 1979 794 et

150 807 292 858 fictio,
321 807 538 863 corruptio
565 810 608 850 et
633 805 893 861 infidelitas,
921 805 1115 848 turbatio
1142 811 1185 848 et
1210 806 1476 862 perjurium,
1500 807 1716 850 tumultus
1742 808 1976 863 bonorum,

150 865 188 891 2⁶
214 866 295 909 Dei
329 865 672 921 immemoratio,
706 865 955 908 animarum
977 864 1258 920 inquinatio,
1293 865 1542 909 nativitatis
1568 866 1842 922 immutatio,
1871 882 1978 924 nup-

150 925 310 967 tiarum
337 924 655 980 inconstantia,
681 923 950 967 inordinatio
980 923 1184 966 moeohiae
1215 929 1258 967 et
1289 924 1598 980 impudicitiae.
1625 924 1659 951 ”2⁷
1683 926 1979 969 Infandorum

149 984 269 1027 0111111
290 984 508 1026 idolorum
534 982 705 1026 cultura
730 983 871 1026 omnis
897 982 1003 1025 mali
1030 997 1162 1026 causa
1195 988 1281 1038 est,
1316 988 1359 1026 et
1383 982 1583 1038 initium„
1611 989 1654 1027 et
1679 984 1792 1027 111110.
1827 983 1864 1011 ²⁸
1889 986 1980 1028 Aut

149 1043 267 1085 enim
293 1042 398 1085 dum
428 1042 636 1085 laetantur
665 1041 914 1097 insaniunt,
949 1046 1026 1084 aut
1059 1046 1176 1085 certe
1210 1042 1512 1086 vaticinantur
1543 1043 1686 1098 falsa,
1721 1048 1798 1086 aut
1823 1044 1980 1086 vivunt

148 1101 334 1158 injuste,
377 1107 453 1144 aut
485 1102 686 1158 pejerant
724 1102 824 1144 cito.
861 1099 899 1127 99
932 1102 1053 1144 Dum
1087 1101 1204 1144 enim
1242 1101 1470 1144 confidunt
1501 1102 1547 1145 111
1584 1102 1714 1145 1ᾶο110
1752 1117 1849 1158 quae
1886 1103 1980 1146 sine

148 1160 297 1203 anima
330 1165 453 1216 sunt,
488 1160 601 1203 male
634 1160 831 1216 jurantes
864 1159 1012 1203 noceri
1046 1175 1091 1203 se
1124 1175 1212 1203 non
1245 1166 1437 1217 sperant.
1472 1161 1509 1188 3⁰
1531 1163 1728 1217 Utraque
1766 1176 1868 1217 ergo
1890 1161 1980 1205 illis

149 1219 354 1263 evenient
385 1219 540 1275 digne,
575 1220 783 1275 quoniam
816 1219 932 1262 male
965 1224 1195 1263 senserunt
1229 1219 1282 1263 de
1318 1221 1410 1263 Deo
1443 1221 1723 1264 attendentes
1757 1221 1908 1275 idolis,
1937 1225 1980 1264 et

147 1278 405 1334 juraverunt
423 1278 602 1334 injuste,
625 1279 671 1320 in
691 1279 790 1322 dolo
815 1284 1147 1322 contemnentes
1170 1279 1455 1334 ]“11011110111.31
1477 1280 1576 1322 Non
1599 1280 1716 1323 enim
1734 1279 1980 1336 juratorum

149 1337 306 1394 virtus,
333 1338 409 1381 sed
431 1337 714 1394 peccantium
735 1352 889 1394 poena,
916 1338 1198 1394 perambulat
1219 1353 1392 1395 semper
1413 1338 1682 1394 injustorum
1715 1338 1979 1395 pracvarica-

146 1396 325 1440 tionem.
732 1403 735 1405 ’

264 1525 428 1568 5110110
463 1525 552 1567 ΠΙ.
579 1550 638 1556 -
669 1525 980 1568 1001100110Ιο
1015 1537 1247 1568 01111011Εο
1280 1537 1389 1567 vum
1427 1528 1516 1568 Dm
1551 1539 1861 1571 OPPONUNTUR

708 1659 731 1711 ξ
764 1656 798 1701 I.
826 1681 886 1689 —-
908 1657 1154 1700 Antithesis
1176 1658 1406 1715 {senerah-s.

202 1781 309 1825 CAP.
335 1780 436 1824 XV.
460 1805 521 1813 —-
544 1777 558 1805 1
585 1780 652 1822 Το
677 1784 847 1835 autem,
876 1780 995 1823 Deus
1029 1785 1196 1835 noster,
1223 1780 1372 1823 suavis
1398 1785 1440 1824 et
1468 1793 1606 1824 verus·
1621 1796 1689 1837 es,
1713 1781 1908 1839 patiens,
1935 1788 1978 1827 et

142 1840 187 1882 in
213 1838 514 1882 misericordia
539 1838 776 1895 dis-ponens
809 1839 970 1882 omnia.
1003 1838 1020 1864 “2
1053 1839 1232 1882 Etenim
1261 1840 1297 1882 si
1330 1841 1689 1896 peccaverimus,
1707 1841 1771 1883 101
1805 1856 1976 1898 sumus,

142 1898 332 1942 scientes
364 1897 721 1954 magnitudinem
746 1903 892 1953 tuam3
922 1903 967 1942 et
995 1899 1031 1942 si
1064 1913 1152 1942 non
1184 1899 1539 1955 peccaverimus,
1577 1900 1740 1943 scimus
1769 1900 1976 1957 quoniam

129 1958 261 2014 apud
287 1963 330 2001 te
355 1972 504 2001 sumus
531 1957 789 2014 computati.
823 1959 841 1985 3
865 1959 1006 2001 Nosse
1036 1958 1155 2001 enim
1187 1964 1252 2013 te,
1284 1963 1589 2002 consummata
1614 1959 1789 2015 justitia
1815 1964 1905 2015 est3
1934 1966 1977 2003 et

143 2017 253 2060 scire
278 2017 499 2073 justitiam
523 2022 567 2059 et
591 2017 802 2060 virtutem
824 2023 967 2074 tuam,
990 2018 1117 2061 radix
1143 2023 1209 2061 est
1232 2018 1596 2062 immortalitatis.

202 2076 219 2103 4
243 2077 344 2119 Non
371 2075 488 2119 enim
512 2076 559 2118 in
581 2090 769 2119 errorem
797 2078 975 2120 induxit
1008 2091 1087 2120 nos
1126 2077 1357 2120 hominum
1386 2078 1518 2121 malae
1550 2079 1656 2121 artis
1683 2079 1973 2137 excogitatio,

142 2150 223 2179 nec
248 2136 405 2178 umbra
429 2135 616 2192 picturae
641 2135 766 2179 labor
798 2137 892 2180 sine
922 2137 1092 2192 fructu,
1121 2137 1294 2193 effigies
1320 2137 1495 2193 sculpta
1520 2152 1599 2194 per
1617 2138 1762 2181 varios
1787 2140 1973 2195 colores,

141 2196 159 2222 5
184 2195 310 2251 cujus
335 2200 539 2252 aspectus
571 2194 796 2239 insensato
831 2196 908 2239 dat
935 2197 1363 2252 concupiscentiam,
1399 2202 1442 2239 01
1468 2197 1624 2253 diligit
1657 2199 1974 2241 mortuae‘ima-

141 2254 257 2310 ginis
291 2254 492 2310 effigiem
517 2254 612 2297 sine
637 2255 799 2299 anima.
815 2255 844 2282 -ss
870 2256 1089 2298 Malorum
1114 2261 1333 2299 amatores
1368 2256 1493 2311 digni
1518 2262 1620 2300 sunt
1646 2257 1719 2312 qui
1744 2271 1867 2314 spem
1897 2258 1974 2300 ha-

141 2314 275 2357 beant
296 2314 341 2356 in
367 2313 552 2368 talibus,
580 2318 623 2356 et
649 2314 722 2369 qui
747 2315 924 2358 faciunt
948 2315 1069 2372 illos,
1093 2321 1137 2358 et
1159 2316 1232 2371 qui
1258 2316 1473 2372 diligunt,
1497 2322 1540 2360 et
1562 2316 1635 2371 qui
1661 2316 1824 2360 colunt.

200 2373 215 2399 7
247 2373 331 2416 Sed
373 2378 417 2416 et
460 2373 620 2429 figulus
665 2374 846 2417 mollem
885 2379 1050 2417 terram
1086 2390 1311 2432 premens,
1354 2376 1570 2419 laboriose
1611 2376 1741 2432 fingit
1777 2378 1834 2420 ad
1870 2393 1973 2421 usus

140 2437 311 2476 nostros
345 2432 686 2488 unumquodque
717 2447 795 2476 vas
816 2451 825 2489 3
861 2438 905 2477 et
930 2433 994 2477 de'
1015 2435 1170 2478 eodem
1194 2435 1302 2478 luto-
1321 2435 1452 2490 fingit
1477 2450 1574 2491 quae
1602 2436 1768 2479 munda
1800 2442 1902 2479 sunt
1928 2437 1972 2480 in

141 2506 269 2535 usum
298 2506 425 2547 vasa,
456 2497 501 2535 et
529 2491 734 2535 similiter
764 2507 861 2548 quae
889 2493 958 2536 his
990 2499 1094 2537 sunt
1124 2494 1371 2549 contraria;
1406 2495 1562 2538 horum
1587 2500 1734 2538 autem
1766 2510 1972 2539 vasorum

129 2551 237 2607 -quis
270 2551 329 2594 sit
360 2566 484 2607 usus,
513 2551 652 2608 judex
686 2556 752 2594 est
781 2552 956 2608 figulus.
982 2553 1008 2580 ·8
1035 2555 1092 2596 Et
1125 2568 1226 2596 cum
1258 2554 1407 2597 labore
1442 2569 1557 2597 vano
1592 2554 1723 2597 deum
1757 2555 1885 2611 fingit
1919 2556 1972 2599 de

140 2611 298 2654 eodem
322 2610 435 2667 luto,
462 2611 538 2653 ille
570 2611 642 2666 qui
670 2611 802 2667 paulo
828 2617 933 2655 ante
960 2613 1012 2656 de
1037 2617 1154 2655 terra
1186 2613 1336 2656 factus
1363 2614 1532 2669 fuerat,
1563 2618 1608 2657 et
1632 2620 1731 2670 post
1760 2615 1971 2670 pusillum

140 2670 312 2713 reducit
344 2685 390 2714 se
422 2670 539 2713 unde
570 2675 777 2726 acceptus
809 2677 896 2727 est,
929 2672 1142 2728 repetitus
1175 2672 1337 2715 animae
1371 2673 1571 2715 debitum
1596 2687 1728 2728 quam
1761 2673 1968 2718 habebat.

141 2729 158 2755 9
176 2729 261 2773 Sed
286 2744 391 2772 cura
412 2735 479 2772 est
506 2730 573 2772 illi
600 2744 687 2772 non
714 2731 816 2786 quia
842 2731 1118 2774 laboraturus
1145 2736 1231 2787 est,
1257 2745 1340 2774 nec
1372 2732 1580 2787 quoniam
1609 2732 1755 2775 brevis
1784 2733 1852 2775 illi
1877 2733 1970 2777 vita

140 2794 208 2833 est
229 2806 238 2844 3
263 2789 340 2832 sed
366 2794 646 2833 concertatur
675 2790 929 2833 aurificibus
962 2795 1007 2833 et
1031 2791 1296 2846 argentariis
1319 2809 1327 2847 ;
1362 2792 1439 2835 sed
1469 2797 1513 2835 et
1548 2792 1723 2835 aerarios
1755 2792 1967 2849 imitatur,

135 2855 185 2892 ’01
209 2848 394 2905 gloriam
420 2849 624 2905 praefert,
650 2850 857 2905 quoniam
882 2864 949 2893 res
975 2864 1269 2906 supervacuas
1293 2851 1434 2907 fingit.
1463 2850 1500 2876 10
1517 2851 1638 2895 Cinis
1663 2856 1733 2895 est
1755 2851 1875 2895 enim
1897 2866 1971 2895 cor

141 2909 250 2965 ejus,
277 2913 322 2951 et
346 2912 463 2951 10110
488 2923 762 2965 supervacua
787 2923 886 2966 spes
913 2909 1052 2964 illius,
1079 2914 1123 2952 et
1149 2908 1241 2952 luto
1272 2910 1402 2954 vilior
1425 2910 1518 2953 vita
1548 2910 1674 2967 ejus3
1707 2910 1740 2937 11
1762 2911 1969 2967 quoniam

141 2967 363 3024 ignoravit
384 2968 457 3023 qui
481 2982 527 3012 00
554 2969 695 3025 finxit,
723 2974 767 3011 et
792 2969 864 3025 qui
887 2968 1123 3025 inspiravit
1147 2967 1213 3010 illi
1235 2970 1430 3012 animam
1457 2985 1556 3026 quae
1583 2976 1798 3027 operatur,
1826 2976 1869 3014 et
1894 2971 1968 3027 qui

139 3027 383 3070 insufflavit
403 3028 442 3071 ei
468 3028 674 3085 spiritum
700 3028 897 3071 vitalem.
932 3027 968 3054 1⁸2
995 3028 1080 3072 Sed
1106 3034 1150 3072 et
1173 3029 1509 3072 aestimaverunt
1539 3030 1684 3072 lusum
1713 3044 1808 3074 esse
1829 3030 1969 3073 vitam

93 3122 97 3126 .
140 3091 356 3144 nostram,
399 3093 442 3130 et
475 3087 856 3131 conversationem
897 3089 1003 3132 vitae
1045 3088 1335 3145 compositam
1376 3089 1432 3132 ad
1469 3089 1660 3146 lucrum,
1695 3095 1738 3133 et
1771 3094 1970 3146 oportere

141 3146 448 3203 undecumque
478 3147 614 3190 etiam
643 3162 697 3191 ex
733 3148 849 3190 malo
882 3148 1121 3204 acquirere.
1152 3147 1190 3174 13
1208 3147 1296 3191 Η10
1327 3149 1444 3192 enim
1477 3149 1561 3192 scit
1586 3163 1631 3192 se
1661 3164 1792 3206 super
1817 3162 1969 3192 omnes

140 3204 409 3263 delinquere,
437 3207 511 3263 qui
538 3222 590 3251 ex
614 3214 741 3252 terrae
768 3208 953 3251 materia
974 3207 1157 3263 fragilia
1185 3222 1290 3251 vasa
1311 3212 1354 3251 et
1375 3208 1600 3265 sculptilia
1626 3209 1768 3265 fingit.

200 3264 236 3290 ¹4
261 3266 425 3309 Omnes
457 3267 577 3310 enim
602 3267 881 3325 insipienteS,
912 3272 956 3310 et
978 3266 1182 3310 infelices
1215 3281 1345 3324 supra
1377 3268 1558 3311 modum
1582 3269 1744 3311 animae
1771 3267 1966 3324 superbi,

140 3330 244 3368 sunt
270 3324 442 3368 inimici
474 3326 623 3384 populi
645 3328 732 3383 tui,
756 3333 800 3371 et
824 3326 1092 3383 imperantes
1114 3325 1204 3370 illi:
1230 3326 1264 3353 ¹5
1282 3327 1488 3383 quoniam
1515 3327 1662 3371 omnia
1687 3327 1807 3370 idola
1828 3327 1969 3370 natio-

142 3399 248 3427 num
284 3384 389 3428 deos
417 3386 769 3441 aestimaverunt,
797 3386 956 3444 quibus
983 3400 1122 3442 neque
1147 3385 1374 3430 oculorum
1400 3385 1504 3430 usus
1530 3392 1594 3430 est
1620 3387 1676 3442 ad
1702 3386 1965 3440 videndum,

139 3457 281 3499 neque
302 3457 428 3487 nares
451 3444 507 3487 ad
529 3445 863 3502 percipiendum
881 3444 1105 3502 spiritum,
1125 3459 1267 3501 neque
1288 3460 1415 3490 aures
1437 3446 1493 3489 ad
1515 3445 1807 3501 audiendum,
1827 3459 1968 3500 neque

127 3616 190 3650 .23]
209 3616 308 3645 Dent.
325 3616 458 3653 xvm,
475 3621 518 3647 10.
540 3619 608 3646 Jer.
628 3619 704 3654 vn,
722 3622 747 3647 6.
766 3634 801 3638 —
819 3620 847 3652 7]
866 3619 961 3648 Rom.
981 3619 1042 3655 IX,
1058 3622 1103 3649 21.
1123 3637 1156 3643 -
1175 3626 1224 3659 15]
1241 3626 1293 3653 ps.
1312 3626 1439 3661 cxm,
1457 3630 1473 3654 5
1491 3629 1524 3654 ct
1542 3628 1728 3663 CXXXIV,
1746 3630 1790 3655 10.

2065 467 2270 495 Idololatriae

2093 510 2238 539 effectus

2093 561 2242 586 pessum.

2070 1790 2262 1821 Amicorum

2136 1836 2195 1864 Dei

2077 1881 2258 1909 commoda.

2096 2096 2194 2124 Insan
2201 2095 2231 2124 ia

2066 2146 2181 2168 eorum
2200 2147 2254 2172 qui

2041 2183 2157 2211 colunt
2183 2183 2281 2211 1110111.

2055 2391 2266 2419 subsannan-

2039 2437 2096 2463 tur
2113 2435 2279 2465 idolorum

2081 2478 2240 2507 artifices.
