2456 3861
604 177 652 221 11
687 179 798 222 Rm.
834 179 964 234 XVI,
999 180 1024 222 5
1059 204 1114 212 -—
1148 178 1307 233 XVII,
1340 179 1380 221 8.
1822 179 1906 221 303

76 349 235 393 -omnia
269 362 365 404 quae
397 348 581 392 fuerunt
614 348 926 405 Miphiboseth.
957 349 1169 405 Dixitque
1193 348 1298 392 Siba
1332 365 1340 392 :
1375 348 1460 392 Oro
1487 353 1535 390 ut
1559 348 1785 391 inveniam
1810 363 1907 404 gra—

83 407 195 450 tiam
221 421 369 450 coram
394 412 456 462 te,
484 406 661 450 domine
687 407 745 449 mi
772 421 861 450 rex.

146 466 162 493 ⁵
183 466 319 509 Venit
343 479 446 521 ergo
471 479 547 509 rex
575 465 720 508 David
754 480 890 522 usque
918 467 1158 519 Bahu1·im;
1184 472 1228 510 et
1253 480 1355 510 ecce
1377 466 1690 521 egrediebatur
1713 467 1817 510 iude
1842 467 1909 510 vir

85 525 142 568 de
178 524 442 579 cognatione
475 524 632 567 domus
664 524 789 579 Saul,
824 526 1002 568 nomine
1033 525 1198 580 Semei,
1233 525 1348 568 filius
1386 527 1522 580 Gera,
1556 526 1909 582 procedebatque

79 583 338 638 egrediens,
363 588 406 626 et
433 583 748 637 maledicebat,
775 584 793 609 ὃ
810 583 1102 639 mittebatque
1127 584 1297 639 lapides
1330 590 1482 627 contra
1516 584 1663 627 David
1689 589 1732 627 et
1757 590 1909 627 contra

86 641 313 684 universos
345 655 494 685 servos
527 642 640 696 regis
677 641 837 683 David.
873 642 1026 685 Omnis
1051 648 1200 684 autem
1226 643 1413 698 populus
1439 647 1481 686 et
1506 643 1699 686 universi
1725 642 1909 687 bellato-

87 714 154 743 res
178 714 204 742 a
230 700 384 743 dextro
410 706 453 743 et
477 714 503 742 a
527 700 704 742 sinistro
731 699 867 742 latere
892 700 1006 755 regis
1032 700 1311 743 incedebant.
1338 701 1353 727 7
1373 701 1443 743 Ita
1467 707 1617 745 autem
1650 701 1911 758 loquebatur

79 759 230 802 Semei
257 772 358 801 cum
384 758 667 801 malediceret
690 758 784 813 regi
817 774 825 801 :
859 758 1099 813 Egiedere,
1126 759 1351 814 egredere,
1387 760 1453 802 vir
1484 761 1752 815 sanguinum
1778 767 1821 804 et
1845 762 1912 804 vii

91 817 263 861 Belial!
305 817 321 843 8
354 816 565 859 Reddidit
604 815 686 858 tibi
729 816 946 859 Dominus
987 817 1094 858 univ
1097 830 1243 860 eisum
1283 794 1743 872 sang11inen1³<10mus
1783 819 1908 875 Saul,

78 876 296 932 quoniam
328 874 532 918 invasisti
564 888 750 931 regnum
781 889 859 932 pro
892 889 963 931 eo,
1000 881 1042 919 et
1077 875 1199 919 dedit
1232 876 1448 919 Dominus
1480 890 1666 932 regnum
1699 878 1742 920 in
1776 855 1911 921 marui

88 934 304 978 Absalom
329 933 408 976 filii
435 934 529 988 ιλιι,
554 939 600 976 et
625 947 727 977 ecce
752 911 963 990 premunt,
982 939 1025 978 te
1051 934 1168 977 mala
1194 940 1291 991 tua,
1317 935 1527 990 quoniam
1554 936 1621 978 vir
1644 938 1913 992 sanguinum

86 1007 146 1037 e.s
173 993 191 1019 ⁹
211 992 336 1036 Dixit
360 998 511 1036 autem
536 991 714 1048 Abisai,
740 993 855 1036 filius
881 993 1004 1037 Sars
993 1007 1068 1049 1ae
1095 993 1187 1048 regi
1223 1010 1230 1037 :
1263 970 1406 1043 Quare
1439 994 1668 1037 maledicit
1694 996 1814 1038 canis
1841 996 1912 1038 hic

84 1057 286 1095 mortuus
320 1051 498 1095 domino
532 1065 628 1095 meo
660 1051 788 1107 regi?
815 1052 1011 1108 Vadam,
1046 1057 1089 1095 et
1121 1052 1362 1109 amputabo
1397 1058 1530 1109 caput
1562 1053 1672 1109 ejus.
1708 1054 1744 1079 ¹⁰
1765 1055 1820 1096 Et
1851 1054 1914 1097 ait

84 1125 166 1154 rex
190 1126 201 1156 ι
233 1110 347 1162 Quid
370 1110 480 1153 mihi
507 1115 550 1153 et
574 1110 699 1154 vobis
731 1115 816 1166 est,
843 1111 922 1153 filii
953 1087 1154 1155 Sal-vise?
1189 1111 1414 1154 Dimittite
1439 1125 1540 1155 eum
1572 1117 1620 1154 ut
1646 1112 1910 1167 maledicat3

90 1169 309 1213 Dominus
330 1169 453 1213 enim
478 1169 689 1226 praecepit
714 1169 753 1213 ei
779 1175 828 1212 ut
852 1169 1137 1214 malediceret
1165 1170 1310 1213 David
1334 1187 1343 1225 3
1370 1175 1414 1213 et
1440 1171 1536 1226 quis
1562 1175 1628 1214 est
1653 1171 1725 1226 qui
1752 1171 1915 1215 audeat

81 1229 235 1272 dicere
268 1242 402 1284 quare
433 1227 496 1271 sic
529 1228 723 1272 fecerit?
758 1228 791 1255 ¹¹
813 1230 869 1271 Et
900 1229 964 1271 ait
995 1243 1073 1272 rex
1105 1229 1261 1272 Abisai
1294 1235 1338 1272 et
1369 1229 1585 1273 universis
1619 1230 1755 1273 servis
1781 1231 1871 1273 suis
1903 1247 1912 1274 :

91 1287 206 1331 Ecce
232 1287 348 1330 filius
374 1301 521 1354 meus,
546 1287 621 1343 qui
645 1301 845 1343 egressus
871 1293 937 1331 est
961 1288 1016 1331 de
1041 1293 1162 1331 utero
1189 1302 1307 1343 meo,
1335 1289 1492 1344 quaerit
1516 1288 1713 1331 animam
1738 1304 1914 1345 meam3

82 1351 255 1403 quanto
292 1347 436 1402 magis
472 1360 589 1389 nuuc
626 1345 744 1389 filius
780 1346 976 1390 semini!
1017 1347 1241 1391 Dimittite
1277 1361 1379 1390 eum
1420 1353 1467 1390 ut
1508 1347 1747 1390 maledicat
1786 1348 1915 1404 juxta

89 1410 362 1463 praeceptum
396 1405 598 1456 Domini;
625 1403 661 1431 ¹²
685 1405 724 1448 si
747 1405 864 1449 forte
887 1406 1095 1462 iespiciat
1122 1407 1338 1450 Dominus
1363 1406 1646 1450 afflictionem
1672 1420 1838 1462 meam,
1872 1414 1915 1451 et

84 1464 248 1508 reddat
272 1464 380 1506 mihi
409 1463 626 1506 Dominus
651 1464 817 1506 bonum
841 1478 918 1520 pro
945 1464 1258 1508 maledictione
1283 1465 1366 1507 hac
1392 1465 1617 1508 hodierna.
1646 1465 1681 1491 ¹3
1700 1466 1914 1509 Ambula-

89 1523 166 1566 hat
189 1524 338 1578 itaque
357 1522 504 1564 David
519 1527 565 1565 et
589 1522 698 1565 socii
723 1522 821 1577 ejus
846 1536 923 1578 per
948 1523 1068 1566 viam
1094 1537 1194 1566 cum
1220 1538 1294 1578 θος
1316 1524 1457 1567 Semei
1484 1530 1633 1567 autem
1658 1538 1733 1580 per
1757 1525 1916 1580 jugum

88 1582 252 1626 montis
284 1595 341 1624 ex
372 1581 510 1624 latete
543 1585 695 1624 cont-ra
726 1581 856 1623 illum
888 1581 1187 1637 gradiebatur,
1214 1560 1504 1638 maledicens,
1531 1589 1575 1626 et
1600 1583 1780 1626 mittens
1806 1584 1915 1640 lapi—

84 1640 167 1684 des
190 1640 428 1684 adversum
454 1653 575 1696 eum,
602 1644 852 1696 terramque
875 1653 1102 1696 spargens.
1130 1639 1168 1667 14
1185 1641 1319 1684 Venit
1343 1641 1493 1697 itaque
1517 1655 1595 1685 lex
1619 1646 1662 1684 et
1686 1642 1916 1686 universus

85 1699 279 1757 populus
305 1713 405 1742 cum
428 1713 480 1742 eo
506 1675 678 1755 lassus3
703 1705 748 1742 et
771 1699 1013 1743 refocillati
1038 1705 1140 1742 suut
1164 1700 1241 1743 ibi.

151 1759 187 1785 15
205 1758 422 1802 Absalom
446 1763 597 1802 autem
622 1763 666 1802 et
691 1758 835 1802 omnis
859 1759 1047 1815 populus
1069 1759 1169 1815 ejus
1193 1759 1380 1815 ingressi
1406 1764 1509 1803 sunt
1535 1760 1805 1817 Jerusalem,
1839 1761 1916 1805 sed

84 1823 134 1862 et
158 1817 428 1875 Achitophel
460 1832 563 1860 cum
589 1832 652 1861 eo.
679 1817 716 1844 16
730 1817 845 1861 Cum
869 1823 1018 1861 autem
1044 1818 1237 1862 venisset
1269 1819 1433 1862 Chusai
1466 1819 1720 1876 Arachites,
1747 1820 1917 1863 amicus

83 1876 260 1932 David,
286 1877 344 1920 ad
367 1876 605 1932 Absalom,
631 1876 804 1920 locutus
829 1882 895 1920 est
916 1877 976 1920 ad
999 1891 1101 1920 eum
1135 1894 1144 1921 ε
1176 1877 1326 1933 Salve,
1353 1878 1457 1921 rex!
1491 1878 1633 1934 salve,
1660 1880 1764 1922 rex!
1791 1879 1826 1905 17
1845 1879 1916 1922 Ad

86 1951 221 1993 >quem
254 1935 469 1979 Absalom
502 1952 510 1980 t
545 1936 659 1979 Haec
692 1941 777 1992 est,
810 1936 976 1992 inquit,
1009 1936 1154 1992 gratia
1186 1942 1263 1980 tua
1287 1937 1344 1980 ad
1369 1937 1564 1979 amicum
1587 1937 1752 1980 tuum?
1777 1938 1918 1988 Quare

89 2009 178 2039 non
202 1995 324 2038 ivisti
351 2009 452 2038 cum
477 1995 621 2038 amico
647 1995 758 2039 tuo?
786 1994 821 2021 ¹⁸
841 1995 1171 2052 Responditque
1195 1995 1359 2039 Chusai
1384 1995 1440 2038 ad
1467 1996 1682 2039 Absalom
1708 2013 1716 2040 :
1743 1998 1918 2053 Nequa-

86 2069 244 2110 -quam,
271 2054 374 2110 quia
397 2054 519 2097 illius
544 2068 616 2098 ero
643 2069 774 2110 quem
799 2054 933 2110 elegit
959 2054 1189 2110 Dominus,
1204 2060 1251 2098 -et
1276 2055 1419 2098 omnis
1445 2054 1516 2098 hic
1541 2055 1728 2112 populus
1755 2061 1797 2099 et
1822 2056 1919 2098 uni—

85 2127 241 2157 versus
282 2113 442 2169 Israel,
485 2119 528 2157 et
570 2127 671 2156 cum
707 2127 757 2156 eo
799 2113 999 2157 manebo.
1024 2112 1060 2139 ¹9
1082 2113 1187 2169 Sed,
1215 2118 1262 2157 ut
1288 2118 1331 2157 et
1355 2114 1438 2157 hoc
1481 2114 1694 2170 inferam,
1730 2115 1800 2158 cui
1835 2129 1917 2170 ego

83 2173 331 2216 serviturus
362 2172 498 2215 sum?
532 2186 678 2216 nonne
709 2172 799 2216 filio
832 2172 984 2228 regis?
1017 2173 1142 2216 Sicut
1172 2173 1298 2229 parui
1331 2173 1445 2229 patri
1478 2177 1573 2228 tuo,
1600 2173 1663 2215 ita
1688 2173 1850 2230 parebo
1876 2178 1919 2217 et

90 2231 188 2274 tibi.
214 2230 251 2258 9⁰
269 2231 397 2274 Dixit
419 2236 572 2274 autem
597 2231 812 2274 Absalom
836 2231 893 2274 ad
920 2231 1189 2288 Achitophel
1219 2249 1229 2275 1
1255 2232 1374 2275 Inite
1399 2232 1634 2275 consilium
1659 2232 1763 2288 quid
1788 2247 1919 2288 agere

83 2290 345 2334 debeamus.
379 2289 413 2316 ²¹
434 2291 491 2334 Et
524 2290 588 2332 ait
621 2290 889 2346 Achitophel
920 2290 978 2332 ad
1011 2290 1227 2334 Absalom
1259 2307 1268 2334 :
1301 2290 1540 2346 Ingredere
1565 2291 1622 2334 ad
1649 2291 1918 2335 concubinas

90 2349 230 2406 patris
255 2352 332 2401 tui,
346 2363 453 2405 quas
480 2349 650 2392 dimisit
674 2349 731 2392 ad
757 2349 1094 2392 custodiendam
1119 2349 1320 2405 domum,
1355 2355 1403 2392 ut
1433 2363 1536 2392 cum
1561 2350 1751 2393 audierit
1775 2350 1918 2394 omnis

86 2408 230 2452 ‘Israel
265 2408 381 2464 quod
414 2408 658 2452 foedaveris
691 2413 863 2464 patrem
895 2413 1042 2464 tuum,
1079 2408 1338 2452 roborentur
1373 2413 1521 2452 tecum
1557 2422 1713 2452 manus
1755 2423 1917 2452 eorum.

91 2466 129 2493 22
146 2467 447 2511 Tetenderunt
476 2481 582 2523 ergo
615 2467 832 2510 Absalem
862 2467 1200 2510 tabernaculum
1223 2467 1270 2510 in
1295 2467 1484 2523 solario3
1511 2467 1822 2524 ingressusque
1854 2474 1918 2511 est

91 2526 149 2569 ad
190 2526 460 2570 concubinas
501 2527 638 2583 patris
681 2526 747 2569 sui
788 2540 936 2569 coram
977 2526 1180 2570 universo
1221 2526 1373 2570 Israel.
1415 2525 1452 2552 23
1486 2527 1730 2570 Consilium
1770 2532 1919 2570 autem

92 2585 363 2642 Achitophel
388 2585 503 2641 quod
530 2585 666 2628 dabat
690 2585 737 2627 in
763 2585 918 2628 diebus
943 2585 1052 2641 illis,
1081 2586 1204 2641 quasi
1229 2585 1265 2628 si
1280 2586 1380 2641 quis
1398 2585 1645 2628 consuleret
1668 2586 1835 2640 Deum3
1856 2585 1918 2629 sic

91 2650 186 2688 erat
213 2657 348 2688 omne
380 2644 615 2688 consilium
642 2644 932 2701 Achitophel,
956 2649 1002 2687 et
1026 2659 1127 2687 cum
1150 2649 1266 2687 esset
1290 2658 1392 2686 cum
1417 2643 1584 2700 David,
1610 2649 1654 2687 et
1679 2658 1782 2687 cum
1806 2649 1919 2688 esset

90 2717 196 2746 cum
221 2703 451 2747 Absalom.

153 2762 258 2805 CAP.
292 2763 444 2805 XVII.
477 2789 536 2796 —
568 2762 582 2788 1
610 2762 737 2806 Dixit
770 2777 871 2820 ergo
905 2762 1174 2820 Achitophel
1206 2763 1263 2805 ad
1295 2763 1510 2806 Absalom
1551 2779 1560 2807 :
1598 2762 1777 2819 Eligam
1810 2763 1919 2806 mihi

85 2821 330 2865 duodecim
367 2821 509 2864 millia
545 2821 759 2878 virorum,
795 2828 840 2866 et
877 2836 1144 2878 consuigens
1184 2835 1419 2878 persequar
1458 2821 1605 2865 David
1646 2822 1729 2865 hac
1768 2827 1918 2878 nocte,

92 2880 173 2924 2et
196 2880 366 2923 irruens
386 2894 520 2937 super
548 2894 673 2936 eum,
701 2881 863 2938 quippe
896 2881 968 2936 qui
1002 2880 1142 2923 lassus
1167 2886 1234 2924 est
1259 2886 1302 2924 et
1334 2880 1489 2924 solutis
1515 2880 1741 2937 manibus,
1768 2895 1920 2938 percu-

86 2939 205 2982 tiam
237 2953 366 2994 eum3
402 2953 589 2995 eumq-ue
620 2940 788 2995 fugerit
820 2940 965 2983 omnis
994 2939 1181 2996 populus
1217 2940 1291 2995 qui
1329 2954 1430 2984 cum
1465 2954 1515 2983 eo
1547 2945 1638 2995 est,
1675 2940 1921 2997 percutiam

94 3011 243 3054 regem
292 2998 554 3042 desolatum.
597 2999 614 3026 3
639 2999 697 3041 Et
737 2998 947 3042 reducam
988 2999 1244 3042 universum
1282 2999 1495 3056 populum
1543 2999 1760 3066 quomodo
1809 3014 1920 3042 unus

95 3057 225 3100 homo
266 3056 426 3100 reverti
467 3057 606 3101 solet:
637 3072 776 3100 unum
817 3057 935 3101 enim
975 3057 1121 3100 virum
1159 3063 1208 3100 tu
1240 3071 1432 3113 quaens;
1473 3062 1516 3101 et
1551 3058 1694 3101 omnis
1734 3058 1921 3115 populus

95 3115 177 3159 erit
212 3115 259 3158 in
295 3130 418 3217 palce.
456 3115 474 3142 4
506 3116 768 3173 Placuitque
808 3130 948 3160 sermo
992 3116 1088 3173 ejus
1125 3116 1356 3173 Absalom,
1381 3122 1423 3161 et
1465 3117 1636 3160 cunctis
1677 3117 1921 3173 majoribus

87 3180 202 3217 nanu
227 3175 349 3218 Israe
370 3209 379 3218 .

153 3233 170 3260 ⁵
197 3233 276 3276 Ait
309 3239 460 3277 autem
492 3233 709 3278 Absalom
742 3251 750 3279 :
777 3235 946 3278 Vocate
978 3233 1142 3278 Chusai
1174 3235 1438 3291 Arachitsen,
1473 3240 1516 3279 et
1547 3235 1780 3278 audiamus
1817 3234 1921 3290 quid

92 3292 232 3336 etiam
255 3291 350 3349 ipse
371 3292 509 3335 dicat.
536 3293 553 3319 ⁶
570 3293 770 3349 Cumque
794 3293 986 3336 venisset
1011 3294 1173 3337 Chusai
1196 3294 1255 3337 vad
1280 3294 1509 3350 Absalom,
1536 3294 1599 3337 ait
1623 3293 1839 3336 Absalom
1863 3293 1922 3336 ad

93 3364 197 3394 eum
230 3367 238 3394 :
266 3351 591 3406 Hujuscemodi
616 3366 864 3395 sermonem
895 3351 1069 3396 loc-utus
1103 3358 1168 3396 cst
1200 3353 1499 3410 Aeliittophel3
1527 3353 1676 3396 facere
1706 3352 1921 3395 debemus

97 3423 152 3451 an
186 3409 310 3452 non?
333 3410 461 3461 Quod
490 3410 573 3454 das
607 3411 870 3454 consilium.
857 3410 878 3442 9
912 3411 926 3438 ‘¹
945 3411 1005 3454 Et
1030 3411 1144 3455 dixit
1170 3412 1333 3455 Chusai
1358 3412 1415 3455 ad
1439 3412 1655 3454 Absalom
1687 3427 1696 3454 :
1730 3411 1831 3454 Non
1854 3415 1921 3454 est

98 3465 261 3510 bonum
291 3469 530 3512 consilium
564 3470 679 3525 quod
713 3470 836 3513 dedit
869 3470 1137 3527 thitophel
1168 3471 1252 3514 hac
1285 3471 1395 3515 vice.
1429 3470 1446 3498 ⁸
1474 3471 1530 3513 Et
1565 3484 1738 3512 iursum
1768 3469 1921 3512 intulit

98 3523 296 3570 Chusai:
322 3527 388 3570 Tu
410 3527 526 3571 nosti
551 3533 723 3585 patrem
747 3533 874 3571 tuum
899 3534 942 3572 et
966 3529 1083 3573 viros
1109 3530 1182 3584 qui
1209 3543 1310 3573 cum
1334 3544 1384 3573 eo
1411 3534 1513 3572 sunt
1536 3542 1630 3572 esse
1654 3527 1921 3572 fortissimos

90 3665 129 3699 5]
145 3664 199 3692 ιιι
218 3666 303 3699 ιιι-ες.
321 3667 368 3702 ιι,
384 3670 410 3695 s.
426 3669 523 3702 —22]
543 3671 620 3704 sup.
643 3672 724 3707 xu,
741 3674 785 3700 ιι.

1974 470 2081 499 Semei
2117 472 2215 500 male-

2009 514 2178 543 dicentem

2009 566 2069 586 rex
2086 560 2181 587 vetat,

2038 601 2157 631 occidi.

2026 1770 2186 1799 Absalom

2008 1813 2199 1847 ingreditur

2005 1858 2203 1889 Jerusalem.

2047 2770 2171 2798 Chusal

2022 2813 2191 2843 subvertit

2020 2857 2200 2886 consilium

2001 2902 2212 2935 Achitophel.
