2456 3861
209 933 313 966 Leges
334 933 350 960 d
357 940 374 960 0

192 976 391 1011 homicidio,

201 1025 377 1054 parentum

180 1069 326 1094 contum«
334 1067 349 1093 >l
357 1066 403 1101 la,

218 1113 252 1138 ct
269 1110 363 1138 rixis.

236 2244 342 2277 Leges

215 2288 254 2316 de
281 2289 364 2315 bove

170 2339 270 2360 cornu
277 2336 354 2364 peta
376 2335 410 2359 et

168 2376 317 2405 cisterna
345 2384 409 2404 nnn

230 2425 354 2453 operta.

238 3179 345 3212 Leges

217 3222 248 3250 in
272 3223 373 3251 tures.

479 164 532 206 72
1060 163 1140 205 Ex.
1176 162 1308 216 XXI,
1345 162 1371 204 5
1402 188 1461 193 —
1492 161 1652 216 XXII,
1686 163 1725 206 4.

479 348 576 376 cum
614 334 778 376 vestitu
815 348 905 377 suo.
939 334 955 359 5
981 333 1104 383 Quod
1138 333 1174 374 si
1209 331 1372 374 dixerit
1405 346 1555 374 servus
1584 342 1597 374 ε
1635 331 1786 387 Diligo
1820 332 2049 375 dominum
2082 347 2230 376 meum
2265 338 2310 376 et

479 407 660 435 uxorem
701 407 752 435 ac
787 393 968 447 liberos,
1003 405 1090 433 non
1129 390 1330 446 egrediar
1362 390 1486 445 liber,
1521 390 1538 416 6
1565 390 1722 433 offeret
1751 405 1851 433 eum
1889 391 2093 435 dominus
2126 391 2231 449 diis,
2266 397 2310 435 et

478 452 775 507 applicabitur
796 451 851 493 ad
876 451 1035 493 ostium
1062 455 1106 492 et
1129 455 1297 505 postes,
1317 449 1649 505 perforabitque
1672 464 1823 492 aurern
1846 449 1941 506 ejus
1964 450 2141 507 subula,
2162 456 2206 494 et
2227 451 2311 495 erit

479 511 517 553 ei
544 524 693 553 servus
714 510 759 552 in
786 509 1012 552 saeculum.
1040 508 1054 534 ⁷
1080 508 1123 552 Si
1149 508 1245 563 quis
1267 508 1519 551 vendiderit
1547 508 1686 550 filiam
1715 523 1841 551 suam
1874 508 1919 551 in
1953 509 2193 566 famulam,
2221 524 2310 553 non

477 569 727 625 egredietur
761 569 874 610 sicut
907 568 1084 611 ancillae
1116 568 1235 610 exire
1269 572 1605 610 consueverunt.
1639 567 1656 593 8
1680 567 1722 610 Si
1753 567 2030 623 displicuerit
2062 569 2200 612 oculis
2234 570 2309 613 do-

479 628 586 670 mini
613 628 678 670 sui
707 628 775 669 cui
801 627 967 670 tradita
988 627 1157 683 fuerat,
1186 627 1382 670 dimittet
1401 641 1528 681 eam;
1553 627 1715 682 populo
1741 632 1891 670 autem
1917 626 2063 670 alieno
2085 628 2310 672 vendendi

478 701 563 729 non
589 686 774 729 habebit
798 691 1087 742 potestatem,
1115 686 1152 728 si
1177 687 1392 742 spreverit
1422 700 1533 729 eam.
1564 686 1581 711 9
1603 687 1679 730 Sin
1705 691 1854 729 autem
1888 686 1978 729 filio
2011 701 2089 729 suo
2123 686 2309 743 despon-

478 746 591 788 derit
613 760 730 801 eam,
752 745 883 800 juxta
917 760 1083 788 morem
1109 745 1299 788 filiarum
1332 745 1472 788 faciet
1504 745 1584 789 illi.
1621 745 1656 771 ¹⁰
1677 745 1802 796 Quod
1827 745 1862 788 si
1892 745 2080 788 alteram
2115 750 2158 789 et
2185 760 2311 789 acce-

477 805 609 860 perit,
645 804 897 861 providebit
932 805 1093 861 puellae
1135 805 1332 861 nuptias,
1368 810 1412 847 et
1447 805 1735 860 vestimenta,
1771 810 1815 848 et
1850 804 2042 861 pretium
2080 804 2310 861 pudicitiae

477 877 563 906 non
589 864 785 920 negabit.
816 864 846 890 ¹¹
875 864 917 908 Si
944 864 1028 907 tria
1053 864 1140 907 ista
1162 878 1249 906 non
1276 864 1455 920 fecerit,
1480 864 1729 920 egredietur
1753 864 1892 920 gratis
1916 864 2082 920 absque
2107 864 2309 920 pecunia.

539 922 572 948 ¹2
598 923 679 974 Qui
712 924 976 979 percusserit
1012 923 1238 966 hominem
1275 923 1428 966 volens
1467 923 1690 975 occidere,
1729 928 1869 966 morte
1904 923 2130 969 moriatur.
2167 923 2203 949 ¹3
2230 924 2311 974 Qui

476 987 627 1025 autem
653 996 740 1024 non
768 988 834 1025 est
858 983 1113 1037 insidiatus,
1141 983 1217 1025 sed
1242 983 1360 1025 Deus
1389 981 1517 1024 illurn
1542 982 1729 1025 tradidit
1752 983 1798 1024 in
1821 997 1978 1025 manus
2005 983 2123 1039 ejus,
2149 983 2311 1025 consti-

477 1046 599 1083 tuam
629 1041 712 1084 tibi
742 1042 889 1084 locum
918 1042 963 1084 in
990 1056 1119 1097 quem
1149 1042 1307 1097 fugere
1338 1041 1510 1086 debeat.
1548 1041 1582 1067 '¹4
1605 1041 1649 1085 Si
1679 1042 1776 1097 quis
1801 1057 1879 1098 per
1907 1042 2174 1084 industriam
2196 1042 2310 1085 occi-

478 1100 591 1143 derit
623 1101 875 1157 proximum
907 1116 1054 1156 suum,
1087 1106 1130 1143 et
1166 1115 1242 1156 per
1277 1100 1483 1156 insidias,
1517 1100 1573 1143 ab
1614 1101 1744 1143 altari
1782 1115 1881 1144 meo
1915 1101 2077 1144 evelles
2111 1115 2232 1155 eum,
2263 1106 2309 1144 ut

478 1160 703 1203 moriatur.
740 1160 773 1186 ¹5
795 1160 875 1211 Qui
909 1159 1173 1216 percusserit
1204 1165 1377 1216 patrem
1403 1174 1531 1202 suum
1563 1165 1641 1202 aut
1667 1165 1876 1216 matrem,
1908 1165 2049 1203 morte
2083 1161 2304 1204 moriatur.

480 1219 513 1245 ¹⁶
535 1219 616 1270 Qui
642 1219 817 1262 furatus
842 1219 979 1262 fuerit
1004 1219 1251 1275 hominem,
1277 1224 1319 1262 et
1341 1218 1593 1262 vendiderit
1612 1234 1732 1273 eum,
1753 1219 1984 1262 convictus
2006 1234 2150 1275 noxae,
2170 1225 2311 1264 morte

478 1278 702 1321 moriatur.
739 1278 770 1305 ¹⁷
797 1278 877 1328 Qui
909 1278 1191 1321 maledixerit
1223 1278 1338 1334 patri
1372 1292 1470 1334 suo,
1494 1278 1566 1321 vel
1595 1279 1748 1334 matri,
1781 1283 1921 1322 morte
1947 1279 2173 1323 moriatur.
2206 1278 2241 1305 ¹⁸
2267 1279 2310 1323 Si

476 1337 608 1379 rixati
635 1337 804 1380 fuerint
825 1338 929 1392 viri,
953 1342 997 1380 et
1018 1338 1282 1393 percusserit
1306 1338 1419 1380 alter
1445 1338 1697 1394 proximum
1719 1353 1848 1380 81111111
1871 1338 2019 1394 lapide
2041 1338 2113 1381 vel
2138 1353 2309 1395 pugno,

477 1401 520 1439 et
549 1396 623 1439 ille
657 1402 854 1439 mortuus
886 1411 974 1439 non
1012 1397 1169 1453 fuerit,
1193 1397 1269 1440 sed
1306 1397 1497 1454 jacuerit
1527 1397 1575 1439 in
1615 1397 1807 1452 lectulo,
1846 1397 1881 1423 ¹9
1905 1397 1941 1440 si
1975 1397 2233 1455 surrexerit,
2267 1403 2312 1441 et

475 1455 775 1499 ambulaverit
806 1456 917 1499 foris
942 1471 1072 1513 super
1096 1457 1305 1499 baculum
1332 1471 1478 1512 suum,
1502 1456 1715 1500 innocens
1738 1457 1821 1500 erit
1842 1457 1914 1513 qui
1938 1457 2224 1514 percusserit,
2246 1457 2312 1500 ita

476 1519 627 1558 tamen
653 1520 701 1558 ut
723 1529 875 1572 operas
901 1515 998 1571 ejus
1020 1522 1064 1559 et
1087 1515 1312 1572 impensas
1333 1517 1379 1558 in
1402 1516 1598 1559 medicos
1622 1516 1841 1559 restituat.
1875 1515 1913 1542 2⁰
1938 1516 2019 1566 Qui
2046 1516 2313 1573 percusserit

475 1588 651 1617 servum
677 1589 804 1617 suum
827 1575 897 1618 vel
923 1575 1136 1617 ancillam
1160 1575 1307 1632 virga,
1333 1581 1377 1618 et
1398 1576 1560 1618 mortui
1587 1575 1757 1618 fuerint
1780 1575 1826 1618 in
1854 1576 2061 1618 manibus
2084 1575 2201 1632 ejus,
2228 1575 2310 1618 cri-

477 1633 608 1676 minis
630 1648 728 1677 reus
750 1634 845 1678 erit.
872 1633 906 1660 2¹
935 1634 1011 1678 Sin
1031 1639 1182 1677 autem
1215 1649 1300 1677 uno
1323 1635 1394 1677 die
1416 1635 1487 1678 vel
1517 1635 1687 1678 duobus
1731 1633 2047 1691 supervixerit,
2089 1648 2179 1678 non
2210 1635 2311 1677 sub-

474 1692 646 1748 jacebit
671 1708 836 1749 poenae,
863 1693 965 1749 quia
987 1694 1176 1750 pecunia
1196 1694 1317 1737 illius
1343 1699 1421 1737 est.
1448 1693 1485 1719 ‘22
1512 1694 1554 1738 Si
1580 1694 1714 1737 rixati
1741 1695 1912 1737 fuerint
1932 1695 2038 1749 viri,
2067 1699 2111 1737 et
2135 1708 2311 1751 percus-

475 1752 580 1794 serit
605 1752 701 1808 quis
727 1753 957 1796 mulierem
986 1758 1316 1809 praegnantem,
1345 1758 1388 1796 et
1412 1753 1665 1796 abortivum
1691 1753 1871 1809 quidem
1899 1753 2078 1809 fecerit,
2106 1753 2183 1796 sed
2215 1753 2314 1810 ipsa

475 1811 657 1868 vixerit,
685 1812 937 1868 subjacebit
959 1812 1121 1855 damno
1143 1817 1358 1868 quantum
1384 1813 1568 1855 maritus
1590 1813 1788 1855 mulieris
1814 1812 2070 1869 expetierit,
2091 1817 2135 1855 et
2155 1812 2311 1855 arbitri

474 1870 787 1926 judicaverint.
815 1871 851 1898 “23
870 1871 943 1916 Sin
966 1877 1117 1915 autem
1139 1886 1255 1915 mors
1278 1872 1375 1928 ejus
1397 1872 1534 1915 fuerit
1559 1872 1814 1927 subsecuta,
1833 1871 1989 1914 reddet
2009 1871 2209 1914 animam
2234 1886 2312 1928 pro

475 1930 645 1986 anima,
670 1931 704 1957 24
724 1931 900 1974 oculum
924 1945 1003 1988 pro
1025 1931 1170 1988 oculo,
1196 1931 1375 1975 dentem
1397 1945 1475 1988 pro
1501 1931 1653 1987 dente,
1674 1945 1856 1974 manum
1880 1945 1959 1988 pro
1984 1945 2132 1987 manu,
2152 1931 2312 1988 pedem

475 2004 552 2046 pro
574 1991 705 2046 pede,
738 1990 774 2018 ‘²5
795 1991 1075 2034 adustionem
1107 2005 1185 2047 pro
1206 1991 1460 2046 adustione,
1488 1991 1649 2033 vulnus
1681 2005 1759 2047 pro
1785 1990 1988 2045 vulnere,
2012 1990 2199 2034 livorem
2233 2004 2311 2047 pro

475 2048 627 2095 livore.
656 2049 692 2077 ‘¹'ss
719 2051 761 2094 Si
786 2050 1050 2107 percusserit
1071 2050 1293 2107 quispiam
1327 2049 1503 2093 oculum
1536 2050 1649 2093 servi
1677 2050 1743 2093 sui
1768 2055 1847 2093 aut
1878 2049 2078 2106 ancillae,
2103 2055 2146 2093 et
2168 2049 2312 2093 luscos

477 2122 548 2151 eos
573 2109 753 2165 fecerit,
783 2110 980 2153 dimittet
1005 2123 1077 2152 008
1100 2110 1262 2152 liberos
1288 2124 1366 2166 pro
1391 2109 1517 2152 oculo
1543 2124 1674 2165 quem
1705 2109 1831 2152 eruit.
1859 2108 1894 2135 27
1923 2111 2115 2153 Dentem
2141 2123 2311 2165 quoque

475 2168 511 2210 si
538 2169 780 2212 excusserit
805 2183 932 2212 servo
956 2169 1028 2212 vel
1049 2169 1226 2211 ancillae
1252 2183 1364 2225 suae,
1388 2169 1594 2211 similiter
1620 2168 1819 2212 dimittet
1844 2183 1917 2212 eos
1939 2168 2113 2213 liberos.

535 2227 571 2254 28
597 2228 641 2272 Si
677 2228 756 2271 bos
793 2242 927 2271 cornu
964 2229 1227 2285 percusserit
1262 2228 1407 2270 virum
1443 2233 1521 2271 aut
1557 2228 1810 2284 mulierem,
1845 2233 1890 2271 et
1926 2228 2086 2271 mortui
2121 2228 2303 2284 fuerint,

477 2286 698 2343 lapidibus
720 2287 939 2343 obruetur,
959 2292 1003 2330 et
1027 2301 1115 2330 non
1136 2288 1424 2331 comedentur
1447 2301 1599 2330 carnes
1623 2287 1738 2344 ejus,
1763 2287 1968 2330 dominus
1990 2301 2160 2343 quoque
2185 2287 2310 2330 bovis

475 2346 688 2389 innocens
711 2347 805 2390 erit.
833 2346 869 2372 “²9
893 2347 1017 2397 Quod
1040 2346 1076 2389 si
1102 2346 1180 2390 bos
1206 2352 1447 2403 cornupeta
1469 2347 1607 2390 fuerit
1632 2347 1689 2389 ab
1711 2347 1805 2390 heri
1835 2352 1878 2390 et
1899 2346 2239 2403 nudiustertius,
2267 2352 2312 2390 et

477 2406 714 2448 contestati
747 2411 849 2448 sunt
881 2405 1112 2449 dominum
1150 2406 1267 2462 ejus,
1297 2420 1378 2449 nec
1413 2406 1643 2449 recluserit
1680 2420 1800 2462 eum,
1835 2405 2133 2461 occideritque
2166 2405 2311 2448 virum

475 2470 552 2507 aut
592 2464 843 2520 mulierem,
883 2470 926 2508 et
962 2465 1040 2508 bos
1081 2465 1305 2521 lapidibus
1350 2465 1570 2520 obruetur,
1609 2470 1653 2509 et
1687 2465 1915 2508 dominum
1953 2464 2050 2521 ejus
2092 2464 2310 2509 occident.

476 2523 512 2549 3⁰
537 2523 661 2574 Quod
694 2524 729 2566 si
763 2524 956 2581 pretium
988 2524 1126 2567 fuerit
1155 2525 1194 2568 ei
1232 2525 1512 2581 impositum,
1537 2525 1664 2568 dabit
1689 2539 1766 2581 pro
1802 2524 1954 2567 anima
1979 2538 2057 2567 sua
2095 2524 2310 2580 quidquid

476 2582 614 2626 fuerit
642 2583 905 2639 postulatus.
939 2584 972 2610 3¹
1003 2584 1168 2626 Filium
1198 2598 1369 2640 quoque
1395 2589 1440 2627 et
1465 2584 1604 2626 filiam
1634 2584 1670 2627 81
1697 2598 1832 2627 0011111
1865 2583 2151 2640 percusserit,
2175 2583 2311 2626 simili

476 2642 710 2685 sententiae
739 2643 1006 2699 subjacebit.
1038 2642 1075 2669 32
1101 2643 1144 2687 Si
1178 2657 1354 2687 servum
1385 2643 1686 2699 ancillamque
1710 2643 1944 2698 invaserit,
1968 2642 2156 2698 triginta
2181 2643 2312 2686 siclos

475 2701 649 2757 argenti
676 2701 855 2745 domino
878 2702 1022 2759 dabit,
1047 2702 1126 2745 bos
1148 2717 1251 2747 vero
1275 2702 1498 2759 lapidibus
1524 2703 1809 2760 opprimetur.
1840 2702 1878 2729 33
1899 2702 1942 2746 Si
1969 2702 2066 2757 quis
2089 2703 2312 2759 aperuerit

477 2760 734 2815 cisternam,
763 2766 806 2804 et
835 2761 1020 2817 foderit,
1046 2767 1090 2805 et
1119 2775 1208 2805 non
1235 2762 1454 2818 operuerit
1480 2777 1599 2818 eam,
1625 2761 1919 2817 cecideritque
1947 2761 2025 2804 bos
2059 2767 2138 2804 aut
2161 2761 2311 2804 asinus

476 2818 521 2861 in
548 2833 665 2875 eam,
697 2819 732 2845 3⁴
757 2820 913 2863 reddet
946 2820 1150 2863 dominus
1181 2821 1386 2864 cisternae
1419 2821 1613 2877 pretium
1645 2821 1976 2877 jumentorum3
2012 2820 2128 2876 quod
2161 2825 2310 2863 autem

477 2883 698 2921 mortuum
725 2884 809 2934 est,
835 2879 971 2935 ipsius
996 2880 1093 2923 erit.
1119 2880 1156 2906 35
1175 2880 1218 2924 Si
1245 2880 1323 2922 bos
1348 2880 1520 2923 alienus
1546 2880 1706 2924 bovem
1727 2879 1909 2922 alterius
1931 2879 2243 2935 vulneraverit,
2268 2886 2312 2923 et

475 2937 552 2980 ille
578 2942 776 2980 mortuus
798 2938 954 2995 fuerit,
982 2933 1177 2982 vendent
1201 2939 1362 2983 bovem
1387 2939 1561 2995 vivum,
1593 2945 1637 2983 et
1662 2938 1864 2982 divident
1886 2939 2098 2995 pretium,
2123 2938 2313 2982 cadaver

476 3001 626 3039 autem
659 2997 820 3039 mortui
853 2996 969 3040 inter
1001 3013 1046 3041 se
1080 2998 1357 3054 dispertient.
1395 2999 1432 3025 3⁶
1458 2998 1534 3042 Sin
1567 3003 1717 3042 autem
1749 2997 1920 3040 sciebat
1953 2997 2068 3054 quod
2105 2997 2185 3040 bos
2219 3012 2311 3040 cor-

477 3061 642 3112 nupeta
674 3061 789 3099 esset
822 3056 877 3098 ab
914 3057 1007 3099 heri
1045 3063 1090 3100 et
1122 3057 1461 3114 nudiustertius,
1498 3063 1541 3101 et
1577 3072 1664 3100 non
1700 3057 1942 3099 custodivit
1972 3071 2072 3100 eum
2107 3056 2310 3100 dominus

477 3129 599 3170 suus,
622 3115 778 3158 reddet
803 3115 962 3158 bovem
988 3131 1065 3172 pro
1090 3116 1222 3172 bove,
1246 3122 1290 3160 et
1315 3116 1506 3160 cadaver
1531 3117 1752 3172 integrum
1777 3116 1982 3172 accipiet.

536 3174 642 3217 CAP.
669 3175 822 3218 XXII.
847 3199 904 3206 —
939 3174 948 3200 ¹
979 3175 1022 3218 Si
1048 3176 1143 3231 quis
1169 3176 1344 3219 furatus
1378 3175 1514 3219 fuerit
1539 3175 1719 3231 bovem,
1750 3180 1828 3217 aut
1853 3189 2001 3231 ovem,
2029 3180 2074 3218 et
2098 3174 2308 3218 occiderit

475 3232 548 3275 vel
570 3233 840 3289 vendiderit,
864 3233 1055 3289 quinque
1078 3234 1212 3278 boves
1234 3249 1312 3291 pro
1334 3249 1420 3278 uno
1442 3235 1555 3278 bove
1580 3233 1804 3290 restituet,
1828 3239 1872 3276 et
1894 3239 2082 3290 quatuor
2106 3247 2210 3276 oves
2232 3247 2308 3290 pro

477 3306 564 3334 una
590 3306 683 3336 ove.
721 3291 738 3318 ⁹²
760 3292 802 3336 Si
829 3292 1072 3348 effringens
1106 3294 1178 3336 fur
1213 3294 1393 3336 domum
1429 3293 1522 3337 sive
1560 3292 1802 3336 suffodiens
1839 3293 1978 3337 fuerit
2008 3293 2240 3348 inventus,
2268 3297 2313 3336 ct

475 3356 660 3407 accepto
682 3351 864 3395 vulnere
890 3357 1086 3394 mortuus
1108 3352 1264 3407 fucrit,
1288 3367 1516 3408 percussor
1541 3366 1629 3395 non
1655 3351 1738 3395 erit
1759 3366 1858 3394 reus
1884 3351 2127 3408 sanguinis.
2151 3351 2169 3378 3
2187 3351 2310 3402 Quod

477 3408 513 3451 si
539 3415 633 3452 orto
654 3411 745 3453 sole
767 3411 850 3454 hoc
878 3411 1057 3466 fecerit,
1085 3411 1376 3454 homicidium
1399 3411 1691 3468 perpetravit,
1715 3415 1759 3453 et
1784 3410 1878 3467 ipse
1901 3411 2125 3454 morietur.
2152 3410 2198 3454 Si
2223 3424 2311 3453 non

478 3468 682 3511 habuerit
706 3469 822 3524 quod
847 3483 926 3526 pro
948 3469 1069 3512 furto
1095 3469 1272 3525 reddat,
1298 3470 1393 3526 ipse
1426 3469 1769 3514 venundabitur.
1797 3469 1813 3496 ⁴
1840 3469 1885 3514 Si
1915 3469 2149 3513 inventum
2172 3469 2312 3512 fuerit

480 3627 527 3659 12]
546 3626 625 3654 Lev.
639 3626 763 3661 XXIV,
781 3628 824 3655 17.
849 3642 885 3646 ——
910 3628 957 3661 13]
977 3628 1074 3655 Deut.
1097 3627 1199 3661 XIX,
1216 3630 1241 3655 2.
1268 3642 1303 3646 ——
1330 3628 1376 3660 17]
1396 3627 1474 3655 Lev.
1494 3627 1576 3662 XX,
1595 3629 1621 3655 9.
1645 3627 1742 3654 Prov.
1762 3627 1844 3661 XX,
1861 3629 1906 3654 20.
1930 3626 2051 3655 Matth.
2071 3625 2144 3661 XV,
2160 3627 2187 3654 4.
2208 3625 2311 3656 Marc·

478 3670 556 3705 VII,
575 3673 617 3698 10.
635 3685 670 3689 —
687 3671 735 3704 24]
757 3671 835 3700 Lev.
854 3671 978 3706 XXIV,
995 3674 1039 3699 2ο.
1063 3672 1159 3699 Deut.
1174 3671 1268 3706 XIX,
1281 3671 1328 3699 21.
1352 3671 1471 3699 Matth.
1487 3671 1526 3706 V,
1539 3673 1583 3699 38.
1598 3685 1633 3690 -
1652 3670 1679 3704 1]
1701 3670 1733 3698 11
1751 3671 1833 3704 Reg.
1852 3670 1932 3706 XII,
1948 3673 1975 3700 6.
