2423 3861
94 1351 319 1383 Reprehendi-

80 1398 139 1422 tur
153 1397 225 1422 tum
241 1402 325 1422 vana

101 1446 177 1472 spes
196 1446 310 1472 supcr-

116 1484 237 1512 sticum
256 1483 289 1512 in

138 1528 272 1563 ‚Iudaea‚

93 2606 165 2631 tum
184 2604 213 2632 10
220 2603 306 2632 ritas

106 2648 241 2675 exulum
260 2648 293 2675 in

105 2692 296 2726 Babylonia.

118 3330 281 3358 Malorum

111 3377 286 3406 pastorum

147 3425 256 3446 mores

127 3462 275 3494 pessimi.

400 101 488 144 95ss
900 99 974 140 ΕΖ,
1010 97 1242 153 XXXIII,
1280 99 1333 139 1⁶2
1366 123 1424 129 —-
1455 99 1671 153 XXXIV,
1705 100 1745 141 3.

399 271 671 324 moriemini,
704 270 859 312 domus
886 267 1060 311 Israel?
1089 266 1125 292 ¹2
1141 268 1209 310 Tu
1235 267 1406 323 itaque,
1433 267 1496 309 fili
1521 267 1736 324 hominis,
1763 268 1836 311 dic
1861 269 1917 312 ad
1950 270 2064 314 filios
2091 272 2244 329 populi

398 331 493 374 tui:
519 331 547 373 J
552 329 703 371 ustitia
736 327 847 383 justi
876 341 965 369 non
999 327 1210 370 liberabit
1242 341 1364 382 eum,
1391 327 1438 369 in
1465 340 1744 383 quacumque
1777 327 1849 370 die
1882 331 2164 387 peccaverit;
2200 336 2244 375 et

400 390 606 446 impietas
628 386 754 443 impii
777 400 865 429 non
885 386 1068 429 nocebit
1092 386 1153 442 ei,
1179 387 1226 428 in
1249 400 1527 442 quacumque
1554 386 1626 429 die
1652 400 1891 430 conversus
1917 388 2056 432 fuerit
2080 391 2136 433 ab
2159 391 2244 433 im-

399 449 564 505 pietate
594 461 702 499 sua;
734 451 779 489 et
807 445 953 501 justus
978 460 1067 488 non
1097 445 1260 502 poterit
1284 446 1434 489 vivere
1464 446 1511 488 in
1538 445 1719 501 justitia
1750 460 1851 502 sua,
1885 447 1932 490 in
1965 463 2245 506 quacumque

399 508 469 550 die
507 505 772 562 peccaverit.
811 505 844 532 ¹3
874 505 1062 548 Etiamsi
1101 505 1254 548 dixero
1287 505 1408 561 justo
1441 505 1558 561 quod
1592 505 1685 548 vita
1714 506 1865 562 vivat,
1896 512 1940 550 et
1974 508 2166 552 confisus
2196 510 2244 553 in

397 565 574 622 justitia
596 580 675 608 sua
701 565 862 608 fecerit
892 565 1197 621 iniquita-tem,
1227 579 1378 608 omnes
1403 565 1594 621 justitiae
1625 565 1723 621 ejus
1754 566 1970 610 oblivioni
1995 568 2240 623 tradentur,

397 633 441 668 et
475 625 523 667 in
560 624 796 680 iniquitate
833 639 912 667 sua
950 639 1081 681 quam
1120 630 1324 682 operatus
1360 629 1448 681 est,
1486 624 1534 667 in
1570 625 1668 682 ipsa
1701 626 1925 670 morietur.
1953 626 1989 652 ¹4
2016 627 2060 671 Si
2093 634 2245 672 autem

398 685 549 728 dixero
571 684 709 741 impio
734 701 741 728 :
765 685 908 727 Morte
934 684 1153 740 morieris,
1177 690 1220 728 et
1246 684 1387 740 egerit
1410 684 1727 741 poenitentiam
1747 700 1773 728 a
1796 691 1981 743 peccato
2003 701 2104 742 suo,
2123 688 2243 731 fece-

395 744 538 800 ritque
559 743 781 800 judicium
803 750 847 787 et
871 744 1115 800 justitiam,
1141 744 1176 771 15
1192 750 1238 788 01
1263 745 1426 801 pignus
1447 743 1691 802 restituerit
1714 745 1791 788 ille
1812 745 2000 802 impius,
2020 747 2244 803 rapinam-

396 818 480 860 que
515 803 777 860 reddiderit,
815 804 863 846 in
890 804 1126 847 'mandatis
1162 804 1269 847 vitae
1307 803 1631 860 ambulaverit,
1675 818 1756 848 nec
1797 806 1958 849 fecerit
2000 806 2245 863 quidquam

394 863 636 919 injustum,
656 863 749 906 vita
768 863 910 919 vivet,
934 869 977 907 et
1003 879 1091 907 non
1114 864 1339 907 morietur.
1364 863 1400 890 ¹⁶
1423 863 1587 907 Omnia
1607 870 1794 920 peccata
1817 866 1937 922 ejus,
1962 881 2061 923 quae
2087 881 2242 923 pecca-

393 922 479 976 vit,
528 935 616 964 non
665 922 1010 980 imputabuntur
1031 924 1096 979 ei3
1121 924 1343 980 judicium
1368 929 1413 968 et
1437 924 1663 980 justitiam
1687 924 1819 981 fecit,
1845 926 1942 968 vita
1967 926 2103 970 vivet.
2129 926 2163 952 ¹⁷
2187 928 2245 970 Et

395 982 603 1026 dixerunt
624 982 703 1025 filii
730 983 883 1040 populi
904 984 970 1026 tui
992 1001 1001 1028 :
1030 985 1130 1027 Non
1151 988 1220 1027 est
1252 983 1366 1040 aequi
1390 983 1597 1040 ponderis
1626 984 1697 1027 via
1728 985 1940 1041 Domini3
1974 991 2018 1029 et
2047 985 2242 1043 ipsorum

393 1043 465 1084 via
494 1043 664 1098 injusta
695 1048 774 1086 est.
804 1042 837 1069 ¹8
857 1043 968 1086 Cum
1003 1044 1122 1087 enirn
1155 1043 1386 1087 recesserit
1418 1043 1566 1100 justus
1598 1058 1625 1086 a
1654 1044 1830 1100 justitia
1859 1059 1959 1103 sua,
1994 1046 2244 1102 feceritque

393 1101 670 1158 iniquitates,
699 1103 912 1146 morietur
933 1103 977 1145 in
993 1104 1080 1147 eis.
1110 1104 1145 1129 ¹9
1164 1105 1221 1146 Et
1244 1118 1346 1146 cum
1369 1103 1601 1147 recesserit
1627 1103 1790 1160 impius
1810 1104 1868 1147 ab
1889 1098 2123 1162 impietate
2140 1120 2242 1162 sua,

391 1162 638 1218 feceritque
663 1161 885 1217 judicium
911 1168 956 1206 et
977 1163 1223 1219 justitiam,
1247 1163 1371 1207 vivet
1392 1163 1438 1206 in
1464 1162 1541 1207 eis.
1564 1162 1602 1189 ²⁰
1621 1164 1679 1206 Et
1701 1163 1851 1207 dicitis
1870 1181 1881 1208 t
1906 1166 2007 1209 Non
2031 1170 2100 1208 est
2120 1170 2243 1208 recta

392 1221 465 1264 via
499 1221 697 1265 Domini.
733 1223 1109 1279 Unumquemque
1143 1223 1273 1279 juxta
1303 1223 1399 1266 vias
1432 1237 1534 1266 suas
1565 1223 1779 1280 judicabo
1815 1224 1870 1268 de
1903 1225 2051 1280 vobis,
2085 1224 2243 1268 domus

392 1281 544 1325 Israel.

450 1340 483 1367 2¹
506 1342 563 1383 Et
589 1343 764 1386 factum
787 1349 854 1386 est
879 1343 926 1385 in
953 1343 1216 1387 duodecimo
1242 1357 1380 1399 anno,
1404 1342 1452 1385 in
1479 1342 1652 1386 decimo
1675 1357 1847 1401 mense,
1869 1343 1916 1387 in
1938 1343 2096 1401 quinta
2115 1359 2239 1388 men-

390 1401 449 1444 sis
468 1403 874 1458 transmigrationis
901 1409 1078 1459 nostrae,
1099 1404 1223 1447 venit
1241 1403 1298 1446 ad
1317 1417 1388 1445 me
1407 1403 1480 1458 qui
1500 1403 1683 1458 fugerat
1701 1403 1755 1446 de
1775 1404 2040 1460 Jerusalem,
2062 1404 2239 1449 dicens:

390 1462 581 1504 Vastata
607 1468 674 1505 est
701 1463 874 1507 civitas.
899 1462 935 1488 Ἠ
953 1464 1113 1506 Μο11115
1137 1468 1285 1506 01110111
1315 1462 1497 1505 Domini
1524 1463 1650 1510 facta
1676 1463 1827 1506 fuerat
1856 1464 1912 1506 ad
1936 1479 2007 1507 me
2033 1478 2235 1520 vespere,

389 1526 630 1577 antequam
654 1522 825 1566 veniret
852 1523 926 1579 qui
955 1524 1160 1579 fugerat3
1186 1523 1446 1579 aperuitque
1473 1537 1520 1565 os
1546 1537 1696 1565 meum
1719 1523 1858 1566 donec
1885 1523 2057 1567 veniret
2083 1523 2140 1566 ad
2169 1526 2253 1568 me'

390 1596 544 1635 mane;
571 1588 613 1624 et
639 1588 791 1638 aperto
816 1597 888 1625 ore
915 1598 1033 1637 meo,
1062 1598 1149 1626 non
1175 1583 1276 1624 silui
1303 1581 1508 1638 amplius.

450 1639 486 1667 ²3
512 1642 570 1683 Et
599 1642 775 1684 factum
806 1647 872 1684 est
895 1642 1081 1685 verbum
1114 1642 1295 1685 Domini
1326 1641 1382 1683 ad
1414 1656 1504 1696 me,
1535 1640 1715 1684 dicens:
1748 1641 1785 1667 ⁶24
1804 1643 1892 1685 Fili
1923 1642 2138 1700 hominis,
2167 1643 2241 1699 qui

389 1700 596 1742 habitant
618 1700 664 1742 in
686 1701 875 1744 ruinosis
901 1701 970 1744 his
996 1716 1126 1758 super
1147 1702 1334 1744 humum
1363 1701 1521 1756 Israel,
1551 1701 1780 1756 loquentes
1806 1702 1960 1745 aiunt:
1995 1703 2120 1746 Unus
2146 1708 2241 1745 erat

391 1759 641 1815 Abraham,
669 1767 711 1804 et
738 1761 985 1804 hereditate
1011 1761 1209 1817 possedit
1231 1767 1419 1815 terram;
1454 1774 1534 1803 nos
1561 1765 1710 1803 autem
1741 1761 1871 1803 multi
1901 1776 2053 1804 sumus
2077 1779 2084 1806 :
2111 1762 2239 1805 nobis

391 1819 495 1862 data
523 1825 587 1862 est
609 1826 726 1862 terra
751 1820 799 1862 in
825 1821 1162 1877 possessionem.
1189 1820 1226 1846 “2⁵
1245 1820 1420 1863 Idcirco
1444 1820 1566 1863 dices
1592 1820 1648 1862 ad
1674 1834 1749 1863 eos
1772 1838 1780 1864 :
1809 1822 1923 1864 Haec
1951 1821 2060 1863 dicit
2085 1821 2239 1864 Domi-

390 1894 471 1922 nus
496 1880 615 1922 Deus
635 1896 642 1922 :
669 1880 752 1930 Qui
773 1880 819 1922 in
839 1880 1055 1936 sanguine
1079 1880 1325 1935 comeditis,
1347 1884 1391 1922 01
1414 1879 1563 1922 0011105
1582 1884 1751 1922 vestros
1778 1880 1938 1923 levatis
1964 1881 2020 1923 ad
2046 1880 2239 1923 immun-

391 1938 523 1981 ditias
545 1944 737 1995 vestras,
765 1944 808 1982 et
837 1940 1102 1995 sanguinem
1132 1939 1345 1995 funditis,
1372 1938 1590 1994 numquid
1621 1943 1786 1982 terram
1819 1940 2067 1983 hereditate
2100 1940 2239 1997 possi-

391 1998 581 2042 debitis?
609 1997 645 2025 2ss
665 1999 859 2043 Stetistis
885 1999 931 2041 in
955 1999 1118 2055 gladiis
1140 1998 1312 2054 vestris,
1336 1998 1510 2041 fecistis
1532 1998 1913 2054 abominationes,
1937 2005 1981 2042 et
2006 2000 2239 2056 unusquis-

390 2072 472 2113 que
498 2072 681 2101 uxorem
705 2058 895 2115 proximi
915 2059 982 2102 sui
1002 2059 1187 2116 polluit:
1208 2064 1253 2102 et
1274 2063 1439 2101 terram
1461 2058 1710 2102 hereditate
1730 2058 2045 2116 possidebitis?
2069 2058 2104 2085 “²⁷
2124 2060 2238 2103 Haec

390 2117 509 2160 dices
534 2118 591 2160 ad
619 2133 722 2162 eos:
748 2119 820 2162 Sic
855 2119 964 2161 dicit
999 2119 1218 2162 Dominus
1254 2119 1405 2162 Deus:
1436 2117 1553 2161 Vivo
1587 2132 1691 2174 ego,
1724 2119 1828 2174 quia
1861 2119 1936 2175 qui
1968 2119 2015 2161 in
2047 2119 2238 2163 ruinosis

388 2177 615 2232 habitant,
639 2178 790 2233 gladio
823 2179 1008 2234 cadent,
1035 2184 1079 2222 et
1102 2179 1175 2235 qui
1201 2179 1248 2221 in
1272 2192 1379 2234 agro
1412 2183 1499 2234 est,
1527 2178 1681 2221 bestiis
1708 2179 1910 2222 tradetur
1939 2178 1995 2222 ad
2021 2179 2237 2222 devoran-

389 2237 518 2292 dum3
551 2237 626 2293 qui
659 2243 812 2281 autem
840 2239 886 2280 in
921 2238 1140 2295 praesidiis
1174 2244 1218 2281 01
1251 2238 1475 2295 speluncis
1513 2242 1636 2294 sunt,
1671 2243 1795 2294 peste
1830 2239 2086 2282 morientur.
2121 2237 2157 2265 28
2180 2240 2238 2282 Et

388 2296 503 2339 dabo
526 2302 689 2340 terram
718 2297 765 2340 in
794 2298 1082 2341 solitudinem
1110 2304 1153 2341 et
1181 2299 1228 2340 in
1256 2298 1502 2353 desertum,
1527 2303 1572 2340 et
1599 2298 1775 2341 deficiet
1801 2298 1991 2355 superba
2016 2299 2236 2341 fortitudo

388 2356 517 2411 ejus3
558 2362 601 2400 et
639 2357 959 2400 desolabuntur
999 2365 1172 2400 montes
1211 2357 1375 2413 Israel,
1419 2372 1468 2400 00
1507 2358 1622 2413 quod
1660 2357 1810 2400 nullus
1847 2358 1905 2401 sit
1942 2358 2017 2414 qui
2051 2373 2128 2415 per
2163 2370 2237 2401 eos

388 2422 612 2471 transeat3
638 2416 731 2460 ⁹9et
756 2417 899 2460 scient
921 2418 1024 2473 quia
1051 2432 1133 2473 ego
1162 2417 1404 2472 Dominus,
1431 2431 1531 2459 cum
1559 2417 1721 2460 dedero
1744 2422 1909 2461 terram
1935 2432 2086 2461 eorum
2112 2418 2236 2461 deso-

387 2475 527 2517 latam
560 2481 604 2518 et
638 2476 882 2533 desertam,
918 2482 1097 2534 propter
1127 2477 1356 2520 universas
1384 2476 1742 2520 abominationes
1771 2491 1895 2534 suas,
1927 2491 2036 2533 quas
2065 2477 2236 2534 operati

386 2540 500 2578 sunt.

445 2594 482 2620 30
502 2596 558 2637 Et
584 2600 653 2651 tu,
676 2595 739 2638 fili
765 2596 979 2653 hominis,
1003 2597 1083 2639 filii
1114 2597 1267 2654 populi
1296 2596 1382 2651 tui,
1410 2597 1485 2652 qui
1511 2597 1753 2652 loquuntur
1778 2596 1832 2639 de
1862 2601 1905 2640 te
1930 2597 2061 2653 juxta
2087 2610 2235 2640 muros

386 2659 430 2697 et
451 2654 497 2696 in
523 2655 646 2698 ostiis
669 2655 922 2712 domorum,
946 2662 991 2700 et
1013 2656 1169 2699 dicunt
1194 2671 1307 2700 unus
1329 2656 1385 2699 ad
1409 2657 1622 2712 alterum,
1643 2656 1710 2699 vir
1728 2656 1785 2699 ad
1807 2657 2063 2713 proximum
2084 2670 2234 2711 suum,

386 2714 618 2770 loquentes
640 2732 648 2759 :
675 2715 859 2771 Venite,
883 2722 927 2759 et
948 2716 1182 2759 audiamus
1209 2716 1305 2772 quis
1327 2716 1385 2759 sit
1411 2730 1555 2759 sermo
1577 2716 1809 2772 egrediens
1835 2731 1862 2758 a
1884 2716 2094 2760 Domino.
2124 2715 2158 2742 3¹
2179 2716 2236 2758 Et

385 2774 571 2817 veniunt
599 2775 657 2817 ad
683 2780 746 2830 te,
776 2775 901 2831 quasi
927 2776 963 2818 si
992 2776 1272 2832 ingrediatur
1297 2775 1506 2833 populus,
1535 2781 1579 2819 et
1604 2776 1762 2819 sedent
1788 2790 1938 2818 coram
1967 2781 2012 2819 te
2044 2775 2235 2832 populus

385 2847 532 2886 meus;
562 2839 606 2877 et
637 2834 829 2877 audiunt
858 2849 1082 2879 sermones
1112 2841 1232 2892 tuos,
1259 2841 1305 2879 et
1338 2849 1425 2879 non
1455 2836 1634 2879 faciunt
1665 2850 1759 2892 eos,
1795 2835 1899 2891 quia
1928 2834 1974 2877 in
2009 2834 2231 2878 canticum

385 2892 470 2935 oris
493 2894 561 2936 sui
583 2899 763 2937 vertunt
787 2894 908 2951 illos,
933 2900 977 2938 et
998 2895 1236 2938 avaritiam
1266 2910 1391 2938 suam
1423 2895 1621 2951 sequitur
1651 2909 1724 2939 cor
1748 2909 1913 2938 eorum²
1942 2893 1979 2920 32
2002 2895 2060 2936 Et
2093 2908 2138 2937 es
2173 2894 2235 2937 eis

386 2952 508 3006 quasi
547 2968 727 2997 carmen
764 2954 1005 3011 musicum,
1045 2955 1161 3010 quod
1195 2955 1322 2998 suavi
1357 2954 1564 3010 dulcique
1597 2968 1704 2998 sono
1739 2953 1940 3008 canitur3
1970 2959 2016 2996 et
2045 2954 2234 2996 audiunt

385 3011 519 3054 verba
546 3018 643 3067 tua,
671 3018 715 3056 et
740 3028 827 3056 non
851 3014 1028 3056 faciunt
1049 3029 1115 3057 ea.
1139 3014 1176 3041 33
1195 3016 1251 3057 Et
1273 3029 1376 3057 cum
1394 3015 1567 3057 venerit
1588 3014 1706 3070 quod
1728 3013 1995 3070 praedictum
2019 3019 2106 3069 est,
2131 3026 2233 3056 ecce

386 3070 505 3112 enini
530 3073 673 3128 venit,
700 3078 807 3115 tunc
829 3073 972 3116 scient
998 3074 1114 3129 quod
1141 3074 1374 3131 prophetes
1401 3074 1540 3117 fuerit
1566 3075 1680 3116 inter
1704 3086 1792 3116 005.

715 3193 737 3250 ξ
774 3195 836 3237 II.
870 3222 929 3228 —
961 3196 1032 3239 De
1061 3197 1193 3239 malis
1215 3197 1474 3253 pastoribus
1498 3210 1551 3239 (1-0
1578 3195 1683 3238 bono
1705 3202 1898 3251 pastore.

445 3310 553 3353 CAP,
579 3310 795 3352 XXXIV.
814 3337 874 3343 —
891 3311 902 3337 '¹
922 3313 979 3354 Et
1004 3313 1177 3355 factum
1200 3318 1266 3356 est
1284 3313 1469 3359 verbum
1492 3311 1672 3355 Domini
1698 3312 1753 3354 ad
1779 3327 1871 3367 me,
1896 3312 2078 3355 dicens:
2104 3310 2122 3337 ‘2
2142 3311 2228 3354 Fili

386 3369 598 3424 hominis,
632 3369 849 3426 propheta
883 3370 935 3413 de
964 3372 1216 3427 pastoribus
1251 3372 1416 3426 Israe13
1453 3371 1688 3428 propheta,
1717 3377 1760 3415 et
1791 3371 1912 3415 dices
1945 3371 2228 3427 pastoribus:

388 3429 502 3471 Haec
537 3429 646 3471 dicit
673 3428 890 3472 Dominus
917 3431 1063 3473 Deus:
1092 3432 1174 3474 Vae
1208 3432 1458 3488 pastoribus
1492 3430 1653 3483 Israel,
1685 3431 1758 3487 qui
1792 3431 2038 3488 pascebant
2067 3435 2229 3473 semet-

385 3487 527 3543 ipsos!
557 3489 715 3531 Nonne
740 3502 897 3544 greges
923 3503 949 3531 a
973 3491 1225 3545 pastoribus
1249 3489 1522 3547 pascuntur?
1541 3489 1559 3516 3
1577 3490 1668 3532 Lac
1699 3489 2022 3546 comedebatis,
2044 3495 2089 3533 et
2112 3488 2229 3532 lanis

388 3634 436 3667 20]
455 3634 532 3666 Sup.
551 3635 681 3669 XVIII,
698 3639 742 3664 25.
761 3650 792 3656 —
809 3636 838 3670 2]
857 3636 925 3664 Jer.
944 3636 1078 3671 XXIII,
1098 3639 1121 3664 l.
1144 3637 1222 3668 Sup.
1240 3636 1340 3671 XIII,
1354 3639 1381 3666 3.
