2456 3861
730 126 846 169 GEN.
881 125 1023 179 XXV,
1057 125 1112 167 27
1138 149 1197 155 —
1226 123 1403 178 XXVI,
1437 124 1506 164 2⁶2.
1594 116 1598 120 ”
1971 121 2025 185 2ξ1

267 297 301 323 ‘2⁷
327 297 493 347 Quibus
517 296 701 351 adultis,
729 296 877 338 factus
902 299 969 338 651
1004 295 1119 337 Esau
1149 294 1212 336 vir
1243 307 1406 349 gnarus
1433 292 1644 346 venandi,
1679 296 1723 333 et
1755 291 1886 333 homo
1911 291 2027 345 agri-

203 356 328 410 cola,
357 355 498 401 Jacob
524 361 672 398 autem
697 355 764 396 vir
788 354 973 410 simplex
993 352 1226 395 habitabat
1245 353 1287 394 in
1310 350 1619 394 tabernaculis
1647 350 1682 375 ‘²⁸
1705 350 1829 392 Isaac
1847 349 2028 391 amabat

212 416 346 470 Esau,
372 428 423 457 eo
456 413 571 469 quod
604 414 658 457 de
691 413 1001 456 venationibus
1035 412 1152 454 ill-ius
1186 416 1461 463 vesceretur;
1499 414 1543 452 et
1580 408 1779 452 Rebecca
1811 407 2028 463 diligebat

207 473 363 517 Jacob.
391 471 427 499 '²⁰
453 473 584 516 Coxit
615 478 766 515 autem
797 471 939 514 Jacob
974 472 1277 527 pulmentu1n3
1313 469 1369 512 ad
1395 483 1525 525 quem
1558 481 1657 510 cum
1689 467 1884 510 venisset
1911 467 2027 510 Esau

199 532 260 575 -de
285 546 392 587 agro
418 532 580 587 lassus,
606 531 643 557 3⁰
659 531 723 573 ait
745 547 756 574 :
786 533 851 573 Da
876 530 987 572 mihi
1009 529 1063 572 de
1089 523 1289 572 coctione
1315 529 1398 570 hac
1424 528 1545 583 rut'a,
1572 541 1675 582 quia
1701 525 1862 582 oppido
1888 525 2027 568 lassus

205 605 315 634 511111.
335 595 476 641 Quam
500 590 554 633 ob
577 604 756 632 causam
778 594 984 631 vocaturn
1006 593 1072 630 651
1090 602 1250 630 nomeu
1268 587 1366 641 ejus
1390 586 1538 630 Edoni.
1565 585 1598 612 ³¹
1621 585 1700 630 Cui
1721 583 1834 627 dixit
1851 584 1992 628 Jacob
2017 600 2025 626 :

210 650 362 693 Vende
396 649 504 692 mihi
538 647 834 704 primogenita
868 652 954 689 tua.
989 645 1026 672 32
1054 646 1134 688 1116
1168 645 1392 701 respondit
1424 661 1432 688 :
1471 645 1538 687 En
1572 644 1743 699 morior,
1778 643 1882 700 quid
1919 643 2027 686 mihi

207 709 444 764 proderunt
469 706 797 763 primogenita?
831 705 867 731 3³
894 704 971 746 Ait
997 704 1138 747 ‚Jacob
1166 720 1174 746 ε
1209 705 1318 746 Jura
1344 718 1447 759 crgo
1474 704 1593 746 mihi.
1622 702 1800 745 ‚Iuravit
1824 703 1864 746 ei
1891 703 2026 754 Esau,

207 773 253 810 et
275 766 476 811 vendidit
501 765 810 822 primogenita.
837 763 873 790 3'*
893 765 951 806 Et
973 763 1036 806 sic
1061 767 1244 818 accepto
1270 776 1383 818 pane
1410 768 1453 804 ct
1479 762 1610 804 lentis
1629 761 1796 816 edulio,
1816 761 2026 816 comedit,

196 831 251 869 »et
274 825 407 880 bibit,
435 829 478 868 et
503 824 634 879 abiit,
661 821 986 880 parvipendens
1012 821 1128 876 quod
1153 820 1449 877 primogenita
1476 820 1758 872 vendidisset.

659 980 684 1038 ξ
719 980 780 1023 II.
808 1006 866 1012 —
897 979 1034 1022 Isaac
1067 983 1265 1021 moratur
1296 978 1341 1020 in
1379 975 1574 1021 Geraris.

264 1134 370 1177 CAP.
398 1133 565 1175 XXVI.
596 1137 657 1164 —'—=
684 1131 695 1157 ¹
724 1132 830 1175 orta
855 1135 1004 1173 autem
1036 1129 1158 1172 fame
1190 1142 1320 1184 super
1352 1132 1534 1182 terram,
1564 1130 1662 1182 post
1699 1141 1797 1169 eam
1822 1126 2030 1170 sterilita-

195 1198 296 1236 tem
320 1206 418 1248 quae
444 1191 668 1234 acciderat
692 1190 739 1232 in
764 1189 919 1232 diebus
944 1189 1193 1244 Abraham,
1219 1187 1332 1230 abiit
1357 1188 1485 1229 Isaac
1509 1185 1566 1228 ad
1592 1185 1856 1228 Abimelech
1880 1199 2030 1242 regem

208 1251 547 1302 Palaestinonum
581 1251 626 1292 in
663 1250 841 1293 Gerara.
880 1247 898 1274 2
924 1247 1230 1303 Apparuitque
1270 1246 1311 1289 ei
1356 1245 1592 1300 Dominus,
1631 1250 1675 1288 ct
1711 1243 1813 1289 ait:
1854 1246 1920 1288 Ne
1957 1245 2030 1289 de-

206 1310 392 1354 scendas
418 1310 463 1352 in
488 1311 760 1365 AEgyptum,
787 1307 864 1350 sed
889 1307 1065 1363 quiesce
1098 1307 1143 1348 in
1176 1311 1292 1348 terra
1317 1319 1450 1361 quam
1475 1304 1627 1347 dixero
1652 1303 1750 1346 tibi.
1783 1303 1801 1330 3
1828 1304 1884 1347 Et
1908 1318 2028 1360 pere—

206 1371 381 1425 grinare
407 1371 450 1411 in
477 1383 547 1423 ea,
575 1381 733 1422 eroque
759 1372 927 1422 tecum,
953 1370 998 1408 et
1023 1365 1281 1408 benedicam
1308 1364 1420 1417 tibi,
1453 1363 1536 1405 tibi
1561 1363 1679 1406 enim
1704 1367 1748 1406 et
1773 1363 1931 1406 semini
1956 1370 2030 1406 tuo

205 1429 319 1472 dabo
368 1428 593 1470 universas
641 1428 844 1481 regiones
891 1425 990 1476 has,
1033 1424 1259 1480 complens
1283 1423 1605 1479 *juramentum
1652 1421 1766 1477 quod
1814 1422 2030 1478 spopondi

207 1487 434 1531 Abraham
472 1485 586 1542 patri
620 1489 708 1527 tuo.
747 1484 764 1510 4
791 1485 848 1526 Et
880 1483 1188 1538 multiplicabo
1221 1496 1372 1524 semen
1405 1486 1529 1523 tuum
1562 1480 1677 1523 sicut
1708 1481 1859 1523 stellas
1892 1482 1990 1525 caeli
2018 1498 2028 1527 ε

196 1546 405 1601 daboque
430 1545 616 1601 posteris
643 1543 730 1586 tuis
756 1545 984 1586 universas
1008 1541 1211 1597 regiones
1235 1542 1337 1596 has,
1363 1546 1408 1584 et
1439 1540 1759 1583 benedicentur
1783 1540 1829 1582 in
1862 1542 2029 1584 semine

205 1610 280 1647 tuo
306 1618 457 1647 omnes
483 1610 648 1659 gentes.
665 1608 814 1657 terrae,
849 1602 865 1628 5
890 1615 941 1644 60
967 1601 1082 1656 quod
1107 1600 1325 1644 obedierit
1350 1599 1578 1643 Abraham
1602 1599 1701 1642 voci
1726 1615 1857 1655 meae,
1884 1605 1928 1642 et
1955 1614 2027 1642 cu-

204 1663 406 1707 stodierit
431 1668 656 1719 praecepta
681 1668 725 1704 et
750 1661 961 1704 mandata
985 1674 1104 1713 mea,
1132 1665 1176 1702 et
1203 1659 1474 1702 ceremonias
1498 1659 1707 1714 legesque
1731 1659 1987 1702 servaverit.

264 1722 281 1749 6
309 1725 473 1765 Mansit
497 1723 645 1777 itaque
672 1722 801 1764 Isaac
826 1720 871 1762 in
898 1719 1088 1764 Geraris.
1122 1718 1136 1744 7
1164 1720 1244 1770 Qui
1270 1733 1370 1761 cum
1395 1722 1740 1774 interrogaretur
1765 1733 1792 1760 a
1814 1718 1920 1760 viris
1946 1718 2030 1761 loci

184 1781 322 1825 -111-1115
347 1796 476 1837 super
502 1795 635 1824 uxore
662 1795 760 1836 sua,
786 1779 1014 1836 respondit
1043 1795 1052 1822 t
1089 1779 1216 1822 Soror
1248 1782 1458 1822 mea’est.
1485 1777 1712 1820 Timuerat
1745 1777 1864 1820 enim
1897 1778 2029 1820 confi-

203 1841 287 1884 teri
311 1842 425 1897 quod
452 1841 537 1883 sibi
562 1845 678 1884 esset
702 1839 870 1882 sociata
896 1837 1128 1896 conjugio,
1149 1843 1358 1894 reputans
1384 1852 1438 1881 ne
1464 1838 1580 1879 forte
1606 1837 1905 1879 interficerent
1930 1851 2029 1880 eum

204 1906 382 1956 propter
414 1900 532 1943 illius
565 1899 956 1956 pulchritudinem.
991 1898 1008 1924 ⁸
1034 1898 1230 1953 Cumque
1262 1898 1604 1953 pertransissent
1637 1896 1729 1939 dies
1760 1895 1960 1952 plurimi,
1987 1901 2030 1939 et

204 1959 371 2002 ibidem
405 1964 662 2015 moraretur,
698 1958 969 2014 prospiciens
1007 1957 1270 2000 Abimelech
1301 1971 1379 1999 rex
1418 1955 1756 1999 Palaestinorum
1794 1969 1870 2011 per
1905 1955 2028 1998 fene-

203 2024 361 2073 stram,
389 2019 503 2062 vidit
535 2033 636 2062 eum
667 2018 897 2074 jocantem
930 2031 1030 2059 cnm
1049 2016 1268 2059 Rebecca
1302 2029 1434 2058 uxore
1467 2030 1560 2058 sua.
1593 2014 1610 2040 9
1636 2016 1694 2057 Et
1717 2015 1931 2057 accersito
1957 2028 2026 2069 eo,

199 2079 267 2120 ait
296 2095 304 2122 :
341 2078 628 2134 Perspicuum
660 2082 727 2121 est
759 2077 879 2133 quod·
908 2091 1018 2119 uxor·
1048 2080 1129 2118 tua
1155 2076 1241 2129 sit3
1276 2089 1352 2117 cur
1383 2076 1596 2117 mentitus
1629 2088 1674 2117 65
1707 2088 1806 2116 eam
1837 2087 2028 2116 sororem

205 2142 328 2179 tuam
353 2151 446 2180 esse
464 2142 483 2179 ’ἐ
514 2137 757 2193 Respondit
779 2154 788 2180 ε
815 2136 964 2179 Timui
989 2149 1044 2178 116
1069 2149 1260 2177 morerer
1284 2139 1464 2190 propter
1487 2148 1600 2178 eam.
1627 2133 1663 2159 10
1683 2132 1893 2188 Dixitque
1920 2132 2027 2175 Abi-

204 2197 375 2239 melech
406 2213 414 2239 ε
452 2197 593 2246 Quare
619 2196 868 2252 imposuisti
902 2194 1066 2239 nobis?
1101 2194 1246 2250 potuit
1271 2193 1391 2236 coire·
1411 2193 1628 2249 quispiam
1655 2193 1716 2236 'de
1741 2192 1903 2248 populo
1928 2205 2028 2234 cum

204 2269 338 2298 uxore
363 2261 463 2310 tua,
494 2261 538 2298 et
562 2255 954 2312 induxerassuper
987 2269 1066 2298 nos
1098 2254 1266 2310 grande
1299 2259 1545 2310 peccatum.
1574 2251 1875 2308 Praecepitque
1908 2250 2027 2293 omni

200 2315 384 2370 populo,
413 2315 564 2357 dicens
595 2331 603 2357 ε
641 2314 674 2340 1¹
702 2315 783 2365 Qui
808 2314 1009 2370 tetigerit
1034 2314 1225 2357 hominis
1250 2313 1384 2369 hujus
1409 2327 1612 2363 uxorem,
1641 2318 1780 2355 morte
1805 2311 2025 2354 morietur.

267 2373 299 2399 ¹2
323 2374 448 2417 Sevit
472 2380 622 2417 autem
649 2375 776 2417 Isaac
802 2374 849 2416 in
873 2379 990 2416 terra
1014 2374 1112 2429 illa,
1139 2378 1184 2416 et
1209 2372 1381 2415 invenit
1406 2372 1452 2414 in
1477 2372 1572 2428 ipso
1597 2386 1712 2414 anno
1735 2370 2024 2426 centuplum,

204 2433 519 2489 benedixitque
546 2434 586 2476 ei
615 2434 842 2478 Dominus.
882 2432 915 2459 ¹3
936 2435 992 2475 Et
1016 2432 1311 2488 locupletatus
1337 2437 1403 2475 est
1429 2431 1581 2487 homo,
1609 2436 1653 2474 61
1678 2431 1771 2473 ibat
1796 2429 2028 2486 proficiens

195 2498 335 2547 atque
373 2507 675 2548 succrescens,
716 2493 854 2536 donec
892 2506 1081 2548 magnus
1124 2492 1410 2535 vehementer
1453 2490 1639 2534 effectus
1680 2496 1773 2544 est,
1817 2487 1849 2514 14
1873 2488 2029 2531 habuit

197 2565 373 2606 quoque
401 2552 697 2607 possessiones
722 2552 871 2594 ovium
896 2557 941 2594 et
964 2556 1284 2606 armentorum,
1304 2559 1350 2594 et
1373 2551 1562 2593 familiae
1586 2549 1837 2606 plurimum.
1858 2548 1924 2591 Ob
1946 2548 2028 2590 hoc

203 2610 454 2654 invidentes
489 2611 531 2654 ei
572 2611 826 2667 Palaestini,
870 2611 905 2638 ¹5
930 2625 1082 2654 omnes
1123 2616 1299 2666 puteos,
1337 2624 1444 2665 quos
1484 2609 1693 2652 foderant
1736 2607 1850 2650 servi
1890 2606 2029 2663 patris

202 2669 321 2712 illius
357 2671 604 2726 Abraham,
640 2671 718 2714 illo
750 2676 948 2727 tempore
983 2670 1315 2724 obstruxerunt,
1350 2669 1586 2725 implentes
1616 2669 1771 2723 humo,
1800 2666 1904 2709 1610
1930 2671 2027 2709 tan-

203 2734 316 2783 tum,
345 2735 393 2772 ut
418 2730 510 2786 ipse
538 2730 803 2773 Abimelech
829 2730 997 2773 diceret
1022 2730 1077 2772 ad
1107 2729 1233 2771 Isaac
1260 2745 1268 2772 :
1300 2729 1472 2771 Recede
1497 2743 1530 2770 a
1548 2727 1695 2783 nobis,
1723 2726 1930 2782 quoniam
1955 2739 2029 2781 po-

202 2788 365 2831 tentior
390 2789 517 2832 nobis
548 2789 698 2832 faetus
731 2804 777 2832 es
809 2790 954 2833 valde.
988 2789 1019 2816 ¹⁷
1048 2790 1106 2831 Et
1134 2789 1211 2832 1116
1236 2789 1487 2843 discedens,
1515 2792 1563 2830 ut
1587 2786 1759 2830 veniret
1783 2785 1840 2828 ad-
1865 2790 2030 2827 torren-

203 2852 291 2890 tem
319 2849 519 2904 Gerarae,
546 2849 855 2904 habitaretque
881 2849 956 2904 ibi,
982 2848 1018 2875 18
1034 2848 1354 2891 11115111οι1οᾶ11,
1373 2847 1482 2890 alios
1501 2851 1677 2903 puteos,
1697 2859 1804 2901 quos
1821 2844 2031 2887 foderant

202 2907 316 2949 servi
342 2908 480 2963 patrie
512 2908 579 2950 sui
616 2908 862 2964 Abraham,
889 2913 934 2950 et
965 2922 1094 2964 quos,
1120 2907 1196 2950 illo
1228 2912 1420 2962 mortuo,
1447 2907 1553 2949 olim
1586 2905 1896 2948 obstruxerant
1929 2902 2030 2946 Phi-

197 2965 418 3021 listhiim3
452 2967 784 3023 appellavitque
817 2981 890 3010 eos
917 2967 1082 3010 eisdem
1115 2966 1368 3009 nominibus
1403 2965 1562 3021 quibus
1599 2970 1702 3007 ante
1739 2970 1865 3020 pater
1903 2975 2030 3004 voca-

202 3031 340 3068 verat.
366 3025 404 3051 19
427 3027 740 3082 Foderuntque
773 3027 817 3068 in
844 3032 1057 3081 torrente⁷
1089 3031 1133 3069 et
1157 3029 1414 3081 repererunt
1438 3039 1603 3080 aquam
1621 3023 1784 3066 vivam.
1818 3021 1857 3048 2⁰
1882 3021 1964 3065 Sed
1988 3026 2031 3063 et

201 3083 263 3126 ibi
288 3084 486 3140 jurgium
513 3085 602 3128 fuit
632 3091 863 3142 pastorum
887 3087 1078 3129 Ger-aras
1090 3085 1302 3129 adversus
1335 3089 1532 3140 pastores
1570 3085 1722 3138 Isaac,
1747 3081 1989 3125 dicentium
2019 3095 2027 3122 :

203 3143 457 3186 Nostraest
485 3158 612 3199 aqua.
637 3145 778 3194 Quam
804 3144 869 3187 ob:
891 3159 984 3188 rem
1017 3159 1179 3188 nomen
1212 3144 1353 3199 putei,
1381 3157 1441 3186 ex
1461 3156 1512 3186 60
1537 3141 1652 3198 quod
1686 3141 1928 3194 acciderat,
1956 3153 2030 3181 vo-

193 3203 323 3244 cavit
347 3203 639 3246 calumniam.
675 3202 708 3229 2¹
737 3204 962 3246 Foderunt
990 3209 1142 3246 autem
1165 3208 1210 3246 et
1241 3202 1399 3257 alium,
1425 3206 1571 3258 etz-pro
1597 3201 1673 3244 illo
1699 3213 1869 3256 quoque
1898 3197 2030 3240 rixati

202 3267 322 3316 sunt,
346 3262 678 3318 appellavitque
712 3277 833 3318 eum,
861 3263 1142 3306 Inimicitias.v
1175 3261 1212 3288 '²2
1239 3262 1472 3304 Profectus
1502 3261 1605 3304 inde
1637 3260 1756 3302 fodit
1790 3259 1925 3301 alium
1952 3271 2030 3312 pu-

199 3324 343 3374 teum,
374 3335 561 3376 proquo
586 3336 675 3364 non
701 3321 1052 3376 contenderunt3
1080 3322 1228 3377 itaque
1253 3321 1432 3364 vocavit
1461 3334 1621 3363 nomen
1652 3319 1769 3374 ejus,
1798 3315 2028 3371 Latitudo,

197 3377 386 3422 dicens:
415 3381 543 3423 Nunc
570 3381 777 3424 dilatavit
798 3395 878 3423 nos
902 3381 1140 3436 Dominus,
1165 3385 1212 3423 et
1229 3380 1342 3423 fecit
1366 3393 1561 3423 crescere
1581 3392 1712 3434 super
1736 3382 1910 3420 terram.

205 3565 353 3597 30]Abd.
378 3568 401 3593 l.
423 3566 524 3593 Hebr.
543 3565 631 3599 XII,
657 3568 701 3593 16.
730 3579 766 3583 -
795 3565 824 3598 3]
855 3564 931 3596 Sup.
951 3564 1068 3599 XVII,
1094 3565 1107 3592 7
1134 3566 1168 3591 et
1191 3563 1262 3597 XV,
1281 3565 1322 3590 18.
1348 3577 1384 3581 -
1408 3563 1437 3595 4]
1464 3561 1541 3593 Sup.
1565 3560 1654 3592 XII,
1677 3562 1694 3587 3
1718 3561 1752 3586 et
1778 3559 1916 3593 XVIII,
1938 3561 1970 3586 18
1995 3560 2030 3587 et

204 3606 317 3639 XXII,
336 3610 378 3635 18.
398 3609 459 3636 lnf.
474 3609 637 3643 XXVIII,
656 3611 699 3636 14.

2094 311 2178 338 Esau
2218 309 2331 338 vendit

2099 353 2331 387 primogenita.

2134 1144 2301 1173 Promissa

2114 1189 2228 1217 divina
2252 1188 2316 1222 ipsi

2108 1235 2324 1261 renovantur.

2112 1730 2265 1761 Rebecca
2283 1731 2316 1760 et

2112 1775 2318 1805 Abimelech.
2356 1804 2358 1807 ,

2168 2384 2262 2413 Isaac

2092 2427 2332 2462 locupletatum

2121 2471 2314 2500 Palaestino-

2093 2523 2164 2543 rum
2196 2513 2332 2544 invidia.
