2456 3861
182 565 342 594 Confusio

204 613 316 637 Aluan.

201 979 325 1007 Esther

162 1023 361 1056 deprecatur

185 1068 329 1095 salutem

156 1112 361 1140 Judteornm.

205 1749 310 1774 Aman

149 1790 378 1824 suspenditur.

151 2638 381 2667 Mardocnaeus

169 2685 204 2711 fit
229 2681 275 2716 pri
283 2689 356 2710 inus

179 2728 344 2755 minister.

206 2934 331 2962 Esther

188 2978 348 3011 impetrat

171 3022 361 3056 abrogatio-

157 3074 231 3095 nem
250 3066 372 3100 prioris

208 3111 311 3140 edicti
322 3132 330 3148 ‚

446 138 533 181 498
1018 134 1157 176 Esm
1193 133 1282 188 VI,
1320 134 1369 175 11
1405 160 1463 165 -
1494 133 1635 188 vm,
1670 134 1710 176 8.

446 307 565 351 Cave
597 320 652 349 ne
685 305 927 361 quidquam
965 305 1019 347 de
1050 304 1119 346 his
1152 319 1252 360 quae
1289 304 1462 348 locutus
1497 319 1540 348 es
1574 303 1905 360 praetermittas.
1932 302 1963 329 ¹¹
1992 303 2116 346 Tulit
2131 303 2283 360 itaque

445 367 592 408 Aman
615 365 776 407 stolam
791 370 833 407 et
859 378 1046 420 equum3
1074 363 1370 419 indutumque
1389 364 1725 406 Mardochaeum
1747 362 1794 404 in
1820 361 1969 419 platea
1995 362 2213 418 civitatis,
2239 368 2284 406 et

445 424 702 481 impositum
736 437 866 479 equo,
899 422 1199 480 praecedebat,
1237 428 1370 479 atque
1404 421 1628 465 clamabat
1662 438 1670 465 :
1703 421 1802 464 Hoc
1836 421 2001 464 honore
2034 421 2281 477 condignus

445 490 511 526 est
537 497 860 539 quemcumque
884 497 962 525 rex
986 482 1176 525 voluerit
1200 481 1428 525 honorare.

506 541 540 569 ¹²
568 544 870 597 Reversusque
891 546 958 584 est
980 541 1288 584 Mardochaeus
1314 541 1370 584 ad
1393 542 1577 597 januam
1599 540 1781 598 palatii3
1807 544 1851 583 et
1871 540 2021 583 Aman
2046 539 2283 584 festinavit

443 602 506 645 irc
531 602 577 644 in
601 601 783 644 domum
800 615 948 657 suam,
968 601 1152 657 lugens,
1177 607 1220 644 et
1245 606 1395 658 operto
1421 601 1579 657 capite.
1608 600 1644 626 ¹3
1670 599 1968 655 Narravitque
1997 601 2126 642 Zares
2159 598 2283 642 uxori

444 675 556 716 suae,
581 666 624 704 et
648 660 826 716 amicis,
851 660 999 703 omnia
1028 675 1126 716 quae
1152 661 1403 704 evenissent
1435 659 1533 703 sibi.
1569 659 1651 704 Cui
1683 658 2005 716 responderunt
2037 658 2273 715 sapientes,

445 735 551 776 quos
574 720 770 763 habebat
790 719 836 762 in
862 719 1067 774 consilio,
1091 724 1134 763 et
1160 733 1269 762 uxor
1291 719 1387 775 ejus
1412 735 1420 762 :
1445 719 1490 762 Si
1517 719 1572 762 de
1597 719 1765 762 semine
1791 717 2055 760 Judaeorum
2081 722 2146 761 est
2167 717 2284 760 Mar-

445 780 677 835 dochaeus,
702 784 807 822 ante
832 793 964 835 quem
990 779 1147 822 cadere
1174 778 1368 835 coepisti,
1399 792 1486 821 non
1512 778 1675 835 poteris
1714 777 1754 821 ei
1780 776 2004 833 resistere,
2043 776 2120 820 sed
2151 776 2283 820 cades

443 839 489 881 in
516 844 755 895 conspectu
782 839 891 895 ejus.
919 838 954 864 ¹4
979 838 1140 881 Adhuc
1166 838 1255 880 illis
1289 837 1590 893 loquentibus,
1617 842 1834 881 venerunt
1864 836 2055 880 eunuchi
2078 835 2217 892 regis,
2241 841 2285 879 et

445 898 532 941 cito
557 913 658 942 eum
680 898 737 941 ad
757 898 1033 953 convivium,
1058 897 1173 953 quod
1197 896 1351 952 regina
1375 902 1630 953 paraverat,
1654 910 1835 954 pergere
1861 895 2184 953 compulerunt.

503 958 611 1002 CAP.
635 958 744 1001 VII.
771 984 829 990 —
854 957 866 983 ¹
896 957 1090 1000 Intravit
1109 957 1261 1012 itaque
1290 969 1367 998 rex
1401 960 1444 998 et
1476 956 1646 1012 Aman,
1677 961 1726 999 ut
1759 955 1962 999 biberent
1988 970 2088 999 cum
2115 955 2283 1011 regina.

444 1016 461 1042 ²
488 1017 701 1073 Dixitque
724 1016 762 1060 ei
789 1031 866 1060 rex
888 1016 1024 1059 etiam
1046 1015 1240 1058 secunda
1266 1014 1357 1070 die,
1382 1020 1617 1071 postquam
1639 1015 1744 1058 vino
1775 1015 2025 1058 incaluerat
2055 1032 2063 1060 :
2087 1014 2195 1066 Quae
2217 1019 2285 1058 est

444 1076 599 1133 petitio
633 1082 730 1131 tua,
763 1076 941 1131 Esther,
973 1081 1020 1117 ut
1051 1075 1178 1118 detur
1207 1074 1311 1129 tibi,
1335 1079 1378 1116 et
1404 1073 1510 1129 quid
1544 1074 1611 1117 vis
1644 1073 1771 1118 fieri?
1800 1074 1951 1117 Etiam
1976 1074 2012 1117 si
2047 1074 2283 1118 dimidiam

443 1140 615 1192 partem
642 1135 765 1191 regni
793 1135 879 1177 mei
906 1134 1105 1191 petieris,
1132 1133 1406 1190 impetrabis.
1431 1133 1537 1176 3Ad
1572 1148 1704 1189 quem
1733 1133 1812 1176 illa
1846 1134 2075 1190 respondit
2107 1151 2116 1178 :
2138 1133 2184 1177 Si
2215 1133 2284 1176 in-

443 1195 545 1237 veni
569 1195 760 1250 gratiam
782 1194 828 1236 in
853 1193 991 1237 oculis
1013 1193 1122 1248 tuis,
1157 1207 1181 1235 o
1205 1207 1303 1248 reX,
1338 1198 1381 1235 et
1414 1192 1450 1235 si
1480 1193 1561 1235 tibi
1596 1193 1764 1250 placet,
1800 1193 1915 1236 dona
1946 1193 2054 1236 mihi
2084 1193 2283 1236 animam

444 1268 611 1309 meam,
640 1267 716 1310 pro
739 1267 824 1308 qua
849 1267 976 1308 rogo,
1004 1257 1047 1295 et
1072 1251 1286 1309 populum
1312 1266 1461 1295 meum
1487 1267 1564 1309 pro
1587 1266 1672 1309 quo
1691 1253 1884 1296 obsecr0.
1918 1251 1936 1278 4
1961 1252 2134 1295 Traditi
2164 1252 2284 1296 enim

443 1327 595 1355 sumus
625 1327 707 1368 ego
743 1318 786 1355 et
815 1312 1004 1368 populus
1038 1326 1184 1368 meus,
1218 1316 1266 1354 ut
1304 1317 1604 1367 conteramur,
1639 1312 1918 1368 jugulemur,
1956 1317 2000 1355 et
2036 1326 2283 1369 pereamus.

443 1373 592 1427 Atque
614 1371 787 1415 utinam
812 1371 858 1414 in
885 1385 1032 1414 servos
1061 1376 1104 1414 et
1129 1371 1325 1414 famulas
1352 1371 1670 1414 venderemur!
1697 1377 1812 1415 esset
1838 1371 2070 1415 tolerabile
2093 1371 2282 1428 malum,

444 1437 487 1474 et
512 1445 694 1487 gemens
713 1436 932 1486 tacerem3
960 1445 1076 1473 1111116
1102 1436 1253 1473 autem
1279 1430 1417 1473 hostis
1440 1435 1589 1473 noster
1614 1435 1680 1474 est
1702 1431 1831 1487 cujus
1862 1431 2103 1474 crudelitas
2124 1430 2285 1474 redun-

444 1491 521 1533 dat
545 1490 591 1533 in
617 1505 780 1546 regem.
808 1490 825 1516 5
852 1489 1227 1547 Respondensque
1252 1504 1329 1533 rex
1353 1491 1591 1546 Assuerus,
1615 1490 1680 1533 ait
1710 1506 1718 1533 :
1744 1491 1848 1542 Quis
1867 1496 1934 1534 est
1955 1490 2060 1547 iste,
2086 1495 2130 1534 et
2156 1490 2284 1547 cujus

442 1549 677 1606 potentiae,
703 1555 752 1592 ut
773 1550 869 1592 haec
894 1549 1059 1592 audeat
1090 1549 1274 1592 facere?
1309 1549 1326 1575 6
1356 1549 1570 1604 Dixitque
1597 1550 1787 1594 Esther:
1813 1550 1968 1593 Hostis
2002 1556 2046 1594 et
2077 1549 2284 1593 inimicus

443 1614 590 1652 noster
615 1609 832 1665 pessimus
856 1609 940 1651 iste
965 1614 1032 1651 est
1061 1609 1223 1651 Aman.
1251 1608 1375 1658 Quod
1408 1608 1485 1651 ille
1514 1607 1720 1664 audiens,
1754 1609 1876 1652 illico
1912 1609 2161 1666 obstupuit,
2188 1608 2284 1651 vul-

443 1673 538 1710 tum
560 1668 677 1724 regis
702 1682 753 1711 ac
779 1667 946 1723 reginae
968 1668 1086 1711 ferre
1111 1682 1198 1710 non
1224 1667 1458 1710 sustinens.

503 1727 518 1753 7
547 1729 641 1771 Rex
665 1732 816 1770 autem
837 1727 976 1769 iratus
1001 1727 1212 1781 surrexit,
1240 1733 1283 1770 et
1306 1726 1359 1769 de
1381 1727 1478 1771 loco
1503 1728 1697 1772 convivii
1725 1728 1912 1771 intravit
1944 1728 1990 1771 111
2017 1729 2195 1772 hortum
2216 1744 2283 1771 ar-

443 1787 623 1830 boribus
651 1786 884 1830 consitum.
905 1787 1054 1829 Aman
1082 1800 1252 1842 quoque
1275 1787 1464 1829 surrexit
1486 1794 1535 1830 ut
1563 1794 1739 1843 rogaret
1766 1788 1926 1830 Esther
1958 1788 2180 1843 reginam,
2207 1802 2285 1846 pro

442 1846 594 1888 anima
619 1861 723 1901 sua3
751 1845 976 1888 intellexit
997 1845 1116 1888 enim
1137 1860 1163 1887 a
1185 1859 1286 1900 rege
1313 1845 1396 1887 sibi
1422 1853 1628 1902 paratum
1655 1846 1837 1889 malum.
1864 1846 1881 1873 8
1907 1846 1990 1897 Qui
2017 1861 2118 1889 cum
2140 1862 2285 1891 rever-

445 1920 517 1948 sus
541 1910 657 1949 esset
679 1905 732 1948 de
753 1905 880 1948 horto
906 1904 1160 1948 nemoribus
1183 1905 1373 1960 consito,
1402 1911 1445 1948 et
1470 1905 1680 1948 intrasset
1706 1905 1901 1948 convivii
1926 1906 2096 1961 locum,
2122 1906 2285 1963 reperit

443 1965 591 2007 Aman
613 1978 743 2020 super
763 1963 978 2007 lectulum
1005 1964 1240 2019 corruisse,
1266 1963 1313 2006 in
1331 1978 1415 2019 quo
1438 1964 1618 2020 jacebat
1641 1965 1822 2019 Esther,
1850 1969 1893 2007 et
1918 1965 1982 2007 ait
2005 1981 2014 2008 :
2044 1965 2195 2007 Etiam
2219 1979 2283 2009 re-

442 2024 596 2079 ginam
621 2023 718 2065 vult
744 2023 1010 2080 opprimere,
1038 2037 1108 2066 me
1131 2029 1370 2080 praesente,
1397 2023 1444 2065 111
1471 2023 1602 2067 domo
1629 2024 1752 2067 mea!
1781 2024 1985 2067 Necdum
2020 2024 2204 2067 verbum
2231 2023 2286 2068 de

443 2097 516 2126 ore
538 2083 654 2139 regis
677 2082 867 2137 exierat,
893 2088 936 2125 et
958 2082 1111 2125 statim
1134 2087 1402 2139 operuerunt
1427 2083 1593 2126 faciem
1620 2083 1731 2140 ejus.
1760 2083 1777 2109 9
1805 2083 2018 2139 Dixitque
2049 2083 2285 2140 Harbona,

443 2157 555 2185 unus
582 2142 636 2185 de
662 2141 875 2186 eunuchis
905 2141 978 2197 qui
1005 2142 1185 2185 stabant
1209 2141 1256 2184 in
1282 2141 1528 2185 ministerio
1547 2142 1664 2198 regis
1695 2159 1703 2186 :
1731 2143 1799 2185 En
1822 2141 1994 2198 lignum
2022 2143 2139 2198 quod
2159 2157 2286 2200 para-

443 2207 568 2245 verat
586 2201 891 2257 Mardochaeo,
919 2201 994 2257 qui
1021 2201 1194 2244 locutus
1216 2206 1282 2243 est
1305 2215 1382 2258 pro
1407 2216 1531 2258 rege,
1559 2206 1648 2244 stat
1680 2201 1726 2244 111
1754 2202 1885 2245 (101110
1918 2203 2090 2258 Aman,
2116 2202 2286 2246 habens

443 2261 694 2304 altitudinis
728 2261 1053 2317 quinquaginta
1084 2260 1268 2303 cubitos.
1305 2260 1386 2303 Cui
1420 2261 1536 2303 dixit
1567 2275 1644 2304 rex
1678 2278 1686 2304 :
1720 2261 1976 2318 Appendite
2009 2276 2111 2304 enm
2139 2261 2186 2304 in
2221 2275 2285 2305 60.

444 2320 480 2346 ¹⁰
507 2321 751 2377 Suspensus
775 2325 841 2364 est
860 2320 1011 2375 itaque
1034 2320 1183 2362 Aman
1208 2320 1254 2361 in
1280 2319 1479 2377 patibulo
1507 2320 1620 2376 quod
1648 2326 1883 2377 paraverat
1900 2321 2214 2377 Mardochae03
2242 2325 2288 2364 et

442 2380 560 2436 regis
584 2380 649 2422 ira
676 2379 855 2436 quievit.

602 2503 624 2557 ξ
649 2501 711 2543 Π.
738 2527 795 2534 -
822 2501 1096 2544 Mardochaei
1120 2501 1301 2544 elevatio
1311 2519 1329 2557 ,·
1356 2501 1545 2544 edictum
1567 2502 1614 2544 in
1635 2502 1832 2557 qratiam
1852 2501 2125 2546 Judoeorwn.

506 2617 612 2660 CAP.
652 2616 786 2659 VIII.
823 2642 880 2650 —
914 2616 926 2642 ¹
964 2616 1047 2659 Die
1080 2616 1158 2658 illo
1192 2615 1316 2659 dedit
1344 2631 1421 2659 rex
1456 2616 1674 2659 Assuerus
1708 2615 1869 2658 Esther
1901 2615 2068 2671 reginae
2105 2616 2286 2659 domum

446 2677 616 2731 Aman,
643 2675 885 2718 adversarii
908 2675 1196 2730 Judaeorum3
1226 2680 1269 2718 et
1291 2675 1601 2718 Mardochaeus
1633 2674 1857 2730 ingressus
1884 2679 1950 2717 est
1982 2680 2086 2718 ante
2119 2675 2288 2718 faciem

446 2735 590 2791 regis:
614 2735 818 2778 confessa
837 2740 904 2778 est
929 2735 1047 2778 enim
1070 2735 1109 2778 61
1136 2735 1296 2777 Esther
1315 2734 1430 2790 quod
1458 2739 1572 2777 esset
1593 2739 1775 2791 patruus
1801 2747 1918 2776 suus.
1942 2732 1959 2759 2
1980 2734 2190 2790 Tulitque
2211 2749 2288 2778 rex

447 2794 664 2837 annulum
688 2809 818 2850 quem
844 2794 900 2836 ab
923 2795 1071 2836 Aman
1097 2793 1234 2850 recipi
1256 2794 1469 2850 jusserat,
1498 2798 1541 2836 et
1574 2792 1758 2836 tradidit
1794 2792 2093 2837 Mardochaeo.
2129 2793 2289 2837 Esther

449 2859 599 2897 autem
626 2853 860 2896 constituit
881 2853 1216 2896 Mardochaeum
1242 2867 1373 2909 super
1398 2853 1580 2896 domum
1602 2867 1740 2896 suam.

509 2913 526 2939 3
551 2913 645 2955 Nec
678 2913 746 2955 his
781 2917 1010 2968 contenta,
1044 2912 1236 2969 procidit
1263 2912 1320 2955 ad
1353 2912 1487 2969 pedes
1521 2912 1657 2968 regis,
1688 2911 1921 2968 flevitque,
1964 2916 2007 2954 et
2040 2910 2191 2955 locuta
2230 2912 2289 2955 ad

452 2987 551 3016 eum
579 2972 721 3015 oravit
746 2978 795 3015 ut
820 2972 1041 3015 malitiam
1067 2973 1215 3014 Aman
1243 2972 1476 3027 Agagitae,
1504 2976 1548 3014 et
1570 2970 1922 3014 machinationes
1950 2970 2046 3026 ejus
2072 2971 2287 3026 pessimas

452 3046 560 3087 quas
587 3031 920 3086 excogitaverat
942 3037 1096 3074 eontra
1121 3031 1325 3086 ι1111111606,
1348 3031 1525 3087 juberet
1547 3030 1693 3073 irritas
1719 3029 1827 3073 fieri.
1853 3029 1869 3056 ‘⁴
1893 3029 1956 3071 At
1987 3028 2064 3072 ille
2087 3044 2142 3072 ex
2167 3044 2287 3074 more

451 3096 674 3147 sceptrum
700 3104 881 3133 aureum
902 3091 1128 3147 protendit
1154 3105 1309 3146 manu,
1337 3105 1421 3146 quo
1443 3090 1621 3145 signum
1660 3088 1910 3132 clementiae
1942 3089 2285 3133 monstrabatur.

451 3149 626 3205 Illaque
653 3163 941 3205 consurgens,
969 3150 1092 3193 stetit
1109 3155 1214 3193 ante
1240 3164 1365 3205 eum,
1390 3150 1406 3176 ⁵
1432 3155 1476 3192 et
1499 3149 1563 3192 ait
1592 3165 1601 3193 z
1622 3148 1668 3192 Si
1691 3147 1839 3204 placet
1864 3150 1979 3204 regi,
2007 3153 2050 3191 et
2075 3148 2111 3190 si
2136 3148 2288 3192 inveni

452 3209 642 3265 gratiam
664 3208 711 3251 in
734 3208 872 3251 0611116
895 3209 1013 3265 ejus,
1038 3214 1081 3252 et
1106 3209 1359 3266 deprecatio
1386 3223 1483 3252 mea
1510 3223 1598 3252 non
1631 3207 1669 3250 ei
1703 3207 1879 3250 videtur
1911 3221 2006 3250 esse
2041 3207 2286 3265 contraria,

453 3269 633 3312 obsecro
655 3273 704 3310 ut
729 3267 854 3310 novis
878 3268 1076 3324 epistolis
1099 3275 1269 3312 veteres
1296 3269 1445 3311 Aman
1471 3268 1654 3322 litterae,
1679 3266 1953 3309 insidiatoris
1979 3272 2023 3310 et
2048 3266 2188 3309 hostis
2210 3267 2238 3310 J
2242 3281 2290 3310 u-

454 3328 670 3383 daeorum,
698 3326 857 3383 quibus
883 3341 956 3370 eos
981 3327 1026 3369 111
1050 3327 1221 3370 cunctis
1250 3328 1367 3382 regis
1392 3326 1632 3384 provinciis
1665 3325 1805 3382 perire
1839 3331 2132 3382 praeceperat,
2157 3325 2289 3368 corri-

454 3392 627 3443 gantur.
650 3386 668 3413 6
693 3386 921 3437 Quomodo
948 3386 1066 3429 enim
1091 3392 1242 3443 potero
1268 3387 1485 3430 sustinere
1507 3399 1661 3429 necem
1688 3390 1730 3427 et
1751 3384 2115 3428 interfectionem
2136 3383 2288 3441 populi

456 3446 576 3490 mei?
603 3445 617 3472 7
643 3445 972 3503 Responditque
994 3460 1071 3488 rex
1097 3446 1315 3489 Assuerus
1344 3446 1502 3489 Esther
1526 3444 1692 3500 reginae
1715 3449 1758 3487 et
1778 3444 2062 3487 Mardochaeo
2087 3443 2250 3486 Judaeo
2277 3459 2286 3487 :

458 3507 651 3548 Domum
674 3506 821 3548 Aman
853 3505 1049 3548 concessi
1078 3505 1255 3560 Esther,
1283 3511 1327 3548 et
1357 3505 1504 3561 ipsum
1536 3503 1647 3560 jussi
1682 3503 1810 3558 affigi
1848 3503 1988 3559 cruci,
2020 3502 2124 3558 quia
2155 3516 2288 3544 ausus

456 3570 522 3607 est
547 3579 728 3607 manum
753 3564 928 3608 mittere
952 3564 997 3606 in
1021 3564 1218 3609 Judaeos.
1247 3564 1264 3590 8
1283 3564 1471 3608 Scribite
1496 3577 1599 3618 ergo
1622 3562 1794 3605 Judaeis
1827 3562 1943 3605 sicut
1964 3561 2090 3605 vobis
2117 3561 2284 3618 placet,

457 3623 571 3678 regis
598 3623 797 3679 nomine,
820 3623 1049 3679 signantes
1071 3623 1241 3666 litteras
1262 3622 1428 3665 annulo
1456 3636 1569 3665 meo.
1593 3620 1704 3664 Haec
1730 3620 1849 3664 enim
1875 3620 2146 3664 consuetudo
2172 3623 2287 3663 erat.
