2423 3861
477 90 563 134 594

225 507 357 534 Terram

204 552 358 580 chanaan
366 571 375 584 ,

203 1048 380 1074 arcemque

251 1086 329 1114 Sion

199 1132 384 1164 expugna&

172 1634 255 1669 Ejus
283 1633 413 1662 bellicae

190 1680 287 1707 dotes
313 1679 396 1707 cele-

216 1725 369 1759 brantur,

188 2235 221 2260 et
241 2229 399 2260 solemnis

190 2276 223 2304 in
241 2281 397 2304 sanctua-

252 2320 340 2348 rium

203 2364 388 2398 ingressus.

199 2769 398 2798 Praedicitur

209 2814 385 2843 conversio

222 2859 371 2887 omnium

191 2904 401 2937 populorum.

198 3365 375 3394 Conclusio
393 3372 401 3395 ε

197 3411 322 3438 Gentes
339 3410 407 3438 lau-

200 3455 279 3481 dent
299 3454 403 3482 Deum

231 3497 377 3528 Israelis.

1140 88 1211 130 ΡΞ.
1248 85 1448 140 LXVII,
1485 84 1648 128 10-34.

656 261 692 286 ¹⁰
709 261 915 303 Pluviani
939 256 1240 301 voluntariam
1264 254 1542 311 segregabis,
1567 255 1707 308 Deus,
1733 252 1971 296 hereditati
1996 256 2112 310 tuae3

772 324 815 362 et
838 317 1063 360 infirmata
1089 321 1174 370 est,
1201 321 1249 357 tu
1270 328 1372 357 vero
1393 313 1623 371 perfecisti
1650 327 1761 355 earn.

655 377 687 404 1¹
709 376 935 421 Animalia
961 381 1038 418 tua
1062 374 1333 418 habitabunt
1351 373 1398 416 in
1425 387 1500 428 ea,

771 435 937 494 parasti
962 435 1009 478 in
1035 433 1271 478 dulcedine
1292 437 1369 475 tua
1395 431 1599 490 pauperi,
1628 431 1760 473 Deus.

656 495 692 523 1⁵²
710 495 926 540 Dominus
952 493 1079 538 dabit
1102 492 1289 536 verbum

773 552 1208 610 evangelizantibus,
1226 551 1392 595 virtute
1414 551 1568 594 multa.

659 614 693 641 ¹3
712 616 806 658 Rex
832 614 1048 656 virtutum
1074 611 1226 656 dilecti
1249 611 1426 666 dilecti3

773 679 816 717 et
836 672 1000 730 speciei
1027 672 1182 715 domus
1205 671 1403 715 dividere
1428 669 1582 726 spolia.

658 733 693 759 ¹⁴
711 733 755 777 Si
782 732 1012 777 dormiatis
1033 731 1149 775 inter
1169 730 1338 774 medios
1361 729 1520 784 cleros,

773 806 930 850 pennae
953 790 1172 835 columbae
1199 790 1521 845 deargentatae,

773 857 817 896 et
841 851 1084 909 posteriora
1109 849 1225 893 dorsi
1253 849 1349 904 ejus
1374 847 1421 890 in
1442 847 1610 904 pallore
1631 845 1740 889 auri.

657 913 692 938 ¹5
711 913 830 956 Dum
856 910 1069 954 discernit
1094 908 1284 952 caelestis
1309 920 1434 961 reges
1461 920 1590 962 super
1615 919 1732 961 eam,

773 971 876 1014 nive
898 969 1224 1014 dealbabuntur
1244 967 1290 1009 in
1317 965 1507 1010 Selmon.

657 1031 692 1057 ¹⁶
710 1032 837 1074 Mons
866 1030 969 1085 Dei,
996 1042 1122 1071 mons
1144 1026 1343 1084 pinguis,

773 1103 897 1133 mons
924 1087 1206 1144 coagulatus,
1232 1099 1358 1127 mons
1384 1083 1588 1140 pinguis:

659 1149 692 1175 ¹⁷
712 1155 760 1192 ut
785 1148 890 1205 quid
913 1145 1202 1204 suspicamini
1224 1149 1398 1187 montes
1421 1143 1708 1198 coagulatos?

774 1209 902 1251 Mons
923 1206 970 1249 in
993 1220 1077 1262 quo
1102 1203 1435 1260 beneplacitum
1462 1207 1528 1245 est
1552 1203 1646 1246 Deo
1667 1201 1869 1246 habitare
1893 1202 1940 1245 in
1962 1217 2037 1258 θος

777 1267 942 1310 etenim
967 1264 1183 1309 Dominus
1209 1262 1434 1306 habitabit
1454 1261 1501 1304 in
1526 1262 1674 1305 finem.

658 1327 692 1353 ¹⁸
711 1328 872 1371 Currus
897 1325 980 1370 Dei
1006 1325 1161 1368 decem
1183 1322 1382 1365 millibus
1409 1321 1668 1378 multiplex,
1695 1320 1838 1363 millia
1864 1320 2141 1377 laetantium;

778 1386 995 1430 Dominus
1019 1384 1066 1427 in
1089 1383 1150 1427 eis
1175 1383 1222 1425 in
1244 1381 1350 1426 Sina
1370 1381 1419 1424 in
1444 1385 1611 1424 sancto.

657 1445 690 1471 ¹⁵¹
710 1445 966 1490 Ascendisti
991 1445 1038 1487 in
1059 1443 1222 1499 altum,
1251 1440 1407 1498 cepisti
1431 1440 1763 1496 captivitatem,

774 1504 985 1562 accepist-i
1009 1504 1125 1547 dona
1149 1503 1196 1545 in
1221 1500 1502 1554 hominibus3

775 1565 940 1608 etenim
961 1577 1049 1606 non
1075 1562 1324 1615 credentes,
1350 1558 1603 1602 inhabitare
1632 1558 1875 1602 Dominum
1902 1560 2060 1602 Deum.

658 1624 695 1651 ‘³0
714 1624 981 1668 Benedictus
1008 1621 1227 1665 Dominus
1253 1619 1325 1662 die
1351 1617 1570 1674 quotidie!

776 1684 1039 1740 Prosperum
1059 1681 1143 1724 iter
1167 1679 1307 1723 faciet
1333 1677 1460 1720 nobis
1487 1678 1607 1721 Deus
1630 1676 1892 1720 salutarium
1919 1681 2183 1720 nostrorum.

657 1742 691 1769 ²¹
713 1744 832 1786 Deus
857 1747 1016 1797 noster,
1042 1742 1161 1784 Deus
1185 1739 1331 1781 salvos
1357 1736 1581 1792 faciendi,

775 1807 820 1846 et
846 1801 1026 1845 Domini
1055 1798 1235 1843 Domini
1261 1796 1406 1840 exitus
1432 1796 1600 1840 mortis.

659 1862 695 1888 Ὦ
713 1863 1033 1906 Verumtamen
1057 1860 1176 1902 Deus
1203 1855 1458 1911 confringet
1484 1855 1633 1912 capita
1656 1855 1941 1899 inimicorum
1965 1868 2166 1912 suorum,

775 1920 986 1964 verticem
1013 1917 1163 1975 capilli
1189 1914 1598 1974 perambulantium
1619 1914 1665 1957 in
1692 1914 1867 1957 delictis
1893 1913 1997 1957 suis.

659 1981 696 2008 ‘²3
713 1980 840 2024 Dixit
865 1978 1082 2022 Dominus
1102 1993 1110 2021 :
1138 1978 1207 2020 Ex
1230 1976 1376 2018 Basan
1399 1978 1675 2030 convertam,

778 2044 1034 2083 convertam
1058 2037 1105 2080 in
1131 2035 1404 2094 profundum
1426 2033 1585 2089 maris3

660 2098 696 2126 24
713 2105 761 2143 ut
782 2098 1030 2154 intingatur
1055 2111 1131 2154 pes
1156 2100 1258 2138 tuus
1275 2094 1322 2137 in
1347 2093 1586 2150 sanguine,

775 2158 929 2214 lingua
955 2171 1115 2200 canum
1137 2160 1314 2198 tuorum
1339 2168 1393 2197 ex
1417 2152 1633 2208 inimicis,
1660 2151 1716 2194 ab
1741 2151 1849 2208 ipso.

660 2218 695 2244 '25
712 2218 933 2261 Viderunt
957 2217 1182 2273 ingressus
1207 2219 1326 2269 tuos,
1354 2213 1494 2268 Deus,

774 2278 1000 2333 ingressus
1027 2275 1110 2319 Dei
1132 2274 1241 2330 mei,
1268 2272 1384 2328 regis
1406 2272 1516 2327 mei,
1543 2271 1616 2327 qui
1643 2276 1709 2314 est
1733 2270 1779 2313 in
1805 2276 1972 2315 sancto.

659 2337 696 2364 ‘2⁶
713 2338 1029 2380 Praevenerunt
1054 2334 1276 2392 principes
1300 2331 1529 2388 conjuncti
1554 2329 1868 2387 psallentibus,

775 2396 822 2438 in
845 2396 990 2439 medio
1012 2393 1354 2451 juvencularum
1376 2389 1803 2448 tympanistriarum.

659 2456 693 2482 ‘³7
713 2457 765 2499 In
789 2455 986 2498 ecclesiis
1008 2453 1260 2498 benedicite
1283 2453 1397 2507 Deo,

778 2514 969 2558 Domino
993 2514 1047 2557 de
1069 2513 1271 2556 fontibus
1294 2510 1447 2554 Israel.

659 2573 694 2599 ”2⁸
714 2574 783 2617 lbi
812 2573 1050 2630 Benjamin
1075 2570 1452 2626 adolescentulus,
1475 2569 1522 2611 in
1548 2569 1709 2613 mentis
1731 2582 1937 2617 excessu:

778 2633 998 2691 principes
1024 2633 1052 2676 J
1057 2633 1165 2688 uda,
1194 2632 1326 2674 duces
1349 2643 1526 2683 eorum;

778 2693 999 2750 principes
1021 2692 1237 2747 Zabulon,
1261 2689 1482 2747 principes
1508 2687 1764 2744 Nephthali.

659 2751 696 2778 ‘²9
714 2752 900 2807 Manda,
925 2754 1067 2808 Deus,
1092 2750 1244 2794 virtuti
1270 2754 1387 2805 tuae3

780 2812 989 2855 confirma
1011 2812 1114 2864 hoc,
1140 2811 1280 2865 Deus,
1305 2809 1420 2865 quod
1447 2812 1650 2865 operatus
1677 2820 1721 2849 es
1747 2805 1791 2848 in
1818 2804 1962 2848 nobis.

661 2871 698 2898 30
714 2873 754 2914 A
780 2871 947 2928 templo
972 2876 1048 2914 tuo
1071 2870 1119 2913 in
1142 2869 1412 2924 Jerusalem,

778 2931 859 2973 tibi
884 2930 1073 2974 offerent
1097 2943 1222 2985 reges
1244 2942 1441 2972 munera.

661 2989 694 3016 ³¹
716 2991 904 3046 Increpa
926 2990 1046 3033 feras
1067 2988 1322 3043 arundinis3

780 3049 1064 3105 congregatio
1087 3054 1313 3092 taurorum
1335 3047 1380 3089 in
1402 3045 1551 3089 vaccis
1573 3043 1834 3102 populorum
1852 3059 1861 3095 3

721 3114 770 3151 ut
791 3108 1031 3152 excludant
1052 3121 1124 3151 eos
1147 3107 1219 3163 qui
1243 3105 1415 3164 probati
1441 3109 1545 3148 sunt
1567 3107 1750 3159 argento
1769 3117 1779 3144 :

780 3167 945 3224 dissipa
967 3172 1121 3223 gentes
1144 3181 1242 3222 quae
1267 3165 1387 3208 bella
1407 3163 1577 3208 volunt.

663 3227 699 3253 3²
717 3226 913 3270 Venient
933 3226 1070 3282 legati
1094 3241 1149 3269 ex
1169 3226 1395 3281 AEgypt03

782 3285 1013 3343 AEthiopia
1039 3285 1283 3342 praeveniet
1304 3297 1461 3326 manus
1483 3282 1578 3339 ejus
1601 3282 1708 3324 Deo.

663 3346 700 3372 33
719 3347 872 3402 Regna
898 3350 1044 3400 terrae,
1073 3349 1251 3388 cantate
1278 3345 1396 3398 Deo3

780 3404 957 3463 psallite
979 3404 1196 3458 Domino,
1221 3402 1398 3460 psallite
1421 3403 1535 3458 Deo,

665 3464 700 3491 3⁴
718 3465 791 3522 qui
812 3463 1015 3509 ascendit
1039 3477 1168 3521 super
1193 3463 1354 3506 caelum
1381 3461 1500 3517 caeli,
1524 3459 1581 3504 ad
1607 3459 1847 3503 orientem:

503 3609 552 3642 19]
575 3607 657 3640 Eph.
685 3606 740 3640 ir,
757 3610 783 3634 s.
