2391 3861
69 854 101 879 30
120 853 275 883 Sacerdo-

67 894 153 923 tium
171 897 281 924 Aaron

81 943 153 968 crat
170 941 264 969 abro-

87 985 256 1020 gandum3

60 1028 285 1058 sacerdotium

111 1072 237 1102 Christi

87 1120 259 1147 (eternum.

54 2222 85 2245 40
102 2218 274 2247 Sanctitas

76 2260 196 2290 Pontifl
203 2260 251 2291 cis

104 2304 225 2334 nostri.

81 2873 237 2903 Christus

94 2917 126 2945 in
146 2918 225 2946 caelo

73 2961 251 2991 ¹sacrificat.

89 3404 226 3433 ‘Nm-um

39 3448 153 3476 soedus
170 3449 283 3477 melio-

114 3492 208 3521 ribus

75 3536 249 3569 promissis

75 3579 252 3609 sancitum.

924 144 1071 187 Hssssp..
1106 145 1221 199 vn,
1257 146 1283 188 6
1316 171 1374 176 -
1407 146 1549 201 vm,
1586 148 1625 189 7.

366 148 476 190 1324

362 315 622 357 mandatum
650 315 817 357 habent
853 314 1046 357 decimas
1075 328 1246 357 sumere
1276 329 1302 356 a
1330 315 1493 371 populo
1523 316 1768 359 secundum
1796 317 1964 374 legem,
1996 319 2043 361 id
2071 325 2138 363 est
2162 335 2187 362 a

359 373 575 416 fratribus
611 374 722 429 suis,
758 387 1010 429 quanquam
1048 379 1092 416 et
1131 372 1216 429 ipsi
1258 373 1447 416 exierint
1483 374 1538 417 de
1574 375 1736 418 lumbis
1770 376 1980 420 Abrahae.
2014 377 2032 403 6
2052 377 2188 434 Cujus

360 438 510 476 autem
535 432 762 488 generatio
792 446 879 474 non
907 437 1226 475 annumeratur
1245 431 1291 474 in
1319 432 1401 488 eis,
1429 433 1624 476 decimas
1646 435 1835 490 sumpsit
1857 435 1913 478 ab
1939 435 2188 493 Abraham,

360 497 404 536 et
427 493 544 535 hunc
571 491 644 547 qui
673 491 868 534 habebat
894 491 1254 548 repromissiones
1282 491 1524 535 benedixit.
1555 491 1570 518 7
1590 492 1693 535 Sine
1722 493 1813 535 ulla
1838 499 1989 538 autem
2018 499 2189 537 contra-

360 551 568 605 dictione,
596 550 711 606 quod
736 550 883 593 minus
905 556 971 593 est
995 565 1021 593 a
1046 550 1227 593 meliore
1252 550 1544 594 benedicitur.
1568 551 1585 577 8
1603 553 1662 594 Et
1682 551 1755 594 hic
1778 553 1970 608 quidem,
1995 552 2190 596 decimas

360 610 597 653 morientes
636 609 836 652 homines
877 609 1131 666 accipiunt3
1173 609 1236 651 ibi
1274 614 1424 652 autem
1463 615 1736 654 contestatur
1777 611 1879 666 quia
1919 612 2046 655 vivit.
2085 611 2103 638 9
2132 612 2191 655 Ε1

362 670 441 726 (111
473 668 535 711 113
569 668 737 711 dictum
767 669 856 726 sit)
890 683 966 725 per
998 669 1249 724 Abraham,
1281 674 1325 711 et
1359 669 1490 723 Levi,
1524 669 1599 724 qui
1630 669 1826 712 decimas
1852 671 2045 727 accepit,
2073 670 2189 714 deci-

360 733 505 771 matus
539 734 605 771 est
639 745 647 772 :
684 727 718 754 ¹⁰
734 728 880 771 adhuc
907 728 1024 771 enim
1047 728 1092 770 in
1118 726 1281 770 lumbis
1307 727 1445 784 patris
1468 734 1561 771 erat
1588 728 1764 784 quando
1790 729 1990 773 obviavit
2015 729 2054 773 ei
2081 730 2190 772 Mel-

360 787 607 830 chisedech.
2129 798 2133 801 ’

422 846 452 873 11
475 847 517 891 Si
541 861 645 903 ergo
671 846 992 890 consummatio
1018 861 1095 902 per
1120 846 1419 890 sacerdotium
1446 847 1676 891 leviticum
1710 853 1804 891 erat
1831 847 2050 904 (populus
2071 849 2191 892 enim

359 907 439 949 sub
456 906 553 963 ipso
578 906 725 962 legem
743 905 954 964 accepit),
983 905 1087 961 quid
1109 905 1256 948 adhuc
1281 906 1576 949 necessarium
1605 907 1696 950 fuit
1722 907 1967 949 secundum
1989 907 2190 951 ordinem

360 965 690 1009 Melchisedech
712 965 852 1008 alium
873 979 1053 1020 surgere
1070 964 1361 1021 sacerdotem,
1384 970 1428 1009 et
1446 980 1533 1009 non
1552 966 1795 1010 secundum
1818 966 2019 1009 ordinem
2040 967 2192 1010 Aaron

360 1025 481 1068 dici?
510 1024 544 1050 ¹2
561 1025 796 1068 Translato
821 1025 939 1068 enim
972 1024 1240 1080 sacerdotio,
1268 1039 1447 1068 necesse
1473 1031 1539 1069 est
1564 1031 1612 1068 ut
1637 1031 1681 1069 et
1705 1025 1817 1082 legis
1839 1025 2077 1068 translatio
2099 1025 2190 1070 fiat..

362 1084 395 1110 ¹3
413 1085 468 1127 In
495 1098 578 1140 quo
605 1084 724 1127 enim
742 1085 837 1127 haec
860 1084 1078 1140 dicuntur,
1103 1084 1156 1127 de
1177 1083 1267 1126 alia
1288 1084 1407 1126 tribu
1426 1089 1503 1140 est,
1528 1084 1582 1128 de
1606 1100 1690 1141 qua
1712 1084 1860 1127 nullus
1878 1084 2008 1127 altari
2030 1090 2191 1142 praesto

358 1143 460 1186 fuit.
488 1143 523 1170 ‘¹4
542 1143 837 1186 Manifestum
862 1148 928 1187 est
953 1143 1071 1186 enim
1096 1142 1214 1199 quod
1243 1157 1298 1186 ex
1324 1144 1352 1186 ,J
1357 1143 1444 1186 uda
1470 1149 1588 1187 ortus
1613 1144 1671 1188 sit
1695 1143 1912 1187 Dominus
1946 1150 2117 1198 noster;
2144 1145 2192 1187 in

359 1217 442 1258 qua
467 1203 584 1246 tribu
610 1202 721 1245 nihil
749 1203 802 1246 de
832 1202 1137 1246 sacerdotibus
1166 1202 1343 1258 Moyses
1368 1203 1543 1246 locutus
1575 1209 1653 1246 est.
1682 1203 1717 1229 ’15
1736 1203 1794 1246 Ε1
1827 1203 2019 1260 amplius
2043 1204 2191 1247 adhuc

358 1262 650 1306 manifestum
676 1267 761 1318 est,
792 1262 828 1305 si
859 1261 1103 1305 secundum
1128 1261 1468 1305 similitudinem
1495 1263 1827 1306 Melchisedech
1858 1268 2046 1319 exurgat
2078 1262 2192 1307 alius

356 1321 583 1377 sacerdos,
619 1321 654 1348 16
681 1321 753 1377 qui
783 1336 872 1365 non
904 1321 1149 1364 secundum
1182 1321 1326 1376 legem
1358 1322 1560 1365 mandati
1595 1322 1786 1365 carnalis
1815 1322 1964 1364 factus
1995 1326 2081 1378 est,
2114 1322 2191 1366 sed

356 1381 600 1424 secundum
625 1381 836 1423 virtutem
862 1381 968 1424 vitae
990 1380 1256 1423 insolubilis.
1285 1380 1319 1407 17
1340 1381 1625 1424 Contestatur
1647 1381 1766 1425 enim
1796 1398 1804 1425 :
1832 1381 2050 1431 Quoniam
2071 1387 2120 1425 tu
2144 1396 2192 1425 es

355 1440 559 1483 sacerdos
599 1440 646 1483 in
686 1446 899 1484 aeternum
941 1439 1186 1483 secundum
1225 1440 1425 1484 ordinem
1463 1441 1807 1485 Melchisedech.
1852 1440 1887 1467 ¹8
1922 1440 2191 1497 Reprobatio

355 1499 536 1555 quidem
558 1500 608 1543 fit
625 1499 916 1557 praecedentis
935 1499 1150 1554 mandati,
1171 1505 1347 1556 propter
1364 1499 1673 1544 infirmitatem
1691 1500 1789 1556 ejus
1808 1504 1852 1543 et
1869 1499 2164 1544 inutilitatem
2181 1517 2191 1545 :

357 1558 392 1584 ¹9
410 1559 521 1602 nihil
553 1559 672 1602 enim
701 1559 758 1602 ad
789 1560 1039 1616 perfectum
1063 1558 1255 1601 adduxit
1284 1559 1386 1615 lex3
1421 1559 1692 1603 introductio
1720 1573 1822 1603 vero
1849 1559 2043 1602 melioris
2073 1559 2189 1617 spei,

354 1632 432 1675 per
452 1633 584 1675 quam
610 1619 912 1676 proximamus
934 1618 991 1661 ad
1019 1619 1177 1661 Deum.
1205 1617 1242 1644 ‘2⁰
1261 1619 1318 1660 Et
1344 1624 1560 1675 quantum
1584 1624 1649 1662 est
1671 1633 1759 1662 non
1785 1619 1880 1662 sine
1901 1618 2190 1674 jurejurando

357 1677 464 1734 (alii
495 1678 674 1734 quidem
706 1678 800 1721 sine
833 1677 1121 1734 jurejurando
1156 1677 1408 1721 sacerdotes
1445 1678 1559 1720 facti
1595 1683 1727 1733 sunt;
1764 1677 1797 1704 ‘2¹
1818 1677 1890 1720 hic
1915 1683 2068 1720 autem
2089 1691 2191 1721 011111

353 1736 665 1793 jurejurando,
692 1752 769 1795 per
790 1752 892 1780 eum
917 1737 991 1793 qui
1018 1736 1132 1779 dixit
1157 1736 1214 1778 ad
1236 1736 1365 1779 illum
1395 1753 1403 1780 :
1430 1738 1457 1780 J
1463 1737 1609 1780 mavit
1632 1737 1849 1780 Dominus
1875 1741 1920 1779 et
1945 1751 2033 1780 non
2055 1737 2192 1794 poeni-

354 1795 466 1839 tebit
491 1811 611 1852 eum,
633 1802 680 1839 tu
706 1811 750 1840 es
781 1796 984 1840 sacerdos
1011 1795 1057 1837 in
1084 1797 1352 1854 aeternum),
1380 1794 1417 1822 ‘2⁹2
1434 1796 1482 1838 in
1508 1802 1684 1839 tantum
1713 1795 1908 1840 melioris
1931 1797 2190 1840 testamenti

353 1869 536 1912 sponsor
557 1856 705 1899 factus
728 1862 793 1899 est
819 1857 847 1898 J
851 1870 963 1899 esus.

413 1914 450 1941 '23
480 1916 537 1957 Et
573 1915 649 1957 alii
687 1916 863 1971 quidem
905 1916 1051 1972 plures
1089 1915 1202 1958 facti
1239 1922 1343 1958 sunt
1379 1916 1653 1971 sacerdotes,
1691 1915 1857 1959 idcirco
1896 1915 2012 1971 quod
2050 1920 2191 1960 morte

352 1973 688 2030 prohiberentur
721 1989 992 2031 permanere.
1020 1974 1056 2000 ‘2²
1089 1974 1176 2017 Hic
1211 1980 1363 2017 autem
1401 1989 1450 2018 eo
1493 1975 1603 2031 quod
1646 1979 1827 2018 maneat
1865 1975 1913 2017 in
1953 1980 2189 2031 aeternum,

352 2033 670 2089 sempiternum
700 2034 835 2076 habet
860 2034 1173 2078 sacerdotium.
1206 2033 1242 2060 ‘²5
1261 2034 1394 2078 Unde
1420 2040 1464 2077 et
1488 2034 1660 2077 salvare
1686 2034 1733 2076 in
1758 2039 2023 2090 perpetuum
2044 2039 2191 2091 potest

351 2092 614 2135 accedentes
643 2107 721 2149 per
750 2093 1038 2149 semetipsum
1063 2093 1120 2136 ad
1149 2094 1314 2150 Deum,
1345 2108 1519 2150 semper
1544 2093 1698 2137 vivens
1725 2093 1782 2136 ad
1811 2092 2190 2150 interpellandum

351 2165 428 2208 pro
450 2151 590 2195 nobis.

410 2210 446 2237 ‘2⁶
464 2211 585 2253 Talis
611 2210 730 2254 enim
757 2211 944 2255 decebat
969 2218 1017 2255 ut
1043 2213 1170 2256 nobis
1196 2220 1313 2257 esset
1345 2213 1573 2270 pontifex,
1609 2219 1809 2269 sanctus,
1843 2213 2076 2269 innocens,
2107 2213 2187 2256 im-

350 2270 565 2326 pollutus,
593 2275 852 2326 segregatus
877 2286 903 2313 a
928 2272 1259 2328 peccatoribus,
1287 2278 1330 2316 et
1353 2273 1569 2316 excelsior
1596 2272 1717 2315 caelis
1743 2272 1921 2327 factus3
1950 2271 1984 2298 ‘²⁷
2004 2272 2078 2328 qui
2101 2286 2188 2316 non

351 2329 486 2372 habet
519 2329 831 2373 necessitatem
865 2330 1082 2387 quotidie,
1106 2332 1483 2388 quemadmodum
1516 2331 1789 2386 sacerdotes,
1828 2332 1947 2389 prius
1985 2345 2062 2389 pro
2098 2331 2187 2375 suis

351 2388 526 2432 delictis
552 2388 719 2432 hostias
745 2389 917 2444 offerre,
942 2390 1103 2434 deinde
1128 2405 1205 2448 pro
1231 2391 1407 2448 populi3
1436 2392 1520 2435 hoc
1548 2391 1666 2434 enim
1691 2390 1803 2434 fecit
1821 2391 1971 2447 semel,
1992 2390 2186 2448 seipsum

351 2448 590 2492 offerendo.
618 2447 654 2474 '²8
674 2449 768 2491 Lex
790 2449 908 2492 enim
930 2449 1132 2494 homines
1157 2451 1390 2494 constituit
1415 2451 1668 2494 sacerdotes
1690 2450 2004 2501 infirmitatem,
2020 2450 2187 2494 haben-

350 2513 442 2562 tes3
471 2522 615 2551 sermo
647 2513 798 2551 autem
829 2508 1142 2566 jurisjurandi,
1175 2510 1249 2566 qui
1278 2515 1378 2567 post
1409 2510 1554 2566 legem
1585 2514 1672 2566 est,
1701 2509 1867 2552 Filium
1896 2509 1942 2551 in
1972 2513 2186 2552 aeternum

348 2568 611 2624 perfectum.

419 2692 441 2744 ξ
471 2690 534 2733 ΙΙ.
564 2715 621 2722 -
656 2689 854 2735 Cleo-istus
879 2692 1097 2747 sacrzficio
1124 2693 1509 2792 sztoLpr-qestantior
1533 2698 1595 2735 est
1619 2690 1917 2735 sacerdotibus
1943 2690 2106 2734 Veteris

1236 2765 1337 2807 eyzs.

407 2864 512 2907 CAP.
545 2865 678 2908 VIII.
704 2891 764 2898 —-
789 2864 801 2890 '¹
835 2865 1091 2922 Capitulum
1123 2871 1274 2909 autem
1309 2880 1440 2922 super
1473 2880 1523 2909 ea
1550 2880 1648 2922 quae
1679 2865 1901 2909 dicuntur.
1927 2865 2083 2910 Talem
2108 2866 2185 2909 ha-

347 2922 502 2983 bemus
528 2923 807 2980 pontificem,
834 2925 907 2980 qui
939 2924 1140 2968 consedit
1168 2925 1215 2967 in
1241 2925 1424 2968 dextera
1457 2924 1574 2968 sedis
1606 2924 1932 2981 magnitudinis
1964 2924 2011 2968 in
2041 2924 2182 2979 caelis,

348 2985 364 3007 ²
389 2987 643 3025 sanctorum
681 2983 894 3040 minister,
933 2989 977 3027 et
1014 2984 1290 3027 tabernaculi
1326 2984 1438 3040 veri,
1477 2984 1592 3040 quod
1626 2984 1725 3027 fixit
1762 2984 1980 3027 Dominus
2017 2988 2062 3027 et
2097 2997 2185 3027 non

347 3041 491 3084 homo.
519 3041 537 3067 3
555 3042 709 3086 Omnis
732 3042 852 3086 enim
874 3042 1080 3100 pontifex
1101 3043 1158 3086 ad
1186 3043 1465 3086 offerendum
1492 3058 1677 3086 munera
1700 3048 1743 3087 et
1765 3043 1932 3086 hostias
1953 3042 2182 3087 constitui-

348 3107 417 3143 tur
436 3118 445 3156 ;
473 3101 590 3144 unde
613 3115 790 3146 necesse
816 3107 883 3145 est
906 3108 948 3145 et
970 3102 1088 3145 hunc
1114 3102 1277 3146 habere
1302 3102 1471 3158 aliquid
1499 3102 1614 3158 quod
1637 3102 1812 3147 offerat.
1840 3102 1857 3128 4
1876 3101 1922 3147 Si
1945 3115 2047 3157 ergo
2069 3107 2185 3145 esset

347 3173 478 3216 super
511 3165 692 3216 terram,
732 3175 813 3204 nec
849 3166 964 3205 esset
995 3161 1221 3217 sacerdos,
1257 3176 1359 3204 cum
1396 3167 1543 3205 essent
1576 3161 1651 3218 qui
1689 3162 1901 3205 offerrent
1938 3159 2184 3204 secundum

347 3218 491 3274 legem
522 3233 725 3276 munera,
763 3221 780 3247 5
806 3220 880 3276 qui
915 3220 1157 3278 exemplari
1192 3226 1235 3264 et
1268 3221 1438 3264 umbrae
1473 3221 1730 3264 deserviunt
1763 3220 2032 3274 caelestium,
2067 3218 2184 3262 sicut

346 3292 603 3335 responsum
637 3285 704 3321 est
731 3280 895 3336 Moysi,
931 3294 1031 3322 cum
1066 3286 1394 3323 consummaret
1423 3280 1762 3323 tabernaculum
1799 3297 1808 3324 :
1842 3278 1991 3333 Vide,
2016 3276 2182 3334 inquit,

347 3337 495 3380 omnia
517 3338 658 3381 facito
680 3338 925 3382 secundum
951 3339 1179 3395 exemplar
1205 3339 1319 3395 quod
1342 3339 1423 3382 tibi
1449 3344 1674 3382 ostensum
1697 3344 1763 3382 est
1785 3338 1830 3380 in
1852 3341 2015 3380 monte.

406 3396 423 3422 6
443 3397 571 3440 Nunc
593 3403 743 3441 autem
765 3398 922 3441 melius
945 3399 1126 3441 sortitus
1152 3403 1218 3441 est
1240 3398 1549 3455 ministerium,
1573 3403 1739 3454 quanto
1760 3401 1805 3440 et
1831 3395 2023 3439 melioris
2046 3401 2180 3440 testa-

348 3456 484 3498 menti
520 3456 737 3500 mediator
769 3462 855 3514 est,
888 3457 1003 3513 quod
1037 3458 1082 3500 in
1116 3457 1371 3501 melioribus
1404 3456 1818 3514 repromissionibus
1844 3454 2066 3498 sancitum
2098 3460 2179 3500 est.

348 3512 362 3538 7
382 3514 497 3556 Nam
519 3515 552 3557 si
580 3515 692 3558 illud
714 3516 832 3573 prins
856 3516 985 3573 culpa
1010 3522 1221 3573 vacasset,
1243 3531 1329 3560 non
1352 3517 1503 3572 utique
1524 3515 1706 3559 secundi
1732 3513 1853 3556 locus
1872 3513 2178 3569 inquireretur.

350 3659 395 3691 17]
415 3659 466 3686 Ps.
485 3660 571 3693 (ΠΧ,
587 3664 612 3688 4.
635 3676 670 3680 —
686 3662 734 3694 21]
754 3661 806 3688 Ps.
825 3661 1003 3696 (’1Χ,1.-
1020 3661 1068 3694 27]
1089 3661 1166 3689 Lev.
1187 3661 1278 3696 ΧΠ,
1300 3663 1324 3688 ο.
1340 3675 1375 3680 -
1392 3661 1423 3694 5]
1441 3661 1501 3688 Ex.
1521 3659 1626 3694 xxv,
1644 3660 1688 3687 40.
1708 3659 1782 3686 Act.
1800 3658 1879 3694 vu,
1900 3662 1945 3688 44.
