2391 3861
181 1410 358 1439 Saiutatio.

169 1945 345 1973 Praeterita

153 1989 361 2016 commenda-

162 2033 209 2060 tio
229 2040 349 2060 meiuo-

204 2083 308 2105 ratur.

170 2179 290 2211 Legem
310 2181 344 2205 ct

151 2222 364 2255 evangelium

181 2267 338 2299 ignorant

154 2311 232 2339 falsi
250 2311 363 2338 (lucto-

224 2362 287 2384 res.

172 2777 347 2810 Evangelii

176 2822 287 2853 r-rratia
310 2822 340 2849 in

150 2865 369 2893 ininve11÷ioiie

217 2910 309 2938 Pauli

167 2953 357 2981 manifesta.

205 3421 327 3448 Bonam

192 3464 276 3491 milit
285 3464 346 3491 iani

191 3507 346 3536 militare.

1126 629 1577 704 ,EPISTOLA

549 781 948 878 BEA‘H
1028 782 1419 880 PAULI
1501 770 2179 885 APOSTOLI

861 969 974 1035 AD
1032 969 1546 1037 TIMOTHEUM
1599 970 1871 1039 PRIMA

1302 1123 1308 1138 2-
1319 1128 1334 1131 ⁴-
1353 1122 1425 1139 xre:
1457 1129 1530 1133 rja

1131 1277 1593 1334 EXORDIUM

765 1426 932 1467 AULUs,
964 1419 1188 1468 apostotus
1219 1422 1327 1456 desu
1357 1414 1519 1456 Christi
1545 1415 1789 1457 secundum
1815 1415 2050 1471 imperium
2077 1418 2160 1461 Dei
2190 1419 2275 1461 sal-

696 1488 750 1522 *ς
795 1472 959 1514 vatoris
998 1472 1158 1526 nostri,
1193 1479 1236 1515 et
1275 1473 1437 1515 Christi
1475 1474 1584 1516 <Iesu
1621 1473 1714 1529 spei
1750 1480 1932 1530 nostrae,
1972 1477 1989 1503 2
2022 1477 2273 1534 Timotheo,

729 1533 739 1539 ”
796 1532 958 1574 dilecto
1000 1531 1091 1573 filio
1130 1531 1176 1572 in
1217 1532 1315 1574 fide.
1354 1533 1527 1586 Gratia,
1563 1533 1884 1589 misericordia,
1921 1540 1964 1577 et
2003 1550 2091 1591 pax
2123 1552 2149 1577 a
2183 1537 2276 1580 Deo

798 1592 947 1645 Patre,
976 1596 1019 1633 et
1045 1591 1219 1634 Christo
1241 1592 1349 1633 «lesu
1378 1591 1567 1633 Domino
1594 1599 1755 1636 nostro.

960 1730 1180 1786 CORP
1199 1731 1293 1785 US
1340 1731 1772 1788 EPISTOLAE

686 1840 709 1896 ξ
745 1841 781 1883 Ι.
814 1866 873 1870 -
906 1840 975 1881 De
1011 1839 1120 1880 bona
1155 1840 1317 1880 malitia
1352 1839 1587 1880 militanda
1621 1845 1771 1881 contra
1805 1839 2036 1881 lzoereticos.

499 1935 657 1977 3Sicut
686 1934 841 1989 rogavi
866 1941 909 1977 te
942 1939 989 1976 ut
1024 1947 1273 1976 remaneres
1311 1932 1473 1988 Ephesi
1509 1946 1609 1974 cum
1641 1932 1753 1975 irem
1785 1932 1833 1974 in
1862 1932 2195 1986 Macedoniam,
2231 1938 2279 1974 ut.

442 1993 724 2037 denuntiares
748 1993 1013 2048 quibusdam
1041 2007 1095 2034 ne
1117 1992 1246 2034 aliter
1270 1991 1497 2046 docerent,
1525 1991 1542 2017 4
1560 2005 1701 2046 neque
1725 1991 2008 2035 intenderent
2029 1990 2210 2046 fabulis,
2235 1997 2279 2033 ct

442 2052 716 2108 genealogiis
741 2051 1060 2104 interminatis,
1086 2066 1184 2106 quae
1220 2051 1486 2106 quaestiones
1512 2057 1727 2106 praestant
1752 2051 1896 2106 magis
1923 2065 2055 2105 quam
2088 2050 2278 2093 aedifica-

442 2112 608 2155 tionem
633 2111 735 2166 Dei,
763 2126 861 2166 quae
887 2116 951 2153 est
976 2112 1021 2152 in
1048 2111 1146 2153 fide.

501 2171 518 2197 5
537 2170 661 2213 Finis
687 2175 838 2213 autem
860 2170 1071 2226 praecepti
1099 2175 1164 2212 est
1191 2169 1384 2212 charitas
1408 2170 1461 2213 de
1488 2170 1619 2213 corde
1645 2183 1765 2227 puro,
1786 2174 1830 2212 et
1852 2169 2126 2212 conscientia
2148 2170 2277 2226 bona,

443 2236 486 2273 et
511 2230 596 2272 fide
619 2244 707 2272 non
737 2230 866 2281 ficta;
891 2229 950 2271 6a
973 2229 1132 2285 quibus
1163 2229 1341 2284 quidam
1370 2229 1649 2283 aberrantes,
1676 2229 1876 2272 conversi
1903 2234 2006 2271 sunt
2038 2228 2083 2270 in
2111 2229 2279 2272 vanilo—

443 2289 617 2345 quium,
648 2288 663 2315 7
690 2289 888 2332 volentes
923 2303 1016 2332 esse
1050 2288 1162 2343 legis
1197 2288 1416 2342 doctores,
1451 2303 1538 2331 non
1572 2288 1876 2343 intelligentes
1910 2302 2052 2343 neque
2086 2303 2184 2344 quae
2218 2289 2278 2331 lo-

444 2355 649 2405 quuntur,
677 2362 818 2404 neque
845 2348 896 2392 de
920 2347 1079 2404 quibus
1104 2347 1340 2390 affirmant..
1364 2347 1381 2373 8
1399 2347 1571 2391 Scimus
1597 2353 1747 2391 autem
1770 2347 1872 2403 quia
1894 2347 2010 2390 bona
2041 2354 2107 2390 est
2128 2347 2220 2403 lex,
2236 2347 2279 2390 si

444 2409 540 2464 quis
568 2423 618 2450 ea
644 2408 844 2463 legitime
877 2413 1049 2462 utatur,
1078 2408 1095 2433 9
1114 2407 1257 2450 sciens
1291 2408 1394 2461 hcc,
1414 2407 1517 2462 quia
1550 2408 1622 2451 lex
1647 2408 1768 2463 justo
1794 2421 1884 2450 non
1909 2411 1976 2449 est
2005 2407 2168 2463 posita,
2203 2407 2279 2450 sed

443 2468 624 2524 injustis
648 2473 692 2510 et
721 2481 808 2510 non
838 2467 1049 2521 subditis,
1080 2466 1230 2522 impiis
1258 2473 1301 2509 et
1331 2467 1657 2522 peccatoribus,
1687 2466 1913 2509 sceleratis
1940 2470 1984 2509 et
2010 2466 2281 2509 contamina-

444 2528 521 2582 tis,
549 2526 781 2583 parricidis
804 2532 848 2570 et
869 2526 1136 2581 matricidis,
1164 2525 1422 2581 homicidis,
1454 2525 1488 2552 ¹0
1502 2526 1768 2581 fornicariis,
1796 2526 2095 2568 masculorum
2121 2539 2279 2568 concu-

446 2586 682 2641 bitoribus,
714 2586 964 2642 plagiariis,
991 2585 1279 2628 mendacibus
1310 2590 1354 2627 et
1383 2585 1592 2642 perjuris,
1621 2590 1664 2628 et
1694 2585 1729 2628 si
1761 2584 1864 2640 quid
1895 2584 2017 2627 aliud
2051 2599 2172 2627 sanae
2206 2584 2280 2628 do—

447 2646 600 2688 ctrinae
620 2645 892 2700 adversatur,
918 2645 946 2670 ¹¹
961 2659 1059 2700 quae
1079 2650 1146 2687 est
1163 2644 1408 2687 secundum
1427 2644 1710 2699 evangelium
1729 2643 1884 2699 gloriae
1908 2643 2028 2686 beati
2050 2643 2145 2698 Dei,
2166 2643 2281 2699 quod

447 2705 664 2749 creditum
691 2710 758 2748 est
783 2705 905 2748 mihi.

510 2763 542 2789 ¹2
561 2764 739 2807 Gratias
765 2779 849 2820 ago
876 2764 915 2807 ei
941 2764 1013 2820 qui
1040 2779 1109 2807 me
1133 2764 1425 2819 confortavit,
1446 2764 1620 2807 Christo
1643 2765 1670 2807 J
1676 2779 1751 2807 esu
1775 2763 1966 2807 Domino
1992 2768 2154 2818 nostro,
2179 2762 2279 2818 quia

446 2824 622 2867 fidelem
660 2838 730 2866 me
764 2823 1058 2879 existimavit,
1094 2839 1261 2880 ponens
1294 2824 1339 2866 in
1375 2823 1640 2878 ministerio,
1675 2823 1709 2849 ¹3
1734 2823 1808 2878 qui
1843 2822 1963 2879 prius
1997 2822 2281 2879 blasphemus

446 2883 536 2938 fui,
564 2888 608 2926 et
640 2889 903 2939 persecutor,
932 2889 975 2926 et
1008 2884 1376 2937 contumeliosus3
1412 2882 1489 2925 sed
1520 2882 1870 2926 misericordiam
1905 2882 1987 2924 Dei
2023 2886 2281 2924 consecutus

447 2957 567 2993 sum,
591 2943 693 2998 qnia
718 2942 927 2998 ignorans
953 2943 1042 2985 feei
1069 2943 1113 2984 in
1140 2943 1465 2986 incredulitate.
1497 2942 1529 2968 ¹4
1553 2940 1941 2999 Superabundavit
1962 2945 2111 2983 autem
2137 2940 2281 2995 gratia

450 3002 630 3045 Domini
653 3002 810 3057 nostri,
839 3016 940 3044 cum
966 3002 1050 3044 fide
1077 3010 1120 3045 et
1146 3002 1404 3057 dilectione,
1429 3017 1527 3057 quae
1554 3008 1620 3044 est
1642 3000 1686 3043 in
1714 3001 1889 3044 Christo
1911 3001 2033 3043 Jesu.
2059 2998 2094 3024 ¹5
2114 2998 2280 3042 Fidelis

449 3076 610 3115 serino,
642 3067 686 3104 et
719 3061 837 3104 omni
871 3061 1129 3117 acceptione
1164 3061 1344 3117 dignus,
1380 3061 1495 3117 quod
1534 3060 1734 3104 Christus
1767 3061 1897 3103 ‹Jesus
1926 3059 2050 3101 venit
2085 3057 2131 3099 in
2166 3057 2281 3100 hunc

450 3121 663 3163 mundum
693 3126 946 3177 peccatores
979 3121 1125 3163 salvos
1154 3121 1324 3177 facere,
1356 3135 1541 3176 quorum
1576 3120 1741 3177 primus
1768 3133 1849 3175 ego
1875 3132 1985 3161 sum.
2014 3117 2045 3143 ¹⁶
2067 3116 2151 3159 Sed
2182 3116 2281 3159 ideo

449 3180 797 3223 misericordiam
824 3188 1084 3223 consecutus
1111 3195 1228 3236 sum,
1253 3185 1300 3223 ut
1324 3180 1370 3222 in
1397 3195 1466 3223 me
1493 3179 1633 3236 primo
1661 3179 1912 3222 ostenderet
1932 3176 2130 3221 Christus
2151 3176 2280 3218 Jcsus

451 3254 623 3282 omnem
664 3239 948 3296 patientiam,
983 3240 1040 3282 ad
1080 3240 1446 3283 informationem
1477 3254 1626 3282 eorum
1656 3239 1727 3294 qui
1764 3235 1970 3281 credituri
2004 3241 2107 3277 sunt
2139 3235 2203 3277 illi
2234 3235 2280 3277 in

451 3299 589 3341 vitam
614 3304 840 3341 aeternam.
868 3299 898 3324 ¹7
920 3299 1030 3355 Regi
1054 3305 1202 3343 autem
1224 3299 1486 3342 saeculorum
1513 3297 1775 3353 immortali,
1799 3293 2034 3349 invisibili,
2060 3294 2140 3337 soli
2165 3295 2278 3349 Deo,

451 3358 588 3401 honor
613 3364 656 3401 et
682 3358 824 3414 gloria
848 3358 892 3400 in
919 3359 1082 3402 saecula
1107 3360 1381 3402 saeculorum.
1409 3361 1567 3402 Amen.
1615 3387 1618 3389 Δ

514 3418 545 3444 ¹⁸
574 3419 671 3461 Hoc
705 3423 977 3475 praeceptum
1013 3419 1275 3462 commendo
1309 3419 1415 3469 tibi,
1454 3418 1514 3461 fili
1553 3417 1804 3472 Timothee,
1839 3415 2083 3458 secuudum
2118 3428 2280 3471 praece-

453 3477 605 3520 dentes
638 3477 682 3519 in
717 3484 759 3520 te
792 3477 1068 3533 prophetias,
1102 3483 1148 3521 ut
1181 3478 1344 3521 milites
1382 3479 1425 3520 in
1462 3477 1552 3520 illis
1589 3478 1751 3520 bonam
1790 3474 2019 3530 militiam,
2055 3474 2091 3500 ¹9
2114 3474 2281 3517 habens

455 3610 483 3642 2]
502 3611 574 3637 Act.
595 3611 684 3643 XVI7
705 3614 727 3638 l.
742 3624 777 3628 —-
792 3609 820 3642 4]
842 3609 1017 3643 Inf.1x',7.
1038 3609 1069 3635 ΙΙ
1090 3607 1170 3635 Tim.
1190 3608 1234 3641 11,
1253 3610 1296 3635 23.
1315 3607 1377 3635 Tit.
1401 3607 1464 3641 111,
1479 3610 1504 3635 9.
1523 3621 1558 3625 -
1575 3606 1604 3640 S]
1626 3607 1719 3634 Rom.
1739 3605 1876 3639 v11‚iz.
1896 3604 1995 3638 -15]
2015 3604 2136 3632 Matth.
2158 3603 2217 3640 IX,
2236 3605 2280 3633 13.

455 3654 554 3681 Marc.
574 3655 619 3687 ΙΙ,
640 3658 679 3682 17.

2381 2422 2391 2567 -ua....-=.
2390 2399 2391 2407 a
