2456 3861
611 148 690 190 EX.
727 148 929 202 XXXII,
967 149 1014 189 11
1052 173 1110 179 —
1142 148 1371 202 XXXIII,
1406 148 1446 190 3.
1882 149 1937 192 83

119 315 151 342 ¹¹
178 317 352 372 Moyses
383 320 533 358 autem
566 316 720 358 orabat
754 315 995 358 Dominum
1030 317 1173 359 Deum
1205 330 1353 370 suum,
1381 316 1532 358 dicens
1558 332 1566 360 :
1593 317 1690 371 Cur,
1727 317 1934 373 Domine,

115 374 318 417 irascitur
335 374 458 416 furor
475 379 575 417 tuus
593 380 746 417 contra
764 374 974 430 populum
993 380 1137 430 tuum,
1158 389 1287 430 quem
1307 374 1497 417 eduxisti
1518 374 1572 418 de
1594 379 1708 418 terra
1727 375 1934 432 AEgypti,

114 433 160 475 111
187 432 450 476 fortitudine
475 447 659 489 magna,
680 439 724 476 et
745 433 789 476 in
814 447 946 475 manu
968 433 1179 476 robusta?
1202 432 1235 459 ¹'2
1253 433 1332 488 Ne,
1353 447 1514 489 quaeso,
1534 433 1687 476 dicant
1704 434 1909 490 AEgyptii
1929 451 1937 478 :

115 491 286 536 Callide
306 491 460 534 eduxit
481 506 572 547 eos,
593 498 642 535 ut
658 491 926 535 interficeret
950 491 996 534 in
1024 492 1267 546 montibus,
1288 497 1331 534 et
1349 492 1515 535 deleret
1533 506 1556 535 e
1578 497 1718 548 terra;
1741 493 1940 548 quiescat

115 550 179 592 ira
203 555 299 605 tua,
328 556 371 592 et
396 556 489 593 esto
521 550 756 606 placabilis
788 564 917 606 super
950 550 1148 606 nequitia
1181 551 1330 606 populi
1365 551 1443 594 tui.
1473 550 1506 577 ¹3
1526 551 1771 595 Recordare
1797 552 1938 594 Abra-

115 609 237 663 ham,
262 609 410 664 Isaac,
438 615 482 652 et
508 609 666 664 Israel,
693 622 918 651 servorum
943 614 1138 664 tuorum,
1166 609 1323 664 quibus
1348 609 1506 664 jurasti
1530 624 1607 666 per
1631 610 1936 667 temetipsum,

115 667 265 710 (1100110
288 684 296 711 :
324 667 633 724 Multiplicabo
658 681 807 710 semen
833 672 1028 709 vestrum
1054 667 1168 709 sicut
1188 667 1339 710 stellas
1366 668 1483 723 caeli,
1508 673 1553 711 et
1577 668 1829 712 universam
1854 674 1938 713 ter-

114 740 208 768 ram
233 727 367 781 hanc,
396 726 450 769 de
478 739 564 782 qua
589 725 760 768 locutus
781 739 898 779 sum,
922 724 1038 767 dabo
1063 725 1220 767 semini
1249 731 1414 781 vestro,
1449 732 1492 769 et
1526 727 1807 783 possidebitis
1841 743 1938 772 eam

113 798 297 841 semper.
325 784 357 810 ¹⁴
376 784 669 839 Placatusque
695 788 760 826 est
780 783 995 826 Dominus
1017 797 1071 826 ne
1091 784 1261 826 faceret
1286 785 1452 826 malum
1471 786 1584 840 quod
1604 786 1774 830 locutus
1792 788 1940 830 fuerat

114 843 322 886 adveisus
347 842 559 900 populum
585 856 725 885 suum.

176 902 208 928 ¹⁵
227 903 285 944 Et
307 915 506 945 reversus
528 906 594 944 est
618 901 793 957 Moyses
819 900 872 944 de
899 906 1067 956 monte,
1087 915 1165 957 poi
1168 905 1266 945 tans
1292 902 1401 945 duas
1427 902 1603 946 tabulas
1629 903 1871 947 testimonii
1893 905 1938 947 in

115 975 247 1003 manu
279 974 378 1016 sua,
412 959 599 1016 scriptas
632 974 686 1002 ex
719 964 903 1014 utraque
935 965 1080 1016 parte,
1105 959 1141 986 ¹⁶
1158 965 1202 1003 et
1233 961 1381 1004 factas
1415 975 1543 1017 opere
1578 961 1940 1018 Dei3scr·iptu1a

111 1033 283 1075 quoque
317 1019 400 1062 Dei
431 1023 524 1062 e1at
557 1019 730 1075 sculpta
765 1017 812 1060 in
848 1018 1026 1062 tabulis.
1064 1017 1096 1044 ¹⁷
1117 1019 1315 1062 Audiens
1348 1024 1498 1063 autem
1531 1021 1667 1064 Josue
1700 1021 1940 1063 tumultum

112 1078 262 1134 populi
281 1078 592 1133 vociferantis,
620 1077 735 1121 dixit
760 1077 817 1120 ad
844 1078 1057 1134 Moysen.
1086 1079 1126 1121 U
1131 1078 1294 1121 lulatus
1320 1093 1483 1135 pugnae
1509 1078 1715 1122 auditur
1704 1094 1751 1121 111
1770 1080 1938 1124 castris.

115 1136 150 1164 ¹⁸
166 1137 247 1188 Qui
272 1137 500 1194 respondit
525 1153 533 1181 :
561 1138 660 1181 Non
687 1142 753 1179 est
779 1135 945 1179 clamor
968 1136 1301 1180 adhortantium
1326 1137 1383 1180 ad
1408 1151 1626 1194 pugnam,
1653 1152 1794 1193 neque
1822 1139 1940 1182 voci-

112 1196 275 1239 feratio
312 1196 675 1252 compellentium
711 1195 768 1238 ad
808 1195 997 1251 fugam3
1041 1195 1116 1238 sed
1154 1210 1308 1239 vocem
1350 1196 1628 1240 cantantium
1672 1211 1754 1252 ego
1793 1198 1938 1242 audio.

116 1255 361 1312 ¹⁹Cumque
382 1255 779 1312 appropinquasset
803 1254 860 1297 ad
887 1259 1050 1310 castra,
1070 1254 1185 1297 vidit
1202 1255 1413 1311 vitulum,
1442 1260 1486 1298 et
1511 1256 1689 1311 choros3
1716 1255 1941 1312 iratusque

113 1315 264 1370 valde,
299 1314 488 1371 projecit
520 1314 574 1357 de
603 1328 738 1356 manu
770 1313 966 1369 tabulas,
1003 1319 1046 1356 et
1080 1314 1304 1370 confregit
1337 1328 1409 1357 eas
1435 1315 1491 1357 ad
1524 1315 1720 1358 radicem
1747 1316 1938 1371 montis;

113 1372 151 1400 ²⁰
167 1373 466 1430 arripiensque
492 1373 681 1416 vitulum
707 1387 838 1428 quem
871 1373 1092 1427 fecerant,
1121 1373 1382 1429 combussit,
1407 1379 1450 1416 et
1482 1373 1693 1416 contrivit
1717 1388 1852 1429 usque
1883 1375 1940 1418 ad

113 1432 360 1489 pulverem,
394 1446 524 1488 quem
558 1432 718 1488 sparsit
750 1431 796 1474 in
833 1445 1015 1486 aquam,
1050 1436 1094 1473 et
1127 1431 1250 1474 dedit
1282 1446 1337 1475 ex
1370 1446 1419 1475 eo
1455 1437 1610 1488 potum
1646 1432 1749 1476 filiis
1786 1433 1938 1478 Israel.

113 1490 147 1517 2¹
169 1491 381 1547 Dixitque
413 1491 469 1533 ad
503 1492 653 1534 Aaron
679 1507 688 1535 ε
722 1490 836 1542 Quid
869 1489 951 1532 tibi
984 1490 1097 1532 fecit
1125 1490 1197 1532 hic
1229 1491 1441 1546 populus,
1469 1497 1518 1533 ut
1549 1490 1780 1535 induceres
1813 1507 1942 1548 super

112 1565 212 1593 eum
237 1555 471 1606 peccatum
504 1548 786 1592 maximum?
814 1548 851 1574 22
869 1548 948 1593 Cui
973 1548 1051 1591 1110
1072 1549 1298 1605 respondit
1319 1566 1328 1593 ε
1355 1550 1422 1592 Νο
1453 1549 1712 1605 indignetur
1736 1551 1940 1594 dominus

114 1623 259 1664 meus3
286 1614 335 1652 tu
361 1609 480 1652 enim
505 1609 620 1651 nosti
645 1608 859 1665 populum
883 1607 1038 1663 istum,
1059 1607 1175 1663 quod
1200 1622 1362 1664 pronus
1387 1608 1444 1651 sit
1465 1608 1522 1651 ad
1548 1609 1730 1653 malum.
1750 1608 1787 1636 ⁶²3
1806 1609 1940 1653 Dixe-

112 1673 214 1710 runt
238 1668 348 1710 mihi
374 1684 383 1712 ε
410 1669 502 1711 Fac
534 1667 662 1711 nobis
695 1667 819 1723 deos,
843 1666 916 1723 qui
949 1681 1028 1709 nos
1061 1666 1342 1722 praecedant3
1374 1667 1476 1710 huic
1510 1667 1628 1710 enim
1662 1668 1831 1725 Moysi,
1865 1669 1940 1724 qui

112 1741 190 1770 nos
215 1727 369 1770 eduxit
394 1727 448 1770 de
474 1733 590 1770 terra
614 1726 826 1783 AEgypti,
854 1726 1075 1769 nescimus
1101 1725 1206 1781 quid
1228 1726 1452 1769 acciderit.
1472 1725 1509 1752 24
1527 1726 1692 1777 Quibus
1711 1741 1793 1783 ego
1818 1727 1938 1772 dixi:

111 1786 216 1837 Quis
240 1792 436 1829 vestrum
461 1786 596 1830 habet
620 1785 808 1829 aurum?
835 1785 1068 1841 Tulerunt,
1097 1790 1140 1828 et
1169 1784 1385 1828 dederunt-
1406 1785 1540 1840 mihi,
1570 1791 1613 1829 et
1638 1786 1805 1842 projeci
1827 1786 1939 1830 illud

111 1845 159 1887 in
182 1845 354 1901 ignem,
382 1859 667 1901 egressusque
693 1850 758 1888 est
782 1845 855 1888 hic
881 1844 1059 1887 vitulus.

171 1903 208 1931 ⁹5
229 1905 265 1947 V
267 1904 393 1948 ldens
420 1919 565 1961 01801
549 1905 724 1961 Moyses
750 1904 962 1972 populum
987 1903 1102 1959 quod
1129 1909 1243 1947 esset
1276 1904 1468 1947 nudatus
1496 1907 1513 1958 (
1527 1905 1796 1961 spoliaveiat
1821 1904 1939 1947 enim

113 1978 213 2007 eum
246 1965 396 2007 Aaron
432 1969 610 2020 propter
639 1963 936 2019 ignominiam
968 1962 1127 2019 soldis,
1162 1968 1206 2006 et
1240 1963 1358 2006 inter
1393 1964 1540 2007 hostes
1572 1963 1741 2007 nudum
1777 1963 1939 2006 consti-

111 2025 309 2078 tuerat),
329 2022 366 2050 96
380 2028 424 2066 et
445 2028 567 2066 stans
591 2023 637 2065 in
662 2028 789 2079 porta
808 2027 1072 2078 castrorum,
1099 2022 1189 2066 ait·
1213 2022 1256 2067 Si
1283 2022 1380 2077 quis
1406 2028 1472 2065 est
1498 2022 1700 2079 Domini,
1725 2022 1941 2079 jungatur

114 2082 235 2125 mihi.
263 2082 618 2138 Congregatique
651 2087 753 2125 sunt
785 2082 842 2125 ad
868 2096 968 2125 eum
1002 2057 1153 2124 01111100
1185 2081 1265 2124 filii
1293 2082 1424 2137 Levi,
1452 2080 1487 2108 2⁷
1506 2081 1664 2137 quibus
1695 2082 1790 2126 ait:
1826 2082 1939 2124 Haec

112 2141 223 2184 dicit
246 2141 462 2184 Dominus
482 2142 601 2184 Deus
622 2141 786 2185 Israel:
814 2142 958 2184 Ponat
981 2140 1049 2182 vir
1070 2140 1272 2196 gladium
1297 2155 1426 2197 super
1450 2141 1598 2184 femur
1619 2155 1759 2185 suum.
1779 2141 1869 2196 Ite,
1897 2146 1940 2184 et

112 2200 252 2243 redite
290 2200 343 2243 de
380 2205 506 2257 porta
542 2214 677 2256 usque
716 2200 773 2243 ad
814 2205 989 2256 portam
1030 2214 1107 2256 per
1147 2200 1343 2243 medium
1384 2205 1647 2256 castrorum,
1686 2205 1730 2243 et
1765 2175 1941 2242 occi'dat

113 2259 408 2315 unusquisque
434 2259 622 2302 fratrem
645 2264 688 2302 et
714 2260 929 2315 amicum,
958 2264 1001 2302 et
1023 2259 1274 2315 proximum
1300 2273 1441 2302 suum.
1468 2258 1504 2286 28
1523 2260 1827 2326 Feceruntque
1859 2258 1938 2301 filii

114 2318 222 2361 Levi
247 2318 379 2374 juxta
403 2332 650 2361 sermonem
676 2318 840 2374 Moysi,
868 2318 1208 2374 cecideruntque
1240 2318 1287 2360 in
1313 2318 1384 2361 die
1416 2318 1495 2361 illa
1517 2318 1640 2374 quasi
1666 2317 1829 2374 viginti
1855 2317 1941 2360 tria

112 2377 255 2420 millia
289 2376 604 2421 11011111111111.“29
630 2379 688 2420 Et
724 2377 787 2419 ait
827 2353 1034 2433 Moyses:
1074 2377 1372 2420 Consecrastis
1414 2392 1570 2420 manus
1606 2381 1775 2420 vestras
1810 2376 1941 2420 hodie

114 2436 325 2492 Domino,
351 2437 648 2492 unusquisque
673 2436 718 2479 in
745 2436 836 2479 filio
863 2441 906 2479 et
929 2435 976 2478 in
1001 2436 1140 2478 fratre
1166 2450 1267 2492 suo,
1295 2441 1343 2479 ut
1369 2436 1496 2479 detur
1523 2436 1649 2479 vobis
1675 2435 1939 2479 benedictio.

171 2495 208 2522 ³⁰
226 2496 364 2539 Facto
390 2501 539 2538 autem
564 2496 704 2539 altero
737 2496 828 2551 die,
855 2495 1028 2538 locutus
1053 2499 1119 2537 est
1144 2496 1319 2551 Moyses
1352 2495 1408 2538 ad
1442 2495 1654 2551 populum
1680 2511 1688 2539 ε
1716 2494 1940 2538 Peccastis

112 2559 342 2611 peccatum
370 2555 641 2610 maximum3
669 2555 909 2598 ascendam
933 2553 989 2596 ad
1024 2553 1285 2609 Dominum,
1309 2554 1345 2596 si
1371 2568 1455 2609 quo
1481 2554 1612 2597 modo
1635 2553 1814 2609 quivero
1840 2567 1940 2596 eum

113 2614 338 2670 deprecari
367 2628 445 2671 pro
462 2614 634 2658 ‘scelere
660 2619 819 2659 vestro.
844 2613 877 2641 3¹
902 2614 1204 2668 Reversusque
1228 2613 1285 2656 ad
1313 2613 1574 2668 Dominum,
1597 2612 1662 2656 ait
1687 2629 1696 2657 ε
1722 2612 1938 2667 Obsecro,

112 2673 316 2729 peccavit
340 2673 527 2729 populus
551 2673 635 2716 iste
660 2679 894 2730 peccatum
917 2671 1183 2727 maximum,
1206 2671 1497 2727 feceruntque
1522 2671 1607 2715 sibi
1634 2671 1738 2715 deos
1759 2685 1937 2727 aureos,

112 2737 189 2775 aut
222 2732 396 2775 dimitte
427 2732 488 2775 eis
521 2733 635 2775 hanc
668 2747 851 2788 noxam,
880 2731 916 2758 3'2
934 2736 1011 2773 aut
1042 2730 1078 2773 si
1104 2744 1192 2773 non
1225 2731 1361 2787 facis,
1397 2731 1494 2774 dele
1528 2745 1598 2774 me
1633 2731 1686 2774 de
1719 2730 1832 2773 libro
1864 2735 1941 2773 tuo

112 2805 242 2847 quem
274 2791 501 2847 scripsisti.
529 2791 566 2818 33
583 2791 662 2835 0111
688 2791 916 2848 respondit
950 2789 1166 2833 Dominus
1193 2806 1201 2834 :
1228 2790 1310 2840 Qui
1342 2790 1594 2846 peccaverit
1626 2789 1756 2846 mihi,
1784 2789 1940 2832 delebo

112 2864 212 2893 eum
234 2850 288 2893 de
313 2850 425 2893 libro
451 2865 576 2906 11100;
605 2851 642 2878 34
661 2857 708 2894 tu
734 2856 883 2893 autem
908 2848 1042 2904 vade,
1071 2853 1114 2891 et
1139 2849 1224 2891 duc
1248 2849 1461 2906 populum
1493 2849 1628 2892 istum
1655 2863 1741 2905 quo
1769 2848 1940 2892 locutus

112 2924 209 2951 sum
233 2909 316 2952 tibi
333 2927 342 2935 ·
333 2910 554 2965 ,angelus
587 2925 710 2953 meus
743 2909 966 2966 praecedet
997 2913 1066 2963 te3
1095 2922 1176 2964 ego
1202 2913 1353 2951 autem
1372 2908 1419 2951 in
1445 2908 1516 2951 die
1542 2907 1722 2951 ultionis
1748 2907 1940 2951 visitabo

113 2973 157 3011 et
187 2969 270 3011 hoc
306 2978 540 3024 peccatum
577 2983 739 3012 eorum.
767 2968 802 2995 35
822 2967 1043 3011 Percussit
1077 2981 1180 3023 ergo
1215 2967 1430 3010 Dominus
1459 2967 1671 3024 populum
1704 2980 1783 3024 pro
1816 2971 1940 3009 reatu

112 3027 262 3083 vituli,
289 3042 419 3083 quem
443 3028 614 3072 fecerat
635 3030 797 3072 Aaron.

172 3086 277 3130 CAP.
303 3087 527 3130 XXXIII.
545 3113 605 3120 —
624 3087 635 3113 ¹
656 3088 936 3143 Locutusque
963 3093 1028 3131 est
1048 3086 1265 3130 Dominus
1284 3087 1341 3130 ad
1360 3087 1565 3143 Moysen,
1586 3087 1772 3130 dicens:
1792 3086 1937 3142 Vade,

111 3145 300 3189 ascende
326 3145 380 3188 de
405 3145 500 3188 1000
524 3146 609 3213 isto
631 3152 699 3203 tu,
727 3151 770 3190 et
795 3147 981 3203 populus
1006 3152 1106 3190 tuus
1132 3159 1263 3202 quem
1289 3145 1482 3189 eduxisti
1507 3146 1562 3189 de
1587 3151 1703 3188 terra
1729 3145 1937 3201 AEgypti,

111 3204 159 3246 in
179 3209 342 3247 terram
375 3219 507 3260 quam
539 3205 686 3261 juravi
713 3206 962 3262 Abraham,
998 3208 1147 3261 Isaac,
1176 3209 1219 3248 et
1248 3205 1411 3261 Jacob,
1447 3205 1597 3248 dicens
1623 3221 1631 3248 :
1667 3204 1832 3248 Semini
1865 3209 1939 3246 tuo

113 3262 228 3305 dabo
260 3277 378 3319 eam,
415 3262 432 3289 '²
454 3269 498 3306 et
531 3265 708 3308 mittam
740 3279 1057 3321 praecursorem
1092 3264 1156 3307 tui
1194 3264 1425 3321 angelum,
1464 3268 1513 3306 ut
1550 3263 1730 3320 ejiciam
1767 3263 1938 3307 Chana-

114 3335 280 3377 naeum,
316 3327 360 3365 et
388 3323 718 3380 Amorrhaeum,
754 3330 798 3367 et
832 3325 1094 3380 Hethaeum,
1121 3328 1166 3366 et
1199 3324 1503 3379 Pherezaeum,
1539 3329 1584 3366 et
1616 3323 1862 3376 Hevaeum,
1896 3326 1942 3364 et

114 3380 396 3436 Jebusaeum3
417 3381 434 3408 3
449 3387 492 3424 et
516 3382 652 3426 intres
673 3383 719 3425 in
742 3388 905 3426 terram
925 3383 1136 3426 fluentem
1160 3382 1275 3425 lacte
1298 3386 1341 3425 et
1362 3381 1518 3436 melle,
1543 3395 1629 3424 non
1652 3381 1770 3424 enim
1788 3394 1931 3423 ascen-

114 3438 216 3481 dam
241 3444 408 3496 tecum,
437 3441 539 3496 quia
560 3442 747 3498 populus
773 3442 894 3484 durae
920 3441 1104 3485 cervicis
1126 3456 1194 3497 eS,
1221 3455 1276 3484 110
1302 3441 1419 3484 forte
1442 3440 1694 3496 disperdam
1716 3444 1759 3482 te
1783 3438 1830 3481 111
1850 3438 1936 3482 via.

116 3602 162 3634 11]
184 3602 280 3630 Num.
298 3603 389 3638 XIV,
407 3607 451 3632 13.
473 3605 526 3632 Ρο.
548 3605 611 3639 CV,
628 3607 673 3633 23.
691 3620 726 3624 —-
745 3605 792 3638 13]
815 3605 892 3633 Gen.
911 3605 999 3638 XII,
1017 3607 1030 3632 7
1049 3607 1084 3632 et
1109 3605 1181 3639 XV,
1208 3606 1222 3632 7
1248 3607 1282 3631 et
1304 3603 1472 3638 XLVIII,
1490 3606 1533 3630 16.
1552 3618 1587 3622 -
1609 3603 1636 3635 1]
1662 3602 1740 3630 Gen.
1765 3600 1850 3636 XII,
1878 3602 1935 3628 7.-

115 3645 145 3678 2]
165 3645 242 3678 sup.
260 3646 411 3682 XXXII,
431 3651 475 3676 34.
498 3649 595 3676 Deut.
612 3649 692 3683 VII,
714 3651 757 3676 22.
780 3649 850 3676 Jos.
872 3649 994 3683 XXIV,
1016 3652 1058 3677 11.
1076 3663 1111 3668 —-
1128 3649 1157 3682 3]
1184 3649 1261 3680 Sup.
1287 3648 1436 3680 XXXII,
1459 3650 1484 3675 9.
1504 3647 1600 3674 Deut.
1617 3647 1677 3681 IX,
1695 3649 1738 3674 13.

2023 915 2155 948 Moyses
2180 917 2228 942 ta-

2078 959 2176 987 bulas

2033 1003 2223 1036 idolumque

2021 1046 2229 1076 comminuit.

2049 1913 2204 1942 Sontium

2029 1957 2220 1991 castigatio.

2061 2506 2194 2539 Moyses

2005 2548 2128 2577 iterum
2146 2549 2247 2577 inter—

2043 2593 2132 2622 cedit
2151 2600 2210 2626 pro

2072 2638 2178 2671 plebe.

2007 3100 2094 3126 Deus
2145 3097 2246 3125 minz«-

2031 3147 2087 3170 tur
2100 3141 2220 3175 gratiae

2006 3193 2074 3215 suae
2095 3188 2245 3214 subtrac-

2056 3230 2192 3259 tionen.
