2456 3861
677 183 822 226 DEUT.
858 183 999 234 XIII,
1037 185 1084 226 11
1121 210 1180 216 —
1209 183 1336 238 XIV,
1369 184 1441 227 26.
1890 187 1972 229 175

145 365 177 393 a
199 351 390 393 Domino
421 353 513 395 Deo
543 359 638 406 tuo,
662 352 734 407 qui
764 352 918 395 eduxit
947 359 989 396 te
1018 352 1072 396 de
1102 359 1214 395 terra
1240 353 1449 410 AEgypti,
1473 352 1528 396 de
1557 353 1688 396 domo
1716 353 1969 408 servitutis,

149 409 184 436 ¹¹
206 415 254 451 ut
283 409 424 452 omnis
455 410 592 453 Israel
620 410 804 454 audiens
835 411 1009 467 timeat,
1041 418 1084 454 et
1115 425 1393 467 nequaquam
1428 411 1543 454 ultra
1574 411 1716 454 faciat
1745 411 1972 468 quippiam

148 466 280 523 huj11s
302 468 363 511 rei
385 469 543 513 simile.

207 526 243 552 ¹⁹²
265 527 307 570 Si
337 528 528 571 audieris
557 528 602 571 111
633 543 720 571 una
749 529 923 571 urbium
953 535 1148 583 tuarum,
1177 544 1282 585 quas
1316 530 1530 574 Dominus
1562 531 1680 573 Deus
1713 535 1814 573 tuus
1848 529 1973 572 dabit

146 585 227 628 tibi
250 585 307 628 ad
330 586 646 642 habitandum,
665 587 861 630 dicentes
883 588 1054 643 aliquos
1081 604 1090 631 :
1116 588 1148 613 ¹²³
1168 587 1342 643 Egressi
1364 595 1468 632 sunt
1488 590 1569 632 filii
1594 589 1736 632 Belial
1754 589 1808 632 de
1826 588 1971 632 medio

144 645 230 699 tui,
255 652 296 688 et
318 651 572 688 averterunt
601 645 871 689 habitatores
894 646 1012 688 urbis
1042 660 1154 701 suae,
1177 654 1308 701 atque
1339 648 1544 691 dixerunt
1572 665 1581 691 :
1612 649 1798 703 Eamus,
1821 653 1864 690 et
1885 661 1970 691 ser-

145 703 318 746 viamus
353 704 437 746 diis
477 704 633 747 alienis
667 718 774 758 quos
806 704 1050 759 ignoratis;
1088 704 1121 731 ¹⁴
1151 719 1299 760 quaere
1330 706 1519 749 sollicite
1551 712 1594 750 et
1627 707 1878 762 diligenter,
1909 706 1971 750 rei

147 762 332 806 ven‘tate
354 768 602 819 perspecta,
625 762 662 804 si
692 762 912 806 inveneris
942 770 1111 806 certum
1143 777 1236 806 esse
1265 764 1379 818 quod
1410 764 1583 820 dicitur,
1607 772 1650 808 et
1678 765 1971 808 abominatio-

145 835 246 864 nem
275 821 389 863 hanc
419 834 547 877 opere
576 826 894 877 perpetratam,
926 821 962 848 ¹5
982 821 1135 864 statim
1165 822 1381 878 percuties
1411 823 1680 866 habitatores
1711 824 1830 866 urbis
1851 824 1971 867 illius

143 880 189 922 in
212 893 283 922 ore
304 879 466 935 gladii,
489 885 533 923 et
554 879 721 923 delebis
745 894 862 935 eam,
885 894 938 923 ac
961 880 1109 923 omnia
1132 895 1230 935 quae
1251 880 1296 922 in
1317 881 1396 923 illa
1417 888 1540 936 sunt,
1563 896 1700 937 usque
1721 882 1777 925 ad
1800 896 1970 938 pecora.

145 939 180 965 ¹⁶
201 938 423 994 Quidquid
464 938 600 981 etiam
628 939 917 995 supellectilis
955 939 1111 994 fuerit,
1144 939 1436 995 congregabis
1466 940 1512 982 in
1546 941 1694 983 medio
1725 941 1972 997 platearum

94 1053 96 1055 Ι
133 997 259 1052 ejus,
289 1004 333 1040 et
363 1011 464 1039 cum
492 996 588 1053 ipsa
618 996 801 1041 civitate
829 998 1090 1052 succendes,
1112 998 1176 1040 ita
1205 1005 1253 1040 ut
1282 998 1487 1042 universa
1517 1012 1749 1041 consumas
1782 1000 1972 1042 Domino

95 1046 103 1066 ⁴
145 1056 237 1099 Deo
259 1062 354 1111 tuo,
378 1063 421 1099 et
445 1056 504 1098 sit
525 1056 722 1099 tumulus
743 1057 1050 1114 sempiternus.
1074 1058 1115 1099 N
1119 1071 1173 1099 on
1205 1057 1498 1100 aediticabitur
1521 1057 1733 1114 amplius,
1765 1057 1798 1084 ‘¹⁷
1821 1065 1863 1101 et
1884 1072 1971 1101 non

131 1114 389 1158 adhaerebit
418 1115 472 1159 de
501 1114 580 1158 1110
606 1116 893 1159 anathemate
923 1116 1165 1173 quidquam
1193 1115 1240 1158 in
1269 1131 1403 1158 manu
1433 1121 1529 1172 tua,
1552 1123 1601 1159 ut
1628 1122 1854 1160 avertatur
1884 1118 1971 1161 Do—

141 1173 287 1216 minus
309 1174 364 1216 ab
385 1173 451 1216 ira
472 1174 635 1217 furoris
657 1175 744 1230 sui,
769 1180 811 1218 et
834 1176 1092 1218 misereatur
1113 1175 1198 1230 tui,
1222 1175 1577 1232 multiplicetque
1597 1180 1641 1218 te
1669 1175 1784 1218 sicut
1805 1175 1971 1231 juravit

140 1232 340 1289 patribus
362 1233 470 1288 tuis,
495 1232 531 1260 ¹⁸
549 1234 725 1289 quando
745 1234 937 1277 audieris
960 1247 1114 1277 vocem
1135 1234 1314 1277 Domini
1339 1234 1420 1277 Dei
1443 1233 1529 1289 tui,
1549 1234 1801 1278 custodiens
1822 1235 1970 1278 omnia

140 1297 362 1348 praecepta
384 1292 501 1348 ejus,
525 1307 623 1348 quae
653 1307 734 1348 ego
762 1292 974 1350 praecipio
996 1293 1077 1335 tibi
1107 1293 1257 1349 hodie,
1281 1299 1330 1336 ut
1350 1292 1494 1336 facias
1524 1293 1639 1348 quod
1668 1293 1884 1350 placitum
1904 1300 1970 1338 est

139 1351 185 1393 in
208 1357 445 1408 conspectu
469 1351 649 1395 Domini
674 1352 756 1395 Dei
779 1352 856 1395 tui.

199 1409 303 1453 CAP.
328 1410 453 1453 XIV.
475 1436 536 1443 —-
563 1410 577 1436 ¹
601 1410 705 1453 Filii
735 1417 873 1454 estote
905 1412 1084 1454 Domini
1117 1412 1198 1455 Dei
1220 1412 1383 1465 vestri,
1415 1425 1503 1454 non
1530 1425 1607 1454 vos
1636 1412 1867 1467 incidetis,
1888 1427 1969 1456 nec

137 1469 316 1512 facietis
346 1469 579 1511 calvitium
607 1483 738 1525 super
765 1475 956 1525 mortuo,
987 1469 1005 1496 2
1027 1471 1235 1526 quoniam
1263 1470 1451 1527 populus
1484 1476 1663 1513 sanct-us
1696 1485 1741 1514 es
1776 1471 1967 1514 Domino

142 1529 234 1571 Deo
256 1533 352 1582 tuo,
376 1533 420 1570 et
441 1534 484 1571 te
505 1528 640 1584 elegit
661 1533 710 1570 ut
731 1528 790 1570 sis
813 1528 852 1571 ei
873 1529 920 1571 in
942 1529 1155 1586 populum
1176 1529 1466 1585 peculiarem,
1490 1529 1544 1572 de
1566 1530 1737 1572 cunctis
1759 1530 1966 1585 gentibus

130 1601 236 1642 «quae
258 1592 362 1629 sunt
383 1600 514 1643 super
534 1592 710 1630 terram.

196 1645 215 1672 3
236 1646 303 1689 Ne
333 1646 575 1689 comedatis
606 1660 704 1702 quae
733 1646 966 1690 immunda
995 1653 1110 1690 sunt.
1142 1646 1159 1673 1
1182 1648 1281 1689 Hoc
1310 1653 1376 1690 est
1404 1647 1572 1690 animal
1602 1648 1717 1703 quod
1739 1649 1967 1692 comedere

133 1704 308 1748 debetis
337 1721 345 1748 :
377 1704 556 1760 bovem,
588 1711 631 1749 et
663 1719 811 1761 ovem,
842 1712 886 1749 et
919 1721 1118 1763 capram,
1150 1706 1167 1732 5
1189 1720 1369 1749 cervum
1401 1711 1445 1750 et
1473 1720 1699 1763 capream,
1730 1706 1964 1759 bubalum,

134 1763 469 1820 tragelaphum,
489 1778 760 1821 pygargum,
781 1779 982 1821 orygem,
1004 1765 1424 1822 camelopardalum.
1446 1765 1464 1792 6
1481 1766 1623 1809 Omne
1643 1765 1831 1822 animal,
1852 1767 1966 1822 quod

131 1822 181 1865 in
203 1823 312 1865 duas
334 1829 480 1879 partes
502 1823 632 1866 findit
653 1824 888 1880 ungulam,
907 1830 951 1868 et
971 1824 1186 1879 ruminat,
1211 1824 1477 1880 comedetis3
1501 1824 1515 1850 7
1535 1824 1589 1867 de
1610 1824 1678 1867 his
1700 1831 1850 1868 autem
1867 1840 1965 1881 quae

127 1881 381 1938 ruminant,
404 1888 448 1926 et
476 1883 692 1938 ungulam
720 1897 808 1926 non
836 1883 1031 1939 findunt,
1055 1883 1285 1927 comedere
1313 1897 1400 1926 non
1432 1883 1622 1939 debetis,
1645 1889 1694 1926 ut
1723 1884 1963 1940 camelum,

133 1940 348 1997 leporem,
380 1941 753 1998 choerogryllum3
784 1942 882 1986 haec
912 1942 1015 1998 quia
1036 1942 1282 1998 ruminant,
1306 1948 1349 1986 et
1377 1957 1464 1986 non
1494 1942 1700 1986 dividunt
1729 1943 1963 1999 ungulam,

131 1999 366 2043 immunda
399 2006 526 2044 erunt
558 2001 697 2044 vobis.
737 2001 754 2028 ⁸
784 2002 863 2045 Sus
897 2016 1067 2058 quoque
1101 2001 1310 2058 quoniam
1343 2002 1504 2045 dividit
1537 2002 1772 2058 ungulam,
1803 2008 1846 2045 et
1878 2016 1966 2045 non

126 2059 348 2115 ruminat,
371 2060 604 2103 immunda
625 2061 720 2104 erit.
751 2061 969 2104 Carnibus
1000 2075 1150 2104 eorum
1178 2075 1267 2103 non
1288 2061 1550 2115 vescemini,
1574 2067 1617 2104 et
1639 2061 1856 2104 cadavera
1876 2075 1964 2104 non

133 2118 340 2174 tangetis.
372 2118 389 2144 9
412 2119 527 2162 Haec
549 2120 788 2163 comedetis
811 2134 866 2164 ex
887 2120 1091 2163 omnibus
1114 2135 1212 2176 quae
1243 2125 1470 2163 morantur
1498 2120 1546 2162 in
1574 2120 1698 2175 aquis
1728 2137 1737 2164 :
1767 2134 1865 2175 quae
1887 2121 1963 2163 ha-

127 2177 238 2220 bent
260 2178 468 2234 pinnulas
497 2184 540 2222 et
568 2193 796 2235 squamas,
820 2180 1051 2224 comedite.
1084 2179 1123 2207 ¹⁰
1142 2180 1251 2230 Quae
1278 2179 1444 2235 absque
1473 2179 1668 2236 pinnulis
1697 2185 1740 2223 et
1768 2180 1962 2235 squamis

126 2242 255 2292 sunt,
278 2251 336 2280 ne
356 2238 619 2294 comedatis,
640 2238 741 2294 quia
762 2238 993 2282 immunda
1016 2244 1131 2283 sunt.
1157 2239 1190 2265 '¹¹
1211 2239 1373 2282 Omnes
1394 2253 1498 2282 aves
1520 2238 1708 2281 mundas
1731 2239 1961 2283 comedite.

128 2293 171 2325 ¹2
190 2296 453 2339 Immundas
475 2311 531 2340 ne
552 2297 795 2340 comedatis
820 2315 830 2341 :
852 2298 1049 2354 aquilam
1070 2298 1262 2354 scilicet,
1286 2304 1329 2341 et
1357 2297 1594 2355 gryphem,
1619 2303 1662 2340 et
1683 2297 1960 2353 haliaeetum,

131 2354 170 2381 ¹3
188 2354 332 2410 ixion,
362 2361 406 2399 et
434 2356 657 2399 vulturem
685 2371 738 2399 ac
767 2357 955 2400 milvum
986 2358 1116 2414 juxta
1145 2372 1282 2413 genus
1312 2371 1471 2412 suum,
1502 2356 1539 2383 ¹4
1560 2363 1603 2400 et
1632 2371 1761 2401 omne
1795 2357 1962 2400 corvini

128 2414 328 2470 generis;
353 2414 389 2470 ¹?
410 2420 453 2458 et
473 2415 789 2472 struthionem,
811 2431 866 2459 ac
893 2423 1123 2471 noctuam,
1146 2421 1189 2460 et
1212 2417 1374 2471 larum,
1401 2422 1534 2472 atque
1553 2416 1812 2472 accipitrem
1833 2416 1962 2472 juxta

130 2487 269 2528 genus
290 2488 420 2516 suum
441 2491 449 2529 ;
482 2474 519 2501 16
538 2474 770 2518 herodium
798 2490 851 2518 ac
881 2490 1096 2532 cygnum,
1119 2481 1162 2519 et
1190 2476 1305 2531 ibin,
1338 2475 1371 2501 ¹7
1393 2489 1446 2518 ac
1477 2475 1748 2531 mergulum,
1772 2475 1961 2532 porphy-

127 2532 318 2589 rionem,
342 2538 386 2576 et
415 2533 767 2590 nycticoracem,
797 2534 833 2560 ¹8
855 2535 1180 2590 onocrotalum,
1211 2540 1254 2578 et
1285 2534 1584 2589 charadrium,
1607 2534 1784 2590 singula
1811 2534 1858 2576 in
1887 2548 1960 2589 ge—

131 2605 233 2634 nere
261 2605 366 2647 suo,
398 2607 594 2649 upupam
624 2607 794 2649 quoque
823 2599 865 2637 et
894 2594 1265 2651 vespertilionem.
1298 2593 1334 2620 19
1355 2594 1414 2636 Ε1
1442 2607 1571 2636 omne
1600 2593 1716 2648 quod
1744 2599 1888 2650 reptat
1918 2598 1960 2636 et

129 2651 344 2707 pennulas
366 2651 521 2707 habet,
543 2651 826 2696 immundum
855 2653 957 2708 erit,
980 2659 1023 2696 et
1053 2667 1140 2696 non
1171 2653 1437 2696 comedetur.
1468 2651 1506 2678 20
1527 2651 1668 2696 Omne
1697 2652 1812 2707 quod
1834 2667 1959 2695 mun-

127 2708 236 2752 dum
264 2715 351 2765 est,
375 2711 607 2756 comedite.
639 2710 673 2737 ⁹¹
697 2711 920 2767 Quidquid
948 2718 1099 2756 autem
1132 2711 1417 2755 morticinum
1445 2716 1530 2766 est,
1553 2725 1608 2754 ne
1636 2711 1879 2754 vescamini
1906 2725 1960 2755 ex

122 2782 206 2823 eo,
242 2770 491 2826 peregrino,
523 2770 596 2826 qui
628 2770 745 2813 intra
778 2776 925 2828 portas
959 2777 1057 2814 tuas
1087 2777 1172 2825 est,
1204 2771 1260 2815 da
1289 2776 1337 2813 ut
1367 2770 1589 2825 comedat,
1620 2776 1697 2812 aut
1726 2770 1868 2813 vende
1897 2770 1957 2826 ei,

128 2827 230 2884 quia
259 2834 307 2871 tu
335 2828 524 2886 populus
553 2835 732 2872 sanctus
763 2830 944 2873 Domini
975 2831 1058 2874 Dei
1088 2830 1152 2873 tui
1174 2845 1233 2873 es.
1257 2831 1358 2873 Non
1387 2843 1545 2885 coques
1574 2829 1756 2872 haedum
1775 2829 1823 2871 in
1845 2829 1960 2872 lacte

125 2887 282 2930 matris
303 2902 409 2931 suae.
981 2893 988 2898 ⁴

186 2945 223 2972 2⁴²
246 2947 479 2991 Decimam
508 2955 680 3006 partem
708 2950 933 3007 separabis
964 2950 1017 2994 de
1046 2950 1217 2993 cunctis
1247 2950 1470 2993 fructibus
1497 2949 1585 2992 tuis
1616 2948 1690 3004 qui
1715 2953 1960 2991 nascuntur

119 3020 172 3048 ,111
193 3011 308 3050 terra
329 3021 406 3063 per
425 3022 565 3051 annos
585 3008 805 3065 singulos,
828 3007 866 3035 '²3
883 3014 926 3052 et
948 3009 1150 3053 comedes
1171 3009 1218 3052 in
1240 3014 1478 3066 conspectu
1502 3007 1682 3052 Domini
1703 3007 1785 3051 Dei
1807 3006 1892 3062 tui,
1910 3006 1958 3049 in

126 3063 223 3108 loco
245 3080 377 3121 quem
398 3066 580 3122 elegerit
601 3073 650 3111 ut
669 3067 717 3111 in
737 3082 790 3111 eo
810 3082 971 3112 nomen
991 3068 1113 3111 illius
1133 3069 1377 3124 invocetur,
1397 3067 1618 3111 decimam
1639 3065 1855 3110 frumenti
1877 3065 1954 3120 tui,

120 3129 171 3166 -et
189 3124 304 3181 vini,
324 3130 367 3168 et
388 3125 493 3181 olei,
514 3131 557 3169 et
577 3127 874 3183 primogenita
896 3127 950 3171 de
971 3127 1183 3171 armentis
1205 3132 1248 3171 et
1270 3127 1426 3170 ovibus
1444 3127 1552 3182 tuis,
1572 3132 1620 3169 ut
1639 3125 1783 3168 discas
1802 3124 1957 3168 timere

128 3183 369 3227 Dominum
392 3185 536 3228 Deum
556 3191 684 3229 tuum
705 3186 826 3230 omni
848 3191 1056 3243 tempore.
1080 3185 1118 3213 24
1138 3186 1250 3229 Cum
1271 3192 1422 3230 autem
1444 3185 1617 3241 longior
1638 3184 1776 3228 fuerit
1797 3183 1889 3238 via,
1913 3191 1955 3226 et

122 3240 249 3284 locus
270 3257 399 3298 quem
421 3243 604 3300 elegerit
628 3245 845 3289 Dominus
869 3246 988 3289 Deus
1009 3251 1133 3301 tuus,
1152 3245 1322 3301 tibique
1342 3244 1639 3299 benedixerit,
1658 3257 1740 3287 nec
1762 3241 1954 3299 potueris

118 3299 182 3342 -ad
202 3314 305 3344 eum
326 3302 423 3345 haec
444 3309 606 3346 cuncta
628 3310 821 3361 portare,
852 3303 891 3331 2⁵
910 3305 1074 3348 vendes
1105 3304 1273 3360 omnia,
1297 3309 1340 3347 et
1361 3303 1408 3346 in
1428 3303 1619 3360 pretium
1640 3301 1834 3357 rediges,
1857 3314 1951 3356 por-

124 3359 328 3416 tabisque
349 3375 483 3404 manu
505 3367 602 3418 tua,
621 3369 665 3406 et
687 3363 975 3420 proficisceris
996 3364 1054 3407 ad
1077 3363 1224 3407 locum
1246 3377 1376 3420 quem
1398 3362 1581 3418 elegerit
1601 3360 1819 3404 Dominus
1836 3360 1952 3402 Deus

120 3422 254 3474 tuus3
286 3418 322 3446 2⁶
343 3425 387 3463 et
415 3435 534 3465 emes
562 3436 617 3466 ex
645 3422 801 3466 eadem
830 3423 1018 3479 pecunia
1051 3423 1266 3480 quidquid
1294 3422 1376 3465 tibi
1406 3420 1642 3479 placuerit,
1673 3419 1766 3461 sive
1799 3432 1852 3461 ex
1885 3432 1951 3459 ar-

125 3477 306 3534 mentis,
329 3479 422 3523 sive
443 3494 497 3523 ex
520 3480 696 3537 ovibus,
715 3482 872 3525 vinum
892 3496 1066 3538 quoque
1084 3488 1128 3526 et
1148 3482 1356 3536 siceram,
1377 3486 1419 3524 et
1440 3493 1570 3523 omne
1594 3477 1709 3533 quod
1733 3476 1952 3520 desiderat

125 3535 274 3578 anima
295 3542 396 3590 tua;
420 3544 463 3581 et
485 3540 686 3584 comedes
710 3554 858 3584 coram
881 3541 1072 3584 Domino
1097 3543 1189 3584 Deo
1211 3546 1307 3595 tuo,
1327 3546 1369 3583 et
1391 3537 1638 3596 epulaberis
1661 3541 1708 3579 tu
1731 3540 1775 3578 et
1797 3534 1952 3578 domus

121 3678 156 3712 2]
169 3678 247 3712 sup.
262 3679 378 3715 vlne.
401 3681 466 3710 1111.
481 3682 607 3718 XXVI,
621 3685 664 3712 18.
685 3698 722 3702 —
746 3684 776 3717 3]
795 3683 874 3712 Lev.
893 3684 996 3718 X1,4.
1022 3698 1058 3702 —
1082 3684 1130 3716 21]
1145 3681 1356 3715 Ex.xxr11‚
1375 3683 1408 3708 19
1425 3683 1459 3708 et
1477 3680 1640 3715 xxxw,
1654 3682 1699 3708 26.

2055 534 2156 564 etiam
2178 537 2259 564 urbs

2121 583 2194 608 tota

2062 623 2260 653 idololatriae

2098 667 2222 698 dedita.

2062 1420 2246 1450 Gentilium

2113 1465 2201 1494 ritus

2076 1509 2238 1538 funebres

2072 1553 2236 1586 fugiendi.

2076 1652 2122 1680 De
2144 1651 2229 1680 cibis

2058 1696 2191 1724 mundis
2210 1699 2246 1724 et.

2058 1738 2248 1769 immundi&

2039 2951 2248 2982 Decimarum

2096 3003 2190 3026 116116.
