2353 3829
610 578 1110 651 PRAE'FATIO
1167 579 1284 643 AD
1341 574 1839 644 LECTOREM

852 725 922 757 (Ex
945 722 1094 752 editione
1119 722 1281 750 Vaticana
1303 722 1381 750 anni
1404 722 1593 753 MDXUII.)

226 924 268 956 In
293 921 424 955 multis
447 917 661 959 magnisque
681 912 886 952 beneflciis,
907 919 992 951 quae
1017 919 1081 951 per
1106 918 1247 943 sacram
1270 908 1532 942 Tridentinam
1562 907 1749 948 Synodum
1777 907 1946 940 Ecclesiae
1967 916 2044 940 suae
2070 907 2168 940 Deus
2193 916 2278 940 con-

173 976 277 1014 tulit,
301 974 337 1006 id
358 972 396 1004 in
418 969 548 1012 primis
570 965 841 998 numerandum
867 964 1032 1002 videtur,
1054 963 1150 1002 quod
1170 962 1271 994 inter
1296 963 1355 994 tot
1382 960 1522 992 latinas
1546 959 1726 992 editiones
1750 959 1962 990 divinarum
1988 958 2278 998 scripturarum,

178 1028 291 1060 solam
309 1025 483 1057 Veterem
503 1026 545 1051 nc
564 1017 791 1056 Vulgatam,
806 1023 890 1055 quae
907 1015 1018 1054 longo
1043 1015 1100 1046 tot
1120 1015 1342 1046 saeculorum
1367 1020 1435 1044 usu
1461 1011 1499 1043 in
1524 1011 1689 1044 Ecclesia
1710 1010 1872 1050 probata
1898 1011 2039 1049 fuerat,
2057 1011 2280 1049 gravissimo

176 1079 335 1111 Decreto
360 1070 613 1108 authenticam
646 1067 865 1101 declaravit.
892 1067 1006 1106 Nam,
1034 1068 1078 1098 ut
1110 1066 1204 1098 illud
1233 1064 1473 1103 omittamus,
1504 1064 1605 1103 quod
1636 1071 1681 1095 ex
1713 1062 1924 1095 recentibus
1952 1062 2179 1094 editionibus
2205 1071 2281 1094 non

177 1137 302 1170 paucoe
324 1128 370 1160 ad
394 1127 549 1156 haereses
572 1122 685 1160 hujus
706 1119 888 1160 temporis
913 1118 1186 1151 confirmandas
1214 1117 1371 1149 licenter
1392 1117 1551 1148 detortae
1579 1114 1815 1153 videbantur,
1840 1114 1921 1154 ipsa
1944 1116 2043 1146 certe
2064 1116 2175 1146 tanta
2200 1123 2279 1146 ver-

177 1182 321 1213 ⁴cinnum
343 1174 502 1207 varietas
526 1175 639 1212 atque
663 1172 879 1211 diversitas,
897 1178 1072 1210 magnam
1096 1170 1133 1202 in
1157 1170 1322 1202 Ecclesia
1348 1168 1416 1201 Dei
1441 1167 1694 1200 confusionem
1719 1174 1849 1206 parere
1866 1165 2057 1206 potuisset.
2079 1166 2102 1198 J
2106 1174 2166 1198 am
2184 1166 2280 1198 enim

177 1235 247 1265 hac
278 1229 405 1260 nostra
436 1228 549 1258 aetate
580 1224 674 1256 illud
706 1224 786 1256 tere
813 1224 978 1255 evenisse
1010 1223 1177 1262 constat,
1205 1221 1305 1261 quod
1337 1223 1489 1253 sanctus
1522 1220 1772 1258 Hieronymus
1808 1219 1976 1257 tempore
2006 1226 2072 1250 suo
2104 1218 2283 1251 accidisse

178 1282 337 1313 testatus
361 1283 419 1311 est
431 1269 458 1317 ¹,
478 1281 536 1310 tot
553 1277 695 1309 scilicet
721 1276 833 1307 fuisse
857 1275 1099 1314 exemplaria,
1115 1275 1207 1314 quot
1227 1272 1390 1312 codices;
1407 1280 1491 1305 cum
1509 1270 1763 1310 unusquisque
1784 1278 1852 1310 pro
1873 1269 2029 1302 arbitrio
2045 1277 2111 1301 suo
2129 1270 2284 1302 adderet

177 1333 234 1365 vel
264 1331 494 1364 detraheret.
525 1330 645 1368 Huius
674 1330 801 1360 autem
834 1327 979 1360 Veteris
1011 1334 1054 1359 ac
1084 1326 1258 1365 Vulgatae
1281 1324 1452 1358 editionis
1476 1325 1585 1356 tanta
1612 1331 1756 1363 semper
1780 1322 1858 1354 fuit
1883 1323 2105 1361 auctoritas,
2131 1323 2283 1360 tamque

176 1385 357 1417 excellens
385 1381 622 1422 praestantia,
651 1382 695 1412 ut
727 1388 806 1412 eam
839 1378 971 1411 ceteris
1004 1378 1174 1410 omnibus
1204 1377 1332 1410 latinis
1361 1375 1589 1409 editionibus
1617 1376 1725 1414 longe
1752 1374 2035 1406 anteferendam
2063 1382 2157 1412 esse,
2185 1374 2283 1412 apud

179 1443 299 1475 aequos
324 1434 463 1474 judices
484 1433 522 1464 in
546 1431 698 1464 dubium
720 1431 887 1463 revocari
913 1439 987 1461 non
1013 1431 1148 1469 posset.
1166 1430 1236 1468 Qui
1257 1436 1420 1468 namque
1440 1428 1480 1460 111
1504 1436 1549 1459 ea
1573 1426 1657 1458 libri
1677 1426 1921 1458 continentur
1946 1423 2015 1462 (ut
2040 1434 2061 1457 a
2083 1426 2284 1465 majoribus

179 1486 311 1520 nostris
333 1484 437 1524 quasi
458 1492 524 1524 per
544 1491 677 1515 manus
695 1481 876 1513 traditum
904 1482 1010 1513 nobis
1033 1477 1118 1517 est)
1138 1481 1278 1520 partim
1302 1488 1346 1511 ex
1370 1481 1490 1511 sancti
1512 1477 1733 1518 Hieronymi
1757 1477 2014 1517 translatione,
2032 1477 2089 1509 vel
2113 1478 2283 1510 emenda·

178 1539 299 1577 tione,
322 1535 481 1575 suscepti
498 1538 607 1574 sunt;
626 1534 764 1574 partim
789 1533 927 1566 retenti
951 1541 995 1565 ex
1021 1532 1284 1571 antiquissima
1309 1532 1472 1571 quadam
1497 1531 1660 1562 editione
1684 1529 1821 1569 latina,
1838 1538 1950 1569 quam
1973 1532 2127 1561 sanctus
2152 1529 2284 1561 Hiero-

178 1596 310 1630 nymus
335 1588 576 1621 Communem
600 1590 639 1619 et
657 1586 860 1625 vulgatam
874 1578 904 1626 2,
925 1587 1078 1618 sanctus
1103 1585 1338 1624 Augustinus
1362 1584 1510 1622 Italam,
1531 1584 1686 1614 sanctus
1709 1581 1911 1620 Gregorius
1931 1581 2103 1613 Veterem
2123 1583 2285 1613 transla-

179 1642 318 1674 tionem
345 1641 523 1680 appellat.
548 1639 602 1671 Ac
630 1638 674 1670 de
699 1637 845 1671 Veteris
877 1637 1027 1676 quidem
1056 1637 1189 1677 hujus,
1213 1637 1293 1668 sive
1318 1636 1424 1668 Italae
1456 1633 1632 1667 editionis
1661 1634 1875 1666 sinceritate
1901 1634 2014 1673 atque
2046 1635 2286 1672 praestantia,

178 1694 401 1734 praeclarum
423 1692 544 1723 sancti
560 1689 764 1730 Augustini
784 1689 1040 1722 testimonium
1058 1689 1184 1721 exstat
1208 1689 1248 1720 in
1272 1688 1432 1720 secundo
1454 1686 1548 1718 libro
1567 1687 1612 1718 de
1635 1686 1812 1718 Doctrina
1831 1684 2055 1724 christiana,
2073 1685 2137 1717 ubi
2162 1685 2287 1717 latinis

178 1744 350 1778 omnibus
371 1742 611 1782 editionibus,
626 1750 712 1781 quae
735 1743 828 1774 tunc
852 1740 1025 1781 plurimae
1045 1740 1419 1779 circumferebantur,
1438 1739 1574 1771 Italam
1593 1738 1870 1778 praeferendam
1891 1737 2046 1776 censuit,
2064 1737 2162 1776 quod
2179 1739 2287 1776 esset,

179 1799 222 1830 ut
244 1795 323 1837 ipse
345 1795 525 1835 loquitur,
544 1794 745 1827 verborum
766 1793 936 1826 tenacior
959 1801 1044 1825 cum
1069 1793 1336 1833 perspicuitate
1357 1790 1567 1824 sententiae.
1587 1790 1641 1823 De
1657 1790 1786 1821 sancto
1806 1797 1897 1822 vero
1917 1789 2146 1828 Hieronymo
2164 1790 2288 1820 multa

178 1849 334 1882 exstant
355 1850 528 1880 veterum
550 1847 710 1879 Patrum
729 1847 879 1885 egregia
899 1845 1112 1877 testimonia
1132 1855 1140 1878 :
1160 1853 1245 1877 eum
1266 1844 1362 1876 enim
1382 1845 1532 1875 sanctus
1556 1841 1792 1882 Augustinus
1809 1840 2000 1873 hominem
2018 1840 2288 1878 doctissimum,

179 1909 220 1934 ac
251 1900 368 1932 trium
403 1898 619 1939 linguarum
651 1897 917 1940 peritissimum
951 1899 1076 1935 vocat,
1106 1898 1219 1937 atque
1247 1897 1326 1936 ejus
1359 1894 1645 1928 translationem
1678 1894 1844 1933 ipsorum
1870 1901 2015 1932 quoque
2044 1893 2288 1925 Hebraeorum

183 1952 396 1986 testimonio
412 1959 584 1984 veracem
602 1958 679 1983 esse
699 1950 899 1982 confirmat
914 1941 942 1982 3.
964 1949 1144 1981 Eumdem
1162 1950 1311 1981 sanctus
1331 1947 1528 1987 Gregorius
1542 1947 1597 1979 ita
1621 1945 1815 1986 praedicat,
1833 1947 1876 1977 ut
1896 1946 1974 1984 eJ'us
1991 1944 2290 1983 translationem,

183 2012 295 2046 quam
319 2011 456 2036 novam
479 2003 666 2043 appellat,
689 2010 733 2035 ex
758 2001 905 2034 hebraeo
928 2002 1076 2040 eloquio
1099 2005 1238 2033 cuncta
1262 2001 1385 2033 verius
1406 1999 1653 2032 transfudisse
1677 1997 1799 2036 dicat3
1819 1999 1932 2036 atque
1956 1997 2096 2029 idcirco
2120 1996 2288 2036 dignissi-

181 2065 277 2088 mam
298 2063 387 2096 esse,
404 2054 463 2088 cui
480 2055 570 2087 fides
592 2055 632 2086 in
655 2053 826 2086 omnibus
846 2054 1033 2086 habeatur
1049 2045 1078 2086 ⁴.
1101 2053 1260 2085 Sanctus
1278 2053 1404 2085 autem
1423 2051 1589 2083 Isidorus
1613 2058 1688 2082 non
1703 2058 1777 2082 uno
1801 2049 1839 2081 in
1860 2050 1940 2081 loco
1961 2048 2288 2088 Hieronymianam

182 2109 387 2140 versionem
412 2107 543 2140 ceteris
564 2106 734 2138 omnibus
755 2105 970 2146 anteponit,
996 2113 1147 2144 eamque
1171 2106 1218 2137 ab
1242 2104 1411 2137 Ecclesiis
1435 2102 1648 2136 christianis
1667 2102 1918 2135 communiter
1937 2102 2048 2140 recipi
2072 2109 2115 2133 ac
2138 2099 2290 2141 probari

181 2161 358 2197 affirmat,
375 2159 474 2198 quod
495 2159 544 2192 sit
565 2159 605 2190 in
625 2159 749 2191 verbis
768 2159 912 2197 clarior,
934 2159 971 2189 et
991 2159 1162 2190 veracior
1183 2157 1219 2188 in
1240 2158 1440 2188 sententiis
1457 2147 1483 2188 ὅ.
1503 2154 1729 2194 sophronius
1749 2161 1908 2193 quoque,
1927 2153 1985 2184 vir
2004 2153 2291 2192 eruditissimuS,

181 2211 299 2243 sancti
321 2211 538 2250 Hieronymi
563 2211 853 2242 translationem
874 2217 948 2241 non
971 2209 1118 2242 Latinis
1139 2209 1259 2248 modo,
1279 2209 1344 2240 sed
1367 2209 1483 2240 etiam
1508 2206 1647 2240 Graecis
1670 2206 1779 2238 valde
1800 2206 1952 2245 probari
1977 2205 2291 2244 animadvertisne,

182 2261 284 2294 tanti
304 2269 385 2294 eam
409 2263 520 2302 fecit,
545 2263 590 2294 ut
615 2262 835 2294 Psalterium
861 2265 900 2294 et
925 2262 1129 2301 Prophetas
1153 2270 1198 2293 ex
1227 2260 1447 2300 Hieronymi
1475 2260 1647 2292 versione
1672 2259 1712 2290 in
1743 2265 1907 2297 graecum
1930 2256 2092 2296 eleganti
2122 2264 2292 2289 sermone

184 2313 441 2346 transtulerit.
460 2313 578 2345 Porro
602 2314 666 2353 qui
691 2314 809 2346 secuti
830 2316 940 2353 sunt,
962 2313 1031 2345 viri
1056 2312 1282 2352 doctissimi,
1307 2312 1515 2351 Remigius,
1540 2311 1657 2350 Beda,
1676 2310 1871 2350 Batauus,
1888 2310 2053 2348 Haym0‚
2075 2310 2291 2348 Anselmus,

184 2366 317 2398 Petrus
343 2365 526 2404 Damiani,
551 2365 770 2405 Richardus,
796 2365 915 2405 Hugo,
942 2365 1168 2405 Bernardus,
1194 2366 1397 2404 Rupertus,
1422 2364 1560 2396 Petrus
1584 2362 1830 2401 Lombardus‚
1855 2362 2078 2401 Alexander,
2104 2361 2292 2399 Albertus,

184 2418 362 2456 Thomas,
395 2416 687 2456 Bonaventura‚
715 2418 905 2456 ceterique
933 2425 1079 2457 omnes,
1108 2416 1170 2456 qui
1198 2416 1255 2448 his
1283 2416 1485 2456 nongentis
1514 2414 1622 2448 annis
1650 2415 1691 2446 in
1724 2413 1888 2446 Ecclesia
1918 2414 2147 2452 floruerunt,
2173 2412 2291 2444 tancti

185 2469 405 2509 Hieronymi
425 2468 592 2500 versione
609 2469 664 2500 ita
681 2470 768 2500 sunt
793 2470 861 2508 usi,
879 2473 924 2500 ut
948 2473 1094 2508 ceterae,
1115 2476 1199 2508 quae
1230 2476 1322 2509 pene
1350 2467 1639 2501 innumerabiles
1663 2469 1786 2506 erant,
1805 2465 1907 2505 quasi
1929 2467 2045 2505 lapsae
2061 2466 2105 2498 de
2124 2465 2293 2496 manibus

184 2522 480 2560 Theologorum,
505 2520 653 2560 penitus
678 2520 937 2552 obsoleverint.
961 2520 1082 2559 Quare
1105 2528 1182 2552 non
1205 2520 1392 2552 immerito
1419 2519 1606 2552 catholica
1631 2518 1797 2550 Ecclesia
1821 2519 1994 2550 sanctum
2019 2517 2290 2556 Hieronymum

184 2573 370 2605 doctorem
396 2572 615 2612 maximum,
637 2573 750 2611 atque
772 2573 819 2604 ad
843 2572 1049 2612 Scripturas
1071 2580 1193 2604 sacras
1212 2572 1522 2611 interpretandas
1543 2569 1720 2602 divinitus
1742 2570 1963 2608 excitatum,
1984 2568 2037 2601 ita
2057 2570 2232 2608 celebrat,
2253 2570 2294 2600 ut

184 2626 258 2665 jam
282 2623 434 2656 difficile
452 2632 525 2656 non
542 2623 590 2656 sit
615 2624 766 2656 illorum
788 2624 954 2656 omnium
974 2624 1150 2656 damnare
1170 2623 1362 2663 judicium,
1379 2622 1442 2662 qui
1460 2624 1519 2654 vei
1538 2624 1617 2654 tam
1639 2621 1762 2654 eximii
1787 2621 1948 2653 doctoris
1970 2621 2294 2652 lucubrationibus

184 2685 258 2709 non
283 2676 531 2716 acquiescunt,
553 2677 611 2708 vel
635 2675 749 2708 etiam
769 2675 932 2715 meliora,
959 2678 1026 2708 aut
1049 2679 1151 2708 certe
1176 2675 1291 2715 paria,
1316 2678 1496 2715 praestare
1519 2683 1556 2706 se
1581 2682 1686 2714 posse
1706 2673 1914 2706 confidunt.
1938 2673 2124 2712 Ceterum,
2146 2681 2190 2704 ne
2216 2675 2292 2704 tam

185 2729 305 2761 fidelis
326 2729 545 2768 translatio,
572 2730 723 2767 tamque
748 2727 785 2759 in
806 2736 930 2760 omnes
955 2730 1081 2768 partes
1106 2727 1277 2759 Ecclesiae
1298 2726 1420 2767 utilis,
1445 2727 1503 2759 vel
1530 2725 1667 2765 injuria
1691 2727 1901 2765 temporum
1916 2750 1925 2765 ‚
1949 2726 2008 2757 vel
2032 2724 2292 2763 impressorum

185 2780 342 2820 incuria,
360 2780 420 2811 vel
442 2782 583 2812 temere
603 2780 880 2812 emendantium
899 2781 1070 2820 audacia,
1089 2781 1167 2812 ulla
1187 2788 1232 2812 ex
1253 2781 1358 2819 parte
1382 2780 1696 2818 corrumperetur,
1715 2778 1843 2810 eadem
1865 2780 2099 2809 sacrosancta
2124 2776 2293 2816 synodus

185 2831 404 2864 Tridentina
425 2831 520 2864 illud
541 2831 700 2864 Decreto
725 2839 790 2863 suo
814 2833 1002 2871 sapienter
1023 2832 1170 2871 adjecit,
1189 2834 1232 2863 ut
1253 2832 1334 2864 haec
1354 2831 1430 2872 ipsa
1449 2831 1566 2863 Vetus
1592 2838 1635 2862 ac
1658 2830 1825 2870 Vulgata
1850 2828 1964 2862 editio
1985 2828 2291 2866 emendatissime,

185 2884 307 2923 quoad
331 2883 414 2916 fleri
439 2885 573 2923 posset,
596 2883 886 2924 imprimeretur,
907 2892 1025 2924 neque
1050 2883 1116 2916 ulli
1141 2885 1272 2916 liceret
1291 2891 1371 2916 eam
1398 2884 1475 2915 sine
1499 2883 1682 2916 facultate
1706 2884 1744 2915 et
1769 2881 2038 2921 approbatione
2055 2880 2292 2920 Super-iorum

183 2936 376 2968 excudere·
395 2935 473 2973 Quo
498 2936 657 2968 Decreto
681 2936 792 2967 simul
817 2936 1138 2976 typographorum
1159 2935 1369 2968 temeritati
1395 2944 1438 2968 ac
1462 2934 1624 2968 licentiae
1648 2935 1799 2966 modum
1825 2933 2015 2973 imposuit,
2036 2936 2074 2966 et
2099 2934 2295 2964 Pastorum

186 2987 366 3027 Ecclesiae,
386 2987 424 3019 in
443 2988 553 3019 tanto
575 2988 671 3020 bono
688 2995 802 3028 quam
821 2987 1105 3027 diligentissime
1123 2988 1320 3020 retinendo
1340 2990 1379 3020 et
1400 2987 1663 3026 conservand0‚
1680 2985 1918 3026 vigilantiam
1938 2988 2050 3024 atque
2072 2984 2293 3017 industriam

188 3039 378 3072 excitavit.
403 3039 451 3071 Et
475 3039 646 3078 quamvis
674 3039 880 3079 insignium
905 3041 1194 3073 Academiarum
1219 3039 1397 3079 Theologi
1428 3040 1468 3072 in
1498 3039 1663 3072 editione
1695 3038 1860 3078 Vulgata
1887 3037 2047 3077 pristino
2081 3044 2150 3069 suo
2183 3035 2295 3068 nitori

185 3092 419 3124 restituenda
444 3099 579 3132 magna
606 3099 690 3124 cum
716 3092 827 3124 laude
853 3091 1128 3131 laboraverint3
1152 3093 1242 3132 quia
1267 3094 1395 3124 tamen
1428 3093 1468 3124 in
1495 3093 1606 3123 tanta
1635 3099 1674 3123 re
1699 3091 1805 3123 nulla
1827 3092 1947 3130 potest
1974 3097 2050 3121 esse
2076 3088 2191 3120 nimia
2215 3088 2295 3120 dili-

187 3143 324 3183 gentia,
342 3145 382 3176 et
405 3143 547 3176 codices
573 3143 817 3183 manuscripti
843 3145 1051 3184 complures
1075 3147 1113 3177 et
1138 3145 1360 3177 vetustiores
1385 3144 1521 3176 summi
1546 3143 1736 3175 Pontificis
1759 3143 1862 3182 jussu
1890 3141 2100 3181 conquisiti,
2120 3144 2234 3179 atque
2261 3140 2296 3171 iu

186 3194 325 3227 Urbem
350 3195 495 3227 advecti
519 3197 655 3236 erant;
680 3197 720 3228 et
745 3196 906 3236 demum,
927 3196 1103 3236 quoniam
1128 3195 1298 3229 executio
1319 3195 1552 3236 generalium
1576 3195 1830 3234 conciliorum,
1850 3195 1890 3226 et
1910 3193 1992 3233 ipsa
2018 3192 2294 3232 Scripturarum

185 3246 386 3286 integritas
411 3255 454 3279 ac
479 3247 641 3288 puritas,
667 3248 714 3280 ad
736 3256 863 3280 curam
889 3248 1113 3289 Apostolicae
1138 3248 1238 3281 Sedis
1265 3248 1502 3289 potissimum
1531 3249 1719 3288 pertinere
1743 3247 2000 3287 cognoscitur:
2021 3246 2102 3278 ideo
2130 3244 2214 3277 Pius
2234 3244 2297 3283 iv,

185 3297 361 3331 Pontifex
380 3299 576 3340 Maximus,
591 3308 658 3339 pro
679 3308 746 3333 sua
767 3301 804 3332 in
822 3308 948 3333 omnes
967 3301 1140 3334 Ecclesiae
1161 3302 1288 3342 partes
1308 3300 1520 3333 incredibili
1541 3300 1752 3340 vigilantia,
1766 3297 1978 3332 lectissimis
1994 3297 2138 3337 aliquot
2154 3297 2297 3329 sanctae

185 3348 362 3384 Romanae
382 3351 555 3385 Ecclesiae
578 3351 858 3393 cardinalibus,
884 3354 1040 3394 aliisque
1066 3355 1147 3386 tum
1174 3361 1365 3386 sacrarum
1390 3352 1617 3394 litterarum,
1639 3354 1721 3385 tum
1747 3351 1935 3384 variarum
1961 3351 2174 3389 linguarum
2202 3348 2293 3389 peri-

219 3493 263 3524 (D
289 3493 385 3522 Praef.
404 3492 438 3521 in
455 3494 571 3523 Josue.
589 3509 625 3515 —·
652 3497 696 3528 (2)
718 3495 748 3524 S.
776 3494 913 3523 Hieron.
940 3495 973 3524 in
994 3502 1020 3524 c.
1039 3501 1131 3524 xmx
1149 3495 1256 3524 Isaiae.
1278 3496 1308 3524 S.
1327 3497 1473 3529 August.
1503 3495 1562 3524 lib.
1590 3495 1624 3523 11
1652 3495 1748 3523 Doct.
1774 3493 1960 3529 christian„
1985 3500 2012 3521 c.
2031 3498 2089 3520 XV.
2107 3492 2136 3520 S.
2159 3492 2295 3524 Gregor.

186 3534 290 3566 Epist.
310 3537 458 3565 Dedicat.
478 3538 520 3566 ad
539 3539 747 3574 Mandrum,
765 3546 791 3567 c.
808 3545 849 3574 V,
868 3538 900 3567 in
919 3540 994 3568 fine.
1014 3555 1049 3560 —-
1071 3541 1116 3572 (3)
1136 3540 1166 3568 S.
1191 3542 1278 3573 Aug.
1304 3539 1363 3569 ubi
1389 3547 1500 3573 supra.
1520 3539 1592 3568 Lib.
1618 3539 1738 3567 XVIII
1756 3539 1798 3566 de
1818 3537 1966 3566 Civitate
1993 3535 2071 3571 Dei,
2088 3542 2116 3564 c.
2135 3541 2243 3564 111111.
2261 3547 2296 3553 -

186 3579 228 3609 (4)
247 3579 319 3609 Lib.
337 3581 403 3609 XX
420 3581 548 3617 Moral„
564 3584 609 3610 24.
627 3581 699 3611 Lib.
718 3583 764 3610 VI
783 3583 940 3619 Et5m01.,
957 3591 983 3616 c.
1001 3589 1034 3613 v.
1048 3598 1084 3604 -
1099 3586 1144 3618 (5)
1166 3584 1240 3614 Lib.
1258 3585 1273 3613 1
1292 3584 1332 3613 de
1350 3584 1461 3614 Divin.
1479 3585 1581 3619 Oine..
1599 3587 1643 3613 12.
