2391 3861
166 399 212 432 Qu
219 400 291 425 arta

187 441 276 468 turba.

167 756 299 792 Quinta.

175 1974 289 2022 Sexta.

162 3309 312 3341 Angelus

133 3358 207 3379 cuni
230 3351 344 3380 libello

176 3397 303 3425 aperto.

423 106 532 149 1356
1007 103 1145 143 Aroe.
1180 101 1322 153 VIII,
1360 101 1412 141 12
1446 127 1504 131 —
1537 101 1598 154 X,
1633 101 1672 142 2.

416 288 513 316 rum
534 272 581 315 in
606 271 903 325 absinthium,
927 275 971 313 et
992 269 1122 312 multi
1143 269 1374 312 hominum
1396 268 1559 312 mortui
1584 271 1687 310 sunt
1712 267 1765 310 de
1788 267 1935 323 aquis,
1959 268 2062 323 quia
2085 283 2250 312 amarae

415 333 553 376 factae
577 335 694 375 sunt.

476 390 512 417 ¹2
534 392 594 434 Et
619 394 799 446 quartus
820 389 1007 444 angelus
1033 388 1142 431 tuba
1169 387 1354 440 cecinit,
1383 391 1426 428 et
1448 400 1656 442 percussa
1678 390 1745 429 est
1772 385 1906 429 tertia
1930 400 2031 442 pars
2057 387 2182 444 solis,
2208 392 2252 430 et

416 451 548 495 tertia
569 464 670 506 pars
691 449 830 504 lunae,
858 454 901 491 et
923 447 1053 491 tertia
1079 462 1182 504 pars
1204 446 1456 499 stellarum,
1486 445 1550 487 ita
1580 450 1629 487 ut
1655 445 1964 488 obscuraretur
1992 444 2126 488 tertia
2153 460 2252 502 pars

417 525 579 564 eorum,
604 513 647 552 et
673 507 760 550 diei
787 521 874 550 non
896 507 1064 550 luceret
1090 521 1190 563 pars
1212 505 1356 560 tertia,
1377 509 1420 547 et
1441 504 1584 548 noctis
1610 504 1828 547 similiter.
1849 503 1885 530 13
1900 505 1958 546 Et
1980 503 2086 559 vidi,
2109 509 2154 547 et
2178 519 2253 547 au-

417 569 509 613 divi
532 582 687 611 vocem
711 566 840 609 unius
862 565 1024 621 aquilae
1050 565 1243 609 volantis
1264 579 1342 621 per
1364 563 1561 606 medium
1587 563 1702 618 caeli,
1726 563 1915 606 dicentis
1934 577 2043 606 voce
2065 577 2252 619 magna:

417 630 514 684 Vae,
533 642 616 681 vae,
635 642 703 670 vae
725 625 1032 668 habitantibus
1058 625 1105 667 in
1130 630 1247 669 terra
1267 624 1320 666 de
1343 622 1500 666 ceteris
1519 622 1702 666 vocibus
1724 622 1859 665 trium
1881 622 2158 678 angelorum,
2181 623 2255 678 qui

417 691 543 731 erant
567 686 674 729 tuba
697 684 910 728 canituri!

476 748 584 790 CAP.
608 746 689 788 IX.
715 770 774 778 -—
798 744 809 770 1
831 746 889 787 Et
913 744 1093 800 quintus
1115 743 1299 799 angelus
1323 742 1429 784 tuba
1453 741 1641 797 cecinit;
1668 746 1712 784 et
1734 740 1827 784 vidi
1854 741 2031 784 stellam
2061 741 2115 784 de
2132 741 2254 792 ν06610

418 805 630 850 cecidisse
652 804 698 846 in
724 809 900 859 terram,
920 808 965 846 et
991 803 1095 846 data
1122 809 1187 846 est
1213 802 1251 845 ei
1275 801 1414 844 clavis
1436 800 1558 857 putei
1579 800 1743 857 abyssi.
1764 799 1782 826 2
1801 802 1858 843 Et
1879 800 2054 856 aperuit
2075 805 2256 857 puteum

416 865 587 922 abyssi,
612 869 655 906 et
679 863 882 906 ascendit
907 863 1060 905 fumus
1092 862 1215 918 putei
1245 861 1360 904 sicut
1389 860 1542 903 fumus
1567 860 1764 903 fornacis
1791 874 1995 916 magnae3
2025 865 2068 903 et
2101 859 2256 903 obscu-

416 930 536 967 ratus
563 929 629 967 est
650 923 715 966 sol
738 927 782 966 et
807 937 880 965 aer
906 922 959 965 de
981 922 1109 964 fumo
1131 921 1276 978 putei;
1298 920 1315 946 3
1333 925 1376 963 et
1398 920 1453 963 de
1477 920 1606 962 fumo
1628 919 1751 976 putei
1778 920 1982 963 exierunt
2007 918 2191 962 locusta»
2209 920 2258 962 in

416 989 603 1037 terram3
645 987 689 1026 ct
725 982 831 1024 data
864 986 932 1025 est
966 981 1057 1023 illis
1090 985 1308 1038 potestas,
1346 979 1461 1022 sicut
1501 979 1670 1022 habent
1703 983 1972 1036 potestatem
2005 978 2257 1034 scorpiones

416 1050 570 1097 terrae,
599 1042 616 1068 4
635 1048 678 1085 et
708 1046 980 1098 praeceptum
1007 1045 1073 1084 est
1104 1040 1194 1082 illis
1228 1054 1282 1083 ne
1316 1039 1531 1082 laederent
1563 1039 1739 1082 foenum
1768 1044 1919 1094 terrae,
1954 1052 2097 1094 neque
2129 1052 2259 1081 omne

416 1102 578 1157 viride,
620 1115 762 1157 neque
798 1115 975 1144 omnem
1011 1099 1236 1154 arborem,
1270 1098 1357 1141 nisi
1395 1103 1571 1141 tantum
1603 1098 1808 1141 homines
1846 1098 1920 1154 qui
1961 1112 2050 1141 non
2089 1097 2260 1140 habent

416 1162 595 1218 signum
624 1161 706 1204 Dei
736 1160 782 1202 in
807 1159 1032 1203 frontibus
1058 1159 1172 1215 suis;
1201 1159 1218 1185 5
1236 1164 1280 1202 et
1303 1158 1458 1201 datum
1484 1163 1550 1201 est
1577 1157 1668 1200 illis
1694 1172 1749 1201 ne
1775 1157 2030 1201 occiderent
2060 1171 2154 1212 eos,
2180 1156 2259 1200 sed

416 1227 464 1264 ut
490 1221 739 1263 cruciarent
764 1219 991 1263 mensibus
1017 1219 1238 1274 quinque,
1265 1223 1309 1261 et
1331 1217 1553 1260 cruciatus
1577 1231 1747 1274 eorum,
1775 1223 1824 1260 ut
1851 1216 2072 1260 cruciatus
2098 1216 2260 1272 scorpii

417 1294 518 1323 cum
544 1280 737 1337 percutit
768 1279 1009 1322 hominem.
1033 1279 1050 1305 6
1068 1279 1126 1320 Et
1150 1278 1197 1320 in
1223 1277 1379 1321 diebus
1404 1276 1494 1319 illis
1521 1281 1720 1332 quaerent
1749 1276 1950 1320 homines
1976 1280 2186 1331 mortem,
2218 1280 2261 1318 ct

417 1354 504 1383 non
531 1339 760 1382 invenient
783 1352 905 1394 eam;
934 1342 978 1381 et
1000 1337 1318 1381 desiderabunt
1340 1336 1473 1392 mori,
1500 1342 1543 1380 et
1568 1336 1717 1392 fugiet
1739 1350 1856 1379 mors
1878 1336 1934 1379 ab
1958 1335 2034 1380 eis.

477 1398 492 1425 7
524 1400 582 1442 Et
614 1398 931 1442 similitudines
969 1397 1262 1453 locustarum,
1297 1396 1465 1439 similes
1503 1395 1625 1452 equis
1661 1396 1830 1453 paratis
1866 1395 1913 1438 in
1947 1394 2178 1452 praelium3
2217 1398 2262 1438 et

416 1473 547 1516 super
573 1458 721 1515 capita
747 1472 899 1500 earum
929 1462 1141 1513 tanquam
1171 1471 1346 1500 coronae
1379 1455 1546 1500 similes
1572 1470 1701 1512 auro,
1733 1461 1776 1499 et
1809 1455 1952 1498 facies
1986 1469 2138 1498 earum
2162 1460 2260 1497 tan-

417 1533 548 1574 quam
571 1518 714 1560 facies
739 1517 984 1560 hominum.
1007 1517 1023 1543 8
1044 1518 1100 1559 Et
1128 1516 1358 1559 habebant
1383 1515 1567 1572 capillos
1593 1515 1709 1558 sicut
1732 1515 1917 1572 capillos
1944 1514 2193 1570 mulierum,
2217 1517 2262 1557 et

418 1577 572 1620 dentes
595 1591 747 1620 earum
772 1575 889 1619 sicut
914 1576 1067 1620 dentes
1094 1576 1273 1620 leonum
1298 1580 1447 1630 erant3
1477 1574 1494 1601 9
1516 1580 1559 1618 et
1584 1575 1813 1618 habebant
1837 1574 1997 1618 loricas
2020 1574 2135 1617 sicut
2160 1572 2260 1617 lori-

417 1651 491 1680 cas
516 1637 707 1692 ferreas,
732 1641 775 1679 et
799 1651 885 1679 vox
912 1636 1083 1678 alarum
1112 1650 1264 1678 earum
1290 1635 1406 1678 sicut
1431 1649 1520 1678 vox
1544 1649 1751 1677 curruum
1777 1648 1990 1690 equorum
2019 1632 2261 1677 multorum

418 1696 687 1740 currentium
728 1695 775 1738 in
814 1695 1010 1750 bellum3
1051 1694 1087 1722 ¹⁰
1116 1700 1159 1738 et
1198 1694 1427 1738 habebant
1467 1694 1633 1737 caudas
1670 1693 1838 1737 similes
1880 1693 2182 1750 scorpionum,
2218 1699 2262 1736 et

416 1755 561 1799 aculei
588 1760 714 1798 erant
741 1755 788 1797 in
818 1754 972 1797 caudis
995 1769 1171 1809 earum;
1205 1759 1248 1797 et
1268 1758 1464 1811 potestas
1487 1767 1639 1797 earum
1668 1767 1825 1796 nocere
1850 1751 2105 1796 hominibus
2140 1766 2261 1795 men-

417 1815 539 1858 sibus
563 1814 779 1870 quinque3
809 1812 842 1839 11
862 1817 907 1857 et
931 1813 1159 1857 habebant
1183 1827 1314 1869 super
1338 1826 1384 1855 se
1411 1826 1563 1868 regem
1584 1812 1797 1868 angelum
1822 1811 1987 1869 abyssi,
2008 1811 2078 1854 cui
2100 1826 2260 1855 nomen

417 1873 625 1917 hebraice
646 1873 893 1928 Abaddon,
917 1887 1062 1928 graece
1087 1878 1237 1915 autem
1267 1871 1514 1928 Apollyon,
1538 1871 1677 1915 latine
1709 1871 1880 1914 habens
1911 1885 2072 1914 nomen
2105 1871 2262 1914 Exter-

417 1934 607 1977 minans.
631 1932 667 1958 12
686 1934 767 1976 Vae
793 1947 930 1975 unum
955 1932 1087 1986 abiit,
1116 1936 1160 1974 et
1185 1946 1288 1974 ecce
1314 1932 1501 1974 veniunt
1523 1931 1670 1973 adhuc
1698 1930 1784 1974 duo
1807 1945 1876 1973 vae
1902 1935 2004 1987 post
2024 1930 2135 1973 haec.

478 1993 513 2019 ¹3
540 1995 598 2035 Et
623 1997 774 2035 sextus
800 1991 986 2047 angelus
1016 1991 1126 2033 tuba
1160 1990 1350 2046 cecinit,
1381 1995 1425 2033 et
1457 1990 1610 2032 audivi
1636 2004 1791 2033 vocem
1824 2004 1962 2032 unam
1995 2004 2050 2033 ex
2076 1995 2265 2046 quatuor

418 2052 625 2096 cornibus
651 2051 806 2094 altaris
831 2050 952 2094 aurei
976 2050 1092 2106 quod
1119 2054 1186 2092 est
1211 2055 1315 2093 ante
1341 2049 1491 2093 oculos
1519 2049 1623 2105 Dei,
1653 2049 1688 2075 14
1705 2049 1929 2093 dicentem
1955 2054 2080 2093 sexto
2102 2049 2263 2105 angelo

417 2111 491 2168 qui
517 2111 712 2154 habebat
744 2110 923 2153 tubam:
955 2110 1085 2153 Solve
1117 2114 1305 2165 quatuor
1330 2108 1514 2165 angelos
1547 2109 1621 2164 qui
1656 2108 1831 2165 alligati
1865 2113 1968 2152 sunt
2001 2108 2047 2151 in
2081 2108 2265 2151 flumine

417 2186 580 2227 magno
608 2171 847 2227 Euphrate.

478 2231 513 2257 ¹5
540 2232 598 2273 Et
630 2229 765 2273 soluti
795 2237 897 2272 sunt
926 2234 1114 2285 quatuor
1138 2228 1310 2285 angeli,
1335 2228 1408 2285 qui
1434 2228 1579 2285 parati
1606 2232 1733 2272 erant
1762 2228 1807 2271 in
1840 2228 2016 2285 horam,
2049 2232 2092 2271 et
2123 2228 2260 2283 diem,

419 2295 462 2334 et
484 2304 703 2345 mensem,
732 2294 775 2333 et
800 2303 987 2344 annum,
1015 2294 1064 2331 ut
1090 2289 1344 2332 occiderent
1368 2287 1547 2331 tertiam
1572 2293 1745 2345 partem
1770 2287 2015 2332 hominum.
2045 2286 2080 2314 16
2103 2289 2160 2330 Et
2185 2302 2264 2331 nu-

418 2364 563 2393 merus
590 2348 803 2405 equestris
829 2348 1050 2391 exercitus
1076 2348 1214 2391 vicies
1248 2347 1410 2391 millies
1433 2348 1549 2391 dena
1574 2347 1742 2403 millia3
1771 2352 1815 2390 et
1847 2346 2001 2390 audivi
2032 2361 2261 2390 numerum

419 2424 582 2453 eorum.
606 2408 638 2435 ¹⁷
659 2410 716 2451 Et
736 2408 800 2451 ita
824 2408 916 2450 vidi
940 2422 1072 2463 equos
1094 2408 1141 2450 in
1163 2407 1360 2462 visione3
1387 2412 1431 2450 et
1453 2407 1527 2463 qui
1549 2407 1767 2451 sedebant
1792 2421 1923 2464 super
1941 2421 2014 2450 eos
2035 2406 2266 2449 habebant

418 2469 578 2512 loricas
607 2468 784 2524 igneas,
815 2472 860 2510 et
884 2467 1221 2524 hyacinthinas,
1249 2472 1292 2510 et
1325 2466 1612 2523 sulphureas3
1646 2471 1689 2510 et
1720 2466 1868 2523 capita
1901 2480 2112 2522 equorum
2139 2471 2265 2509 erant

419 2534 631 2584 tanquam
656 2527 805 2584 capita
830 2527 1033 2583 leonum3
1059 2531 1102 2570 et
1123 2526 1177 2570 de
1201 2541 1273 2570 ore
1299 2541 1449 2569 eorum
1471 2526 1672 2583 procedit
1696 2526 1835 2582 ignis,
1859 2530 1903 2569 et
1924 2526 2092 2580 fumus,
2112 2530 2156 2569 et
2176 2525 2264 2568 sul-

419 2588 543 2645 phur.
565 2587 600 2614 18
620 2589 677 2630 Et
699 2587 755 2630 ab
781 2587 850 2629 his
875 2587 1015 2629 tribus
1042 2586 1188 2643 plagis
1210 2585 1356 2629 occisa
1378 2591 1444 2629 est
1465 2585 1597 2629 tertia
1623 2601 1724 2643 pars
1746 2585 1990 2641 hominum,
2012 2585 2066 2628 de
2083 2585 2200 2641 igne,
2221 2589 2264 2628 et

420 2647 475 2690 (16
499 2647 647 2703 fumo,
672 2651 716 2690 et
740 2646 970 2703 sulphure,
995 2660 1093 2702 quae
1119 2645 1423 2702 procedebant
1445 2645 1498 2688 de
1524 2660 1596 2689 ore
1621 2646 1831 2701 ipsorum.
1862 2644 1897 2670 19
1917 2645 2119 2688 Potestas
2146 2644 2263 2688 enim

420 2720 632 2762 equorum
653 2706 699 2748 in
727 2720 798 2749 ore
824 2720 975 2749 eorum
999 2710 1077 2761 est,
1097 2710 1141 2748 et
1163 2705 1209 2748 in
1237 2704 1390 2748 caudis
1413 2719 1587 2760 eorum3
1613 2720 1717 2748 nam
1744 2704 1901 2748 caudae
1924 2718 2074 2748 eorum
2096 2703 2263 2748 similes

420 2765 719 2823 serpentibus,
746 2765 962 2808 habentes
993 2765 1163 2821 capita,
1191 2770 1234 2808 et
1259 2764 1305 2807 in
1335 2764 1404 2807 his
1434 2770 1607 2807 nocent.
1636 2763 1673 2791 20
1698 2766 1756 2807 Et
1786 2763 1924 2807 ceteri
1956 2763 2157 2806 homines
2192 2761 2264 2819 qui

419 2839 508 2868 non
530 2830 633 2868 sunt
659 2825 793 2868 occisi
815 2824 860 2867 in
887 2824 955 2867 his
974 2824 1134 2881 plagis,
1158 2838 1301 2880 neque
1323 2824 1637 2881 poenitentiam
1660 2829 1847 2880 egerunt
1871 2823 1925 2866 de
1948 2823 2152 2880 operibus
2171 2836 2263 2864 ma-

420 2899 556 2927 nuum
586 2899 788 2940 suarum,
815 2890 863 2926 ut
889 2899 975 2927 non
1001 2884 1238 2927 adorarent
1260 2883 1505 2939 daemonia,
1530 2888 1573 2926 et
1598 2883 1839 2926 simulacra
1865 2897 2011 2939 aurea,
2036 2888 2079 2926 et
2103 2895 2261 2937 argen-

420 2949 513 3000 tea,
548 2949 591 2988 et
624 2958 758 3000 aerea,
795 2949 838 2987 et
871 2943 1068 3000 lapidea,
1100 2949 1143 2987 et
1176 2943 1347 2999 lignea,
1382 2957 1481 2998 quae
1520 2957 1661 2999 neque
1695 2942 1846 2985 videre
1881 2946 2085 2999 possunt,
2121 2954 2263 2995 neque

420 3003 595 3059 audire,
633 3018 775 3059 neque
807 3003 1057 3059 ambulare,
1094 3002 1127 3029 9¹
1152 3008 1195 3046 et
1229 3017 1317 3046 non
1354 3007 1541 3058 egerunt
1574 3002 1886 3059 poenitentiam
1920 3001 1977 3044 ab
2010 2998 2263 3044 homicidiis

420 3063 530 3130 suis,
565 3077 706 3119 neque
738 3077 764 3104 a
788 3061 1015 3106 veneficiis
1050 3062 1160 3117 suis,
1197 3076 1339 3118 neque
1373 3077 1399 3104 a
1431 3061 1729 3105 fornicatione
1759 3075 1862 3117 sua,
1896 3074 2039 3116 neque
2070 3074 2097 3102 a
2130 3058 2261 3101 furt-is

420 3136 523 3165 suis.

651 3192 674 3244 ἓ
707 3189 787 3233 VI.
815 3215 874 3221 —-
897 3190 1018 3232 Aliae
1043 3189 1140 3232 duce
1164 3191 1351 3232 visiones
1383 3190 1658 3245 interpositoe.
1687 3189 1888 3245 Septima
1915 3186 2030 3230 tuba.

483 3297 588 3342 CAP.
624 3299 679 3341 X.
706 3324 763 3330 —
797 3297 810 3323 ¹
840 3299 896 3340 Et
925 3297 1017 3340 vidi
1047 3297 1188 3340 alium
1221 3298 1432 3353 angelum
1462 3297 1627 3340 fortem
1662 3296 2006 3340 descendentem
2041 3293 2094 3337 de
2130 3294 2260 3350 caelo,

423 3356 638 3400 amictum
659 3357 797 3413 nube,
817 3362 860 3400 et
886 3356 961 3399 iris
986 3357 1032 3399 in
1059 3357 1204 3413 capite
1231 3356 1352 3412 ejus3
1382 3362 1426 3399 et
1451 3356 1593 3400 facies
1624 3356 1720 3412 ejus
1750 3359 1843 3398 erat
1869 3358 1918 3396 ut
1946 3353 2031 3407 sol,
2059 3358 2102 3396 et
2128 3352 2261 3409 pedes

425 3416 522 3472 ejus
547 3420 758 3472 tanquam
794 3416 1012 3459 columnae
1045 3416 1187 3471 ignis3
1220 3414 1298 3459 '2et
1322 3415 1520 3458 habebat
1551 3416 1597 3458 in
1627 3430 1761 3458 manu
1795 3427 1873 3456 sua
1906 3411 2107 3455 libellum
2135 3426 2260 3469 aper-

424 3480 543 3530 tum3
569 3481 614 3518 et
643 3476 788 3531 posuit
813 3475 971 3532 pedem
998 3490 1127 3517 suum
1151 3475 1356 3518 dextrum
1382 3489 1512 3531 super
1542 3488 1676 3529 mare,
1703 3472 1930 3516 sinistrum
1957 3476 2107 3514 autem
2133 3483 2264 3527 super

425 3620 455 3652 G]
474 3620 517 3647 Is.
539 3621 583 3655 Π,
603 3623 645 3648 19.
665 3620 717 3647 Os.
737 3620 777 3654 X,
795 3626 820 3647 κ.
845 3620 921 3647 Luc.
942 3619 1079 3654 XXIII,
1097 3621 1141 3647 30.
1159 3633 1195 3637 —
1217 3619 1245 3651 7]
1264 3619 1336 3650 sap.
1357 3617 1448 3652 XVI,
1465 3620 1492 3645 9.
