<?xml version="1.0" encoding="UTF-8"?>
<!DOCTYPE html PUBLIC "-//W3C//DTD XHTML 1.0 Transitional//EN"
    "http://www.w3.org/TR/xhtml1/DTD/xhtml1-transitional.dtd">
<html xmlns="http://www.w3.org/1999/xhtml" xml:lang="en" lang="en">
 <head>
  <title>
</title>
<meta http-equiv="Content-Type" content="text/html;charset=utf-8" />
  <meta name='ocr-system' content='tesseract 3.04.00' />
  <meta name='ocr-capabilities' content='ocr_page ocr_carea ocr_par ocr_line ocrx_word'/>
</head>
<body>
  <div class='ocr_page' id='page_1' title='image "./bibliasacrajuxta00fill_0598.png"; bbox 0 0 2423 3861; ppageno 0'>
   <div class='ocr_carea' id='block_1_1' title="bbox 181 1364 322 1393">
    <p class='ocr_par' dir='ltr' id='par_1_1' title="bbox 181 1364 322 1393">
     <span class='ocr_line' id='line_1_1' title="bbox 181 1364 322 1393; baseline -0.007 0"><span class='ocrx_word' id='word_1_1' title='bbox 181 1364 322 1393; x_wconf 82' lang='lat' dir='ltr'>Titulus.</span> 
     </span>
    </p>
   </div>
   <div class='ocr_carea' id='block_1_2' title="bbox 132 1458 372 1581">
    <p class='ocr_par' dir='ltr' id='par_1_2' title="bbox 132 1458 372 1581">
     <span class='ocr_line' id='line_1_2' title="bbox 133 1458 372 1487; baseline 0.004 -1"><span class='ocrx_word' id='word_1_2' title='bbox 133 1458 336 1487; x_wconf 73' lang='lat' dir='ltr'>Prooemium</span> <span class='ocrx_word' id='word_1_3' title='bbox 364 1466 372 1487; x_wconf 72' lang='lat' dir='ltr'>t</span> 
     </span>
     <span class='ocr_line' id='line_1_3' title="bbox 134 1502 372 1536; baseline 0 -6"><span class='ocrx_word' id='word_1_4' title='bbox 134 1502 192 1530; x_wconf 88' lang='lat' dir='ltr'>Dei</span> <span class='ocrx_word' id='word_1_5' title='bbox 205 1502 372 1536; x_wconf 80' lang='lat' dir='ltr'>apparitio</span> 
     </span>
     <span class='ocr_line' id='line_1_4' title="bbox 132 1546 371 1581; baseline 0.004 -7"><span class='ocrx_word' id='word_1_6' title='bbox 132 1547 174 1574; x_wconf 84' lang='lat' dir='ltr'>ad</span> <span class='ocrx_word' id='word_1_7' title='bbox 196 1546 371 1581; x_wconf 78' lang='lat' dir='ltr'>judicium.</span> 
     </span>
    </p>
   </div>
   <div class='ocr_carea' id='block_1_3' title="bbox 136 2226 378 2430">
    <p class='ocr_par' dir='ltr' id='par_1_3' title="bbox 136 2226 378 2430">
     <span class='ocr_line' id='line_1_5' title="bbox 173 2226 343 2255; baseline 0 0"><span class='ocrx_word' id='word_1_8' title='bbox 173 2226 343 2255; x_wconf 77' lang='lat' dir='ltr'>sacrificia</span> 
     </span>
     <span class='ocr_line' id='line_1_6' title="bbox 152 2268 358 2297; baseline -0.005 0"><span class='ocrx_word' id='word_1_9' title='bbox 152 2272 294 2297; x_wconf 82' lang='lat' dir='ltr'>externa</span> <span class='ocrx_word' id='word_1_10' title='bbox 311 2268 358 2296; x_wconf 89' lang='lat' dir='ltr'>nil</span> 
     </span>
     <span class='ocr_line' id='line_1_7' title="bbox 136 2313 378 2346; baseline -0.004 -5"><span class='ocrx_word' id='word_1_11' title='bbox 136 2313 280 2346; x_wconf 71' lang='lat' dir='ltr'>prosunt</span> <span class='ocrx_word' id='word_1_12' title='bbox 305 2314 378 2340; x_wconf 82' lang='lat' dir='ltr'>ahs-</span> 
     </span>
     <span class='ocr_line' id='line_1_8' title="bbox 155 2357 363 2391; baseline -0.01 -5"><span class='ocrx_word' id='word_1_13' title='bbox 155 2365 219 2391; x_wconf 86' lang='lat' dir='ltr'>que</span> <span class='ocrx_word' id='word_1_14' title='bbox 237 2357 363 2390; x_wconf 83' lang='lat' dir='ltr'>pietate</span> 
     </span>
     <span class='ocr_line' id='line_1_9' title="bbox 187 2401 329 2430; baseline 0 0"><span class='ocrx_word' id='word_1_15' title='bbox 187 2401 329 2430; x_wconf 82' lang='lat' dir='ltr'>interna.</span> 
     </span>
    </p>
   </div>
   <div class='ocr_carea' id='block_1_4' title="bbox 165 3355 381 3647">
    <p class='ocr_par' dir='ltr' id='par_1_4' title="bbox 165 3355 381 3647">
     <span class='ocr_line' id='line_1_10' title="bbox 165 3355 374 3384; baseline 0.01 -2"><span class='ocrx_word' id='word_1_16' title='bbox 165 3355 374 3384; x_wconf 80' lang='lat' dir='ltr'>Damnantur</span> 
     </span>
     <span class='ocr_line' id='line_1_11' title="bbox 168 3397 370 3434; baseline 0.005 -9"><span class='ocrx_word' id='word_1_17' title='bbox 168 3397 370 3434; x_wconf 68' lang='lat' dir='ltr'>hypocritae,</span> 
     </span>
     <span class='ocr_line' id='line_1_12' title="bbox 175 3441 364 3475; baseline 0.005 -6"><span class='ocrx_word' id='word_1_18' title='bbox 175 3441 234 3475; x_wconf 89' lang='lat' dir='ltr'>qui</span> <span class='ocrx_word' id='word_1_19' title='bbox 250 3441 364 3470; x_wconf 64' lang='lat' dir='ltr'>vernis</span> 
     </span>
     <span class='ocr_line' id='line_1_13' title="bbox 215 3486 321 3519; baseline -0.009 -5"><span class='ocrx_word' id='word_1_20' title='bbox 215 3486 321 3519; x_wconf 77' lang='lat' dir='ltr'>legem</span> 
     </span>
     <span class='ocr_line' id='line_1_14' title="bbox 166 3535 381 3566; baseline 0 -9"><span class='ocrx_word' id='word_1_21' title='bbox 166 3535 381 3566; x_wconf 74' lang='lat' dir='ltr'>venerantur,</span> 
     </span>
     <span class='ocr_line' id='line_1_15' title="bbox 177 3574 367 3602; baseline -0.005 0"><span class='ocrx_word' id='word_1_22' title='bbox 177 3574 280 3602; x_wconf 72' lang='lat' dir='ltr'>sactis</span> <span class='ocrx_word' id='word_1_23' title='bbox 298 3574 367 3602; x_wconf 71' lang='lat' dir='ltr'>vio-</span> 
     </span>
     <span class='ocr_line' id='line_1_16' title="bbox 234 3619 314 3647; baseline 0.013 -1"><span class='ocrx_word' id='word_1_24' title='bbox 234 3619 314 3647; x_wconf 86' lang='lat' dir='ltr'>lant.</span> 
     </span>
    </p>
   </div>
   <div class='ocr_carea' id='block_1_5' title="bbox 442 132 1772 190">
    <p class='ocr_par' dir='ltr' id='par_1_5' title="bbox 442 132 1772 190">
     <span class='ocr_line' id='line_1_17' title="bbox 442 132 1772 190; baseline -0.004 -9"><span class='ocrx_word' id='word_1_25' title='bbox 442 136 528 181; x_wconf 82' lang='lat'>582</span> <span class='ocrx_word' id='word_1_26' title='bbox 944 134 1019 178; x_wconf 85' lang='lat' dir='ltr'>Ps.</span> <span class='ocrx_word' id='word_1_27' title='bbox 1051 134 1280 190; x_wconf 82' lang='lat' dir='ltr'>XLVIII,</span> <span class='ocrx_word' id='word_1_28' title='bbox 1316 134 1369 176; x_wconf 83' lang='grc'>16</span> <span class='ocrx_word' id='word_1_29' title='bbox 1401 159 1462 165; x_wconf 91' lang='grc'>-</span> <span class='ocrx_word' id='word_1_30' title='bbox 1490 133 1663 187; x_wconf 76' lang='lat' dir='ltr'>XLIX,</span> <span class='ocrx_word' id='word_1_31' title='bbox 1702 132 1772 176; x_wconf 84' lang='lat'>18.</span> 
     </span>
    </p>
   </div>
   <div class='ocr_carea' id='block_1_6' title="bbox 443 243 672 250">
    <p class='ocr_par' dir='ltr' id='par_1_6' title="bbox 443 243 672 250">
     <span class='ocr_line' id='line_1_18' title="bbox 443 243 672 250; baseline 0 3611"><span class='ocrx_word' id='word_1_32' title='bbox 443 243 672 250; x_wconf 95' lang='lat' dir='ltr'> </span> 
     </span>
    </p>
   </div>
   <div class='ocr_carea' id='block_1_7' title="bbox 617 299 2228 1059">
    <p class='ocr_par' dir='ltr' id='par_1_7' title="bbox 618 299 2228 420">
     <span class='ocr_line' id='line_1_19' title="bbox 618 299 2228 360; baseline -0.003 -12"><span class='ocrx_word' id='word_1_33' title='bbox 618 305 654 332; x_wconf 73' lang='lat'>¹⁶</span> <span class='ocrx_word' id='word_1_34' title='bbox 671 305 990 348; x_wconf 76' lang='lat' dir='ltr'>Verumtamen</span> <span class='ocrx_word' id='word_1_35' title='bbox 1018 305 1138 346; x_wconf 90' lang='lat' dir='ltr'>Deus</span> <span class='ocrx_word' id='word_1_36' title='bbox 1162 303 1351 346; x_wconf 80' lang='lat' dir='ltr'><strong>redimet</strong></span> <span class='ocrx_word' id='word_1_37' title='bbox 1373 303 1572 346; x_wconf 88' lang='lat' dir='ltr'>animam</span> <span class='ocrx_word' id='word_1_38' title='bbox 1597 315 1754 353; x_wconf 34' lang='lat' dir='ltr'>meam,</span> <span class='ocrx_word' id='word_1_39' title='bbox 1769 300 1824 344; x_wconf 88' lang='lat' dir='ltr'>de</span> <span class='ocrx_word' id='word_1_40' title='bbox 1846 314 1980 343; x_wconf 87' lang='lat' dir='ltr'>manu</span> <span class='ocrx_word' id='word_1_41' title='bbox 2002 299 2160 360; x_wconf 60' lang='lat' dir='ltr'>infieri,</span> <span class='ocrx_word' id='word_1_42' title='bbox 2224 348 2228 350; x_wconf 57' lang='grc'>,</span> 
     </span>
     <span class='ocr_line' id='line_1_20' title="bbox 736 362 1323 420; baseline 0.002 -14"><span class='ocrx_word' id='word_1_43' title='bbox 736 378 837 407; x_wconf 88' lang='grc'>611111</span> <span class='ocrx_word' id='word_1_44' title='bbox 861 362 1084 420; x_wconf 87' lang='lat' dir='ltr'>acceperit</span> <span class='ocrx_word' id='word_1_45' title='bbox 1108 377 1191 405; x_wconf 89' lang='lat' dir='ltr'>me.</span> <span class='ocrx_word' id='word_1_46' title='bbox 1320 406 1323 407; x_wconf 14' lang='grc' dir='ltr'><em>γ</em></span> 
     </span>
    </p>

    <p class='ocr_par' dir='ltr' id='par_1_8' title="bbox 618 421 1884 537">
     <span class='ocr_line' id='line_1_21' title="bbox 618 421 1742 475; baseline -0.004 -8"><span class='ocrx_word' id='word_1_47' title='bbox 618 423 652 450; x_wconf 79' lang='lat'>¹⁷</span> <span class='ocrx_word' id='word_1_48' title='bbox 671 425 739 467; x_wconf 91' lang='lat' dir='ltr'>Ne</span> <span class='ocrx_word' id='word_1_49' title='bbox 764 423 962 465; x_wconf 82' lang='lat' dir='ltr'>timueris</span> <span class='ocrx_word' id='word_1_50' title='bbox 985 436 1087 465; x_wconf 92' lang='lat' dir='ltr'>cum</span> <span class='ocrx_word' id='word_1_51' title='bbox 1110 422 1234 465; x_wconf 88' lang='lat' dir='ltr'>dives</span> <span class='ocrx_word' id='word_1_52' title='bbox 1257 421 1408 465; x_wconf 76' lang='lat' dir='ltr'>factus</span> <span class='ocrx_word' id='word_1_53' title='bbox 1431 422 1570 465; x_wconf 74' lang='lat' dir='ltr'>fuerit</span> <span class='ocrx_word' id='word_1_54' title='bbox 1589 421 1742 475; x_wconf 89' lang='lat' dir='ltr'>homo,</span> 
     </span>
     <span class='ocr_line' id='line_1_22' title="bbox 737 478 1884 537; baseline -0.003 -13"><span class='ocrx_word' id='word_1_55' title='bbox 737 488 780 525; x_wconf 91' lang='lat' dir='ltr'>et</span> <span class='ocrx_word' id='word_1_56' title='bbox 806 496 906 524; x_wconf 91' lang='lat' dir='ltr'>cum</span> <span class='ocrx_word' id='word_1_57' title='bbox 931 481 1230 537; x_wconf 87' lang='lat' dir='ltr'>multiplicata</span> <span class='ocrx_word' id='word_1_58' title='bbox 1251 481 1388 523; x_wconf 81' lang='lat' dir='ltr'>fuerit</span> <span class='ocrx_word' id='word_1_59' title='bbox 1410 481 1552 536; x_wconf 87' lang='lat' dir='ltr'>gloria</span> <span class='ocrx_word' id='word_1_60' title='bbox 1577 480 1733 523; x_wconf 87' lang='lat' dir='ltr'>domus</span> <span class='ocrx_word' id='word_1_61' title='bbox 1760 478 1884 534; x_wconf 83' lang='grc'>6]”118;</span> 
     </span>
    </p>

    <p class='ocr_par' dir='ltr' id='par_1_9' title="bbox 618 538 1765 656">
     <span class='ocr_line' id='line_1_23' title="bbox 618 538 1765 598; baseline -0.003 -14"><span class='ocrx_word' id='word_1_62' title='bbox 618 542 653 568; x_wconf 73' lang='lat'>&#39;¹8</span> <span class='ocrx_word' id='word_1_63' title='bbox 671 541 900 598; x_wconf 83' lang='lat' dir='ltr'>quoniam,</span> <span class='ocrx_word' id='word_1_64' title='bbox 929 555 1030 583; x_wconf 92' lang='lat' dir='ltr'>cum</span> <span class='ocrx_word' id='word_1_65' title='bbox 1054 540 1292 596; x_wconf 89' lang='lat' dir='ltr'>interierit,</span> <span class='ocrx_word' id='word_1_66' title='bbox 1320 555 1407 584; x_wconf 91' lang='lat' dir='ltr'>non</span> <span class='ocrx_word' id='word_1_67' title='bbox 1430 544 1574 583; x_wconf 89' lang='lat' dir='ltr'>sumet</span> <span class='ocrx_word' id='word_1_68' title='bbox 1597 538 1765 594; x_wconf 86' lang='lat' dir='ltr'>omnia,</span> 
     </span>
     <span class='ocr_line' id='line_1_24' title="bbox 734 599 1632 656; baseline -0.002 -13"><span class='ocrx_word' id='word_1_69' title='bbox 734 614 875 656; x_wconf 88' lang='lat' dir='ltr'>neque</span> <span class='ocrx_word' id='word_1_70' title='bbox 898 599 1137 643; x_wconf 79' lang='lat' dir='ltr'>descendet</span> <span class='ocrx_word' id='word_1_71' title='bbox 1162 614 1264 642; x_wconf 91' lang='lat' dir='ltr'>cum</span> <span class='ocrx_word' id='word_1_72' title='bbox 1285 614 1334 643; x_wconf 91' lang='lat' dir='ltr'>eo</span> <span class='ocrx_word' id='word_1_73' title='bbox 1355 599 1497 655; x_wconf 83' lang='lat' dir='ltr'>gloria</span> <span class='ocrx_word' id='word_1_74' title='bbox 1520 599 1632 654; x_wconf 84' lang='lat' dir='ltr'>ejus.</span> 
     </span>
    </p>

    <p class='ocr_par' dir='ltr' id='par_1_10' title="bbox 618 658 1754 762">
     <span class='ocr_line' id='line_1_25' title="bbox 618 658 1754 716; baseline -0.002 -14"><span class='ocrx_word' id='word_1_75' title='bbox 618 659 652 686; x_wconf 80' lang='lat'>19</span> <span class='ocrx_word' id='word_1_76' title='bbox 670 660 781 710; x_wconf 83' lang='lat' dir='ltr'>Quia</span> <span class='ocrx_word' id='word_1_77' title='bbox 806 659 955 702; x_wconf 89' lang='lat' dir='ltr'>anima</span> <span class='ocrx_word' id='word_1_78' title='bbox 979 659 1074 715; x_wconf 86' lang='lat' dir='ltr'>ejus</span> <span class='ocrx_word' id='word_1_79' title='bbox 1095 659 1142 702; x_wconf 92' lang='lat' dir='ltr'>in</span> <span class='ocrx_word' id='word_1_80' title='bbox 1163 659 1258 701; x_wconf 83' lang='lat' dir='ltr'>vita</span> <span class='ocrx_word' id='word_1_81' title='bbox 1278 659 1417 716; x_wconf 86' lang='lat' dir='ltr'>ipsius</span> <span class='ocrx_word' id='word_1_82' title='bbox 1444 658 1754 712; x_wconf 67' lang='lat' dir='ltr'>benedicetur,</span> 
     </span>
     <span class='ocr_line' id='line_1_26' title="bbox 736 717 1622 762; baseline -0.002 0"><span class='ocrx_word' id='word_1_83' title='bbox 736 719 1016 762; x_wconf 82' lang='lat' dir='ltr'>confitebitur</span> <span class='ocrx_word' id='word_1_84' title='bbox 1040 718 1122 762; x_wconf 90' lang='lat' dir='ltr'>tibi</span> <span class='ocrx_word' id='word_1_85' title='bbox 1145 733 1246 761; x_wconf 92' lang='lat' dir='ltr'>cum</span> <span class='ocrx_word' id='word_1_86' title='bbox 1266 718 1543 761; x_wconf 79' lang='lat' dir='ltr'>benefeceris</span> <span class='ocrx_word' id='word_1_87' title='bbox 1569 717 1622 761; x_wconf 89' lang='lat' dir='ltr'>ei.</span> 
     </span>
    </p>

    <p class='ocr_par' dir='ltr' id='par_1_11' title="bbox 617 778 1795 893">
     <span class='ocr_line' id='line_1_27' title="bbox 617 778 1795 835; baseline -0.002 -13"><span class='ocrx_word' id='word_1_88' title='bbox 617 778 654 805; x_wconf 63' lang='lat'>“2⁰</span> <span class='ocrx_word' id='word_1_89' title='bbox 670 778 881 822; x_wconf 89' lang='lat' dir='ltr'>Introibit</span> <span class='ocrx_word' id='word_1_90' title='bbox 902 792 1039 833; x_wconf 88' lang='lat' dir='ltr'>usque</span> <span class='ocrx_word' id='word_1_91' title='bbox 1064 778 1110 820; x_wconf 92' lang='lat' dir='ltr'>in</span> <span class='ocrx_word' id='word_1_92' title='bbox 1132 778 1363 835; x_wconf 88' lang='lat' dir='ltr'>progenies</span> <span class='ocrx_word' id='word_1_93' title='bbox 1389 783 1566 835; x_wconf 86' lang='lat' dir='ltr'>patrum</span> <span class='ocrx_word' id='word_1_94' title='bbox 1589 792 1764 820; x_wconf 89' lang='lat' dir='ltr'>suorum</span> <span class='ocrx_word' id='word_1_95' title='bbox 1786 794 1795 833; x_wconf 83' lang='lat'><em>3</em></span> 
     </span>
     <span class='ocr_line' id='line_1_28' title="bbox 735 836 1747 893; baseline -0.002 -12"><span class='ocrx_word' id='word_1_96' title='bbox 735 843 778 881; x_wconf 91' lang='lat' dir='ltr'>et</span> <span class='ocrx_word' id='word_1_97' title='bbox 803 852 940 893; x_wconf 87' lang='lat' dir='ltr'>usque</span> <span class='ocrx_word' id='word_1_98' title='bbox 964 838 1012 879; x_wconf 87' lang='lat' dir='ltr'>in</span> <span class='ocrx_word' id='word_1_99' title='bbox 1036 842 1249 880; x_wconf 80' lang='lat' dir='ltr'>aeternum</span> <span class='ocrx_word' id='word_1_100' title='bbox 1277 851 1364 879; x_wconf 87' lang='lat' dir='ltr'>non</span> <span class='ocrx_word' id='word_1_101' title='bbox 1391 836 1563 880; x_wconf 85' lang='lat' dir='ltr'>videbit</span> <span class='ocrx_word' id='word_1_102' title='bbox 1584 837 1747 880; x_wconf 91' lang='lat' dir='ltr'>lumen.</span> 
     </span>
    </p>

    <p class='ocr_par' dir='ltr' id='par_1_12' title="bbox 617 896 1749 1059">
     <span class='ocr_line' id='line_1_29' title="bbox 617 896 1749 952; baseline -0.003 -11"><span class='ocrx_word' id='word_1_103' title='bbox 617 896 650 923; x_wconf 69' lang='lat'>⁹2¹</span> <span class='ocrx_word' id='word_1_104' title='bbox 673 899 842 952; x_wconf 85' lang='lat' dir='ltr'>Homo,</span> <span class='ocrx_word' id='word_1_105' title='bbox 866 912 967 940; x_wconf 91' lang='lat' dir='ltr'>cum</span> <span class='ocrx_word' id='word_1_106' title='bbox 989 897 1035 939; x_wconf 90' lang='grc'>111</span> <span class='ocrx_word' id='word_1_107' title='bbox 1056 897 1220 940; x_wconf 84' lang='lat' dir='ltr'>honore</span> <span class='ocrx_word' id='word_1_108' title='bbox 1242 901 1376 952; x_wconf 89' lang='lat' dir='ltr'>esset,</span> <span class='ocrx_word' id='word_1_109' title='bbox 1400 911 1486 939; x_wconf 89' lang='lat' dir='ltr'>non</span> <span class='ocrx_word' id='word_1_110' title='bbox 1512 896 1749 939; x_wconf 79' lang='lat' dir='ltr'>intellexit.</span> 
     </span>
     <span class='ocr_line' id='line_1_30' title="bbox 734 955 1708 1013; baseline -0.003 -13"><span class='ocrx_word' id='word_1_111' title='bbox 734 957 1025 1013; x_wconf 85' lang='lat' dir='ltr'>Comparatus</span> <span class='ocrx_word' id='word_1_112' title='bbox 1048 962 1113 999; x_wconf 87' lang='lat' dir='ltr'>est</span> <span class='ocrx_word' id='word_1_113' title='bbox 1138 955 1352 1012; x_wconf 81' lang='lat' dir='ltr'>jumentis</span> <span class='ocrx_word' id='word_1_114' title='bbox 1372 955 1708 1011; x_wconf 78' lang='lat' dir='ltr'>insipientibus,</span> 
     </span>
     <span class='ocr_line' id='line_1_31' title="bbox 733 1014 1351 1059; baseline -0.005 0"><span class='ocrx_word' id='word_1_115' title='bbox 733 1021 777 1059; x_wconf 92' lang='lat' dir='ltr'>et</span> <span class='ocrx_word' id='word_1_116' title='bbox 798 1015 956 1059; x_wconf 88' lang='lat' dir='ltr'>similis</span> <span class='ocrx_word' id='word_1_117' title='bbox 982 1015 1132 1058; x_wconf 76' lang='lat' dir='ltr'>factus</span> <span class='ocrx_word' id='word_1_118' title='bbox 1158 1020 1224 1058; x_wconf 91' lang='lat' dir='ltr'>est</span> <span class='ocrx_word' id='word_1_119' title='bbox 1248 1014 1351 1056; x_wconf 89' lang='lat' dir='ltr'>illis.</span> 
     </span>
    </p>
   </div>
   <div class='ocr_carea' id='block_1_8' title="bbox 1159 1143 1559 1186">
    <p class='ocr_par' dir='ltr' id='par_1_13' title="bbox 1159 1143 1559 1186">
     <span class='ocr_line' id='line_1_32' title="bbox 1159 1143 1559 1186; baseline -0.003 -1"><span class='ocrx_word' id='word_1_120' title='bbox 1159 1144 1372 1186; x_wconf 76' lang='lat' dir='ltr'>PsALMth</span> <span class='ocrx_word' id='word_1_121' title='bbox 1404 1143 1559 1185; x_wconf 88' lang='lat' dir='ltr'>XLIX</span> 
     </span>
    </p>
   </div>
   <div class='ocr_carea' id='block_1_9' title="bbox 504 1258 1710 1405">
    <p class='ocr_par' dir='ltr' id='par_1_14' title="bbox 504 1258 1710 1405">
     <span class='ocr_line' id='line_1_33' title="bbox 1001 1258 1710 1316; baseline -0.006 -12"><span class='ocrx_word' id='word_1_122' title='bbox 1001 1261 1072 1304; x_wconf 81' lang='lat' dir='ltr'>De</span> <span class='ocrx_word' id='word_1_123' title='bbox 1094 1261 1280 1316; x_wconf 70' lang='lat' dir='ltr'>yenuino</span> <span class='ocrx_word' id='word_1_124' title='bbox 1306 1266 1346 1302; x_wconf 77' lang='lat' dir='ltr'>et</span> <span class='ocrx_word' id='word_1_125' title='bbox 1358 1260 1438 1315; x_wconf 73' lang='lat' dir='ltr'>pio</span> <span class='ocrx_word' id='word_1_126' title='bbox 1464 1259 1554 1301; x_wconf 76' lang='lat' dir='ltr'>Dei</span> <span class='ocrx_word' id='word_1_127' title='bbox 1576 1258 1710 1301; x_wconf 75' lang='lat' dir='ltr'>cultu.</span> 
     </span>
     <span class='ocr_line' id='line_1_34' title="bbox 504 1348 924 1405; baseline -0.007 -12"><span class='ocrx_word' id='word_1_128' title='bbox 504 1349 517 1376; x_wconf 72' lang='lat'>¹</span> <span class='ocrx_word' id='word_1_129' title='bbox 532 1349 734 1393; x_wconf 89' lang='lat' dir='ltr'>Psalmus</span> <span class='ocrx_word' id='word_1_130' title='bbox 757 1348 924 1405; x_wconf 85' lang='lat' dir='ltr'>Asaph.</span> 
     </span>
    </p>
   </div>
   <div class='ocr_carea' id='block_1_10' title="bbox 623 1434 2247 3688">
    <p class='ocr_par' dir='ltr' id='par_1_15' title="bbox 623 1434 2247 3688">
     <span class='ocr_line' id='line_1_35' title="bbox 670 1434 1595 1492; baseline -0.004 -13"><span class='ocrx_word' id='word_1_131' title='bbox 670 1438 788 1479; x_wconf 87' lang='lat' dir='ltr'>Deus</span> <span class='ocrx_word' id='word_1_132' title='bbox 816 1436 1018 1492; x_wconf 90' lang='lat' dir='ltr'>deorum,</span> <span class='ocrx_word' id='word_1_133' title='bbox 1047 1435 1287 1489; x_wconf 86' lang='lat' dir='ltr'>Dominus,</span> <span class='ocrx_word' id='word_1_134' title='bbox 1311 1434 1484 1477; x_wconf 89' lang='lat' dir='ltr'>locutus</span> <span class='ocrx_word' id='word_1_135' title='bbox 1508 1438 1595 1489; x_wconf 86' lang='lat' dir='ltr'>est,</span> 
     </span>
     <span class='ocr_line' id='line_1_36' title="bbox 736 1492 1953 1548; baseline -0.002 -10"><span class='ocrx_word' id='word_1_136' title='bbox 736 1500 779 1538; x_wconf 92' lang='lat' dir='ltr'>et</span> <span class='ocrx_word' id='word_1_137' title='bbox 802 1495 980 1538; x_wconf 79' lang='lat' dir='ltr'>vocavit</span> <span class='ocrx_word' id='word_1_138' title='bbox 1005 1500 1168 1537; x_wconf 88' lang='lat' dir='ltr'>terram</span> <span class='ocrx_word' id='word_1_139' title='bbox 1190 1509 1215 1536; x_wconf 91' lang='lat' dir='ltr'>a</span> <span class='ocrx_word' id='word_1_140' title='bbox 1241 1493 1344 1536; x_wconf 88' lang='lat' dir='ltr'>solis</span> <span class='ocrx_word' id='word_1_141' title='bbox 1372 1499 1467 1536; x_wconf 89' lang='lat' dir='ltr'>ortu</span> <span class='ocrx_word' id='word_1_142' title='bbox 1493 1506 1630 1548; x_wconf 85' lang='lat' dir='ltr'>usque</span> <span class='ocrx_word' id='word_1_143' title='bbox 1652 1492 1709 1535; x_wconf 89' lang='lat' dir='ltr'>ad</span> <span class='ocrx_word' id='word_1_144' title='bbox 1732 1506 1953 1536; x_wconf 86' lang='lat' dir='ltr'>occasum.</span> 
     </span>
     <span class='ocr_line' id='line_1_37' title="bbox 637 1553 1401 1610; baseline -0.003 -12"><span class='ocrx_word' id='word_1_145' title='bbox 637 1554 654 1580; x_wconf 71' lang='lat'><strong>2</strong></span> <span class='ocrx_word' id='word_1_146' title='bbox 675 1554 742 1598; x_wconf 80' lang='lat' dir='ltr'>Ex</span> <span class='ocrx_word' id='word_1_147' title='bbox 765 1555 870 1598; x_wconf 87' lang='lat' dir='ltr'>Sion</span> <span class='ocrx_word' id='word_1_148' title='bbox 891 1554 1059 1610; x_wconf 88' lang='lat' dir='ltr'>species</span> <span class='ocrx_word' id='word_1_149' title='bbox 1085 1553 1254 1596; x_wconf 88' lang='lat' dir='ltr'>decoris</span> <span class='ocrx_word' id='word_1_150' title='bbox 1281 1553 1401 1608; x_wconf 79' lang='lat' dir='ltr'>ejus:</span> 
     </span>
     <span class='ocr_line' id='line_1_38' title="bbox 696 1612 1316 1665; baseline -0.003 -8"><span class='ocrx_word' id='word_1_151' title='bbox 696 1614 713 1640; x_wconf 83' lang='lat'><strong>3</strong></span> <span class='ocrx_word' id='word_1_152' title='bbox 732 1615 851 1657; x_wconf 87' lang='lat' dir='ltr'>Deus</span> <span class='ocrx_word' id='word_1_153' title='bbox 877 1613 1116 1656; x_wconf 70' lang='lat' dir='ltr'>manifeste</span> <span class='ocrx_word' id='word_1_154' title='bbox 1138 1612 1288 1655; x_wconf 80' lang='lat' dir='ltr'>veniet</span> <span class='ocrx_word' id='word_1_155' title='bbox 1308 1630 1316 1665; x_wconf 68' lang='grc' dir='ltr'><strong>ς</strong></span> 
     </span>
     <span class='ocr_line' id='line_1_39' title="bbox 738 1671 1407 1728; baseline -0.004 -12"><span class='ocrx_word' id='word_1_156' title='bbox 738 1673 856 1716; x_wconf 92' lang='lat' dir='ltr'>Deus</span> <span class='ocrx_word' id='word_1_157' title='bbox 882 1678 1040 1728; x_wconf 89' lang='lat' dir='ltr'>noster,</span> <span class='ocrx_word' id='word_1_158' title='bbox 1068 1676 1111 1715; x_wconf 88' lang='lat' dir='ltr'>et</span> <span class='ocrx_word' id='word_1_159' title='bbox 1135 1686 1224 1715; x_wconf 85' lang='lat' dir='ltr'>non</span> <span class='ocrx_word' id='word_1_160' title='bbox 1245 1671 1407 1714; x_wconf 88' lang='lat' dir='ltr'>silebit.</span> 
     </span>
     <span class='ocr_line' id='line_1_40' title="bbox 679 1730 1568 1789; baseline -0.003 -14"><span class='ocrx_word' id='word_1_161' title='bbox 679 1732 805 1789; x_wconf 83' lang='lat' dir='ltr'>Ignis</span> <span class='ocrx_word' id='word_1_162' title='bbox 826 1732 873 1774; x_wconf 91' lang='lat' dir='ltr'>in</span> <span class='ocrx_word' id='word_1_163' title='bbox 896 1737 1135 1788; x_wconf 87' lang='lat' dir='ltr'>conspectu</span> <span class='ocrx_word' id='word_1_164' title='bbox 1159 1731 1254 1787; x_wconf 79' lang='lat' dir='ltr'>ejus</span> <span class='ocrx_word' id='word_1_165' title='bbox 1281 1730 1540 1774; x_wconf 69' lang='lat' dir='ltr'>exardescet</span> <span class='ocrx_word' id='word_1_166' title='bbox 1559 1748 1568 1783; x_wconf 75' lang='grc' dir='ltr'><strong>ς</strong></span> 
     </span>
     <span class='ocr_line' id='line_1_41' title="bbox 739 1789 1632 1846; baseline -0.002 -12"><span class='ocrx_word' id='word_1_167' title='bbox 739 1797 781 1835; x_wconf 88' lang='lat' dir='ltr'>et</span> <span class='ocrx_word' id='word_1_168' title='bbox 802 1792 848 1833; x_wconf 89' lang='grc'>111</span> <span class='ocrx_word' id='word_1_169' title='bbox 871 1791 1058 1834; x_wconf 88' lang='lat' dir='ltr'>circuitu</span> <span class='ocrx_word' id='word_1_170' title='bbox 1086 1791 1182 1846; x_wconf 83' lang='lat' dir='ltr'>ejus</span> <span class='ocrx_word' id='word_1_171' title='bbox 1204 1795 1445 1846; x_wconf 82' lang='lat' dir='ltr'>tempestas</span> <span class='ocrx_word' id='word_1_172' title='bbox 1467 1789 1632 1832; x_wconf 69' lang='lat' dir='ltr'>valida.</span> 
     </span>
     <span class='ocr_line' id='line_1_42' title="bbox 638 1850 1660 1905; baseline -0.004 -11"><span class='ocrx_word' id='word_1_173' title='bbox 638 1851 655 1878; x_wconf 79' lang='lat'>4</span> <span class='ocrx_word' id='word_1_174' title='bbox 672 1851 927 1894; x_wconf 74' lang='lat' dir='ltr'>Advocabit</span> <span class='ocrx_word' id='word_1_175' title='bbox 950 1850 1109 1893; x_wconf 79' lang='lat' dir='ltr'>caelum</span> <span class='ocrx_word' id='word_1_176' title='bbox 1133 1850 1383 1905; x_wconf 79' lang='lat' dir='ltr'>desursum,</span> <span class='ocrx_word' id='word_1_177' title='bbox 1409 1854 1451 1891; x_wconf 92' lang='lat' dir='ltr'>et</span> <span class='ocrx_word' id='word_1_178' title='bbox 1476 1854 1660 1904; x_wconf 86' lang='lat' dir='ltr'>terram,</span> 
     </span>
     <span class='ocr_line' id='line_1_43' title="bbox 738 1909 1385 1966; baseline -0.005 -13"><span class='ocrx_word' id='word_1_179' title='bbox 738 1911 984 1953; x_wconf 84' lang='lat' dir='ltr'>discernere</span> <span class='ocrx_word' id='word_1_180' title='bbox 1010 1909 1222 1966; x_wconf 87' lang='lat' dir='ltr'>populum</span> <span class='ocrx_word' id='word_1_181' title='bbox 1244 1923 1385 1951; x_wconf 88' lang='lat' dir='ltr'>suum.</span> 
     </span>
     <span class='ocr_line' id='line_1_44' title="bbox 640 1968 1384 2026; baseline -0.004 -13"><span class='ocrx_word' id='word_1_182' title='bbox 640 1971 656 1997; x_wconf 71' lang='lat'>5</span> <span class='ocrx_word' id='word_1_183' title='bbox 674 1970 951 2026; x_wconf 85' lang='lat' dir='ltr'>Congregate</span> <span class='ocrx_word' id='word_1_184' title='bbox 977 1969 1043 2011; x_wconf 87' lang='lat' dir='ltr'>illi</span> <span class='ocrx_word' id='word_1_185' title='bbox 1067 1973 1242 2011; x_wconf 85' lang='lat' dir='ltr'>sanctos</span> <span class='ocrx_word' id='word_1_186' title='bbox 1267 1968 1384 2023; x_wconf 79' lang='lat' dir='ltr'>ejus,</span> 
     </span>
     <span class='ocr_line' id='line_1_45' title="bbox 739 2026 1914 2085; baseline -0.001 -14"><span class='ocrx_word' id='word_1_187' title='bbox 739 2029 813 2085; x_wconf 88' lang='lat' dir='ltr'>qui</span> <span class='ocrx_word' id='word_1_188' title='bbox 836 2028 1043 2071; x_wconf 80' lang='lat' dir='ltr'>ordinant</span> <span class='ocrx_word' id='word_1_189' title='bbox 1067 2032 1386 2070; x_wconf 85' lang='lat' dir='ltr'>testamentum</span> <span class='ocrx_word' id='word_1_190' title='bbox 1408 2027 1505 2083; x_wconf 78' lang='lat' dir='ltr'>ejus</span> <span class='ocrx_word' id='word_1_191' title='bbox 1528 2041 1658 2084; x_wconf 85' lang='lat' dir='ltr'>super</span> <span class='ocrx_word' id='word_1_192' title='bbox 1683 2026 1914 2071; x_wconf 87' lang='lat' dir='ltr'>sacrificia.</span> 
     </span>
     <span class='ocr_line' id='line_1_46' title="bbox 641 2086 1593 2143; baseline -0.002 -13"><span class='ocrx_word' id='word_1_193' title='bbox 641 2089 657 2115; x_wconf 76' lang='grc'><strong>6</strong></span> <span class='ocrx_word' id='word_1_194' title='bbox 674 2089 732 2130; x_wconf 88' lang='lat' dir='ltr'>Et</span> <span class='ocrx_word' id='word_1_195' title='bbox 755 2087 1086 2130; x_wconf 88' lang='lat' dir='ltr'>annuntiabunt</span> <span class='ocrx_word' id='word_1_196' title='bbox 1109 2087 1207 2130; x_wconf 83' lang='lat' dir='ltr'>caeli</span> <span class='ocrx_word' id='word_1_197' title='bbox 1233 2087 1455 2143; x_wconf 82' lang='lat' dir='ltr'>justitiam</span> <span class='ocrx_word' id='word_1_198' title='bbox 1478 2086 1593 2142; x_wconf 71' lang='lat' dir='ltr'>eJ&#39;us,</span> 
     </span>
     <span class='ocr_line' id='line_1_47' title="bbox 738 2146 1359 2203; baseline -0.002 -14"><span class='ocrx_word' id='word_1_199' title='bbox 738 2147 947 2203; x_wconf 83' lang='lat' dir='ltr'>quoniam</span> <span class='ocrx_word' id='word_1_200' title='bbox 974 2147 1093 2190; x_wconf 88' lang='lat' dir='ltr'>Deus</span> <span class='ocrx_word' id='word_1_201' title='bbox 1117 2146 1256 2202; x_wconf 78' lang='lat' dir='ltr'>judex</span> <span class='ocrx_word' id='word_1_202' title='bbox 1281 2151 1359 2189; x_wconf 88' lang='lat' dir='ltr'>est.</span> 
     </span>
     <span class='ocr_line' id='line_1_48' title="bbox 639 2206 1472 2263; baseline -0.001 -14"><span class='ocrx_word' id='word_1_203' title='bbox 639 2207 653 2233; x_wconf 76' lang='lat'><strong>⁷</strong></span> <span class='ocrx_word' id='word_1_204' title='bbox 672 2207 812 2261; x_wconf 86' lang='lat' dir='ltr'>Audi,</span> <span class='ocrx_word' id='word_1_205' title='bbox 839 2206 1026 2263; x_wconf 85' lang='lat' dir='ltr'>populus</span> <span class='ocrx_word' id='word_1_206' title='bbox 1052 2220 1195 2259; x_wconf 91' lang='lat' dir='ltr'>meus,</span> <span class='ocrx_word' id='word_1_207' title='bbox 1224 2211 1267 2249; x_wconf 89' lang='lat' dir='ltr'>et</span> <span class='ocrx_word' id='word_1_208' title='bbox 1290 2206 1472 2262; x_wconf 89' lang='lat' dir='ltr'>loquar;</span> 
     </span>
     <span class='ocr_line' id='line_1_49' title="bbox 741 2265 1380 2322; baseline -0.002 -13"><span class='ocrx_word' id='word_1_209' title='bbox 741 2266 900 2322; x_wconf 84' lang='lat' dir='ltr'>Israel,</span> <span class='ocrx_word' id='word_1_210' title='bbox 924 2270 967 2309; x_wconf 92' lang='lat' dir='ltr'>et</span> <span class='ocrx_word' id='word_1_211' title='bbox 991 2265 1264 2309; x_wconf 85' lang='lat' dir='ltr'>testificabor</span> <span class='ocrx_word' id='word_1_212' title='bbox 1285 2265 1380 2312; x_wconf 85' lang='lat' dir='ltr'>tibi.</span> 
     </span>
     <span class='ocr_line' id='line_1_50' title="bbox 743 2326 1394 2382; baseline -0.002 -14"><span class='ocrx_word' id='word_1_213' title='bbox 743 2327 882 2382; x_wconf 91' lang='lat' dir='ltr'>Deus,</span> <span class='ocrx_word' id='word_1_214' title='bbox 908 2326 1029 2368; x_wconf 90' lang='lat' dir='ltr'>Deus</span> <span class='ocrx_word' id='word_1_215' title='bbox 1053 2330 1153 2368; x_wconf 89' lang='lat' dir='ltr'>tuus</span> <span class='ocrx_word' id='word_1_216' title='bbox 1180 2339 1260 2380; x_wconf 83' lang='lat' dir='ltr'>ego</span> <span class='ocrx_word' id='word_1_217' title='bbox 1283 2340 1394 2368; x_wconf 89' lang='lat' dir='ltr'>sum.</span> 
     </span>
     <span class='ocr_line' id='line_1_51' title="bbox 641 2384 1512 2441; baseline -0.001 -12"><span class='ocrx_word' id='word_1_218' title='bbox 641 2386 658 2412; x_wconf 80' lang='grc'>8</span> <span class='ocrx_word' id='word_1_219' title='bbox 677 2387 777 2429; x_wconf 83' lang='grc' dir='ltr'>Νο11</span> <span class='ocrx_word' id='word_1_220' title='bbox 801 2385 848 2427; x_wconf 89' lang='grc'>111</span> <span class='ocrx_word' id='word_1_221' title='bbox 870 2384 1098 2427; x_wconf 87' lang='lat' dir='ltr'>sacrificiis</span> <span class='ocrx_word' id='word_1_222' title='bbox 1119 2384 1206 2427; x_wconf 89' lang='lat' dir='ltr'>tuis</span> <span class='ocrx_word' id='word_1_223' title='bbox 1231 2399 1418 2441; x_wconf 83' lang='lat' dir='ltr'>arguam</span> <span class='ocrx_word' id='word_1_224' title='bbox 1440 2390 1483 2428; x_wconf 88' lang='lat' dir='ltr'>te</span> <span class='ocrx_word' id='word_1_225' title='bbox 1503 2403 1512 2439; x_wconf 83' lang='lat'><em>3</em></span> 
     </span>
     <span class='ocr_line' id='line_1_52' title="bbox 741 2445 2074 2501; baseline 0.001 -14"><span class='ocrx_word' id='word_1_226' title='bbox 741 2445 1000 2488; x_wconf 88' lang='lat' dir='ltr'>holocausta</span> <span class='ocrx_word' id='word_1_227' title='bbox 1021 2449 1173 2487; x_wconf 88' lang='lat' dir='ltr'>autem</span> <span class='ocrx_word' id='word_1_228' title='bbox 1197 2449 1274 2486; x_wconf 85' lang='lat' dir='ltr'>tua</span> <span class='ocrx_word' id='word_1_229' title='bbox 1299 2445 1346 2486; x_wconf 87' lang='lat' dir='ltr'>in</span> <span class='ocrx_word' id='word_1_230' title='bbox 1372 2449 1612 2500; x_wconf 86' lang='lat' dir='ltr'>conspectu</span> <span class='ocrx_word' id='word_1_231' title='bbox 1637 2458 1735 2487; x_wconf 91' lang='lat' dir='ltr'>meo</span> <span class='ocrx_word' id='word_1_232' title='bbox 1756 2449 1860 2487; x_wconf 87' lang='lat' dir='ltr'>sunt</span> <span class='ocrx_word' id='word_1_233' title='bbox 1884 2458 2074 2501; x_wconf 76' lang='lat' dir='ltr'>semper.</span> 
     </span>
     <span class='ocr_line' id='line_1_53' title="bbox 643 2503 1567 2560; baseline -0.002 -12"><span class='ocrx_word' id='word_1_234' title='bbox 643 2505 660 2531; x_wconf 80' lang='lat'>9</span> <span class='ocrx_word' id='word_1_235' title='bbox 678 2506 778 2548; x_wconf 88' lang='lat' dir='ltr'>Non</span> <span class='ocrx_word' id='word_1_236' title='bbox 804 2504 1023 2560; x_wconf 87' lang='lat' dir='ltr'>accipiam</span> <span class='ocrx_word' id='word_1_237' title='bbox 1049 2504 1103 2546; x_wconf 91' lang='lat' dir='ltr'>de</span> <span class='ocrx_word' id='word_1_238' title='bbox 1126 2503 1255 2546; x_wconf 89' lang='lat' dir='ltr'>domo</span> <span class='ocrx_word' id='word_1_239' title='bbox 1280 2509 1356 2546; x_wconf 85' lang='lat' dir='ltr'>tua</span> <span class='ocrx_word' id='word_1_240' title='bbox 1381 2504 1567 2560; x_wconf 80' lang='lat' dir='ltr'>vitulos,</span> 
     </span>
     <span class='ocr_line' id='line_1_54' title="bbox 743 2562 1510 2619; baseline -0.001 -13"><span class='ocrx_word' id='word_1_241' title='bbox 743 2578 885 2619; x_wconf 84' lang='lat' dir='ltr'>neque</span> <span class='ocrx_word' id='word_1_242' title='bbox 912 2563 966 2606; x_wconf 88' lang='lat' dir='ltr'>de</span> <span class='ocrx_word' id='word_1_243' title='bbox 988 2562 1197 2619; x_wconf 82' lang='lat' dir='ltr'>gregibus</span> <span class='ocrx_word' id='word_1_244' title='bbox 1223 2563 1311 2606; x_wconf 88' lang='lat' dir='ltr'>tuis</span> <span class='ocrx_word' id='word_1_245' title='bbox 1336 2563 1481 2606; x_wconf 87' lang='lat' dir='ltr'>hircos</span> <span class='ocrx_word' id='word_1_246' title='bbox 1502 2581 1510 2617; x_wconf 71' lang='grc' dir='ltr'><strong>ς</strong></span> 
     </span>
     <span class='ocr_line' id='line_1_55' title="bbox 627 2623 1718 2680; baseline -0.003 -13"><span class='ocrx_word' id='word_1_247' title='bbox 627 2623 662 2650; x_wconf 81' lang='lat'>¹0</span> <span class='ocrx_word' id='word_1_248' title='bbox 679 2623 887 2680; x_wconf 88' lang='lat' dir='ltr'>quoniam</span> <span class='ocrx_word' id='word_1_249' title='bbox 914 2637 1024 2665; x_wconf 85' lang='lat' dir='ltr'>meae</span> <span class='ocrx_word' id='word_1_250' title='bbox 1049 2627 1152 2665; x_wconf 88' lang='lat' dir='ltr'>sunt</span> <span class='ocrx_word' id='word_1_251' title='bbox 1174 2637 1325 2665; x_wconf 87' lang='lat' dir='ltr'>omnes</span> <span class='ocrx_word' id='word_1_252' title='bbox 1351 2623 1461 2665; x_wconf 64' lang='lat' dir='ltr'>ferze</span> <span class='ocrx_word' id='word_1_253' title='bbox 1485 2623 1718 2677; x_wconf 84' lang='lat' dir='ltr'>silvarum,</span> 
     </span>
     <span class='ocr_line' id='line_1_56' title="bbox 743 2682 1520 2739; baseline 0 -15"><span class='ocrx_word' id='word_1_254' title='bbox 743 2683 946 2739; x_wconf 82' lang='lat' dir='ltr'>jumenta</span> <span class='ocrx_word' id='word_1_255' title='bbox 966 2682 1013 2724; x_wconf 89' lang='lat' dir='ltr'>in</span> <span class='ocrx_word' id='word_1_256' title='bbox 1035 2682 1280 2738; x_wconf 83' lang='lat' dir='ltr'>montibus,</span> <span class='ocrx_word' id='word_1_257' title='bbox 1309 2687 1352 2725; x_wconf 88' lang='lat' dir='ltr'>et</span> <span class='ocrx_word' id='word_1_258' title='bbox 1372 2682 1520 2725; x_wconf 79' lang='lat' dir='ltr'>boves.</span> 
     </span>
     <span class='ocr_line' id='line_1_57' title="bbox 630 2741 1431 2798; baseline -0.004 -11"><span class='ocrx_word' id='word_1_259' title='bbox 630 2742 659 2768; x_wconf 80' lang='lat'>¹¹</span> <span class='ocrx_word' id='word_1_260' title='bbox 680 2742 878 2798; x_wconf 78' lang='lat' dir='ltr'>Cognovi</span> <span class='ocrx_word' id='word_1_261' title='bbox 907 2741 1052 2784; x_wconf 87' lang='lat' dir='ltr'>omnia</span> <span class='ocrx_word' id='word_1_262' title='bbox 1075 2741 1278 2784; x_wconf 78' lang='lat' dir='ltr'>volatilia</span> <span class='ocrx_word' id='word_1_263' title='bbox 1305 2742 1401 2784; x_wconf 88' lang='lat' dir='ltr'>caeli</span> <span class='ocrx_word' id='word_1_264' title='bbox 1423 2759 1431 2797; x_wconf 82' lang='lat'>3</span> 
     </span>
     <span class='ocr_line' id='line_1_58' title="bbox 744 2801 1519 2858; baseline 0 -14"><span class='ocrx_word' id='word_1_265' title='bbox 744 2807 788 2844; x_wconf 88' lang='lat' dir='ltr'>et</span> <span class='ocrx_word' id='word_1_266' title='bbox 812 2801 1096 2858; x_wconf 84' lang='lat' dir='ltr'>pulchritudo</span> <span class='ocrx_word' id='word_1_267' title='bbox 1121 2801 1216 2857; x_wconf 86' lang='lat' dir='ltr'>agri</span> <span class='ocrx_word' id='word_1_268' title='bbox 1239 2815 1414 2844; x_wconf 91' lang='lat' dir='ltr'>mecum</span> <span class='ocrx_word' id='word_1_269' title='bbox 1441 2806 1519 2845; x_wconf 89' lang='lat' dir='ltr'>est.</span> 
     </span>
     <span class='ocr_line' id='line_1_59' title="bbox 629 2860 1382 2916; baseline -0.003 -12"><span class='ocrx_word' id='word_1_270' title='bbox 629 2860 665 2888; x_wconf 74' lang='lat'>1&#39;2</span> <span class='ocrx_word' id='word_1_271' title='bbox 681 2861 726 2905; x_wconf 80' lang='lat' dir='ltr'>Si</span> <span class='ocrx_word' id='word_1_272' title='bbox 753 2861 962 2915; x_wconf 88' lang='lat' dir='ltr'>esuriero,</span> <span class='ocrx_word' id='word_1_273' title='bbox 985 2874 1074 2903; x_wconf 88' lang='grc'>11011</span> <span class='ocrx_word' id='word_1_274' title='bbox 1100 2860 1247 2902; x_wconf 87' lang='lat' dir='ltr'>dicam</span> <span class='ocrx_word' id='word_1_275' title='bbox 1271 2861 1352 2903; x_wconf 87' lang='lat' dir='ltr'>tibi</span> <span class='ocrx_word' id='word_1_276' title='bbox 1373 2878 1382 2916; x_wconf 85' lang='lat'>3</span> 
     </span>
     <span class='ocr_line' id='line_1_60' title="bbox 745 2919 1878 2977; baseline -0.002 -15"><span class='ocrx_word' id='word_1_277' title='bbox 745 2934 867 2963; x_wconf 90' lang='lat' dir='ltr'>meus</span> <span class='ocrx_word' id='word_1_278' title='bbox 894 2925 960 2963; x_wconf 88' lang='lat' dir='ltr'>est</span> <span class='ocrx_word' id='word_1_279' title='bbox 985 2920 1103 2962; x_wconf 89' lang='lat' dir='ltr'>enim</span> <span class='ocrx_word' id='word_1_280' title='bbox 1126 2920 1241 2962; x_wconf 86' lang='lat' dir='ltr'>orbis</span> <span class='ocrx_word' id='word_1_281' title='bbox 1268 2926 1418 2976; x_wconf 80' lang='lat' dir='ltr'>terrae,</span> <span class='ocrx_word' id='word_1_282' title='bbox 1443 2925 1486 2964; x_wconf 91' lang='lat' dir='ltr'>et</span> <span class='ocrx_word' id='word_1_283' title='bbox 1511 2919 1740 2977; x_wconf 85' lang='lat' dir='ltr'>plenitudo</span> <span class='ocrx_word' id='word_1_284' title='bbox 1768 2920 1878 2974; x_wconf 76' lang='lat' dir='ltr'>ejus.</span> 
     </span>
     <span class='ocr_line' id='line_1_61' title="bbox 629 2978 1674 3035; baseline 0 -13"><span class='ocrx_word' id='word_1_285' title='bbox 629 2979 665 3006; x_wconf 73' lang='lat'>13</span> <span class='ocrx_word' id='word_1_286' title='bbox 683 2979 910 3035; x_wconf 87' lang='lat' dir='ltr'>Numquid</span> <span class='ocrx_word' id='word_1_287' title='bbox 932 2979 1214 3022; x_wconf 83' lang='lat' dir='ltr'>manducabo</span> <span class='ocrx_word' id='word_1_288' title='bbox 1237 2994 1391 3023; x_wconf 87' lang='lat' dir='ltr'>carnes</span> <span class='ocrx_word' id='word_1_289' title='bbox 1414 2978 1674 3023; x_wconf 82' lang='lat' dir='ltr'>taurorum?</span> 
     </span>
     <span class='ocr_line' id='line_1_62' title="bbox 745 3038 1582 3096; baseline 0.002 -16"><span class='ocrx_word' id='word_1_290' title='bbox 745 3044 822 3080; x_wconf 86' lang='lat' dir='ltr'>aut</span> <span class='ocrx_word' id='word_1_291' title='bbox 847 3038 1111 3094; x_wconf 85' lang='lat' dir='ltr'>sanguinem</span> <span class='ocrx_word' id='word_1_292' title='bbox 1136 3039 1359 3082; x_wconf 80' lang='lat' dir='ltr'>hircorum</span> <span class='ocrx_word' id='word_1_293' title='bbox 1383 3038 1582 3096; x_wconf 78' lang='lat' dir='ltr'>potabo?</span> 
     </span>
     <span class='ocr_line' id='line_1_63' title="bbox 632 3097 1472 3155; baseline 0.002 -16"><span class='ocrx_word' id='word_1_294' title='bbox 632 3097 668 3124; x_wconf 77' lang='lat'>14</span> <span class='ocrx_word' id='word_1_295' title='bbox 684 3097 875 3140; x_wconf 88' lang='lat' dir='ltr'>Immola</span> <span class='ocrx_word' id='word_1_296' title='bbox 902 3098 995 3140; x_wconf 89' lang='lat' dir='ltr'>Deo</span> <span class='ocrx_word' id='word_1_297' title='bbox 1018 3097 1284 3140; x_wconf 88' lang='lat' dir='ltr'>sacrificium</span> <span class='ocrx_word' id='word_1_298' title='bbox 1306 3098 1472 3155; x_wconf 85' lang='lat' dir='ltr'>laudis,</span> 
     </span>
     <span class='ocr_line' id='line_1_64' title="bbox 749 3156 1442 3201; baseline 0.004 -3"><span class='ocrx_word' id='word_1_299' title='bbox 749 3161 793 3199; x_wconf 90' lang='lat' dir='ltr'>et</span> <span class='ocrx_word' id='word_1_300' title='bbox 816 3156 950 3199; x_wconf 85' lang='lat' dir='ltr'>redde</span> <span class='ocrx_word' id='word_1_301' title='bbox 972 3156 1204 3199; x_wconf 74' lang='lat' dir='ltr'>Altissimo</span> <span class='ocrx_word' id='word_1_302' title='bbox 1226 3163 1330 3200; x_wconf 75' lang='lat' dir='ltr'>vota</span> <span class='ocrx_word' id='word_1_303' title='bbox 1351 3163 1442 3201; x_wconf 88' lang='lat' dir='ltr'>tua.</span> 
     </span>
     <span class='ocr_line' id='line_1_65' title="bbox 632 3215 1531 3273; baseline 0.001 -14"><span class='ocrx_word' id='word_1_304' title='bbox 632 3216 667 3242; x_wconf 77' lang='lat'>¹5</span> <span class='ocrx_word' id='word_1_305' title='bbox 686 3217 743 3259; x_wconf 90' lang='lat' dir='ltr'>Et</span> <span class='ocrx_word' id='word_1_306' title='bbox 768 3215 926 3258; x_wconf 81' lang='lat' dir='ltr'>invoca</span> <span class='ocrx_word' id='word_1_307' title='bbox 947 3229 1017 3258; x_wconf 89' lang='lat' dir='ltr'>me</span> <span class='ocrx_word' id='word_1_308' title='bbox 1038 3215 1084 3257; x_wconf 90' lang='lat' dir='ltr'>in</span> <span class='ocrx_word' id='word_1_309' title='bbox 1110 3216 1180 3259; x_wconf 87' lang='lat' dir='ltr'>die</span> <span class='ocrx_word' id='word_1_310' title='bbox 1203 3217 1502 3260; x_wconf 76' lang='lat' dir='ltr'>tribulationis</span> <span class='ocrx_word' id='word_1_311' title='bbox 1521 3234 1531 3273; x_wconf 90' lang='lat'>;</span> 
     </span>
     <span class='ocr_line' id='line_1_66' title="bbox 749 3275 1498 3329; baseline 0.001 -11"><span class='ocrx_word' id='word_1_312' title='bbox 749 3289 899 3318; x_wconf 83' lang='lat' dir='ltr'>eruam</span> <span class='ocrx_word' id='word_1_313' title='bbox 924 3279 987 3329; x_wconf 86' lang='lat' dir='ltr'>te,</span> <span class='ocrx_word' id='word_1_314' title='bbox 1015 3280 1059 3317; x_wconf 87' lang='lat' dir='ltr'>ct</span> <span class='ocrx_word' id='word_1_315' title='bbox 1080 3275 1391 3319; x_wconf 82' lang='lat' dir='ltr'>honorificabis</span> <span class='ocrx_word' id='word_1_316' title='bbox 1415 3290 1498 3319; x_wconf 89' lang='lat' dir='ltr'>me.</span> 
     </span>
     <span class='ocr_line' id='line_1_67' title="bbox 633 3330 2247 3389; baseline -0.002 -11"><span class='ocrx_word' id='word_1_317' title='bbox 633 3335 668 3361; x_wconf 75' lang='lat'>1⁶</span> <span class='ocrx_word' id='word_1_318' title='bbox 687 3334 911 3378; x_wconf 86' lang='lat' dir='ltr'>Peccatori</span> <span class='ocrx_word' id='word_1_319' title='bbox 934 3339 1084 3377; x_wconf 84' lang='lat' dir='ltr'>autem</span> <span class='ocrx_word' id='word_1_320' title='bbox 1110 3334 1224 3377; x_wconf 81' lang='lat' dir='ltr'>dixit</span> <span class='ocrx_word' id='word_1_321' title='bbox 1250 3336 1368 3378; x_wconf 90' lang='lat' dir='ltr'>Deus</span> <span class='ocrx_word' id='word_1_322' title='bbox 1395 3353 1402 3380; x_wconf 95' lang='lat'><strong>:</strong></span> <span class='ocrx_word' id='word_1_323' title='bbox 1431 3336 1572 3386; x_wconf 82' lang='lat' dir='ltr'>Quare</span> <span class='ocrx_word' id='word_1_324' title='bbox 1597 3339 1644 3377; x_wconf 85' lang='lat' dir='ltr'>tu</span> <span class='ocrx_word' id='word_1_325' title='bbox 1671 3347 1847 3377; x_wconf 85' lang='lat' dir='ltr'>enarras</span> <span class='ocrx_word' id='word_1_326' title='bbox 1873 3332 2070 3389; x_wconf 82' lang='lat' dir='ltr'>justitias</span> <span class='ocrx_word' id='word_1_327' title='bbox 2091 3330 2247 3376; x_wconf 74' lang='lat' dir='ltr'>meas?</span> 
     </span>
     <span class='ocr_line' id='line_1_68' title="bbox 751 3391 1878 3450; baseline -0.003 -12"><span class='ocrx_word' id='word_1_328' title='bbox 751 3399 794 3439; x_wconf 88' lang='lat' dir='ltr'>et</span> <span class='ocrx_word' id='word_1_329' title='bbox 818 3394 1006 3437; x_wconf 86' lang='lat' dir='ltr'>assumis</span> <span class='ocrx_word' id='word_1_330' title='bbox 1032 3398 1348 3437; x_wconf 77' lang='lat' dir='ltr'>testamentum</span> <span class='ocrx_word' id='word_1_331' title='bbox 1374 3409 1521 3438; x_wconf 88' lang='lat' dir='ltr'>meum</span> <span class='ocrx_word' id='word_1_332' title='bbox 1547 3408 1624 3450; x_wconf 84' lang='lat' dir='ltr'>per</span> <span class='ocrx_word' id='word_1_333' title='bbox 1645 3408 1691 3436; x_wconf 92' lang='grc'>08</span> <span class='ocrx_word' id='word_1_334' title='bbox 1717 3391 1878 3436; x_wconf 80' lang='lat' dir='ltr'>tuum?</span> 
     </span>
     <span class='ocr_line' id='line_1_69' title="bbox 635 3453 1364 3509; baseline -0.004 -11"><span class='ocrx_word' id='word_1_335' title='bbox 635 3454 668 3480; x_wconf 79' lang='lat'>&#39;¹7</span> <span class='ocrx_word' id='word_1_336' title='bbox 687 3455 754 3498; x_wconf 86' lang='lat' dir='ltr'>Tu</span> <span class='ocrx_word' id='word_1_337' title='bbox 779 3468 882 3498; x_wconf 84' lang='lat' dir='ltr'>vero</span> <span class='ocrx_word' id='word_1_338' title='bbox 908 3453 1038 3496; x_wconf 86' lang='lat' dir='ltr'>odisti</span> <span class='ocrx_word' id='word_1_339' title='bbox 1062 3453 1364 3509; x_wconf 85' lang='lat' dir='ltr'>disciplinam,</span> 
     </span>
     <span class='ocr_line' id='line_1_70' title="bbox 623 3513 1708 3570; baseline -0.006 -11"><span class='ocrx_word' id='word_1_340' title='bbox 623 3556 627 3559; x_wconf 73' lang='grc'><strong>,</strong></span> <span class='ocrx_word' id='word_1_341' title='bbox 751 3519 795 3557; x_wconf 89' lang='lat' dir='ltr'>et</span> <span class='ocrx_word' id='word_1_342' title='bbox 819 3513 1044 3570; x_wconf 82' lang='lat' dir='ltr'>projecisti</span> <span class='ocrx_word' id='word_1_343' title='bbox 1070 3526 1292 3556; x_wconf 85' lang='lat' dir='ltr'>sermones</span> <span class='ocrx_word' id='word_1_344' title='bbox 1316 3527 1436 3556; x_wconf 89' lang='lat' dir='ltr'>meos</span> <span class='ocrx_word' id='word_1_345' title='bbox 1457 3517 1708 3555; x_wconf 85' lang='lat' dir='ltr'>retrorsum.</span> 
     </span>
     <span class='ocr_line' id='line_1_71' title="bbox 637 3572 1579 3626; baseline -0.003 -10"><span class='ocrx_word' id='word_1_346' title='bbox 637 3572 671 3598; x_wconf 76' lang='lat'>18</span> <span class='ocrx_word' id='word_1_347' title='bbox 689 3573 731 3616; x_wconf 82' lang='lat' dir='ltr'>Si</span> <span class='ocrx_word' id='word_1_348' title='bbox 754 3573 938 3616; x_wconf 83' lang='lat' dir='ltr'>videbas</span> <span class='ocrx_word' id='word_1_349' title='bbox 962 3573 1129 3626; x_wconf 72' lang='lat' dir='ltr'>furem,</span> <span class='ocrx_word' id='word_1_350' title='bbox 1153 3572 1357 3614; x_wconf 87' lang='lat' dir='ltr'>currebas</span> <span class='ocrx_word' id='word_1_351' title='bbox 1380 3586 1480 3614; x_wconf 88' lang='lat' dir='ltr'>cum</span> <span class='ocrx_word' id='word_1_352' title='bbox 1503 3585 1552 3614; x_wconf 94' lang='grc'>60</span> <span class='ocrx_word' id='word_1_353' title='bbox 1571 3588 1579 3624; x_wconf 90' lang='grc'>;</span> 
     </span>
     <span class='ocr_line' id='line_1_72' title="bbox 755 3630 1809 3688; baseline 0 -14"><span class='ocrx_word' id='word_1_354' title='bbox 755 3637 798 3674; x_wconf 86' lang='lat' dir='ltr'>ct</span> <span class='ocrx_word' id='word_1_355' title='bbox 823 3646 924 3674; x_wconf 89' lang='lat' dir='ltr'>cum</span> <span class='ocrx_word' id='word_1_356' title='bbox 949 3630 1160 3674; x_wconf 85' lang='lat' dir='ltr'>adulteris</span> <span class='ocrx_word' id='word_1_357' title='bbox 1185 3630 1430 3688; x_wconf 80' lang='lat' dir='ltr'>portionem</span> <span class='ocrx_word' id='word_1_358' title='bbox 1456 3636 1578 3672; x_wconf 84' lang='lat' dir='ltr'>tuam</span> <span class='ocrx_word' id='word_1_359' title='bbox 1601 3630 1809 3686; x_wconf 72' lang='grc'>1101161168.</span> 
     </span>
    </p>
   </div>
  </div>
 </body>
</html>
