2423 3861
717 119 789 161 Ps.
824 120 995 174 CXXI,
1030 121 1056 162 9
1087 145 1145 152 —-
1177 119 1384 171 CXXIV,
1418 119 1457 159 4.
1914 117 1999 160 645

181 225 484 236 ν--μᾰψῄψ
517 223 1516 232 ,ῌῄ-ῌ-ῌήήᾈῃ--ᾲ
1539 223 1747 228 --.----„-.--r
1762 224 1767 225 γ

371 289 388 315 ⁰
410 291 593 346 Propter
613 290 794 333 domum
822 288 1001 332 Domini
1026 288 1107 332 Dci
1143 289 1298 344 nostri,

470 349 653 403 quaesivi
676 348 791 391 bona
814 348 910 393 tibi.

838 456 1097 500 PsALMth
1134 457 1337 500 CXXII

894 543 1056 587 Oculus
1087 558 1278 600 sperans.

231 612 465 655 Canticum
490 613 719 669 graduum.
2110 622 2254 651 ritanus.

375 688 382 713 ¹
408 689 477 730 Ad
505 695 547 731 tc
575 686 716 731 levavi
741 685 888 729 oculos
914 699 1054 740 meos,
2066 693 2161 722 oeun
2197 698 2303 721 nos-tm

468 747 540 803 qui
568 746 742 789 habitas
764 744 810 786 in
833 744 968 787 caelis.
2064 738 2104 764 dd
2118 737 2306 771 nominum,

370 806 385 831 '-'
412 808 521 849 Ecce
544 806 656 848 sicut.
675 803 790 847 oculi
816 817 1041 846 servorum

466 866 511 907 in
539 863 743 907 manibus
766 862 1044 905 dominorum
1066 876 1268 923 suorum3

409 924 522 966 sicut
544 923 656 967 oculi
680 922 856 965 ancillae

466 984 511 1025 in
537 982 739 1025 manibus
762 981 954 1024 dominae
981 995 1097 1024 suae:

409 1051 469 1084 lta
497 1042 609 1085 oculi
633 1040 768 1084 nostri
791 1041 847 1083 ad
875 1041 1115 1083 Dominum
1138 1040 1281 1082 Deum
1308 1045 1525 1093 nostrum,

468 1102 605 1144 donec
633 1100 890 1143 misereatur
916 1101 1065 1143 nostri.

370 1161 386 1183 ³³
406 1161 612 1203 Miserere
634 1159 793 1214 nostri,
822 1159 1034 1214 Domine,
1062 1159 1267 1202 miserere
1291 1158 1448 1213 nostri,
2130 1173 2244 1199 preces

467 1219 568 1274 quia
594 1218 785 1261 multum
810 1219 965 1275 repleti
991 1233 1141 1261 sumus
1168 1217 1473 1274 despectione3
2116 1216 2255 1242 quoque.

370 1278 384 1304 ’³
407 1278 507 1333 quia
530 1279 719 1320 multum
741 1278 908 1334 repleta
935 1283 1000 1321 est
1021 1278 1172 1320 anima
1196 1282 1365 1332 nostra,

467 1337 748 1393 opprobrium
773 1337 1122 1392 abundantibus,
1146 1342 1188 1379 et
1215 1336 1438 1392 despectio
1463 1335 1673 1392 superbis.

866 1453 1079 1494 Psssxmms
1112 1451 1314 1493 CXXIII

823 1546 948 1588 Laus
984 1546 1073 1588 Dea·
1105 1546 1354 1588 salvatoris.

233 1619 246 1646 ¹
273 1621 506 1664 Canticum
533 1621 765 1676 graduum.
2112 1636 2258 1665 Titulus.

408 1694 502 1737 Nisi
526 1695 627 1750 quia
651 1695 867 1738 Dominus
893 1699 987 1738 erat
1007 1695 1053 1736 in
1078 1693 1229 1749 nobis,
2103 1708 2179 1736 sme
2202 1709 2269 1736 Deo

468 1754 588 1797 (licat
609 1769 726 1797 nunc
750 1755 908 1810 Israel,
2067 1751 2283 1784 periissemus

428 1812 444 1838 '2
466 1813 550 1856 nisi
576 1814 678 1869 quia
705 1814 921 1856 Dominus
945 1818 1038 1857 erat
1063 1813 1108 1855 in
1130 1812 1282 1868 nobis,

409 1886 508 1914 cum
535 1879 797 1929 exurgerent
821 1873 1022 1916 homines
1046 1872 1093 1914 in
1118 1886 1218 1927 nos,

427 1932 444 1956 ³²
464 1932 580 1975 forte
607 1932 729 1975 vivos
753 1932 1046 1988 deglutissent
1067 1946 1170 1986 nos,

412 2005 510 2033 cum
532 1992 793 2035 irasceretur
818 1992 942 2034 furor
967 2006 1117 2035 eorum
1141 1991 1187 2033 in
1213 2005 1310 2050 nos,

426 2050 442 2076 ‘¹
464 2051 653 2094 forsitan
675 2065 789 2107 aqua
814 2051 1114 2094 absorbuisset
1140 2064 1234 2092 nos.

369 2110 386 2135 ⁵
406 2110 664 2154 Torrentem
689 2111 975 2167 pertransivit
996 2110 1146 2152 anima
1171 2115 1320 2151 nostra
1338 2126 1346 2163 3

468 2170 658 2212 forsitan
679 2171 989 2226 pertransisset
1012 2168 1163 2211 anima
1188 2174 1337 2211 nostra

465 2244 626 2285 aquam
648 2229 990 2272 intolerabilem.
1307 2237 1311 2241 '

407 2288 675 2331 Benedictus
700 2289 937 2343 Dominus,
960 2288 1032 2344 qui
1055 2302 1143 2331 non
1169 2288 1293 2330 dedit
1314 2302 1392 2330 nos
2067 2299 2148 2324 ergo
2178 2289 2310 2348 benefit-

470 2348 513 2389 in
537 2348 788 2404 captionem
814 2347 1020 2391 dentibus
1047 2361 1209 2390 eorum.
2102 2342 2217 2362 camus
2235 2342 2274 2362 θ’·

369 2406 385 2433 7
407 2407 571 2449 Anima
593 2412 741 2450 nostra
767 2407 882 2449 sicut
906 2421 1056 2463 passer
1081 2411 1230 2462 erepta
1255 2413 1322 2449 est

469 2466 522 2509 (le
545 2467 699 2522 laqueo
725 2466 1009 2520 venantium,

408 2525 590 2581 laqueus
613 2526 827 2568 contritus
850 2531 939 2580 est,

470 2592 512 2628 et
534 2600 611 2628 nos
634 2585 810 2628 liberati
835 2599 998 2628 sumus.

373 2644 388 2668 ὅ
406 2644 695 2700 Adjutorium
718 2649 915 2687 nostrum
935 2644 981 2686 in
1008 2645 1185 2688 nomine
1209 2644 1408 2700 Domini,

469 2704 542 2759 qui
567 2703 680 2747 fecit
706 2703 865 2746 caelum
887 2709 929 2746 et
955 2709 1129 2746 terram.

873 2813 1085 2856 PsALMus
1118 2813 1313 2857 CXXIV

669 2901 793 2944 Deus
817 2915 937 2943 mons
958 2906 1022 2942 est
1048 2901 1094 2942 in
1119 2900 1303 2943 circuita
1319 2901 1508 2956 pio-rum.

239 2988 252 3015 ¹
275 2987 510 3031 Canticum
535 2988 770 3044 graduum.
1315 3037 1334 3051 β
2119 3004 2262 3032 Titulus.

411 3063 491 3114 Qui
515 3063 743 3105 confidunt
766 3063 813 3105 in
838 3061 1047 3118 Domino,
1074 3061 1189 3105 sicut
1213 3077 1338 3106 mons
1361 3063 1463 3107 Sion
1483 3079 1492 3107 ε
2083 3074 2243 3104 Hortatio
2261 3075 2301 3102 au

471 3136 557 3164 non
580 3121 932 3165 commovebitur
951 3121 998 3164 in
1022 3126 1254 3178 aeternum,
1280 3122 1353 3178 qui
1374 3122 1550 3165 habitat
1571 3121 1589 3148 ‘⁶'
1608 3121 1655 3165 in
1673 3121 1936 3166 Jerusalem.
2087 3119 2244 3148 fiduciam
2261 3118 2294 3147 ³¹¹

610 3181 618 3189 .
708 3181 716 3189 .
803 3181 810 3189 .
921 3181 929 3188 ·
2152 3163 2230 3190 Deo.

411 3181 585 3224 Montes
607 3196 653 3223 111
679 3186 865 3224 circuitu
888 3195 1008 3236 e]us3

471 3246 515 3283 et
538 3241 753 3283 Dominus
774 3240 822 3283 in
844 3240 1031 3283 circuitu
1053 3241 1203 3298 populi
1229 3241 1318 3296 sui,

473 3313 528 3342 ex
547 3300 630 3342 hoc
655 3315 773 3344 nunc
800 3306 843 3343 et
864 3314 1000 3355 usque
1020 3300 1067 3342 in
1088 3300 1314 3344 saeculum.

372 3355 393 3387 3
411 3357 522 3411 Quia
544 3373 631 3402 non
653 3359 871 3415 relinquet
897 3359 1113 3402 Dominus
1138 3360 1312 3416 virgam
1337 3366 1620 3416 peccatorum

473 3432 603 3473 super
627 3424 788 3461 sortem
805 3418 1046 3474 justorum,

414 3480 466 3520 ut
486 3491 573 3519 non
598 3477 842 3520 extendant
863 3477 970 3532 justi

471 3535 529 3578 ad
549 3536 831 3592 iniquitatem
856 3551 1011 3579 manus
1035 3551 1149 3581 suas.

376 3590 395 3617 4
413 3593 632 3651 Benefac,
660 3595 869 3650 Domine,
897 3595 1042 3649 bonis,
2009 3632 2012 3634 .
2088 3606 2297 3642 Deprecatio.
