2456 3861
205 321 381 354 3003111111-

248 365 339 395 latio.

233 688 357 717 Primo-

193 733 387 766 genitorum

215 778 365 805 recensio

170 825 203 849 et
215 821 409 854 redemptio.

233 1734 346 1763 Officia

190 1778 385 1807 Levitarum

238 1821 337 1855 juxta

167 1866 332 1900 cujusque
360 1869 408 1896 fas-

217 1911 342 1940 miliam
363 1921 369 1941 ε

182 1955 258 1984 Filii
276 1957 379 1985 Caath
393 1965 400 1992 ;

484 146 564 186 124
1064 148 1190 192 NUM.
1227 147 1328 202 ΙΙΙ,
1361 148 1419 190 38
1451 173 1510 180 --
1541 148 1622 202 IV,
1659 149 1723 191 16.

537 316 573 343 33
599 317 1043 360 Castrametabuntur
1066 322 1170 359 ante
1195 316 1533 359 tabernaculum
1559 317 1764 372 foederis,
1790 317 1835 360 id
1857 323 1944 373 est,
1970 318 2027 362 ad
2054 319 2310 366 orientalem

478 376 679 432 plagam,
706 376 881 432 Moyses
908 380 950 418 et
975 375 1124 417 Aaron
1152 389 1253 417 cum
1286 375 1388 417 filiis
1413 375 1525 431 suis,
1552 375 1766 419 habentes
1801 377 2050 420 custodiam
2071 380 2313 423 sanctuarii

477 435 523 477 in
546 434 692 477 medio
717 434 909 477 filiorum
934 433 1098 489 Israe13
1127 433 1324 490 quisquis
1346 434 1517 478 alienus
1547 435 1803 490 accesserit,
1838 436 2060 480 morietur.
2088 436 2125 463 39
2150 439 2312 483 Omnes

479 492 650 548 levitae,
685 507 791 548 quos
820 497 1167 536 numeraverunt
1196 490 1372 549 Moyses
1399 499 1442 537 et
1468 494 1640 549 Aaron,
1666 493 1796 549 juxta
1822 500 2097 552 praeceptum
2131 497 2312 541 Domini

478 567 553 609 per
573 551 773 594 familias
799 565 900 594 suas
925 551 972 593 in
997 565 1157 607 genere
1183 551 1430 596 masculino
1455 567 1482 595 a
1504 567 1654 595 mense
1679 567 1767 596 uno
1793 559 1836 596 et
1861 568 2013 610 supra,
2040 555 2224 599 fuerunt
2248 557 2309 599 vi-

476 609 589 667 ginti
618 611 704 653 duo
731 609 885 653 millia.
1169 660 1175 667 ι

535 669 572 696 40
597 670 654 712 Et
679 670 743 712 ait
770 669 987 713 Dominus
1013 670 1070 713 ad
1091 671 1276 728 Moysen
1310 689 1318 717 ε
1345 672 1543 716 Numera
1568 672 1887 731 primogenitos
1921 687 2052 716 sexus
2078 674 2314 731 masculini

476 729 530 773 de
555 728 658 772 filiis
681 729 820 773 Israel
844 728 901 772 ab
927 743 1014 772 uno
1037 745 1187 774 mense
1205 736 1248 774 et
1269 746 1421 788 supra,
1448 737 1492 776 et
1512 732 1698 776 habebis
1723 747 1946 775 summam
1969 747 2133 776 eorum.
2157 732 2190 759 41
2213 731 2315 776 Tol-

474 789 625 844 lesque
650 788 809 831 levitas
836 787 947 832 mihi
973 804 1050 846 pro
1081 790 1200 832 omni
1226 791 1523 848 primogenito
1555 790 1747 835 filiorum
1783 791 1946 847 Israel3
1982 806 2065 847 ego
2097 807 2196 835 sum
2229 793 2315 836 Do·

476 848 647 903 minus3
687 853 730 892 et
766 863 924 906 pecora
965 863 1116 892 eorum
1158 863 1234 906 pro
1279 850 1496 894 universis
1533 851 1840 908 primogenitis
1878 865 2087 908 pecorum
2123 851 2315 894 filiorum

476 907 629 951 Israel.
656 906 693 934 4'2
717 907 955 951 Recensuit
984 909 1180 965 Moyses,
1215 909 1330 952 sicut
1362 917 1635 967 praeceperat
1669 910 1886 954 Dominus
1917 910 2236 967 primogenitos
2265 911 2312 954 fi-

475 967 635 1010 liorum
669 967 833 1022 Israel;
862 967 899 993 43
931 973 974 1010 et
1006 968 1189 1011 fuerunt
1223 969 1409 1011 masculi
1444 984 1520 1026 per
1552 969 1733 1012 nomina
1766 984 1867 1025 sua,
1900 985 1925 1012 a
1964 984 2114 1014 mense
2151 984 2239 1013 uno
2271 975 2314 1014 et

475 1041 626 1083 supra,
654 1026 817 1082 viginti
844 1026 930 1069 duo
956 1027 1097 1069 millia
1124 1027 1303 1070 ducenti
1326 1028 1610 1085 septuaginta
1636 1034 1736 1071 tres.
1760 1028 1796 1055 44
1822 1029 2105 1086 Locutusque
2131 1034 2197 1073 est
2227 1031 2313 1073 Do-

475 1086 622 1129 minus
645 1084 702 1129 ad
727 1082 934 1142 Moysen,
959 1086 1109 1129 dicens
1142 1103 1149 1130 :
1178 1086 1214 1113 45
1239 1084 1365 1130 Tolle
1387 1087 1546 1130 levitas
1580 1102 1657 1145 pro
1690 1088 1998 1144 primogenitis
2033 1088 2223 1132 filiorum
2249 1091 2315 1133 Is-

475 1143 586 1201 rael,
614 1151 657 1189 et
682 1159 839 1202 pecora
866 1144 1102 1188 levitarum
1128 1160 1205 1202 pro
1223 1146 1454 1203 pecoribus
1481 1161 1651 1203 eorum,
1677 1152 1890 1202 eruntque
1916 1147 2066 1190 levitae
2090 1148 2190 1191 mei.
2219 1149 2315 1205 Ego

475 1219 574 1247 sum
601 1205 833 1248 Dominus.
860 1204 897 1230 4⁶
923 1204 977 1247 In
999 1205 1139 1262 pretio
1164 1212 1316 1249 autem
1338 1206 1629 1249 ducentorum
1650 1206 1935 1263 septuaginta
1958 1205 2114 1262 trium,
2142 1207 2216 1263 qui
2241 1222 2314 1251 ex-

476 1264 640 1307 cedunt
669 1278 903 1307 numerum
936 1262 1173 1306 levitarum
1208 1263 1261 1308 de
1294 1262 1602 1321 primogenitis
1632 1265 1826 1308 filiorum
1856 1265 2019 1321 Israel,
2053 1265 2088 1292 47
2120 1266 2314 1324 accipies

476 1323 669 1378 quinque
693 1323 825 1366 siclos
851 1338 927 1382 per
950 1321 1128 1379 singula
1161 1323 1310 1381 capita
1338 1324 1396 1367 ad
1426 1339 1679 1368 mensuram
1712 1323 1968 1368 sanctuarii.
2002 1325 2147 1369 Siclus
2179 1320 2315 1370 habet

474 1381 637 1438 viginti
665 1381 828 1426 obolos.
855 1382 892 1409 48
915 1383 1142 1439 Dabisque
1167 1383 1404 1441 pecuniam
1430 1384 1580 1427 Aaron
1606 1389 1649 1428 et
1674 1381 1777 1427 filiis
1804 1384 1922 1441 ejus,
1945 1384 2138 1442 pretium
2164 1399 2315 1429 eorum

475 1441 548 1498 qui
574 1456 706 1499 supra
731 1447 847 1485 sunt.
874 1440 910 1468 49
931 1438 1058 1485 Tulit
1078 1442 1217 1498 igitur
1242 1444 1417 1499 Moyses
1447 1443 1682 1500 pecuniam
1716 1458 1868 1487 eorum
1901 1444 1974 1500 qui
2007 1444 2190 1488 fuerant
2220 1460 2312 1488 am—

474 1501 612 1558 plius,
639 1507 682 1545 et
712 1516 819 1558 quos
851 1501 1131 1545 redemerant
1159 1517 1184 1545 a
1218 1502 1366 1546 levitis
1406 1500 1444 1529 50
1474 1515 1553 1558 pro
1586 1499 1895 1560 primogenitis
1929 1501 2122 1546 filiorum
2152 1504 2311 1561 Israel,

474 1561 597 1604 mille
626 1566 924 1604 trecentorum
952 1561 1187 1617 sexaginta
1216 1562 1410 1618 quinque
1440 1562 1650 1605 siclorum
1679 1562 1812 1618 ,juxta
1845 1562 2018 1620 pondus
2044 1563 2311 1619 sanctuarii3

473 1619 506 1646 5¹
535 1626 578 1664 et
600 1620 722 1663 dedit
747 1634 846 1663 eam
879 1621 1029 1663 Aaron
1062 1626 1105 1663 et
1127 1619 1229 1664 filiis
1259 1621 1376 1677 ejus,
1410 1621 1539 1677 juxta
1569 1620 1755 1664 verbum
1786 1622 1900 1677 quod
1931 1628 2204 1680 praeceperat
2229 1620 2313 1666 sibi

475 1680 707 1723 Dominus.

534 1740 641 1797 CAP.
667 1739 747 1784 IV.
766 1768 826 1772 —
847 1740 859 1766 ¹
881 1742 1163 1797 Locutusque
1186 1746 1251 1784 est
1278 1740 1495 1784 Dominus
1518 1741 1575 1784 ad
1601 1741 1785 1798 Moysen
1813 1748 1856 1785 et
1877 1743 2049 1799 Aaron,
2074 1743 2253 1788 dicens:

532 1797 549 1824 2
567 1799 692 1842 Tolle
714 1813 937 1842 summam
962 1799 1153 1842 filiorum
1176 1800 1319 1844 Caath
1337 1800 1391 1843 de
1414 1800 1561 1843 medio
1582 1800 1821 1843 levitarum
1843 1816 1918 1858 per
1941 1802 2093 1845 domos
2114 1807 2159 1845 et
2179 1801 2312 1845 fami-

473 1857 555 1900 lias
581 1873 703 1914 suas,
723 1859 741 1885 3
756 1874 783 1902 a
805 1859 1035 1915 trigesimo
1057 1874 1174 1902 anno
1197 1865 1240 1902 et
1264 1873 1417 1916 supra,
1445 1874 1583 1915 usque
1607 1859 1663 1903 ad
1687 1860 2105 1917 quinquagesimum
2129 1865 2325 1918 annum,

473 1917 674 1961 omnium
700 1918 773 1974 qui
795 1918 1107 1974 ingrediuntur
1128 1924 1177 1961 ut
1197 1924 1316 1962 stent
1341 1925 1385 1962 et
1407 1919 1658 1962 ministrent
1694 1919 1741 1961 in
1779 1918 2067 1962 tabernaculo
2108 1919 2307 1964 foederis.

472 1976 488 2002 4
509 1976 597 2020 Η10
628 1983 694 2020 est
723 1978 869 2034 cultus
900 1977 1091 2020 filiorum
1118 1978 1290 2022 Caath:
1313 1978 1652 2021 tabernaculum
1681 1978 1886 2032 foederis,
1911 1983 1954 2021 et
1978 1983 2185 2021 sanctum
2212 1993 2311 2022 san-

473 2042 657 2079 ctorum.
678 2037 694 2063 5
714 2037 1029 2093 Ingredientur
1046 2037 1196 2081 Aaron
1221 2043 1263 2080 et
1284 2036 1364 2080 filii
1383 2038 1494 2093 ejus,
1515 2037 1690 2093 quando
1710 2037 1929 2081 movenda
1952 2043 2055 2080 sunt
2077 2042 2245 2093 castra3
2269 2043 2313 2081 et

472 2096 695 2152 deponent
727 2097 878 2139 velum
916 2097 1031 2152 quod
1070 2097 1234 2153 pendet
1266 2102 1370 2140 ante
1399 2098 1539 2152 fores,
1573 2097 1892 2153 involventque
1926 2111 1976 2140 eo
2008 2111 2160 2140 arcam
2189 2096 2312 2140 testi:

472 2152 609 2198 monii
628 2173 636 2211 3
656 2156 673 2182 ⁶
688 2162 731 2199 et
754 2156 952 2213 operient
974 2170 1148 2198 rursum
1173 2154 1396 2200 velamine
1420 2156 1726 2198 ianthinarum
1749 2156 1956 2213 pellium,
1984 2156 2313 2212 extendentque

471 2210 659 2271 desuper
680 2212 868 2272 pallium
891 2219 1035 2258 totum
1064 2215 1429 2272 hyacinthinum,
1454 2221 1497 2258 et
1518 2215 1733 2258 inducent
1754 2221 1918 2259 vectes.
1945 2215 1960 2241 ⁷
1979 2216 2182 2259 Mensam
2207 2230 2311 2272 quo-

472 2287 554 2328 que
584 2274 895 2330 propositionis
921 2274 1153 2317 involvent
1181 2272 1472 2331 hyacinthino
1507 2275 1664 2332 pallio,
1697 2279 1740 2318 et
1765 2280 1931 2332 ponent
1961 2289 2063 2318 cum
2093 2289 2143 2318 ea
2172 2275 2311 2318 thuri-

471 2332 576 2375 bula
603 2338 646 2375 et
676 2333 952 2389 mortariola,
981 2334 1164 2390 cyathos
1193 2339 1235 2377 et
1261 2340 1452 2377 crateras
1483 2334 1539 2377 ad
1569 2334 1660 2377 liba
1690 2334 1946 2390 fundenda3
1974 2348 2110 2391 panes
2138 2348 2313 2391 semper

470 2391 516 2433 in
550 2407 600 2435 ea
632 2398 791 2448 erunt3
827 2391 844 2418 8
870 2393 1197 2449 extendentque
1229 2394 1417 2451 desuper
1449 2393 1637 2451 pallium
1672 2393 1950 2449 coccineum,
1990 2392 2103 2449 quod
2137 2407 2310 2436 rursum

471 2452 670 2508 operient
690 2452 940 2496 velamento
967 2451 1271 2496 ianthinarum
1298 2452 1504 2510 pellium,
1533 2458 1576 2496 et
1597 2453 1811 2496 inducent
1833 2458 1996 2496 vectes.
2022 2452 2040 2478 9
2058 2452 2243 2496 Sument
2267 2457 2311 2495 et

471 2510 658 2567 pallium
683 2511 1027 2568 hyacinthinum
1057 2526 1141 2568 quo
1173 2512 1370 2570 operient
1406 2511 1725 2555 candelabrum
1755 2526 1857 2555 cum
1886 2511 2078 2555 lucernis
2105 2517 2148 2554 et
2176 2512 2310 2555 forci-

471 2570 600 2620 ,ibus
633 2571 722 2614 suis
753 2577 796 2614 et
826 2571 1112 2614 emunctoriis
1146 2578 1189 2615 et
1225 2569 1398 2616 cunctis
1436 2572 1554 2615 vasis
1592 2572 1699 2628 olei,
1742 2586 1839 2628 quae
1880 2571 1936 2614 ad
1979 2571 2310 2614 concinnandas

470 2585 672 2673 iiicernas
702 2631 949 2674 necessaria
983 2636 1110 2687 sunt,
1140 2631 1176 2658 ¹⁰
1194 2637 1237 2675 et
1262 2646 1393 2689 super
1419 2631 1568 2674 omnia
1599 2635 1763 2688 ponent
1789 2631 2114 2688 operimentum
2145 2630 2309 2674 ianthi-

471 2703 627 2732 narum
657 2689 862 2747 pellium,
899 2695 942 2733 et
969 2690 1184 2734 inducent
1218 2696 1380 2734 vectes.
1410 2690 1441 2717 ¹¹
1474 2689 1658 2734 Necnon
1693 2696 1736 2733 et
1774 2690 1914 2733 altare
1944 2704 2128 2733 aureum
2167 2689 2309 2733 invol-

470 2754 576 2790 vent
604 2749 896 2805 hyacinthino
918 2750 1205 2808 vestimento,
1234 2756 1278 2794 et
1308 2750 1550 2794 extendent
1580 2751 1767 2807 desuper
1793 2749 2115 2806 operimentum
2145 2749 2309 2792 ianthi-

471 2822 627 2849 narum
650 2808 855 2865 pellium,
881 2808 1183 2866 inducentque
1209 2816 1370 2854 vectes.
1394 2808 1430 2836 12
1449 2810 1609 2854 01111113
1633 2824 1759 2865 vasa,
1783 2809 1942 2865 quibus
1966 2809 2242 2852 ministratur
2262 2808 2308 2852 in

470 2867 742 2923 sanctuario,
770 2868 1000 2912 involvent
1025 2869 1318 2925 hyacinthino
1341 2865 1497 2926 pallio,
1520 2875 1563 2913 et
1586 2868 1826 2913 extendent
1852 2867 2040 2925 desuper
2064 2868 2309 2925 operimen-

471 2930 566 2968 tum
586 2925 891 2970 ianthinarum
917 2924 1122 2985 pellium,
1145 2928 1445 2985 inducentque
1469 2935 1631 2972 vectes.
1653 2924 1689 2954 ¹3
1703 2927 1786 2972 Sed
1807 2932 1849 2970 et
1869 2927 2010 2971 altare
2028 2925 2308 2970 mundabunt

471 2983 638 3040 cinere,
679 2992 720 3028 et
756 2985 987 3030 involvent
1022 2987 1134 3031 illud
1173 3003 1391 3045 purpureo
1429 2986 1725 3043 vestimento,
1766 2985 1800 3013 14
1830 2992 2082 3044 ponentque
2119 3000 2221 3030 cum
2258 2999 2308 3029 00

472 3043 620 3086 01111113
642 3059 769 3099 vasa,
805 3046 962 3100 quibus
991 3047 1037 3089 in
1069 3047 1314 3091 ministerio
1347 3048 1444 3104 ejus
1478 3052 1673 3103 utuntur,
1707 3047 1753 3090 id
1788 3052 1874 3101 est,
1905 3045 2079 3102 ignium
2110 3051 2307 3102 recepta-

470 3103 593 3158 cula,
615 3103 864 3147 fuscinulas
882 3119 933 3148 ac
960 3106 1194 3162 tridentes,
1219 3107 1404 3151 uncinos
1431 3113 1474 3151 et
1497 3105 1668 3150 batilla.
1695 3106 1867 3150 Cuncta
1888 3120 1995 3148 vasa
2024 3104 2178 3148 altaris
2207 3118 2307 3161 ope-

469 3163 585 3206 rient
607 3161 739 3205 simul
762 3162 983 3207 velamine
1009 3165 1313 3209 ianthinarum
1336 3167 1542 3224 pellium,
1572 3171 1615 3209 et
1635 3165 1849 3209 inducent
1871 3170 2033 3208 vectes.
2054 3164 2090 3190 ’15
2107 3164 2307 3219 Cumque

470 3221 740 3265 involverint
761 3222 911 3265 Aaron
938 3229 981 3266 et
1002 3223 1080 3266 filii
1104 3225 1200 3280 ejus
1227 3226 1531 3269 sanctuarium
1555 3229 1598 3268 et
1625 3225 1771 3269 omnia
1790 3239 1897 3267 vasa
1920 3225 2016 3281 ejus
2041 3222 2087 3266 in
2114 3236 2307 3265 commo-

471 3281 590 3325 tione
617 3286 881 3337 castrorum‚
913 3287 1017 3325 tunc
1042 3283 1273 3326 intrabunt
1305 3284 1384 3330 filii
1419 3285 1562 3329 Caath
1592 3290 1641 3327 ut
1669 3289 1844 3341 portent
1876 3283 2108 3337 involuta3
2144 3286 2187 3324 et
2218 3294 2304 3324 non

471 3345 659 3397 tangent
683 3355 789 3383 vasa
811 3342 1073 3397 sanctuarii,
1099 3357 1153 3386 ne
1176 3344 1432 3387 moriantur.
1466 3344 1560 3387 Ista
1585 3349 1688 3387 sunt
1714 3357 1844 3386 onera
1871 3343 2062 3386 filiorum
2091 3335 2235 3397 Caath
2258 3335 2306 3382 in

471 3396 758 3444 tabernaculo
780 3396 987 3456 foederis3
1015 3401 1048 3427 ¹⁰
1065 3417 1195 3459 super
1216 3417 1325 3458 quos
1349 3403 1431 3446 erit
1454 3399 1640 3446 Eleazar
1657 3398 1773 3445 filius
1796 3402 1946 3445 Aaron
1964 3395 2226 3456 sacerdotis,
2247 3399 2304 3442 ad

471 3458 599 3514 cujus
623 3473 774 3502 curam
804 3460 995 3516 pertinet
1028 3461 1174 3504 oleum
1207 3461 1263 3504 ad
1295 3462 1626 3505 concinnandas
1653 3461 1875 3517 lucernas,
1901 3466 1944 3504 et
1973 3457 2305 3517 compositionis

470 3516 721 3574 incensum,
755 3525 797 3562 et
827 3519 1115 3576 sacrificium,
1151 3521 1265 3576 quod
1297 3535 1469 3578 semper
1500 3521 1705 3577 offertur,
1732 3525 1775 3563 et
1809 3520 1954 3563 oleum
1988 3517 2234 3573 unctionis,
2260 3519 2305 3560 et

469 3661 517 3693 47]
534 3661 592 3689 Ex
612 3661 719 3695 xxx,
739 3664 780 3689 13.
805 3661 1098 3696 1.ev.xxv11,25.
1122 3663 1175 3690 Er..
1195 3663 1295 3697 xm,
1314 3664 1356 3690 12.
1376 3677 1410 3681 —
1434 3663 1480 3695 15]
1502 3662 1515 3688 1
1536 3661 1607 3689 Par.
1624 3661 1694 3696 XV,
1711 3664 1753 3689 15.
