2423 3861
819 108 968 150 Ecum.
1004 105 1045 154 Ι,
1081 103 1212 146 3-30.
1843 96 1924 139 731

109 218 438 225 ———-..-——--,-,
462 216 848 224 w,—

305 284 322 307 ³
343 281 615 338 Sapientiam
645 279 723 323 Dei
752 277 1071 336 praecedentem
1099 273 1246 317 onmia
1273 271 1369 328 quis
1390 265 1712 323 investigavit?

306 342 321 367 ‘¹
347 341 466 383 l‘rior
492 339 688 383 omnium
715 343 861 380 creata
887 343 949 379 est
972 333 1211 390 sapientia,

404 407 447 443 et
471 398 724 442 intellectus
750 394 994 453 prudentia}
1021 393 1076 435 ab
1105 405 1212 434 aevo.

307 459 323 485 ⁵
347 460 462 501 Fons
486 456 718 513 sapientiae
745 454 929 498 verbum
957 452 1037 496 Dei
1061 451 1105 493 i'n
1133 449 1340 504 excelsis,

406 523 448 560 et
473 517 696 572 ingressus
721 513 840 557 illins
866 511 1077 555 mandata
1105 515 1278 552 zeterna.

306 578 322 602 ὓ
348 576 490 618 Radix
511 573 740 631 sapientiae
767 572 835 615 cui
862 571 1056 614 revelata
1080 568 1181 612 est?

404 640 447 678 et
472 633 659 676 astutias
684 632 803 674 illius
829 629 925 685 quis
951 628 1170 684 agnovit?

307 693 320 719 7
346 693 592 749 Disciplina
616 689 846 748 sapientiae
870 687 938 731 cni
963 686 1157 730 revelata
1181 690 1246 728 est
1271 690 1314 727 et
1338 683 1627 725 manifestata
1643 682 1663 723 ἶ)

402 757 446 795 et
469 748 886 807 multiplicationem
909 746 1130 802 ingressus
1155 743 1273 786 illius
1300 742 1395 797 quis
1419 740 1676 784 intellexit?

305 813 320 837 ⁸
347 812 469 854 Unus
494 816 559 853 est
583 808 846 862 altissimus,
873 807 1052 850 Creator
1077 802 1376 859 omnipotens,

403 875 447 913 et
474 871 568 912 Rex
590 873 745 925 potens
767 870 811 909 et
838 863 1098 908 metuendus
1123 861 1275 910 nimis,

404 929 559 972 sedens
581 941 711 983 super
736 925 942 968 thronum
967 921 1108 977 illius,
1132 925 1175 964 et
1197 919 1429 963 dominans
1455 919 1584 960 Deus.

307 988 323 1012 ⁹
347 988 445 1043 Ipse
472 986 638 1030 creavit
659 984 785 1028 illam
809 983 855 1026 in
882 981 1045 1039 Spiritu
1071 984 1245 1033 sancto,

405 1052 449 1089 et
471 1046 603 1100 vidit,
632 1050 674 1087 et
700 1040 1017 1095 dinumeravit,
1041 1044 1084 1083 et
1106 1052 1281 1082 mensus
1304 1042 1381 1080 est.

288 1104 323 1130 ¹⁰
345 1106 400 1147 Et
423 1104 583 1148 effudit
610 1103 733 1146 illam
759 1116 888 1159 super
909 1099 1056 1143 onmia
1083 1112 1213 1155 opera
1239 1111 1336 1151 sua,

405 1174 449 1206 et.
474 1177 602 1219 super
629 1176 804 1205 omnem
828 1174 1025 1214 carnem,
1049 1156 1292 1201 secundum
1319 1154 1473 1198 datum
1498 1168 1643 1209 sunni,

404 1228 447 1265 et
468 1221 658 1279 praebuit
684 1220 809 1263 illam
834 1217 1125 1274 diligentibus
1149 1230 1209 1259 se.

289 1281 320 1307 11
345 1282 496 1324 Timor
519 1280 698 1324 Domini
725 1279 885 1335 gloria,
909 1283 952 1320 et
975 1275 1202 1333 gloriatio,
2054 1269 2194 1318 “1'221191‘53
2228 1320 2239 1326 ἣ

404 1345 447 1383 et
472 1339 652 1393 laetitia,
680 1343 723 1381 et
745 1351 904 1381 corona
927 1334 1225 1379 exultationis.
2006 1314 2240 1386 {2¹¹22ssssct¹1²1³;{³

292 1398 323 1425 ¹²
344 1399 496 1442 Timor
523 1397 700 1456 Domini
727 1395 969 1440 delectabit
994 1409 1095 1448 cor;

404 1463 446 1500 et
469 1457 593 1500 dabit
619 1455 846 1508 laetitiam,
873 1460 918 1497 et
939 1453 1171 1509 gandium,
1199 1457 1242 1495 et
1267 1450 1592 1506 longitudinem
1620 1448 1798 1492 dierum

288 1517 323 1543 13
344 1515 539 1559 Timenti
568 1514 810 1558 Dominum
831 1513 943 1555 bene
970 1512 1052 1555 erit
1077 1511 1122 1553 in
1145 1509 1375 1563 extremis,

404 1580 447 1618 et
470 1574 518 1617 in
544 1573 614 1616 die
641 1571 943 1616 defunctionis
970 1585 1060 1613 suae
1083 1568 1385 1612 benedicetur.

288 1634 322 1660 11
346 1633 538 1676 Dilectio
565 1632 647 1675 Dei
673 1629 944 1674 honorabilis
969 1629 1188 1686 sapientia
1212 1644 1221 1671 :

350 1693 382 1719 ¹⁵
403 1692 561 1748 quibus
582 1697 732 1734 autem
753 1688 1007 1747 apparuerit
1030 1689 1077 1730 in
1103 1688 1199 1731 visu
1223 1685 1417 1741 diligunt
1439 1699 1536 1728 eain
1562 1684 1606 1726 in
1635 1683 1819 1738 visione,

405 1757 449 1795 et
471 1751 518 1794 in
544 1750 773 1807 agnitione
800 1748 1077 1804 magnalium
1098 1760 1287 1790 suorum.

290 1812 325 1838 ¹⁰
349 1811 536 1855 Initium
561 1808 792 1866 sapientiae
820 1808 951 1850 timor
974 1807 1155 1850 Domini
1177 1824 1185 1861 ;

405 1876 449 1914 et
474 1884 575 1913 cum
600 1868 804 1912 fidelibus
828 1867 876 1910 in
897 1867 1032 1910 vulva
1056 1871 1313 1910 concreatus
1339 1868 1404 1908 est
1425 1880 1434 1906 t

347 1945 448 1973 cum
474 1928 626 1972 electis
651 1927 833 1971 feminis
856 1927 1069 1983 graditur,

407 1995 447 2032 et
477 2003 576 2031 cum
601 1987 730 2044 justis
757 1991 800 2030 et
824 1986 1028 2030 fidelibus
1053 1986 1322 2042 agnoscitur.

290 2050 322 2076 ¹7
346 2049 497 2091 Timor
522 2046 702 2091 Domini
723 2046 923 2090 scientiae
946 2045 1227 2101 religiositas.

354 2107 386 2134 ¹⁸
410 2107 694 2163 Religiositas
721 2105 940 2149 custodiet
965 2110 1008 2148 et
1032 2104 1295 2160 justificabit
1320 2117 1403 2157 cor,

407 2166 734 2223 jucunditatem
758 2171 890 2221 atque
912 2164 1125 2221 gaudium
1149 2163 1286 2207 dabit.

292 2228 326 2253 ¹⁰
348 2225 544 2270 'l'imenti
573 2224 815 2269 Dominum
836 2224 947 2268 bene
970 2224 1072 2279 erit,

407 2297 449 2329 ct
474 2286 520 2328 in
543 2285 697 2328 diebus
723 2283 1117 2327 consummationis
1142 2282 1262 2325 illius
1284 2280 1581 2324 benedicetur.

291 2345 326 2371 2‘¹
352 2344 585 2388 Plenitudo
610 2343 840 2400 sapientiae
865 2347 931 2385 est
951 2342 1106 2385 timere
1133 2343 1297 2395 Deum,

409 2410 453 2448 et
478 2403 706 2460 plenitudo
732 2417 758 2445 a
779 2401 1001 2444 fructibus
1023 2401 1155 2444 illius.

291 2463 323 2490 ‘²¹
349 2465 537 2508 Omnem
563 2463 744 2506 domum
768 2461 888 2504 illius
908 2460 1115 2516 implebit
1135 2475 1161 2502 a
1185 2456 1562 2515 generationibus,

408 2530 450 2567 et
475 2521 756 2580 receptacula
780 2536 806 2563 a
831 2519 1048 2563 thesauris
1073 2519 1206 2561 illius.

291 2582 327 2609 ‘22
349 2584 519 2627 Corona
544 2580 774 2638 sapientiae
801 2579 933 2622 timor
959 2578 1160 2633 Domini,

409 2642 583 2698 replens
608 2654 765 2697 pacem
790 2644 833 2682 et
858 2637 1013 2681 salutis
1038 2638 1236 2680 fructum
1257 2655 1265 2691 3

293 2701 329 2728 23
350 2707 392 2745 et
417 2701 552 2755 vidit,
576 2706 619 2743 et
645 2697 943 2742 dinumeravit
969 2711 1094 2740 eam:

410 2766 594 2815 utraque
617 2764 767 2801 autem
792 2762 894 2799 sunt
916 2756 1030 2799 dona
1054 2755 1151 2799 Dei.

291 2819 326 2846 ‘2'’
349 2819 591 2864 Scientiam
617 2824 660 2861 et
684 2817 962 2860 intellectum
987 2814 1234 2872 prudentiae
1257 2813 1475 2869 sapientia
1502 2816 1829 2867 compartietur,

410 2884 453 2922 et
474 2877 662 2934 gloriam
688 2875 935 2919 tenentium
961 2888 1006 2918 se
1029 2873 1211 2917 exaltat.

293 2938 330 2965 ‘2⁵
351 2937 497 2982 Radix
522 2935 753 2993 sapientia)
777 2939 843 2978 est
868 2934 1024 2976 timere
1051 2931 1312 2987 Dominum,

412 3002 454 3041 et
479 2996 590 3039 rami
610 2995 730 3038 illius
757 2993 964 3049 longaevi.

293 3056 330 3083 ‘2⁰
350 3057 405 3099 In
430 3055 649 3099 thesauris
674 3053 905 3111 sapientiae
932 3051 1184 3095 intellectus
1210 3056 1253 3095 et
1278 3051 1476 3094 scientiae
1502 3047 1796 3105 religiositas3

411 3114 633 3158 execratio
656 3119 807 3156 autem
834 3110 1138 3168 peccatoribus
1164 3110 1397 3167 sapientia.

295 3172 329 3200 ‘2⁷
351 3175 501 3218 Timor
523 3172 704 3217 Domini
731 3170 915 3228 expellit
939 3174 1173 3227 peccatum
1194 3187 1203 3225 3

352 3233 388 3260 ²⁸
409 3248 513 3276 nam
539 3233 611 3289 qui
638 3232 732 3275 sine
754 3230 911 3273 timore
937 3233 1002 3272 est
1027 3242 1114 3272 non
1137 3228 1298 3285 poterit
1321 3227 1553 3284 justificari
1574 3245 1582 3281 3

411 3291 641 3335 iracundia
664 3290 780 3334 enim
807 3287 1104 3332 animositatis
1124 3287 1244 3331 illius
1269 3287 1494 3331 subversio
1519 3286 1639 3329 illius
1662 3290 1740 3328 est.

295 3351 332 3378 '²⁰
354 3352 503 3406 Usque
527 3351 573 3393 in
600 3356 774 3406 tempus
799 3346 1034 3391 sustinebit
1055 3346 1249 3404 patiens,

411 3419 454 3453 et
480 3416 630 3466 postea
656 3407 846 3452 redditio
870 3405 1178 3462 jucunditatis.

294 3469 330 3495 3⁰
351 3470 500 3512 Bonus
524 3482 678 3512 sensus
703 3480 837 3522 usque
865 3465 909 3508 in
935 3470 1107 3522 tempus
1132 3464 1375 3508 abscondet
1401 3463 1535 3506 verba
1561 3461 1703 3517 illius,

122 3616 166 3648 16]
187 3615 238 3643 Ps.
256 3614 324 3649 CX,
344 3617 387 3642 10.
411 3615 507 3642 rrov.
528 3615 553 3648 Ι,
572 3617 586 3642 7
605 3615 637 3640 et
660 3613 716 3645 ΚΧ,
737 3614 777 3640 10.
