2456 3861
847 159 927 202 nx.
964 160 1113 215 xxx,
1151 161 1280 204 1-36.
1920 165 1967 208 ei

210 328 316 372 CAP.
351 328 494 371 XXX.
520 353 580 361 —-
602 327 622 354 -1
650 327 805 371 Facies
842 341 1012 384 quoque
1048 329 1188 372 altare
1225 330 1279 372 ad
1313 329 1581 374 adolendum
1618 331 1885 388 thymiama,
1921 334 1974 377 de

152 385 285 442 lignis
311 386 460 442 setim,
481 386 498 412 ²
515 386 683 430 habens
707 386 906 429 cubitum
933 387 1244 444 longitudinis,
1265 394 1308 431 et
1325 389 1512 432 alterum
1535 389 1804 446 latitudinis,
1823 391 1867 433 id
1886 398 1972 448 est,

151 444 524 501 quadrangulum,
553 450 597 488 et
625 445 732 487 duos
759 445 932 488 cubitos
958 446 1004 488 in
1037 447 1287 490 altitudine.
1304 448 1485 491 *Cornua
1517 463 1572 491 ex
1600 449 1696 504 ipso
1721 450 1972 505 procedent.

151 503 169 530 3
187 503 442 559 Vestiesque
463 504 573 546 illud
595 518 701 546 auro
723 504 975 560 purissimo,
996 510 1087 547 talu
1112 506 1368 548 craticulam
1394 507 1510 562 eJ'us,
1530 521 1662 563 quam
1688 508 1876 564 parietes
1899 523 1974 565 per

149 562 402 618 circuitum,
435 568 478 606 et
507 576 682 606 cornua.
719 562 960 618 Faciesque
994 563 1031 605 ei
1070 577 1275 607 coronam
1313 566 1535 608 aureolam
1572 580 1649 622 per
1680 561 1859 622 gyrum,
1895 567 1911 593 4
1931 573 1974 610 et

149 620 256 663 duos
280 622 467 664 annulos
495 634 649 664 aureos
678 620 758 663 sub
793 634 950 663 corona
981 635 1057 676 per
1085 621 1262 677 singula
1296 623 1455 677 latera,
1480 631 1528 667 ut
1557 625 1791 668 mittantur
1821 626 1867 668 in
1901 640 1973 670 eas

147 686 316 736 vecteS,
352 685 396 724 et
423 680 562 722 altare
594 683 801 736 portetur.
831 679 848 705 ⁵
866 680 992 735 Ipsos
1021 694 1191 735 quoque
1217 688 1364 724 vectes
1397 683 1538 726 facies
1567 683 1621 726 de
1655 684 1788 740 lignis
1820 685 1971 741 setim,

148 744 191 780 et
218 739 456 782 inaurabis.
484 738 502 765 ⁶
527 739 755 793 Ponesque
787 737 927 780 altare
961 743 1113 780 contra
1138 739 1310 794 velum,
1345 741 1459 795 quod
1493 747 1596 784 ante
1628 757 1777 787 aream
1810 744 1974 800 pendet

146 797 388 840 testimonii
413 811 557 839 coram
585 796 891 853 propitiatorio
914 810 999 851 quo
1027 797 1195 852 tegitur
1221 799 1546 855 testimonium,
1578 801 1651 843 ubi
1683 802 1835 857 loquar
1860 803 1940 845 tibi
1962 820 1970 858 ;

147 855 161 882 ⁷
181 861 224 899 et
256 855 453 898 adolebit
485 856 714 898 incensum
748 869 876 911 super
910 869 959 898 eo
996 856 1165 912 Aaron,
1200 870 1333 899 suave
1363 858 1589 914 fragrans,
1624 862 1974 910 mane-Quando

146 919 380 971 componet
409 914 629 969 lucernas,
655 914 865 956 incendet
892 914 1034 969 illud3
1066 914 1082 941 3
1102 920 1145 957 et
1173 916 1349 970 quando
1379 917 1616 959 collocabit
1646 932 1718 960 eas
1742 919 1798 961 ad
1822 934 1972 975 vespe-

144 987 261 1028 rum,
289 978 385 1016 uret
411 973 659 1029 thymiama
681 973 1000 1029 sempiternum
1020 987 1167 1015 coram
1189 975 1379 1017 Domino
1400 975 1444 1017 in
1464 976 1772 1031 generationes
1790 984 1970 1021 vestras.

145 1030 162 1057 ⁹
179 1032 278 1074 Non
305 1032 501 1075 offeretis
523 1046 652 1088 super
674 1045 724 1074 eo
745 1032 994 1087 thymiama
1014 1033 1345 1089 compositionis
1363 1034 1566 1088 alterius,
1588 1049 1669 1078 nec
1687 1035 1971 1092 oblationem,

145 1096 188 1134 et
227 1091 483 1147 victimam,
525 1105 606 1133 nec
643 1090 842 1133 libabitis
883 1090 1112 1135 libamina.
1153 1091 1189 1119 ¹⁰
1215 1093 1272 1135 Et
1308 1092 1618 1148 deprecabitur
1655 1097 1803 1137 Aaron
1845 1109 1974 1151 super

144 1163 305 1193 cornua
332 1150 428 1206 ejus
456 1149 592 1193 semel
614 1163 691 1206 per
712 1164 898 1205 annum,
925 1150 972 1192 in
994 1150 1210 1206 sanguine
1228 1151 1343 1206 quod
1368 1151 1566 1194 oblatum
1585 1158 1650 1195 est
1668 1168 1744 1209 pro
1763 1161 1970 1210 peccato,

144 1213 188 1252 et
221 1209 421 1266 placabit
454 1223 583 1265 super
611 1222 662 1251 eo
694 1208 740 1251 in
775 1209 1135 1265 generationibus
1161 1210 1331 1253 vestris.
1361 1211 1571 1254 Sanctum
1605 1217 1858 1255 sanctorum
1880 1213 1974 1256 >erit

145 1268 349 1312 Domino.

202 1327 234 1354 ¹¹
259 1328 535 1384 Locutusque
563 1333 628 1371 est
654 1328 871 1372 Dominus
892 1328 948 1371 ad
972 1329 1176 1384 Moysen,
1204 1329 1354 1372 dicens
1385 1347 1393 1374 :
1421 1329 1456 1356 ¹⁸²
1475 1330 1656 1380 Quando
1679 1331 1831 1374 tuleris
1855 1346 1972 1374 sum-

143 1401 262 1430 mam
295 1386 486 1429 filiorum
520 1387 658 1430 Israel
691 1387 821 1442 juxta
855 1401 1110 1442 numerum,
1146 1388 1316 1431 dabunt
1349 1389 1511 1444 singuli
1539 1389 1736 1446 pretium
1769 1405 1845 1446 pro
1879 1391 1972 1432 ani-

142 1445 298 1489 mabus
330 1445 419 1488 suis
450 1446 674 1501 Domino;
707 1451 749 1488 et
786 1459 873 1488 non
911 1446 994 1488 erit
1029 1446 1164 1502 plaga
1203 1447 1248 1488 in
1287 1447 1369 1503 eis,
1406 1462 1505 1490 cum
1543 1448 1712 1491 fuerint
1746 1449 1971 1493 recensiti.

142 1504 179 1531 ¹3
199 1505 299 1548 Hoc
331 1510 481 1548 autem
511 1504 635 1547 dabit
666 1504 807 1547 omnis
841 1505 914 1559 qui
944 1505 1103 1547 transit
1132 1506 1187 1547 ad
1222 1519 1404 1561 nomen,
1440 1506 1676 1549 dimidium
1710 1508 1810 1550 sicli
1843 1508 1972 1564 juxta

141 1578 392 1606 mensuram
415 1563 588 1619 templi.
616 1563 758 1608 Siclus
785 1563 948 1619 viginti
979 1563 1128 1606 obolos
1157 1564 1304 1608 habet.
1331 1565 1480 1608 Media
1510 1580 1610 1621 pars
1639 1566 1735 1608 sicli
1763 1567 1974 1610 efferetur

142 1622 345 1666 Domino.
369 1622 405 1648 14
422 1622 504 1672 Qui
534 1622 722 1666 habetur
742 1622 796 1664 'in
827 1636 1028 1678 numero,
1062 1637 1088 1665 a
1113 1623 1274 1679 viginti
1305 1624 1432 1666 annis
1464 1630 1506 1667 et
1539 1638 1690 1681 supra,
1719 1625 1845 1668 dabit
1869 1641 1972 1682 ,pre-

138 1681 264 1724 tium.
293 1681 328 1708 ¹5
348 1681 483 1725 Dives
509 1695 596 1724 non
621 1681 757 1725 addet
778 1682 834 1724 ad
858 1681 1053 1724 medium
1076 1682 1192 1738 sicli,
1218 1688 1261 1725 et.
1285 1697 1452 1739 pauper
1474 1683 1585 1726 nihil
1611 1683 1794 1727 minuet.
1819 1684 1855 1711 ¹⁰
1873 1686 1971 1728 Sus—

140 1746 402 1797 ceptamque
427 1741 684 1797 pecuniam,
705 1755 802 1796 quae
820 1740 993 1783 >collata
1016 1746 1081 1784 est
1106 1756 1133 1783 a
1153 1741 1257 1784 filii-s
1283 1742 1443 1797 Israel,
1467 1743 1614 1786 trades
1638 1743 1684 1784 in
1707 1758 1810 1786 usus
1827 1744 1970 1787 taber-

139 1800 286 1842 naculi
305 1799 562 1856 testimonii,
576 1806 632 1842 ‘ut
649 1800 706 1842 sit
725 1805 1063 1843 monumentum
1083 1814 1232 1843 eorum
1251 1814 1398 1843 coram
1419 1801 1623 1858 Domino,
1645 1807 1689 1844 et
1710 1803 1971 1859 propitietur

138 1859 371 1902 animabus
386 1873 558 1902 eorum.

197 1917 537 1974 1⁷-Loeua1sque
570 1923 636 1961 est
670 1918 885 1962 Dominus
918 1919 974 1962 ad
1012 1919 1217 1976 Moysen,
1253 1920 1403 1964 dicens
1430 1937 1437 1964 :
1472 1920 1507 1947 ¹8
1534 1921 1689 1964 Facies
1723 1926 1766 1964 et
1792 1921 1971 1965 {labrum

139 1991 310 2020 aeneum
333 1991 432 2020 cum
463 1977 558 2020 basi
592 1992 670 2020 sua
700 1977 756 2020 ad
786 1978 1053 2034 lavandum3
1085 1993 1308 2035 ponesque
1342 1979 1453 2022 illud
1486 1980 1602 2023 inter
1633 1980 1970 2023 tabernaculum

137 2036 381 2079 testimonii
412 2041 456 2079 et
487 2036 640 2080 altare.
669 2038 728 2079 Et
753 2037 887 2080 missa
913 2052 1048 2094 aqua,
1076 2037 1112 2065 19
1133 2038 1350 2081 lavabunt
1374 2039 1421 2081 in
1444 2054 1494 2082 ea
1521 2040 1671 2082 Aaron
1696 2044 1740 2082 et
1767 2039 1848 2082 filii
1875 2040 1970 2096 ejus

138 2110 293 2138 manus
317 2110 417 2138 suas
439 2110 491 2138 ac
517 2095 670 2152 pedes,
700 2094 736 2122 ²⁰
754 2096 930 2151 quando
951 2097 1190 2152 ingressuri
1217 2103 1319 2140 sunt
1341 2098 1678 2141 tabernaculum
1703 2099 1968 2153 testimonii,

139 2161 182 2197 et
206 2155 381 2210 quando
411 2155 628 2197 accessuri
658 2160 761 2197 sunt
784 2155 841 2198 ad
871 2156 1031 2212 altare,
1054 2162 1104 2199 ut
1126 2157 1317 2199 offerant
1340 2157 1386 2199 in
1413 2172 1462 2200 eo
1485 2157 1733 2213 thymiama
1758 2158 1967 2214 Domino,

137 2212 171 2239 Ἢ
191 2228 246 2256 ne
267 2214 384 2256 forte
414 2213 669 2258 moriantur.
703 2214 978 2270 Legitimum
1007 2215 1325 2272 sempiternum
1357 2216 1439 2259 erit
1467 2216 1572 2272 ipsi,
1605 2221 1649 2259 et
1678 2217 1835 2259 semini
1873 2217 1969 2273 ejus

136 2287 214 2329 per
234 2273 544 2316 successiones.

195 2331 232 2357 ”2'2
253 2332 530 2387 Locutusque
553 2338 618 2375 est
643 2333 858 2376 Dominus
880 2334 936 2379 ad
959 2335 1163 2391 Moysen,
1191 2335 1228 2362 ²3
1247 2335 1397 2378 dicens
1428 2353 1436 2380 :
1468 2337 1598 2380 Sume
1632 2336 1714 2378 tibi
1748 2341 1966 2391 aromata,

135 2391 292 2448 primae
318 2392 510 2447 myrrhae
545 2396 588 2434 et
621 2391 776 2434 electae
806 2393 1072 2448 quingentos
1101 2394 1251 2450 siclos,
1288 2400 1332 2437 et
1365 2395 1635 2437 cinnamomi
1669 2395 1889 2450 medium,
1922 2396 1967 2438 id

137 2455 221 2506 est,
262 2450 474 2493 ducentos
512 2450 836 2507 quinquaginta-
878 2451 1028 2508 siclos,
1065 2453 1225 2496 calami
1264 2454 1469 2496 similiter
1506 2454 1717 2497 ducentos
1755 2454 1968 2509 quinqua-

137 2509 283 2566 ginta,
307 2508 344 2536 ‘24
364 2511 496 2552 casiae
529 2516 679 2553 autem
710 2510 976 2566 quingentos
1007 2511 1157 2568 siclos,
1193 2513 1239 2555 in
1273 2513 1465 2568 pondere
1500 2513 1759 2568 sanctuarii,
1796 2513 1879 2555 olei
1913 2513 1968 2556 de

137 2568 311 2612 olivetis
334 2583 586 2612 mensuram
607 2569 682 2612 hin
700 2587 709 2625 3
731 2569 767 2596 25
781 2570 1013 2626 faciesque
1036 2571 1256 2614 unctionis
1276 2572 1421 2614 oleum
1443 2577 1668 2627 sanctum,
1689 2576 1967 2627 unguentum

137 2629 430 2685 compositum
464 2643 592 2685 opere
625 2629 934 2684 unguentarii,
970 2629 1009 2656 2ss
1034 2635 1077 2673 et
1106 2644 1253 2686 unges
1287 2644 1341 2673 ex
1379 2644 1428 2673 eo
1470 2630 1808 2673 tabemaculum
1843 2631 1966 2674 testi-

136 2688 294 2743 monii,
319 2693 361 2731 et
385 2701 536 2730 arcam
560 2688 838 2744 testamenti,
862 2687 898 2714 2⁷
917 2703 1203 2745 mensamque
1227 2703 1326 2732 cum
1348 2690 1465 2732 vasis
1491 2689 1600 2745 suis,
1629 2689 1963 2745 candelabrum,

137 2751 181 2790 et
216 2747 423 2790 utensilia
461 2747 578 2803 ejus,
617 2747 775 2790 altaria
818 2748 1126 2804 thymiamatis
1154 2747 1198 2775 <⁰²⁸
1236 2754 1280 2791 et
1317 2749 1584 2804 holocausti,
1628 2754 1671 2791 et
1714 2749 1966 2791 universam

137 2806 458 2862 supellectilem
480 2820 578 2862 quae
595 2806 653 2850 ad
675 2806 844 2849 cultum
868 2821 1017 2849 eorum
1039 2808 1243 2864 pertinet.
1263 2807 1301 2834 29
1317 2808 1713 2863 Sanctificabisque
1735 2807 1903 2863 omnia,
1924 2815 1967 2851 et

137 2870 265 2908 erunt
285 2870 440 2908 sancta
461 2870 740 2919 sanctorum,
764 2865 837 2921 qui
861 2866 1061 2922 tetigerit
1077 2881 1158 2923 ea,
1181 2867 1544 2910 sanctificabitur.
1569 2866 1607 2894 3⁰
1623 2869 1773 2910 Aaron
1793 2867 1966 2910 etfilios

137 2924 234 2980 ejus
266 2938 426 2981 unges,
456 2924 843 2980 sanctificabisque
878 2939 970 2981 eos,
1000 2930 1049 2968 ut
1080 2926 1327 2969 sacerdotio
1359 2926 1609 2982 fungantur
1628 2926 1756 2970 mihi.
1784 2926 1817 2953 3¹
1839 2927 1965 2969 Filiis

137 2996 307 3039 quoque
329 2983 467 3026 Israel
490 2983 609 3026 dices
636 3000 644 3027 :
673 2985 773 3026 Hoc
803 2984 949 3027 oleum
981 2985 1203 3028 unctionis
1233 2990 1436 3028 sanctum
1466 2986 1548 3028 erit
1568 2985 1682 3028 mihi
1711 2986 1757 3028 in
1784 3000 1965 3041 genera-

136 3042 279 3085 tiones
300 3048 481 3085 vestras.
509 3041 546 3068 3⁹2
563 3043 673 3088 Caro
696 3043 895 3086 'hominis
928 3058 1016 3087 non
1048 3050 1240 3101 ungetur
1272 3059 1326 3087 ex
1355 3059 1425 3101 eo,
1453 3050 1496 3088 et
1524 3045 1654 3100 juxta
1676 3045 1965 3101 compositio-

136 3115 238 3144 nem
261 3101 358 3157 ejus
372 3115 466 3144 'non
486 3102 671 3145 facietis
693 3101 834 3158 aliud,
859 3103 961 3158 quia
983 3104 1310 3147 sanctificatum
1330 3109 1415 3160 est,
1435 3109 1478 3146 et
1499 3109 1703 3147 sanctum
1727 3105 1807 3147 erit
1826 3104 1963 3147 vobis.

137 3159 174 3186 33
192 3160 338 3203 Homo
361 3160 626 3217 quicumque
646 3161 740 3204 tale
763 3162 1076 3219 composuerit,
1101 3168 1144 3205 et
1165 3163 1336 3206 dederit
1357 3177 1486 3206 exeo
1509 3162 1674 3219 alieno,
1699 3163 1965 3207 extermina-

136 3218 256 3262 bitur
273 3219 331 3264 ·de
345 3219 511 3286 populo
537 3233 626 3264 suo,

195 3277 232 3304 34
246 3275 464 3336 Uimtqire
483 3279 702 3323 ‘Dominus
727 3280 784 3323 ad
808 3281 990 3337 Moysen
1008 3283 1168 3327 :Sume
1180 3282 1500 3338 tibiaromata,
1521 3286 1692 3325 stacten
1713 3287 1755 3324 et
1777 3281 1962 3337 onycha,

136 3336 380 3394 galbanum
414 3337 520 3380 boni
561 3338 724 3395 odoris,
765 3344 808 3382 et
845 3340 946 3383 thus
983 3340 1336 3396 lucidissimum;
1374 3341 1555 3397 aequalis
1595 3340 1800 3397 ponderis
1837 3345 1964 3383 erunt

133 3395 282 3438 omnia
298 3413 307 3451 3
324 3395 360 3422 35
370 3396 599 3454 faciesque
615 3398 1181 3456 thymiamacompositum
1200 3414 1330 3457 opere
1348 3399 1647 3456 unguentarii,
1664 3399 1854 3441 mixtum
1874 3398 1970 3440 dili-

139 3461 306 3511 genter,
338 3462 584 3513 et‘purum,
602 3464 652 3501 'et
676 3459 1028 3504 sanctificatione
1058 3461 1382 3517 dignissimum.
1406 3461 1658 3516 ³⁶·Cumque
1685 3460 1731 3502 in
1763 3459 1963 3502 tenuissi-

140 3528 260 3557 mum
281 3515 509 3572 pulverem
531 3517 734 3560 universa
760 3519 1030 3576 contuderis,
1050 3534 1185 3576 pones
1211 3534 1266 3562 ex
1288 3534 1337 3563 eo
1365 3534 1511 3562 coram
1538 3519 1823 3562 tabernaculo
1841 3518 1963 3561 testi-

140 3658 188 3692 12]
203 3658 302 3687 Num.
315 3659 395 3695 ist.
412 3660 611 3694 -·1‘3]‘-Lev.
629 3660 776 3697 *xxv-11,
794 3664 838 3690 25.
854 3662 956 3690 Num.
974 3662 1041 3698 1211,
1059 3664 1103 3691 47.
1117 3664 1178 3691 ²132.
1197 3663 1298 3698 KRV,
1316 3665 1358 3691 12.

2102 349 2216 377 Altare

2040 392 2276 426 thymiamatis.

2074 1349 2139 1380 Can
2145 1347 2151 1375 ἰ
2157 1347 2241 1376 tatio

2108 1399 2210 1420 sacra.

2086 1932 2229 1960 Lahrum

2036 1982 2163 2004 trucum
2179 1982 2213 2003 ct
2231 1976 2278 2009 ip-

2069 2019 2139 2048 sius
2157 2027 2250 2049 usus.

2036 2353 2082 2379 De
2099 2355 2274 2384 unguento

2093 2399 2219 2424 sancto.

2050 3293 2251 3327 Thymiama.
