2456 3861
234 553 296 581 Gru
301 552 376 581 vius

179 600 288 626 tamen
312 597 419 630 oppri-

266 641 328 669 mit

214 686 383 714 Hebraeos.

185 1791 403 1819 Hebraeorum

223 1841 367 1868 questus

196 1879 229 1908 in
250 1881 388 1913 Moysen

174 1926 208 1953 et
232 1924 359 1957 Moysis
382 1924 414 1954 in

238 1969 353 1998 Deum.

217 2330 378 2358 Dominus

193 2374 301 2408 Moysi
339 2381 399 2402 sua

175 2423 315 2448 renovat
344 2425 417 2451 pro-

237 2462 349 2491 missa.

237 3216 367 3244 Iterum

184 3266 203 3289 a
230 3260 352 3293 populo
376 3266 425 3288 re-

185 3303 316 3339 iectus.
338 3305 423 3337 Moy-

184 3355 238 3377 ses
256 3356 349 3376 suam
368 3348 426 3377 im-

214 3393 399 3425 potentiam

186 3436 308 3465 iterum
349 3438 427 3467 alle-

273 3484 342 3515 gat.

487 138 542 180 56
1130 136 1211 178 Ex.
1246 136 1300 191 v,
1333 137 1360 177 4
1384 162 1443 167 -
1474 136 1563 190 vr,
1601 135 1667 178 13.

485 306 661 349 accidat
681 306 809 349 nobis
830 306 967 362 pestis
989 311 1065 348 aut
1090 304 1279 360 gladius.
1298 304 1315 330 4
1330 304 1409 346 Ait
1425 304 1482 346 ad
1508 318 1581 346 eos
1606 318 1683 346 rex
1706 303 1895 359 AEgypti
1916 319 1924 346 :
1949 303 2115 359 Quare,
2140 303 2316 359 Moyses

485 371 530 408 et
561 368 731 422 Aaron,
762 364 1013 408 sollicitatis
1045 363 1258 419 populum
1290 363 1347 405 ab
1382 362 1586 418 operibus
1620 361 1743 405 suis?
1782 362 1852 404 Ite
1888 361 1945 404 ad
1984 375 2118 404 onera
2153 366 2315 405 vestra.

485 425 501 451 5
519 425 731 480 Dixitque
759 424 930 466 Pharao
954 439 962 466 :
990 422 1158 465 Multus
1180 426 1246 464 est
1271 421 1459 478 populus
1484 426 1612 463 terrae
1632 438 1640 476 3
1663 420 1825 463 videtis
1851 420 1967 475 quod
1989 420 2120 463 turba
2146 434 2316 463 succre-

483 485 621 538 verit3
649 489 813 539 quanto
839 482 1003 538 magis,
1030 481 1067 524 si
1093 480 1303 524 dederitis
1329 480 1392 523 eis
1412 480 1609 536 requiem
1633 479 1690 522 ab
1718 479 1935 536 operibus.

542 543 559 570 6
586 541 803 597 Praecepit
837 555 939 597 ergo
973 540 1019 582 in
1053 539 1123 583 die
1156 540 1233 583 illo
1266 539 1496 596 praefectis
1531 553 1713 595 operum
1741 544 1786 581 et
1819 538 2101 581 exactoribus
2137 538 2314 595 populi,

483 602 634 645 dicens
658 618 666 644 ε
687 601 701 627 ⁷
722 602 1015 655 Nequaquam
1040 599 1156 642 ultra
1178 599 1342 642 dabitis
1367 598 1519 655 paleas
1543 597 1706 654 populo
1728 597 1785 640 ad
1809 597 2106 640 conficiendos
2133 597 2313 654 lateres,

482 661 597 703 sicut
621 659 766 716 prius3
790 659 867 702 sed
888 659 973 715 ipsi
992 658 1179 714 vadant,
1199 663 1244 701 et
1265 658 1481 714 colligant
1499 657 1697 714 stipulas.
1718 656 1735 683 8
1751 657 1809 699 Et
1827 670 2081 699 mensuram
2103 656 2311 711 laterum,

482 734 615 775 quam
651 719 773 775 prius
809 717 1062 773 faciebant,
1103 717 1341 774 imponetis
1374 731 1504 774 super
1541 731 1634 772 eos,
1675 730 1757 759 nec
1793 715 2002 758 minuetis
2040 715 2313 771 quidquam3

482 783 646 820 vacant
678 777 817 833 enim,
849 782 894 820 et
925 777 1091 820 idcirco
1115 777 1432 832 vociferantur,
1460 776 1691 819 dicentes:
1722 776 1909 831 Eamus,
1941 779 1985 818 et
2018 774 2316 817 sacrificemus

483 839 575 880 Deo
604 841 767 880 nostro.
795 836 812 862 9
830 836 1149 892 Opprimantur
1175 835 1398 892 operibus,
1423 840 1467 879 et
1488 835 1699 891 expleant
1732 849 1805 890 ea,
1833 839 1883 877 ut
1916 848 2004 877 non
2030 833 2318 889 acquiescant

481 896 627 939 verbis
662 895 964 939 mendacibus.
1000 895 1035 921 ¹⁰
1060 895 1205 951 Igitur
1238 894 1403 950 egressi
1442 894 1649 951 praefecti
1690 908 1870 950 operum
1912 898 1956 936 et
1994 898 2223 936 exactores
2261 892 2317 935 ad

480 955 712 1012 populum,
734 955 940 998 dixerunt
962 971 970 998 :
998 955 1070 1000 Sic
1094 954 1203 997 dicit
1226 954 1398 996 Pharao
1422 969 1430 996 ε
1458 954 1559 996 Non
1581 954 1635 996 do
1658 953 1785 996 vobis
1806 952 1983 1009 paleas3
2006 952 2039 978 ¹¹
2055 952 2136 1008 ite,
2160 957 2204 995 et
2230 951 2317 994 col-

481 1015 607 1071 ligite
633 1014 776 1057 sicubi
801 1013 1001 1058 invenire
1024 1012 1251 1070 poteritis3
1287 1026 1369 1055 nec
1399 1012 1623 1055 minuetur
1652 1012 1894 1068 quidquam
1921 1011 1974 1054 de
1997 1025 2126 1068 opere
2153 1016 2315 1054 vestro.

483 1073 518 1100 1'2
540 1074 860 1130 Dispersusque
894 1078 960 1116 est
992 1072 1179 1130 populus
1212 1086 1290 1128 per
1320 1086 1497 1114 omnem
1531 1077 1695 1114 terram
1727 1070 1920 1127 AEgypti
1949 1071 2007 1113 ad
2040 1070 2317 1126 colligendas

480 1133 645 1190 paleas.
673 1132 708 1159 ¹3
727 1132 937 1175 Praefecti
970 1146 1141 1188 quoque
1176 1145 1358 1187 operum
1390 1130 1640 1186 instabant,
1676 1129 1908 1172 dicentes:
1945 1129 2174 1185 Complete
2209 1143 2317 1186 opus

479 1198 677 1236 vestrum
698 1191 915 1248 quotidie,
940 1196 988 1234 ut
1009 1191 1128 1247 prius
1154 1190 1304 1233 facere
1330 1189 1540 1233 solebatis
1567 1189 1743 1245 quando
1771 1188 1992 1231 dabantur
2010 1188 2137 1231 vobis
2160 1188 2318 1244 paleae.

481 1252 517 1278 ¹4
539 1251 866 1307 Flagellatique
899 1255 1003 1293 sunt
1035 1250 1110 1305 qui
1140 1253 1362 1306 praeerant
1396 1249 1600 1306 operibus
1634 1248 1826 1291 filiorum
1856 1247 2018 1303 Israel,
2052 1247 2108 1290 ab
2141 1251 2319 1290 exacto—

478 1311 599 1354 ribus
624 1310 888 1365 Pharaonis,
909 1309 1187 1352 dicentibus:
1217 1309 1358 1359 Quare
1380 1322 1469 1351 non
1494 1307 1691 1364 impletis
1717 1321 1972 1350 mensuram
1994 1307 2185 1349 laterum
2205 1306 2320 1349 sicut

479 1370 619 1426 prius,
648 1383 730 1412 nec
762 1369 878 1424 heri,
904 1383 986 1412 nec
1011 1368 1173 1412 hodie?
1201 1368 1236 1394 ¹5
1254 1368 1570 1423 Veneruntque
1604 1366 1832 1424 praepositi
1862 1365 2055 1408 filiorum
2083 1366 2241 1421 Israel,
2277 1370 2321 1408 et

479 1428 715 1472 vociferati
741 1433 844 1471 sunt
867 1428 925 1471 ad
951 1428 1248 1482 Pharaonem,
1274 1426 1472 1470 dicentes
1496 1443 1503 1470 :
1528 1427 1614 1470 Cur
1636 1426 1699 1469 ita
1721 1425 1817 1482 agis
1841 1431 1995 1468 contra
2017 1439 2166 1468 servos
2189 1425 2318 1469 tuos?

480 1488 516 1515 16
534 1489 683 1531 Paleae
706 1502 795 1530 non
821 1488 982 1530 dantur
1006 1486 1155 1543 nobis,
1175 1492 1220 1530 et
1245 1486 1404 1529 lateres
1431 1485 1636 1529 similiter
1661 1486 1960 1542 imperantur3
1989 1499 2043 1527 en
2066 1483 2228 1527 famuli
2254 1483 2320 1527 tui

479 1546 670 1603 flagellis
705 1547 938 1602 caedimur,
972 1551 1017 1590 et
1048 1546 1216 1602 injuste
1250 1545 1397 1601 agitur
1431 1550 1584 1588 contra
1619 1545 1833 1602 populum
1867 1549 2005 1588 tuum.
2036 1543 2070 1569 ¹⁷
2099 1543 2181 1593 Qui
2213 1542 2277 1586 ait
2308 1559 2317 1587 :

481 1607 664 1650 Vacatis
694 1606 813 1661 otio3
845 1611 890 1649 et
919 1606 1084 1649 idcirco
1115 1605 1294 1648 dicitis:
1332 1605 1517 1660 Eamus,
1555 1610 1600 1647 et
1628 1603 1926 1647 sacrificemus
1956 1603 2160 1647 Domino.
2190 1602 2225 1628 ⁴¹⁸
2249 1604 2319 1645 Ite

480 1680 604 1722 ergo,
640 1670 684 1709 et
715 1665 984 1721 operamini3
1020 1665 1163 1721 paleae
1193 1679 1282 1707 non
1316 1663 1539 1706 dabuntur
1564 1663 1711 1719 vobis,
1748 1668 1793 1706 et
1829 1661 2023 1705 reddetis
2057 1666 2318 1705 consuetum

479 1739 712 1767 numerum
738 1725 942 1768 laterum.

538 1784 574 1810 ¹9
593 1783 906 1839 Videbantque
932 1798 977 1827 se
1003 1783 1231 1840 praepositi
1256 1782 1447 1825 filiorum
1478 1781 1617 1824 Israel
1645 1781 1691 1823 in
1716 1780 1856 1836 malo,
1880 1795 1931 1823 eo
1957 1779 2074 1836 quod
2102 1779 2321 1823 diceretur

479 1843 542 1886 eis
565 1861 573 1886 .·
603 1844 703 1886 Non
737 1842 959 1886 minuetur
988 1842 1230 1899 quidquam
1256 1842 1308 1885 de
1339 1840 1553 1884 lateribus
1586 1855 1663 1897 per
1688 1840 1886 1896 singulos
1919 1839 2025 1882 dies.
2053 1837 2090 1865 ‘2⁰
2109 1839 2319 1882 Occurre-

478 1907 666 1958 runtque
694 1901 837 1958 Moysi
870 1907 915 1945 et
939 1903 1110 1957 Aaron,
1139 1901 1213 1957 qui
1245 1901 1428 1944 stabant
1460 1915 1515 1943 ex
1548 1900 1754 1955 adverso,
1787 1898 2121 1955 egredientibus
2151 1912 2178 1940 a
2205 1899 2320 1941 Pha-

478 1976 636 2015 raone3
665 1960 698 1986 “²¹
719 1966 763 2003 et
789 1961 996 2004 dixerunt
1019 1961 1077 2004 ad
1099 1975 1173 2004 eos
1196 1977 1205 2004 :
1225 1960 1389 2003 Videat
1416 1960 1631 2002 Dominus
1654 1963 1698 2002 et
1718 1957 1909 2014 judicet,
1930 1957 2138 2013 quoniam
2159 1958 2319 2001 foetere

479 2021 652 2064 fecistis
679 2020 858 2063 odorem
883 2026 1082 2064 nostrum
1112 2034 1261 2063 coram
1287 2020 1518 2062 Pharaone
1541 2023 1586 2061 et
1611 2018 1749 2061 servis
1779 2017 1898 2073 ejus,
1928 2021 1973 2060 et
1997 2016 2253 2072 praebuistis
2279 2016 2320 2060 ei

480 2079 700 2136 gladium,
717 2084 765 2122 ut
783 2079 1004 2122 occideret
1026 2094 1118 2122 nos.
1137 2078 1174 2105 2'2
1194 2081 1497 2134 Reversusque
1516 2083 1584 2121 est
1606 2078 1782 2133 Moyses
1800 2076 1856 2119 ad
1881 2076 2146 2130 Dominum,
2165 2081 2210 2118 et
2227 2075 2292 2118 ait
2311 2091 2320 2120 :

481 2139 693 2195 Domine,
726 2153 801 2181 cur
826 2138 1024 2182 afflixisti
1049 2139 1262 2195 populum
1286 2138 1451 2181 istum?
1479 2138 1619 2188 Quare
1646 2135 1807 2179 misisti
1830 2135 1930 2179 me‘?
1957 2134 1995 2161 ‘²3
2019 2135 2088 2176 Ex
2117 2149 2168 2178 eo
2201 2135 2321 2178 enim

481 2213 564 2254 quo
587 2198 810 2254 ingressus
832 2212 926 2241 sum
951 2198 1007 2241 ad
1027 2198 1307 2241 Pharaonem
1328 2202 1377 2239 ut
1394 2196 1594 2252 loquerer
1612 2195 1657 2238 in
1681 2195 1860 2238 nomine
1883 2200 1980 2250 tuo,
2001 2193 2162 2236 afflixit
2183 2208 2320 2251 popu-

480 2258 573 2300 lum
595 2262 746 2312 tuum3
774 2262 818 2300 et
843 2272 931 2300 non
954 2257 1154 2300 liberasti
1181 2271 1267 2300 eos.

541 2318 646 2362 CAP.
679 2318 755 2360 VI.
782 2342 841 2348 ——
869 2316 879 2342 ¹
905 2317 1117 2373 Dixitque
1149 2316 1365 2359 Dominus
1397 2315 1454 2358 ad
1491 2316 1675 2372 Moysen
1699 2331 1707 2358 :
1737 2315 1867 2357 Nunc
1893 2312 2066 2357 videbis
2093 2327 2192 2368 quae
2223 2312 2319 2355 fac-

481 2381 604 2419 turus
626 2375 710 2418 sim
736 2375 984 2430 Pharaoni3
1010 2390 1088 2432 per
1112 2390 1294 2418 manum
1319 2374 1439 2418 enim
1472 2374 1638 2417 fortem
1673 2373 1870 2417 dimittet
1903 2387 1998 2428 eos,
2026 2376 2071 2415 et
2104 2372 2150 2414 in
2184 2386 2319 2414 manu

480 2435 662 2478 robusta
688 2434 841 2491 ejiciet
865 2434 963 2478 illos
989 2435 1043 2478 de
1069 2439 1185 2478 terra
1206 2448 1297 2479 sua.
1325 2433 1342 2459 '²
1366 2435 1645 2489 Locutusque
1672 2438 1739 2476 est
1770 2431 1985 2475 Dominus
2018 2431 2075 2474 ad
2109 2431 2318 2487 Moysen,

483 2494 666 2537 dicens:
696 2495 791 2550 Ego
823 2494 1040 2537 Dominus
1069 2493 1087 2520 3
1121 2493 1194 2549 qui
1225 2493 1410 2550 apparui
1440 2492 1690 2548 Abraham,
1723 2493 1851 2535 Isaac
1881 2495 1926 2534 et
1951 2489 2117 2546 Jacob,
2148 2490 2193 2532 in
2227 2491 2320 2534 Deo

483 2553 786 2610 omnipotente
803 2571 811 2608 3
837 2558 881 2596 et
902 2567 1064 2596 nomen
1086 2567 1234 2595 meum
1253 2552 1429 2595 Adonai
1453 2566 1541 2595 non
1563 2550 1759 2594 indicavi
1778 2550 1854 2593 eis.
1873 2549 1890 2576 4
1909 2548 2153 2606 Pepigique
2172 2549 2320 2592 foedus

483 2627 583 2655 cum
609 2612 693 2667 eis,
719 2617 769 2655 ut
802 2612 954 2656 darem
983 2612 1045 2656 eis
1075 2617 1239 2655 terram
1268 2612 1503 2667 Chanaan,
1539 2616 1701 2654 terram
1739 2608 2108 2667 peregrinationis
2144 2623 2320 2665 eorum,

483 2671 529 2714 in
568 2686 655 2727 qua
693 2672 877 2714 fuerunt
912 2671 1113 2715 advenae.
1154 2671 1171 2698 5
1204 2671 1300 2727 Ego
1340 2670 1494 2713 audivi
1535 2670 1752 2726 gemitum
1792 2668 1983 2711 filiorum
2029 2667 2193 2724 Israel,
2237 2681 2321 2723 quo

483 2730 691 2787 AEgyptii
725 2736 1036 2787 oppresserunt
1069 2744 1165 2786 eOS,
1193 2735 1237 2773 et
1266 2729 1521 2773 recordatus
1547 2743 1643 2772 sum
1668 2727 1789 2786 pacti
1817 2727 1918 2770 mei.
1948 2727 1966 2753 6
1984 2727 2092 2770 Ideo
2120 2727 2190 2770 dic
2220 2726 2322 2769 filiis

485 2789 624 2832 Israel
656 2805 664 2832 ε
695 2790 798 2845 Ego
830 2789 1068 2845 Dominus,
1099 2789 1173 2844 qui
1211 2789 1397 2832 educam
1433 2802 1512 2831 vos
1545 2788 1599 2831 de
1641 2785 1863 2844 ergastulo
1904 2787 2243 2843 AEgyptiorum,
2278 2790 2323 2829 et

484 2863 636 2892 eruam
661 2848 713 2891 de
739 2848 973 2904 servitute,
1002 2862 1054 2891 ac
1078 2848 1296 2890 redimam
1321 2848 1367 2890 in
1395 2847 1577 2890 brachio
1603 2847 1802 2901 excelso,
1836 2851 1882 2889 et
1914 2845 2096 2902 judiciis
2130 2845 2319 2901 magnis.

486 2907 500 2934 7
521 2909 579 2950 Et
603 2922 827 2950 assumam
852 2921 929 2950 vos
954 2907 1064 2950 mihi
1095 2907 1140 2949 in
1164 2906 1397 2964 populum,
1425 2911 1469 2949 et
1490 2920 1563 2950 ero
1589 2910 1735 2950 vester
1761 2906 1879 2948 Deus
1900 2922 1909 2960 3
1947 2909 1992 2948 et
2023 2904 2173 2948 scietis
2206 2903 2321 2960 quod

485 2981 568 3022 ego
597 2981 694 3009 sum
722 2965 937 3010 Dominus
964 2967 1084 3010 Deus
1105 2971 1262 3022 vester,
1290 2965 1364 3022 qui
1395 2965 1626 3009 eduxerim
1651 2979 1729 3008 vos
1755 2963 1808 3007 de
1834 2964 2057 3020 ergastulo
2084 2963 2321 3020 AEgyptio-

485 3040 582 3068 rum
599 3043 607 3080 3
633 3026 649 3051 ὅ
668 3030 712 3068 et
729 3025 981 3068 induxerim
1002 3025 1048 3068 in
1066 3031 1250 3080 terram,
1269 3039 1399 3081 super
1417 3039 1550 3080 quam
1566 3023 1715 3068 levavi
1737 3037 1919 3066 manum
1938 3037 2085 3065 meam
2104 3027 2151 3065 ut
2171 3022 2321 3065 darem

485 3099 586 3128 eam
613 3084 862 3140 Abraham,
891 3085 1019 3128 Isaac
1044 3089 1089 3128 et
1112 3084 1284 3140 Jacob3
1320 3083 1522 3140 daboque
1555 3083 1680 3126 illam
1711 3081 1836 3125 vobis
1866 3081 2202 3138 possidendam,
2239 3094 2321 3136 ego

489 3143 721 3187 Dominus.

547 3202 564 3229 ⁹
583 3202 794 3246 Narravit
825 3217 929 3259 ergo
960 3203 1138 3259 Moyses
1171 3203 1320 3246 omnia
1353 3202 1456 3245 filiis
1486 3201 1654 3257 Israel3
1686 3200 1760 3257 qui
1792 3214 1880 3244 non
1911 3200 2229 3256 acquieverunt
2262 3198 2322 3254 ei,

487 3266 667 3320 propter
692 3262 946 3318 angustiam
974 3262 1174 3318 spiritus,
1201 3267 1246 3305 et
1271 3276 1379 3318 opus
1402 3261 1698 3304 durissimum.
1726 3258 1762 3286 ¹⁰
1781 3260 2062 3315 Locutusque
2086 3263 2152 3301 est
2172 3257 2322 3300 Domi-

489 3336 570 3364 nus
599 3321 656 3364 ad
686 3321 893 3378 Moysen,
921 3320 1101 3364 dicens:
1133 3320 1164 3347 ¹¹
1191 3321 1452 3377 Ingredere,
1486 3325 1530 3364 et
1563 3320 1739 3376 loquere
1772 3318 1829 3361 ad
1864 3319 2142 3361 Pharaonem
2171 3330 2322 3372 regem

489 3380 701 3438 AEgypti,
724 3386 773 3423 ut
798 3379 997 3424 dimittat
1020 3379 1134 3423 filios
1156 3380 1294 3423 Israel
1321 3380 1374 3422 de
1396 3384 1513 3422 terra
1534 3393 1626 3422 sua.
1646 3377 1681 3404 1'2
1700 3377 1946 3433 Respondit
1971 3378 2147 3433 Moyses
2172 3389 2322 3419 coram

493 3440 683 3483 Domino
706 3456 714 3483 :
745 3440 861 3483 Ecce
887 3439 966 3482 filii
999 3439 1138 3482 Israel
1164 3453 1251 3482 non
1277 3438 1465 3481 audiunt
1489 3452 1588 3492 me3
1617 3442 1662 3481 et
1691 3436 1909 3493 quomodo
1942 3436 2094 3479 audiet
2128 3435 2322 3489 Pharao,

491 3498 739 3555 praesertim
766 3513 867 3541 cum
894 3498 1227 3541 incircumcisus
1252 3497 1336 3541 sim
1366 3497 1534 3540 labiis?
1562 3497 1598 3523 ¹3
1620 3497 1899 3551 Locutusque
1926 3500 1994 3539 est-
2020 3494 2236 3539 Dominus
2265 3493 2323 3537 ad

493 3558 676 3614 Moysen
701 3563 745 3601 et
770 3560 941 3613 Aaron,
965 3562 1009 3601 et
1030 3557 1153 3600 dedit
1177 3557 1437 3600 mandatum
1463 3556 1519 3599 ad
1549 3555 1662 3598 filios
1689 3554 1848 3610 Israel,
1878 3560 1922 3598 et
1953 3555 2011 3597 ad
2046 3554 2332 3596 Pharaonem*

493 3630 642 3673 regem
665 3616 875 3673 AEgypti,
895 3621 943 3660 ut
967 3616 1204 3660 educerent
1229 3615 1341 3658 filios
1368 3614 1507 3658 Israel
1529 3614 1583 3658 de
1605 3619 1722 3657 terra
1742 3613 1947 3670 AEgypti.
