2391 3861
111 1141 269 1176 Sigillum

112 1193 267 1219 prlmum.

88 1383 290 1411 secundum.

112 1611 273 1641 Tertium.

101 1920 276 1952 Quartum.

104 2217 276 2250 Quintum.

115 2640 266 2669 Sextum.

110 3404 286 3436 spectacu-

114 3449 181 3476 lum
215 3453 280 3475 ter-

135 3497 242 3521 restre
257 3501 262 3520 :

118 3536 281 3565 Israelita*

130 3580 267 3615 signati.

380 135 494 179 1354
734 148 737 154 -
978 130 1118 172 Amo.
1152 129 1209 183 v,
1245 129 1296 169 11
1332 154 1391 160 -
1423 128 1538 182 vri,
1573 129 1614 171 2.

377 319 455 347 nos
478 305 572 346 Deo
598 306 747 345 nostro
771 315 980 356 regnum,
1008 305 1051 343 et
1076 298 1348 354 sacerdotes,
1373 304 1416 341 et
1437 298 1724 353 regnabimus
1750 311 1881 354 super
1905 302 2080 344 terram.
2104 300 2137 326 ¹¹
2158 301 2216 344 Et

376 363 490 419 vidi,
515 368 558 406 et
582 361 733 405 audivi
761 374 915 404 vocem
941 358 1203 415 angelorum
1232 357 1473 401 multorum
1498 357 1546 400 in
1568 357 1760 400 circuitu
1787 357 1955 413 throni,
1984 362 2027 401 et
2047 359 2217 414 anima-

376 422 507 478 lium,
535 427 577 465 et
602 421 854 475 seniorum,
887 424 930 462 et
960 424 1054 462 erat
1079 432 1287 460 numerus
1313 431 1464 460 corum
1495 416 1638 459 millia
1666 416 1878 473 millium,
1910 415 1947 442 12
1973 416 2218 462 dicentium

376 496 485 525 voce
519 495 683 536 magna
721 497 729 524 :
765 478 940 536 Dignus
969 482 1035 521 est
1070 478 1247 534 Agnus,
1277 476 1354 533 qui
1384 475 1555 521 occisus
1582 480 1668 531 est,
1694 475 1897 533 accipere
1918 476 2220 533 111111116111,61

377 541 681 594 divinitatem,
706 544 751 582 et
775 538 1064 595 sapientiam,
1088 542 1131 579 et
1163 536 1498 591 fortitudinem,
1526 541 1570 579 et
1595 536 1826 591 honorem,
1858 540 1903 578 et
1932 535 2145 592 gloriam,
2176 542 2221 580 et

375 599 747 644 benedictionem.
775 597 812 624 ¹3
831 599 887 640 Et
909 611 1087 640 omnem
1109 600 1358 638 creaturam
1386 610 1483 651 quae
1509 595 1555 638 in
1583 595 1694 638 caelo
1716 599 1794 651 est,
1819 599 1862 638 et
1884 609 2016 651 super
2041 601 2219 651 terram,

377 665 420 703 et
441 659 523 702 sub
550 664 685 712 terra,
711 663 754 701 et
780 672 877 713 quae
903 662 1007 699 sunt
1028 656 1075 699 in
1098 655 1235 715 mari,
1255 661 1297 698 et
1323 669 1423 710 quae
1444 654 1491 697 in
1517 669 1589 711 eo,
1617 668 1768 698 omnes
1799 654 1952 698 audivi
1984 655 2184 698 dicentes
2211 671 2220 698 ε

375 718 555 763 Sedenti
581 718 627 760 in
649 717 807 760 throno
831 722 873 760 et
900 718 1051 772 Aguo,
1075 714 1350 770 benedictio,
1379 719 1423 757 et
1443 714 1595 770 honor,
1620 719 1663 757 et
1688 712 1851 770 gloria,
1883 718 1926 757 et
1954 719 2151 770 potestas
2173 713 2220 756 in

375 778 540 822 saecula
569 777 848 821 saeculorum.
884 775 921 802 ¹4
948 777 1004 818 Et
1035 779 1222 831 quatuor
1246 773 1461 816 animalia
1491 773 1703 816 dicebant
1734 789 1742 816 :
1776 774 1938 816 Amen.
1969 773 2029 816 Et
2057 773 2220 830 viginti

377 843 563 896 quatuor
591 837 783 880 seniores
814 835 1070 880 ceciderunt
1100 834 1148 876 in
1180 833 1322 877 facies
1356 848 1478 890 suas,
1510 837 1554 875 et
1587 832 1886 876 adoraverunt
1914 832 2142 876 viventem
2173 832 2221 875 in

376 897 541 941 saecula
567 896 844 941 saeculorum.

786 1017 810 1074 ξ
845 1016 934 1062 111.
958 1042 1018 1047 —
1040 1016 1322 1071 Aperiantur
1351 1029 1427 1058 sest:
1451 1016 1608 1072 prima
1641 1015 1806 1071 siyilla.

436 1135 544 1179 CAP.
572 1134 653 1176 VI.
675 1160 734 1167 -—
760 1133 772 1158 ¹
794 1134 852 1176 Et
874 1132 967 1175 vidi
991 1131 1106 1188 quod
1133 1131 1379 1188 aperuisset
1406 1131 1564 1187 Agnus
1590 1145 1728 1174 unum
1754 1130 1808 1174 de
1834 1135 2006 1188 septem
2030 1129 2193 1186 sigillis
2209 1147 2230 1185 ς-

375 1200 420 1238 et
442 1193 596 1237 audivi
624 1208 762 1236 unum
795 1192 849 1236 de
875 1197 1062 1248 quatuor
1086 1190 1356 1236 animalibus
1383 1190 1558 1247 dicens,
1580 1194 1796 1248 tanquam
1816 1204 1974 1235 vocem
2000 1189 2185 1234 tonitrui
2211 1206 2221 1233 t

376 1253 514 1309 Veni,
541 1259 584 1297 et
609 1253 725 1296 vide.
752 1251 770 1277 2
788 1252 846 1294 Et
870 1251 963 1296 vidi
987 1268 995 1295 :
1023 1256 1066 1294 et
1091 1265 1193 1295 6666
1218 1264 1356 1306 equus
1378 1250 1529 1306 albus,
1556 1255 1599 1293 et
1629 1249 1703 1307 qui
1727 1249 1916 1293 sedebat
1939 1263 2071 1307 super
2091 1248 2222 1293 illum

373 1313 571 1358 habebat
596 1327 770 1367 arcum,
798 1316 841 1356 et
864 1311 970 1355 data
994 1315 1061 1354 est
1086 1310 1125 1354 ei
1153 1325 1335 1367 corona,
1359 1314 1402 1354 et
1428 1309 1568 1354 exivit
1595 1309 1778 1354 vincens
1804 1314 1853 1352 ut
1877 1309 2090 1353 vinceret.

435 1372 528 1415 3Et
554 1387 654 1415 cum
685 1371 931 1430 aperuisset
964 1369 1164 1427 sigillum
1196 1369 1463 1426 secundum,
1498 1369 1651 1413 audivi
1680 1368 1928 1413 secundum
1958 1367 2128 1412 animal
2154 1368 2232 1412 sii-ff

377 1447 479 1475 cens
502 1449 510 1475 :
536 1431 671 1487 Veni,
698 1436 743 1474 et
771 1430 886 1474 vide.
910 1429 927 1456 4
946 1432 1003 1474 Et
1033 1429 1173 1473 exivit
1199 1429 1312 1472 alius
1343 1444 1479 1486 equus
1513 1430 1666 1485 rufus3
1696 1434 1738 1473 et
1772 1428 1845 1486 qui
1878 1427 2063 1472 sedebat
2090 1442 2227 1485 super

377 1491 524 1546 illum,
552 1492 707 1534 datum
732 1495 798 1534 est
828 1490 866 1535 ei
892 1494 942 1533 ut
967 1494 1159 1534 sumeret
1184 1503 1342 1546 pacem
1374 1489 1429 1533 de
1457 1494 1594 1546 terra,
1622 1493 1664 1533 et
1690 1493 1739 1531 ut
1764 1488 1959 1532 invicem
1985 1501 2031 1532 66
2054 1487 2229 1531 interfi-

376 1551 522 1606 ciant3
547 1557 591 1595 et
613 1551 742 1594 datus
764 1555 831 1594 est
856 1550 895 1595 ei
920 1549 1098 1606 gladius
1120 1563 1322 1606 magnus.

435 1611 452 1637 5
475 1612 532 1653 Et
562 1625 664 1654 cum
689 1610 935 1668 aperuisset
966 1608 1167 1665 sigillum
1199 1609 1401 1666 tertium,
1428 1609 1581 1652 audivi
1615 1608 1797 1652 tertium
1830 1607 2000 1651 animal
2033 1607 2186 1652 dicens
2211 1624 2232 1653 z

375 1671 514 1727 Veni,
538 1676 582 1714 et
603 1670 719 1714 vide.
747 1670 805 1712 Et
832 1684 933 1713 6666
965 1683 1101 1726 equus
1130 1668 1282 1724 niger,
1312 1674 1354 1712 et
1385 1668 1459 1724 qui
1489 1668 1675 1712 sedebat
1704 1682 1835 1724 super
1863 1667 1994 1710 illum
2023 1666 2222 1711 habebat

375 1735 587 1774 stateram
608 1730 656 1772 in
682 1744 817 1772 manu
839 1744 930 1774 sua.
959 1728 976 1755 6
994 1729 1053 1770 Et
1078 1727 1229 1770 audivi
1256 1732 1472 1783 tanquam
1489 1742 1647 1772 vocem
1672 1727 1719 1770 in
1745 1727 1892 1771 medio
1917 1732 2109 1783 quatuor
2126 1727 2221 1770 ani·

376 1790 562 1832 malium
588 1790 833 1833 dicentium
856 1805 864 1832 :
892 1787 1074 1830 Bilibris
1107 1786 1245 1830 tritici
1274 1787 1477 1842 denario,
1506 1792 1549 1831 et
1575 1793 1662 1830 tres
1688 1786 1871 1831 bilibres
1901 1785 2055 1830 hordei
2087 1786 2222 1830 dena-

375 1849 464 1905 rio,
493 1854 536 1892 et
561 1849 717 1891 vinum
742 1854 786 1892 et
812 1848 958 1891 oleum
985 1861 1040 1890 ne
1064 1846 1245 1890 laeseris.

436 1908 451 1935 7
471 1910 528 1952 Et
558 1923 658 1951 cum
691 1907 936 1966 aperuisset
968 1907 1168 1962 sigillum
1203 1912 1431 1962 quartum,
1459 1905 1612 1949 audivi
1646 1919 1803 1949 vocem
1837 1905 1983 1960 quarti
2013 1904 2232 1949 animalis-

377 1968 596 2012 dicentis:
623 1968 760 2022 Veni,
788 1972 831 2010 et
856 1966 971 2010 vide.
999 1966 1015 1992 8
1043 1966 1100 2008 Et
1130 1979 1233 2010 ecce
1267 1980 1402 2022 equus
1433 1964 1652 2023 pallidus3
1687 1970 1732 2008 et
1766 1964 1840 2022 qui
1872 1964 2059 2008 sedebat
2091 1978 2232 2022 super

354 2040 477 2071 'eum
499 2042 660 2071 nomen
689 2027 755 2069 illi
786 2027 926 2081 Mors,
954 2030 998 2069 et
1022 2026 1226 2068 infernus
1260 2024 1528 2081 sequebatur
1553 2039 1680 2080 eum;
1713 2029 1757 2068 et
1783 2023 1889 2068 data
1915 2029 1982 2068 est
2006 2023 2075 2067 illi
2099 2027 2232 2081 pote-⁷

376 2093 466 2130 stas
503 2101 634 2144 super
667 2091 854 2143 quatuor
890 2090 1038 2142 partes
1073 2090 1201 2128 terrae
1237 2084 1486 2133 interficere
1520 2084 1694 2140 gladio,
1725 2083 1869 2138 fame,
1906 2088 1950 2127 et
1983 2087 2144 2139 morte,
2179 2088 2233 2127 eti

375 2147 529 2191 bestiis
555 2153 698 2190 terrae.

436 2207 453 2233 9
471 2208 528 2250 Ε1
551 2222 652 2250 611111
674 2207 918 2265 aperuisset
939 2204 1140 2262 sigillum
1166 2204 1394 2261 quintum,
1416 2204 1509 2248 vidi
1532 2204 1689 2247 subtus
1715 2203 1857 2247 altare
1882 2202 2057 2246 animas
2085 2202 2229 2246 inter-⁷

375 2266 599 2310 sectorum
626 2272 805 2324 propter
833 2266 1019 2310 verbum
1055 2265 1160 2319 Dei,
1194 2270 1238 2308 et
1268 2269 1448 2322 propter
1476 2263 1784 2307 testimonium
1818 2262 1934 2319 quod
1965 2261 2195 2306 habebant
2210 2279 2229 2317 ς.

378 2326 414 2352 ¹0
435 2331 479 2369 et
505 2326 761 2369 clamabant
786 2341 895 2370 voce
926 2340 1112 2382 magna,
1141 2324 1338 2367 dicentes
1366 2341 1374 2368 :
1407 2325 1668 2379 Usquequo,
1705 2322 1896 2366 Domine
1934 2323 2144 2379 (sanctus
2178 2328 2223 2365 et

377 2388 559 2442 verus),
586 2400 675 2429 nou
699 2386 896 2442 judicas,
925 2390 967 2428 et
989 2400 1076 2428 non
1099 2384 1301 2427 vindicas
1324 2383 1590 2440 sanguinem
1613 2388 1815 2426 nostrum
1839 2382 1893 2425 de
1914 2381 1969 2424 116
1996 2381 2069 2437 qui
2095 2380 2221 2424 habi-

377 2450 475 2489 tant
502 2445 549 2488 in
575 2445 723 2490 terra?
755 2445 783 2471 ¹¹
812 2447 869 2489 Et
896 2445 1014 2490 datae
1048 2448 1152 2489 sunt
1178 2443 1274 2487 ’11116
1307 2443 1500 2499 singulae
1532 2443 1661 2486 stolae
1695 2442 1838 2498 albae3
1874 2447 1917 2485 et
1952 2441 2123 2484 dictum
2156 2446 2221 2484 est

375 2505 465 2548 11116
492 2510 540 2548 111
561 2505 888 2563 requiescerent
908 2505 1054 2549 adhuc
1076 2509 1252 2562 tempus
1274 2503 1512 2559 modicum,
1533 2503 1674 2546 donec
1694 2502 2002 2558 compleantur
2019 2499 2222 2544 conservi

378 2579 527 2609 eorum
554 2570 597 2608 et
622 2565 784 2609 fratres
807 2580 979 2622 eorum,
1006 2564 1079 2621 qui
1104 2562 1402 2607 interficiendi
1429 2568 1532 2606 sunt
1557 2562 1672 2606 sicut
1698 2567 1741 2605 et
1762 2561 1843 2606 illi.

441 2623 473 2651 ¹2
491 2626 548 2669 Et
566 2624 659 2669 vidi
686 2640 786 2669 cum
807 2625 1054 2683 aperuisset
1079 2623 1279 2679 sigillum
1297 2627 1500 2678 sextum,
1521 2627 1565 2665 et
1587 2636 1690 2665 6666
1719 2624 1998 2664 terraemotus
2032 2633 2233 2676 magnus-

376 2684 526 2728 factus
553 2690 640 2741 est,
668 2690 711 2728 et
735 2685 800 2729 sol
826 2685 976 2728 factus
1003 2688 1069 2727 est
1094 2683 1222 2740 niger
1242 2688 1459 2739 tanquam
1485 2696 1640 2725 saccus
1672 2680 1899 2736 cilicinus,
1927 2685 1972 2724 et
1996 2682 2111 2727 luna,
2129 2683 2230 2722 tota.

376 2745 503 2789 facta
529 2749 595 2788 est
616 2745 731 2789 sicut
755 2744 951 2801 sanguis,
972 2743 1008 2770 ¹3
1026 2749 1069 2787 et
1094 2743 1238 2787 stellae
1265 2742 1320 2786 de
1347 2742 1455 2786 caelo
1479 2741 1736 2786 ceciderunt
1753 2754 1883 2798 super
1901 2745 2086 2794 terram,
2107 2738 2224 2782 sicut

377 2803 486 2847 ficus
512 2804 678 2847 emittit
707 2819 880 2861 grossos
910 2818 1011 2847 suos
1044 2817 1144 2846 cum
1174 2818 1199 2845 a
1224 2807 1358 2845 vento
1393 2816 1555 2857 magno
1586 2805 1801 2843 movetur.
1826 2799 1862 2825 14
1883 2800 1939 2842 Et
1970 2798 2131 2841 caelum
2155 2811 2222 2842 re-

378 2863 511 2907 cessit
532 2863 646 2908 sicut
667 2864 780 2908 liber
800 2863 1053 2918 involutus3
1085 2867 1129 2906 et
1154 2862 1296 2906 omnis
1328 2876 1476 2917 mons,
1500 2867 1543 2904 et
1572 2860 1730 2903 insulae
1757 2860 1810 2903 de
1835 2858 1944 2903 locis
1969 2858 2060 2902 suis
2085 2861 2229 2901 1116136-

377 2928 505 2978 sunt3
536 2922 570 2950 ¹5
588 2928 632 2967 et
656 2938 781 2980 reges
811 2929 962 2978 terrae,
991 2927 1034 2966 et
1066 2922 1312 2980 principes,
1338 2926 1382 2965 et
1411 2920 1600 2975 tribuni,
1624 2924 1668 2963 et
1697 2919 1882 2975 divites,
1912 2922 1956 2962 et
1989 2918 2151 2972 fortes,
2177 2920 2221 2959 et

378 2982 521 3026 omnis
550 2997 721 3036 servus,
756 2987 800 3026 et
832 2982 956 3038 liber,
983 2982 1313 3026 absconderunt
1342 2995 1388 3024 se
1420 2981 1465 3023 in
1497 2979 1743 3038 speluncis,
1780 2983 1823 3023 et
1851 2978 1898 3022 in
1931 2977 2067 3036 petris
2097 2989 2220 3019 mon-

377 3042 513 3097 tium,
544 3042 579 3069 ¹⁶
597 3047 641 3085 et
667 3042 821 3085 dicunt
842 3041 1068 3085 montibus
1087 3046 1130 3084 et
1151 3041 1287 3100 petris
1307 3058 1314 3084 :
1339 3040 1497 3086 Cadite
1523 3053 1654 3097 super
1674 3053 1767 3094 nos,
1789 3043 1832 3082 et
1857 3035 2119 3081 abscondite
2140 3047 2219 3078 nos

377 3115 403 3144 a
432 3101 551 3146 facie
585 3102 780 3145 sedentis
814 3116 944 3158 super
976 3101 1206 3154 thronum,
1233 3104 1277 3143 et
1306 3099 1363 3142 ab
1396 3100 1460 3142 ira
1492 3098 1638 3155 Agni3
1676 3097 1710 3124 '¹7
1731 3097 1941 3154 quoniam
1971 3094 2094 3138 venit
2127 3092 2228 3137 dies

379 3175 566 3217 magnus
592 3161 669 3204 irae
694 3161 911 3218 ipsorum,
940 3165 984 3203 et
1011 3160 1107 3216 quis
1133 3159 1295 3216 poterit
1318 3158 1466 3202 stare?

855 3282 879 3340 ξ
914 3282 994 3325 IV.
1021 3307 1080 3315 --
1103 3281 1220 3324 Duce
1250 3281 1511 3337 interpositae
1543 3281 1740 3323 visiones.

440 3399 546 3443 CAP.
575 3399 682 3442 VII.
709 3424 767 3431 -—
792 3397 805 3423 1
831 3398 936 3442 Post
964 3398 1063 3441 haec
1097 3396 1190 3440 vidi
1228 3401 1416 3452 quatuor
1450 3394 1633 3451 angelos
1667 3398 1836 3437 stantes
1868 3405 2000 3446 super
2032 3396 2231 3446 quatuor·

367 3459 568 3514 'angulos
600 3464 752 3513 terrae,
782 3463 984 3501 tenentes
1011 3461 1198 3513 quatuor
1226 3461 1382 3500 ventos
1415 3460 1566 3510 terrae,
1595 3468 1648 3496 ne
1677 3452 1836 3495 flarent
1869 3463 2000 3506 super
2031 3455 2218 3505 terram,

381 3531 521 3573 neque
547 3531 678 3574 super
702 3531 843 3574 mare,
870 3530 1012 3572 neque
1040 3530 1086 3558 m
1112 3514 1253 3558 ullam
1281 3514 1497 3557 arborem.
1528 3511 1546 3538 ἓ
1577 3514 1634 3555 Et
1661 3509 1754 3554 vidi
1787 3508 1978 3551 alterum
2007 3507 2226 3564 angelum.

384 3666 412 3691 5.
428 3664 477 3691 ll]
495 3664 573 3689 Dan.
591 3664 669 3692 VII.
691 3665 734 3689 10.
754 3677 790 3680 —
808 3665 834 3692 0,
855 3661 901 3691 16]
923 3661 964 3688 16.
986 3658 1164 3690 11.10.0s.
1186 3659 1228 3690 X,
1246 3662 1271 3686 S.
1293 3659 1371 3685 Luc.
1395 3656 1530 3688 XXIII,
1548 3659 1592 3683 30.
