2456 3861
846 113 964 155 Nau.
1000 114 1141 162 XIII,
1178 115 1313 156 7-31.
1907 116 1994 159 467

161 282 424 338 Jerusalem,
449 282 552 339 quia
574 297 689 325 anno
713 283 940 339 trigesimo
965 283 1157 327 secundo
1180 284 1455 339 Artaxerxis,
1475 284 1591 340 regis
1616 285 1870 341 Babylonis,
1892 286 1992 330 veni

160 342 218 385 ad
250 355 422 398 regem,
455 346 498 384 et
530 342 575 384 in
609 342 694 384 fine
729 342 899 385 dicrum
932 342 1085 397 rogavi
1120 357 1283 399 regem.
1316 343 1330 368 ⁷
1356 344 1413 385 Et
1442 344 1540 386 veni
1572 343 1616 386 in
1642 344 1914 400 Jerusalem,
1951 350 1994 388 et

160 400 364 444 intellexi
394 400 562 443 malum
589 401 703 456 quod
734 403 904 444 fecerat
936 401 1103 444 Eliasib
1135 402 1308 457 Tobiae,
1333 407 1380 444 ut
1404 402 1574 445 faceret
1608 403 1645 446 ei
1669 403 1922 446 thesaurum
1947 404 1993 447 in

160 459 395 504 vestibulis
418 459 572 503 domus
601 459 696 503 Dei.
720 460 737 487 8
758 461 814 502 Et
841 460 1006 502 malum
1033 460 1141 502 mihi
1168 461 1313 503 visum
1345 466 1410 504 est
1437 461 1590 517 valde3
1620 467 1663 505 et
1694 462 1859 518 projeci
1887 478 1994 506 vasa

159 519 317 562 domus
350 519 505 562 Tobiae
542 519 663 562 foras
705 519 758 562 de
800 519 1145 575 gazophylaci03
1182 520 1199 545 ⁰
1225 520 1519 576 praecepique,
1558 526 1602 564 et
1641 521 1994 565 emundaverunt

159 578 507 635 gazophylacia3
536 584 580 621 et
605 577 734 620 retuli
758 578 819 620 ibi
844 592 949 619 vasa
971 577 1125 619 domus
1151 578 1254 633 Dei,
1277 578 1564 634 sacrificium,
1588 585 1632 623 et
1655 581 1768 626 thus.

224 637 257 664 ¹⁰
284 639 342 680 Et
374 637 563 693 cognovi
598 636 712 692 quod
751 641 897 692 partes
933 635 1169 678 levitarum
1204 650 1291 678 non
1324 637 1514 680 fuissent
1548 638 1684 695 datae,
1719 646 1763 683 et
1802 641 1994 697 fugisset

160 696 458 752 unusquisque
484 696 529 738 in
555 695 780 750 regionem
802 709 928 736 suam
954 694 1007 737 de
1033 694 1180 737 levitis
1203 699 1246 737 et
1269 696 1542 752 cantoribus,
1573 704 1617 740 ct
1643 699 1695 741 de
1722 699 1789 742 his
1815 699 1888 755 qui
1912 699 1992 741 mi-

159 755 436 810 nistrabant3
470 754 501 781 11
523 759 567 797 et
595 753 666 809 egi
694 767 873 796 causam
907 753 1117 796 adversus
1144 753 1451 809 magistratus,
1479 760 1522 797 et
1555 756 1647 798 dixi
1670 774 1677 800 :
1701 758 1842 808 Quare
1873 758 1993 801 dere-

160 814 371 869 liquimus
398 813 578 857 domum
614 812 731 855 Dei?
764 812 822 854 Et
856 811 1124 868 congregavi
1163 826 1255 868 eos,
1291 818 1336 855 et
1371 813 1461 855 feci
1498 819 1613 858 stare
1650 816 1694 857 in
1728 816 1994 860 stationibus

160 874 265 917 suis.
290 872 326 899 ¹2
348 873 407 915 Et
437 871 579 914 omnis
607 871 726 913 Juda
759 871 1027 927 apportabat
1060 870 1278 914 decimam
1314 871 1549 929 frumenti,
1580 874 1693 929 vini,
1730 880 1774 917 et
1807 875 1913 931 olei,
1948 876 1994 918 in

161 932 329 975 horrea.
358 930 393 957 13
412 932 469 973 Et
496 930 805 973 constituimus
827 944 956 987 super
981 930 1136 973 horrea
1164 930 1421 986 Selemiam,
1448 932 1742 989 sacerdotem,
1767 938 1810 976 et
1834 935 1992 991 sadoc,

161 991 375 1043 scribam,
411 994 454 1032 et
487 989 734 1032 Phadaiam
768 989 821 1032 de
856 989 1024 1045 levitis,
1060 994 1103 1032 et
1131 989 1261 1045 juxta
1296 1003 1366 1032 eos
1402 990 1587 1047 Hanan,
1625 991 1766 1034 filium
1803 994 1990 1048 Zachur,

160 1050 302 1092 filium
324 1049 593 1105 Mafflaniae,
621 1049 831 1104 quoniam
858 1048 1010 1092 fideles
1033 1049 1309 1105 comprobati
1336 1057 1462 1105 sunt3
1492 1055 1535 1093 et
1556 1050 1662 1108 ipsis
1689 1052 1869 1094 creditae
1895 1057 1997 1095 sunt

159 1113 308 1165 partes
345 1108 537 1151 fratrum
574 1122 765 1151 suorum.
800 1107 832 1134 ¹4
857 1108 1083 1151 Memento
1121 1108 1228 1163 mei,
1266 1109 1384 1151 Deus
1418 1123 1566 1166 meus,
1605 1125 1681 1166 pro
1717 1111 1829 1166 hoc3
1865 1116 1909 1154 et
1942 1125 1996 1154 ne

160 1167 311 1211 deleas
344 1167 651 1211 miserationes
682 1181 802 1210 meas
839 1181 947 1223 quas
976 1167 1067 1210 feci
1100 1167 1147 1209 in
1181 1167 1311 1210 domo
1345 1167 1428 1211 Dei
1461 1168 1547 1212 mei
1582 1174 1626 1212 et
1657 1169 1704 1212 in
1737 1169 1997 1213 ceremoniis

159 1227 273 1283 ejus.

224 1286 257 1313 ¹5
275 1288 330 1330 In
357 1286 512 1330 diebus
536 1286 627 1329 illis
645 1286 737 1329 vidi
762 1287 809 1329 in
832 1287 860 1330 J
866 1286 953 1330 uda
975 1287 1200 1330 calcantes
1221 1287 1458 1331 torcularia
1480 1287 1525 1330 in
1547 1287 1747 1344 sabbato,
1770 1293 1997 1345 portantes

161 1360 362 1401 acervos,
391 1351 435 1389 et
457 1350 690 1389 onerantes
716 1360 845 1402 super
870 1346 1017 1389 asinos
1042 1346 1209 1402 vinum,
1229 1351 1274 1390 et
1295 1361 1416 1402 uvas,
1441 1351 1486 1390 et
1507 1347 1626 1403 ficus,
1651 1352 1694 1390 et
1720 1361 1848 1390 omne
1875 1361 1995 1403 onus,

162 1411 207 1448 et
230 1405 476 1448 inferentes
501 1405 547 1447 in
575 1405 824 1448 Jerusalem
851 1405 921 1448 die
947 1404 1149 1460 sabbati3
1175 1409 1219 1448 et
1241 1410 1512 1449 contestatus
1538 1420 1653 1462 sum,
1675 1411 1723 1449 ut
1746 1406 1793 1449 in
1816 1407 1885 1450 die
1912 1421 1998 1462 qua

161 1461 354 1507 vendere
391 1464 546 1507 liceret
582 1464 839 1507 venderent.
877 1463 913 1490 16
939 1465 996 1506 Et
1029 1464 1152 1519 Tyrii
1190 1464 1506 1508 habitaverunt
1545 1464 1592 1507 in
1632 1479 1710 1521 ea,
1751 1465 1997 1509 inferentes

163 1524 326 1580 pisces,
350 1528 395 1566 et
425 1523 574 1566 omnia
602 1523 805 1578 venalia3
844 1528 887 1566 et
911 1522 1167 1566 vendebant
1198 1523 1245 1565 in
1278 1523 1476 1567 sabbatis
1508 1523 1611 1567 filiis
1644 1524 1764 1567 Juda
1790 1524 1838 1566 in
1871 1525 1997 1568 Jeru-

161 1583 316 1626 salem.
340 1582 373 1608 17
395 1583 453 1625 Et
479 1581 716 1638 objurgavi
739 1582 976 1639 optimates
1003 1582 1030 1624 J
1035 1582 1134 1637 uda,
1155 1587 1199 1625 et
1221 1582 1315 1625 dixi
1338 1582 1424 1626 eis:
1450 1583 1557 1633 Quae
1583 1588 1650 1626 est
1671 1583 1769 1626 haec
1790 1597 1858 1626 res
1880 1583 1999 1625 mala

162 1656 296 1698 quam
321 1656 399 1685 vos
424 1641 599 1697 facitis,
619 1646 664 1684 et
685 1641 935 1697 profanatis
959 1641 1078 1684 diem
1102 1641 1312 1684 sabbati?
1340 1641 1374 1668 ¹8
1393 1642 1620 1698 Numquid
1646 1656 1734 1685 non
1755 1642 1853 1685 haeo
1878 1643 1998 1685 fece-

162 1706 265 1744 runt
289 1706 437 1758 patres
459 1700 618 1757 nostri,
645 1705 690 1744 et
716 1700 904 1743 adduxit
928 1702 1046 1743 Deus
1071 1705 1218 1743 noster
1243 1715 1373 1757 super
1394 1715 1473 1744 nos
1495 1716 1624 1744 omne
1647 1702 1815 1744 malum
1840 1702 1935 1757 hoc,
1956 1706 1999 1744 et

162 1774 292 1816 super
314 1760 546 1804 civitatem
575 1760 721 1804 hanc?
745 1761 803 1802 Et
831 1774 909 1803 vos
940 1759 1106 1802 additis
1135 1759 1415 1803 iracundiam
1442 1775 1571 1817 super
1604 1761 1763 1816 Israel,
1791 1760 2000 1803 violando

164 1819 414 1863 sabbatum.
438 1819 473 1845 1⁹
492 1820 682 1862 Factum
710 1824 776 1862 est
800 1824 971 1875 autem,
999 1833 1101 1862 cum
1123 1819 1396 1875 quievissent
1416 1825 1556 1876 portae
1582 1820 1831 1863 Jerusalem
1855 1819 1902 1862 in
1928 1820 1999 1862 die

164 1878 354 1935 sabbati,
379 1878 484 1935 dixi,
510 1884 553 1921 et
579 1879 833 1922 clauserunt
857 1878 1032 1935 januas,
1052 1883 1096 1922 et
1117 1878 1310 1935 praecepi
1333 1884 1382 1922 ut
1406 1894 1495 1923 non
1517 1879 1739 1936 aperirent
1765 1893 1838 1922 eas
1863 1893 1998 1934 usque

164 1942 264 1994 post
285 1937 547 1993 sabbatum3
577 1942 621 1981 et
651 1938 703 1981 de
728 1938 875 1994 pueris
900 1937 1010 1981 meis
1033 1937 1244 1981 constitui
1270 1952 1400 1995 super
1424 1944 1593 1995 portas,
1618 1943 1666 1982 ut
1691 1938 1838 1981 nullus
1862 1938 1998 1981 infer-

165 2002 232 2040 ret
262 2010 370 2039 onus
401 1996 448 2038 in
474 1997 545 2040 die
574 1997 765 2041 sabbati.
791 1996 828 2023 2⁰
847 1999 905 2040 Et
929 2002 1186 2040 manserunt
1215 1997 1534 2054 negotiatores,
1562 2002 1606 2041 et
1630 1998 1871 2041 vendentes
1903 1997 1999 2040 uni-

165 2070 292 2098 versa
314 2055 514 2111 venalia,
541 2056 650 2099 foris
677 2057 926 2100 Jerusalem
948 2056 1085 2100 semel
1107 2061 1151 2099 et
1176 2056 1257 2099 bis.
1282 2055 1316 2082 2¹
1337 2058 1395 2100 Et
1420 2062 1692 2101 contestatus
1717 2072 1813 2100 sum
1837 2071 1931 2113 eos,
1956 2062 2000 2100 et

167 2115 261 2158 dixi
291 2114 382 2159 eis:
411 2115 552 2165 Quare
579 2115 769 2158 manetis
796 2130 850 2159 ex
874 2116 1060 2159 adverso
1086 2115 1231 2158 muri?
1261 2115 1303 2159 Si
1329 2116 1521 2160 secundo
1551 2117 1633 2160 hoc
1663 2116 1881 2171 feceritis,
1906 2130 1998 2158 ma-

167 2185 273 2217 num
310 2174 490 2222 mittam
521 2173 569 2216 in
597 2188 687 2217 vos.
716 2175 874 2230 Itaque
907 2189 962 2218 ex
993 2180 1191 2231 tempore
1230 2175 1306 2218 illo
1342 2190 1430 2219 non
1466 2180 1683 2219 venerunt
1713 2175 1761 2218 in
1797 2175 1996 2219 sabbato.

167 2233 203 2259 ‘2'2
223 2233 330 2276 Dixi
351 2247 522 2289 quoque
548 2233 697 2276 levitis
718 2239 768 2276 ut
788 2234 1120 2290 mundarentur,
1143 2238 1186 2277 et
1203 2234 1407 2278 venirent
1424 2235 1480 2278 ad
1503 2235 1814 2279 custodiendas
1835 2239 1996 2291 portas,

166 2300 211 2336 et
243 2292 613 2336 sanctificandam
648 2292 766 2335 diem
800 2293 990 2336 sabbati.
1022 2293 1080 2335 Et
1112 2307 1189 2349 pro
1222 2294 1304 2336 hoc
1338 2308 1441 2350 ergo
1472 2299 1694 2338 memento
1732 2294 1839 2349 mei,
1879 2295 1999 2337 Deus

167 2367 311 2408 meus,
339 2357 383 2396 et
407 2366 539 2408 parce
566 2351 676 2394 mihi
698 2352 941 2395 secundum
966 2351 1299 2395 multitudinem
1324 2353 1659 2396 miserationum
1679 2358 1868 2397 tuarum.

226 2411 263 2438 “²3
281 2411 366 2455 Sed
388 2416 433 2454 et
454 2411 500 2453 in
524 2411 678 2454 diebus
703 2410 793 2453 illis
815 2411 907 2453 vidi
934 2411 1117 2454 Judaeos
1144 2411 1355 2454 ducentes
1376 2427 1533 2455 uxores
1555 2413 1788 2468 Azotidas,
1816 2414 1999 2455 Ammo-

167 2471 354 2527 nitidas,
387 2475 430 2513 et
455 2470 741 2514 Moabitidas.
765 2469 802 2496 ⁹4
821 2471 878 2512 Et
900 2470 979 2512 filii
1005 2484 1156 2513 eorum
1181 2484 1234 2512 ex
1259 2471 1406 2513 media
1430 2476 1555 2527 parte
1584 2472 1877 2527 loquebantur
1900 2485 1998 2513 azo-

168 2531 275 2587 tice,
304 2535 348 2574 et
368 2530 629 2573 nesciebant
650 2529 768 2586 loqui
795 2529 997 2586 judaice3
1023 2534 1066 2572 et
1090 2528 1383 2584 loquebantur
1403 2529 1532 2585 juxta
1556 2530 1758 2586 linguam
1782 2529 1934 2586 populi
1956 2534 2000 2572 et

168 2589 334 2647 populi.
361 2588 397 2616 ⁹⁵
416 2591 474 2632 Et
500 2589 738 2645 objurgavi
763 2603 856 2643 eos,
885 2593 928 2632 et
954 2588 1178 2631 maledixi.
1203 2589 1261 2630 Et
1283 2588 1423 2631 cecidi
1450 2603 1506 2632 ex
1534 2589 1595 2632 eis
1622 2589 1757 2645 viros,
1783 2593 1827 2632 et
1852 2587 1998 2631 decal-

168 2649 268 2692 cavi
291 2663 388 2705 eos3
414 2653 458 2692 et
483 2649 690 2704 adjuravi
715 2648 760 2691 in
785 2649 877 2692 Deo
902 2652 950 2690 ut
975 2661 1063 2690 non
1088 2647 1246 2690 darent
1270 2647 1383 2690 filias
1404 2662 1504 2690 suas
1527 2648 1628 2690 filiis
1651 2662 1819 2702 eorum,
1844 2652 1888 2690 et
1911 2662 1999 2690 non

168 2709 424 2765 acciperent
453 2708 507 2751 de
535 2707 710 2751 filiabus
736 2723 886 2752 eorum
911 2707 1014 2750 filiis
1043 2706 1152 2762 suis,
1180 2710 1224 2749 et
1255 2706 1562 2763 sibimetipsis,
1594 2707 1745 2750 diceus
1770 2724 1779 2751 z
1805 2706 1842 2734 2⁶
1861 2707 1998 2750 Num-

168 2767 274 2824 quid
299 2781 388 2811 non
419 2768 466 2810 in
498 2767 809 2824 hujuscemodi
837 2781 882 2810 re
914 2765 1119 2823 peccavit
1151 2764 1378 2822 Salomon,
1408 2780 1486 2809 rex
1518 2766 1770 2810 Israel?Et
1803 2771 1920 2809 certe
1952 2766 2000 2808 in

169 2826 377 2883 gentibus
400 2826 552 2870 multis
577 2841 665 2870 non
688 2831 782 2870 erat
802 2841 880 2869 rex
900 2825 1058 2869 similis
1081 2825 1146 2881 ei;
1173 2829 1216 2868 et
1238 2824 1424 2868 dilectus
1447 2827 1541 2868 Deo
1563 2839 1640 2868 suo
1663 2830 1768 2881 erat,
1788 2830 1832 2868 et
1853 2825 1999 2882 posuit

169 2901 270 2930 eum
297 2887 416 2930 Deus
441 2901 592 2943 regem
617 2901 748 2944 super
769 2900 946 2929 omnem
971 2884 1133 2940 Israel;
1163 2889 1206 2927 et
1231 2884 1376 2940 ipsum
1398 2899 1501 2940 ergo
1521 2884 1740 2928 duxerunt
1761 2885 1817 2928 ad
1843 2899 1998 2941 pecca-

169 2950 265 2988 tum
289 2946 496 2990 mulieres
517 2945 799 3002 alienigenae.
826 2944 861 2971 ²⁷
882 2943 1108 3000 Numquid
1135 2948 1179 2987 et
1203 2957 1281 2987 nos
1302 2943 1607 2988 inobedientes
1628 2944 1848 2987 faciemus
1870 2957 1998 2987 omne

170 3005 338 3047 malum
371 3005 539 3061 grande
571 3006 675 3060 hoc,
705 3010 755 3048 ut
786 3004 1128 3062 praevaricemur
1151 3003 1198 3045 in
1224 3004 1318 3046 Deo
1342 3008 1511 3059 nostro,
1538 3008 1583 3047 et
1604 3003 1816 3047 ducamus
1841 3017 1998 3046 uxores

170 3063 459 3120 peregrinas?
497 3063 533 3091 ²8
558 3066 624 3108 De
660 3064 763 3108 filiis
796 3070 945 3107 autem
982 3062 1163 3118 Joiada,
1201 3062 1281 3105 filii
1316 3062 1507 3119 Eliasib,
1545 3063 1785 3106 sacerdotis
1818 3062 1995 3118 magni,

171 3136 306 3178 gener
339 3129 432 3166 erat
465 3123 727 3168 Sanaballat
760 3123 1019 3177 Horonites,
1047 3136 1178 3178 quem
1209 3122 1368 3178 fugavi
1398 3137 1424 3165 a
1449 3137 1531 3166 me.
1559 3121 1596 3148 29
1614 3123 1882 3176 Recordare,
1910 3123 1996 3164 Do-

171 3181 290 3224 mine
317 3183 435 3225 Deus
466 3197 610 3239 meus,
637 3183 873 3227 adversum
899 3196 971 3226 eos
997 3181 1070 3238 qui
1099 3181 1303 3238 polluunt
1326 3181 1643 3238 sacerdotium,
1671 3181 1829 3239 jusque
1854 3194 1994 3224 sacer-

171 3239 318 3284 dotale
341 3247 384 3284 et
408 3242 652 3287 leviticum.

231 3299 268 3326 3⁰
285 3300 430 3357 Igitur
447 3301 661 3345 mundavi
685 3317 757 3346 eos
775 3303 831 3345 ab
852 3301 1055 3345 omnibus
1077 3300 1354 3357 alienigenis,
1375 3307 1418 3345 et
1436 3301 1644 3345 constitui
1664 3301 1837 3344 ordines
1855 3313 1996 3342 sacer-

171 3359 325 3402 dotum
354 3365 398 3403 et
428 3360 687 3417 levitarum,
718 3374 1075 3417 unumquemque
1103 3360 1151 3402 in
1183 3360 1428 3404 ministerio
1453 3375 1551 3417 suo,
1574 3360 1608 3387 3¹
1629 3365 1672 3403 et
1695 3360 1742 3402 in
1773 3358 1997 3402 oblatione

173 3416 394 3473 lignorum
412 3420 460 3462 in
486 3420 758 3477 temporibus
783 3419 1055 3476 constitutiS,
1080 3423 1124 3462 et
1146 3419 1194 3462 in
1218 3419 1470 3476 primitivis.
1495 3421 1720 3463 Memento
1745 3418 1853 3474 mei,
1878 3418 1997 3461 Deus

173 3491 314 3533 meus,
333 3478 380 3520 in
400 3478 579 3523 bonum.
605 3480 764 3523 Amen.

171 3623 220 3657 26]
241 3623 294 3651 111
314 3623 395 3657 Reg.
415 3624 513 3660 111,1
532 3627 566 3652 et
584 3625 646 3660 XI,
664 3628 678 3653 1
697 3627 731 3653 et
747 3628 774 3654 4.

2060 650 2106 677 Dc
2122 647 2300 682 stipenditz

2104 692 2262 721 leviticis.

2061 1305 2184 1333 Contra
2198 1309 2304 1332 trans-

2098 1356 2270 1382 gressores

2113 1402 2149 1422 sa
2156 1395 2256 1422 nbatl.

2064 2420 2111 2447 De
2127 2418 2305 2448 connubiis

2083 2471 2158 2491 cum
2179 2462 2288 2496 genti-

2135 2507 2234 2536 libus.

2089 3301 2272 3332 conclusio.
