2423 3861
603 108 676 150 Ps.
711 105 929 159 LXXIX,
963 104 990 148 6
1021 129 1080 135 -
1111 101 1302 154 LXXX,
1339 101 1404 143 10.
1832 91 1918 136 607

290 283 308 308 ⁶
325 279 495 324 cibabis
520 292 598 322 nos
624 291 736 334 pane
758 276 1075 331 lacrymarum,

391 344 435 381 ct
455 343 607 395 potum
634 335 760 378 dabis
783 333 908 377 nobis
932 332 978 374 in
1005 329 1211 386 lacrymis
1235 328 1279 370 in
1308 323 1542 370 mensura?

292 397 307 424 ⁷
328 397 518 441 Posuisti
545 410 622 438 nos
647 395 693 437 in
719 391 1115 437 contradictionem
1137 387 1296 430 vicinis
1318 384 1497 439 nostris,

390 462 434 499 et
454 454 624 498 inimici
650 452 787 496 nostri
810 451 1195 495 subsannaverunt
1221 460 1310 488 nos.

291 514 308 541 8
328 516 447 558 Deus
474 514 710 567 virtutum,
735 515 941 554 converte
966 522 1065 561 nos,

391 580 435 616 et
461 571 643 616 ostende
666 570 831 613 faciem
857 574 1000 620 tuam,
1026 571 1069 609 et
1094 563 1205 607 salvi
1232 562 1407 606 erimus.

294 632 311 656 ⁹
333 632 520 675 Vineam
544 631 597 674 de
624 630 823 685 AEgypto
851 622 1136 677 transtulisti,

393 696 436 734 et
462 689 633 746 ejecisti
657 693 832 744 genteS,
856 689 899 728 et
924 681 1136 740 plantasti
1162 694 1274 723 eam.

278 749 311 774 ¹⁰
330 751 430 792 Dux
454 748 622 792 itineris
647 745 775 789 fuisti
797 745 843 786 in
869 746 1107 798 conspectu
1133 739 1255 795 ejus3

394 806 605 865 plantasti
632 804 802 848 radices
824 802 941 858 ejus,
968 805 1012 843 et
1033 797 1236 855 implevit
1262 802 1436 840 terram.

278 867 307 893 ¹¹
327 867 507 924 Operuit
533 870 704 908 montes
726 862 883 906 umbra
904 860 1020 916 ejus,

393 932 436 970 et
461 925 641 968 arbusta
663 922 759 978 ejus
785 920 936 964 cedros
960 917 1057 961 Dei.

280 984 312 1010 ¹⁸²
336 984 550 1028 Extendit
571 981 777 1040 palmites
802 992 902 1022 suos
927 990 1063 1033 usque
1083 975 1140 1018 ad
1163 988 1303 1030 mare,

395 1050 438 1087 et
460 1057 595 1099 usque
615 1041 672 1084 ad
698 1039 861 1082 fiumen
888 1035 1153 1094 propagines
1180 1035 1290 1091 ejus.

281 1103 314 1129 ¹²³
334 1104 394 1147 Ut
418 1102 523 1159 quid
550 1097 807 1145 destruxisti
832 1095 1072 1139 maceriam
1094 1093 1211 1149 ejus,

396 1168 439 1205 et
463 1159 740 1204 vindemiant
762 1171 859 1200 eam
886 1168 1035 1198 omnes
1057 1152 1131 1209 qui
1157 1149 1578 1209 praetergrediuntur
1600 1145 1748 1191 viam?

279 1221 313 1247 Η
335 1219 660 1264 Exterminavit
681 1231 778 1261 eam
800 1229 905 1272 aper
927 1214 980 1256 de
1004 1212 1141 1265 silva,

393 1286 436 1323 et
460 1277 698 1334 singularis
724 1276 845 1319 ferus
868 1274 1075 1330 depastus
1101 1276 1167 1314 est
1193 1284 1303 1313 eam.

281 1341 314 1367 ¹5
334 1341 451 1382 Deus
473 1338 708 1390 virtutum,
733 1337 1006 1386 convertere,
1034 1329 1201 1386 respice
1228 1328 1281 1371 de
1308 1327 1437 1383 caelo,

395 1403 438 1441 et
459 1396 580 1451 vide,
604 1400 647 1438 et
669 1393 801 1436 visita
827 1391 1003 1433 vineam
1028 1389 1186 1442 istam3

281 1459 314 1485 ¹¹³
332 1463 376 1501 ct
397 1456 555 1514 perfice
582 1468 679 1496 eam
705 1465 837 1507 quam
864 1447 1086 1506 plantavit
1111 1447 1293 1490 dextera
1316 1452 1411 1499 tua,

397 1520 440 1558 et
461 1527 591 1570 super
612 1511 753 1553 filium
775 1507 966 1551 hominis
989 1519 1119 1561 quem
1146 1504 1415 1548 confirmasti
1441 1503 1536 1546 tibi.

280 1576 313 1602 ¹⁷
333 1576 521 1618 Incensa
545 1570 641 1627 igni
666 1574 710 1612 et
733 1567 943 1622 suffossa,

393 1632 450 1675 ab
471 1628 774 1686 increpatione
796 1626 946 1669 vultus
971 1625 1035 1668 tui
1058 1623 1278 1681 peribunt.

282 1693 317 1720 ‘¹8
336 1693 439 1736 Fiat.
463 1702 619 1733 manus
645 1693 721 1730 tua
743 1700 873 1742 super
893 1684 1039 1727 virum
1062 1683 1256 1726 dexterae
1279 1687 1387 1737 tuae,

398 1754 442 1794 et
466 1763 596 1806 super
620 1747 761 1790 filium
786 1743 978 1788 hominis
1001 1756 1132 1800 quem
1157 1740 1428 1784 confirmasti
1452 1739 1549 1782 tibi.

282 1812 316 1838 ¹9
337 1813 392 1854 Et
413 1823 499 1852 non
522 1806 790 1851 discedimus
811 1819 837 1847 a
858 1809 927 1858 te3

398 1865 648 1911 vivificabis
670 1878 769 1920 nOS,
797 1868 840 1907 et
865 1877 1026 1906 nomen
1052 1867 1179 1904 tuum
1200 1858 1520 1903 invocabimus.

281 1929 317 1956 ‘20
335 1927 545 1982 Domine,
573 1927 694 1969 Deus
718 1923 954 1977 virtutum,
982 1925 1188 1964 converte
1214 1933 1313 1974 nos,

401 1991 444 2030 et
470 1984 650 2029 ostende
674 1981 841 2025 faciem
863 1986 1006 2036 tuam,
1035 1985 1078 2022 et
1103 1978 1216 2022 salvi
1240 1977 1414 2021 erimus.

571 2049 581 2070 Ι

813 2091 1027 2133 PsALMUS
1060 2088 1232 2131 LXXX

167 2186 378 2229 Hor-tatio
409 2182 472 2226 ad
489 2181 753 2238 fidelitatem
785 2193 888 2235 crya
922 2178 1085 2230 Deum,
1109 2176 1333 2232 praecz‘pzce
1366 2175 1410 2216 in
1429 2172 1566 2228 festis
1597 2150 1900 2214 celebrandis..

170 2272 184 2299 ¹
200 2273 254 2315 In
279 2272 432 2326 finem,
455 2283 533 2326 pro
554 2266 870 2321 torcularibus,
895 2264 1096 2308 Psalmus
1121 2263 1208 2320 ipsi
1235 2261 1400 2317 Asaph.

307 2344 324 2370 9
342 2344 553 2388 Exultate
580 2344 673 2385 Deo
699 2339 893 2397 adjutori
919 2344 1087 2393 nostro,

407 2402 596 2461 jubilate
623 2403 716 2444 Deo
738 2399 893 2443 Jacob.

307 2464 325 2490 3
342 2462 510 2507 Sumite
535 2460 776 2518 psalmum,
807 2464 850 2502 et
872 2458 975 2500 date
999 2462 1259 2513 tympanum
1279 2470 1288 2508 3

407 2520 665 2579 psalterium
690 2518 957 2575 jucundum,
981 2530 1080 2558 cum
1107 2513 1290 2557 cithara.

309 2583 324 2608 ³*
347 2580 589 2625 Buccinate
613 2579 660 2621 in
685 2576 917 2620 neomenia
940 2574 1069 2629 tuba,

406 2640 454 2683 in
477 2637 645 2694 insigni
671 2637 742 2680 die
767 2633 1060 2678 solemnitatis
1086 2636 1269 2685 vestrae3

310 2702 327 2727 ὖ
344 2699 447 2757 quia
473 2702 747 2755 praeceptum
771 2695 818 2737 in
844 2693 983 2737 Israel
1008 2697 1093 2747 est,

411 2763 456 2802 et
479 2756 700 2814 judicium
727 2756 821 2798 Deo
843 2752 999 2796 Jacob.

312 2819 330 2845 ⁶
348 2815 669 2861 Testimonium
695 2814 741 2857 in
763 2814 790 2856 J
797 2812 929 2869 oseph
954 2810 1102 2868 posuit
1125 2808 1258 2865 illud,

413 2891 513 2920 cum
539 2874 680 2919 exiret
705 2873 759 2916 de
780 2878 894 2916 terra
921 2869 1135 2926 AEgypti3

411 2936 614 2992 linguam
639 2947 771 2989 quam
796 2945 883 2974 non
910 2933 1093 2972 noverat
1117 2926 1302 2970 audivit.

315 2996 330 3022 ⁷
353 2994 547 3039 Divertit
571 2993 627 3036 ab
654 2991 858 3035 oneribus
884 2989 1061 3033 dorsum
1083 2987 1202 3043 ejus;

415 3068 573 3097 manus
598 3052 694 3108 ejus
720 3051 765 3093 in
792 3049 980 3106 cophino
1009 3046 1268 3090 servierunt.

318 3115 334 3141 ⁸
352 3115 406 3157 [n
431 3112 720 3156 tribulatione
745 3108 963 3153 invocasti
990 3120 1080 3162 me,
1108 3111 1151 3149 et
1171 3103 1356 3148 liberavi
1380 3108 1439 3147 te.

417 3171 640 3215 Exaudivi
666 3176 710 3214 te
733 3170 780 3212 in
805 3165 1066 3211 abscondito
1088 3163 1388 3221 tempestatis3

417 3230 600 3289 probavi
627 3235 670 3273 te
695 3229 814 3286 apud
839 3240 1000 3283 aquam
1027 3221 1402 3268 contradictionis.

291 3292 309 3319 9
327 3291 465 3346 Audi,
492 3289 680 3348 populus
702 3302 845 3342 meus,
869 3292 912 3329 et
934 3283 1213 3328 contestabor
1233 3287 1290 3325 te.

419 3349 578 3404 Israel,
602 3348 639 3392 si
664 3347 856 3391 audieris
878 3359 968 3399 me,

277 3410 312 3436 ¹⁰
329 3424 415 3453 non
441 3409 523 3452 erit
545 3408 593 3450 in
615 3413 659 3451 te
685 3407 791 3450 deus
815 3418 984 3459 recens,

422 3482 563 3524 neque
587 3465 793 3510 adorabis
820 3464 952 3508 deum
974 3461 1182 3508 alienum.

140 3618 187 3652 80,
205 3616 236 3650 6]
251 3615 329 3645 Gen.
344 3615 421 3643 XLI
433 3635 442 3651 ,
458 3617 501 3643 29.
513 3629 546 3635 -
567 3615 596 3649 8]
614 3616 675 3644 Ex.
691 3615 790 3643 XVII
802 3634 810 3649 ,
828 3616 853 3643 5.
871 3627 906 3632 —
924 3611 972 3645 10]
989 3611 1050 3639 Ex.
1069 3610 1151 3640 XX.
1167 3611 1194 3637 3.

2007 619 2121 648 Vincae
2143 626 2227 649 suae„

2026 663 2193 696 quondam

2035 709 2180 735 florent-.-

1993 1096 2081 1117 nunc
2120 1090 2234 1117 auten]

2074 1138 2157 1165 pene

2016 1176 2215 1208 destructae,

2077 1561 2166 1588 Deus

2042 1607 2196 1637 prompte

2026 1655 2221 1676 succurrere

2037 1691 2207 1725 dignetur.

2053 2258 2198 2287 Titulus.

2007 2331 2139 2359 Psaltes
2148 2336 2248 2364 popu-

2008 2376 2076 2403 lum
2089 2373 2248 2402 hortatur

2044 2419 2083 2447 ad
2120 2419 2212 2447 festa

2064 2462 2124 2491 Dei
2140 2461 2193 2496 pie

2027 2507 2234 2536 celebranda.

2039 2805 2116 2838 Ipse
2138 2805 2227 2832 Dens

2068 2851 2202 2877 enarrat

2059 2900 2120 2921 sua
2134 2899 2214 2925 erga

2059 2937 2219 2965 Israelem

2046 2979 2220 3015 beneficia,

2064 3283 2162 3313 illum
2179 3283 2220 3311 ad

2042 3327 2241 3356 fidelitatem

2038 3378 2225 3406 provocans
2233 3391 2241 3407 ,
