2391 3861
1816 162 1925 204 1297

723 165 851 206 1'11112.
889 165 930 217 Ι,
965 165 1014 205 21
1052 189 1109 196 --
1144 163 1210 214 Π,
1244 164 1310 204 2-1.

166 334 199 360 ‘²¹
220 335 329 376 Mihi
356 336 472 377 enim
496 336 643 376 vivere
672 333 871 377 Christus
902 339 986 387 est,
1018 339 1061 374 et.
1088 332 1194 374 mori
1223 331 1405 374 lucrum.
1433 330 1469 356 ‘²2
1489 330 1613 380 Quod
1639 330 1674 371 si
1703 331 1848 373 vivere
1883 331 1926 372 in

108 407 258 448 carne,
283 392 353 435 hic
377 393 483 435 mihi
511 393 683 435 fructus
711 391 851 448 operis
875 400 959 438 est,
984 397 1027 434 et
1052 391 1156 446 quid
1183 390 1346 445 eligam
1375 390 1539 444 ignoro.
1566 387 1604 415 '²³
1624 388 1832 432 Coarctor
1852 404 1927 431 au-

107 458 193 495 tem
221 466 243 494 e
270 451 439 493 duobus
465 468 474 494 τ
505 451 771 495 desiderium
805 450 971 493 habens
1002 450 1204 504 dissolvi,
1236 455 1278 492 et
1308 463 1401 491 esse
1432 463 1531 491 cum
1565 447 1759 502 Christo,
1788 447 1927 489 multo

107 511 249 565 magis
284 510 466 563 melius3
502 509 538 536 Ἢ
564 523 820 566 permanere
848 516 996 551 autem
1031 509 1075 550 in
1110 522 1260 562 carne,
1300 506 1593 551 necessarium
1632 513 1807 563 propter
1836 520 1925 548 vos.

106 568 142 595 '²⁵
162 570 217 611 Et.
244 569 325 611 hoc
352 569 574 612 confidens
601 568 690 610 scio
715 568 818 623 quia
848 567 1056 622 manebo,
1083 574 1126 609 et
1157 567 1422 623 permanebo
1455 566 1660 609 omnibus
1690 565 1836 620 vobis,
1870 565 1926 608 ad

106 628 355 684 profectum
391 633 582 670 vestrum
614 633 657 670 ct
685 626 897 682 gaudium
925 626 1048 679 tidei3
1084 625 1121 651 ‘²⁶
1140 631 1186 667 ut
1215 625 1453 680 gratulatio
1480 630 1625 668 vestra
1655 623 1850 667 abundet
1881 623 1927 665 in

105 686 278 729 Christo
303 687 410 729 <Iesu
436 686 479 728 in
504 700 591 742 me,
617 700 692 742 per
715 699 860 728 meum
886 685 1127 726 adventum
1155 683 1313 726 iterum
1341 683 1398 726 ad
1425 698 1514 726 vos.

413 807 435 863 ξ
476 807 534 849 ΙΙ.
570 832 628 838 --
664 805 860 851 Christus
892 805 1112 860 eccamplar
1138 805 1377 860 perfectum
1398 805 1622 858 fidelibus.

162 920 196 946 ‘²⁷
216 922 409 963 Tantum
437 921 569 976 digne
601 920 832 976 evangelio
859 919 1020 963 Christi
1048 919 1393 971 conversamini,
1425 924 1472 961 ut
1497 919 1589 962 sive
1617 933 1715 962 611111
1746 935 1926 973 venero,

102 985 147 1023 et
168 979 318 1022 videro
339 994 428 1034 vos,
455 980 548 1022 sive
572 980 730 1023 absens
755 979 933 1021 audiam
961 978 1013 1020 de
1037 977 1161 1020 vobis
1187 977 1288 1033 quia
1315 977 1442 1019 statis
1465 977 1508 1019 in
1536 992 1621 1019 uno
1641 978 1796 1034 spiritu
1821 994 1927 1021 una-

103 1039 265 1093 nimes,
293 1038 615 1082 collaborantes
642 1038 742 1081 fidei
777 1037 1022 1092 evangelii3
1052 1035 1087 1063 2⁸
1107 1042 1149 1079 et
1181 1036 1225 1079 in
1260 1036 1380 1079 nullo
1408 1036 1659 1079 terreamini
1687 1037 1742 1079 ab
1772 1038 1926 1081 adver-

103 1097 248 1152 sariis,
272 1112 368 1152 (111ae
393 1097 479 1139 illis
503 1102 569 1140 est
594 1111 726 1140 causa
752 1096 1033 1153 perditionis,
1057 1095 1181 1138 vobis
1207 1100 1356 1138 autem
1383 1095 1559 1148 salutis,
1592 1101 1634 1138 et
1660 1095 1741 1138 hoc
1763 1112 1789 1139 a
1812 1098 1928 1140 Deo:

102 1155 139 1182 '²⁰
156 1156 258 1212 quia
284 1156 409 1199 vobis
436 1156 650 1199 donatum
674 1161 740 1199 est
761 1170 838 1212 pro
860 1155 1056 1209 Christo,
1083 1168 1169 1197 non
1191 1154 1333 1197 solnm
1352 1159 1399 1197 ut
1424 1154 1468 1196 in
1491 1169 1590 1198 eum
1617 1155 1828 1211 credatis,
1851 1157 1927 1200 sed

103 1221 151 1257 ut
172 1216 305 1258 etiam
333 1230 408 1271 pro
438 1215 515 1258 illo
539 1215 792 1271 patiamini,
819 1214 855 1241 ³0
873 1213 991 1257 idem
1017 1218 1240 1257 certamen
1270 1213 1503 1269 habentes,
1532 1214 1663 1269 quale
1688 1219 1731 1256 et
1753 1215 1928 1258 vidistis

101 1274 147 1317 in
168 1288 258 1329 me,
286 1279 331 1317 et
355 1288 472 1317 nunc
497 1274 682 1317 audistis
708 1274 762 1317 de
787 1288 870 1318 me.

161 1334 267 1378 CAP.
295 1333 356 1376 ΙΙ.
382 1359 442 1366 —
469 1332 479 1358 ¹
500 1333 545 1377 Si
571 1347 655 1389 qua
677 1347 780 1388 ergo
803 1332 1045 1376 consolatio
1069 1333 1114 1375 in
1139 1332 1334 1388 Christo,
1354 1333 1390 1376 si
1413 1334 1528 1389 quod
1551 1333 1760 1376 solatium
1787 1333 1926 1376 chari-

101 1393 228 1447 tatis,
252 1392 287 1435 si
314 1407 400 1448 (1116
424 1392 612 1435 60616166
642 1392 840 1448 spiritus,
867 1391 903 1434 si
929 1405 1014 1447 (1116
1039 1392 1208 1435 viscera
1233 1391 1551 1448 miserationis,
1575 1392 1592 1418 ‘2
1617 1392 1799 1449 implete
1821 1407 1928 1448 gau-

102 1452 225 1494 dium
255 1466 422 1506 meum,
447 1456 495 1494 ut
520 1451 638 1494 idem
664 1451 867 1508 sapiatis,
898 1450 1099 1494 eamdem
1123 1451 1385 1494 charitatem
1411 1452 1647 1507 habentes,
1675 1452 1926 1509 unanimes,

100 1511 294 1567 idipsum
319 1510 584 1563 sentientes;
609 1510 627 1536 3
648 1509 759 1552 nihil
785 1523 861 1565 per
886 1510 1228 1565 contentionem,
1257 1525 1398 1566 neque
1420 1525 1497 1567 per
1523 1511 1701 1554 inanem
1725 1511 1926 1567 gloriam,

101 1569 176 1612 sed
198 1570 244 1611 in
266 1569 519 1611 humilitate
540 1568 784 1624 superiores
806 1568 889 1610 sibi
914 1568 1109 1612 invicem
1130 1568 1420 1624 arbitrantes3
1450 1569 1467 1596 4
1484 1584 1571 1613 non
1599 1585 1696 1625 quae
1726 1585 1805 1613 sua
1826 1576 1929 1614 sunt

100 1628 263 1683 singuli
287 1627 638 1682 considerantes,
661 1627 737 1670 sed
763 1641 814 1670 ea
840 1641 936 1682 qnae
962 1627 1161 1670 aliorum.

158 1687 176 1713 5
198 1687 297 1729 Hoc
326 1687 445 1729 enim
473 1686 634 1729 sentite
665 1686 712 1728 in
742 1686 887 1741 vobis,
919 1686 1036 1741 quod
1067 1692 1111 1729 et
1142 1687 1189 1729 111
1223 1687 1395 1731 Christo
1423 1689 1532 1731 Jesu
1561 1706 1569 1733 :
1603 1689 1621 1715 6
1643 1690 1715 1745 qui
1750 1704 1850 1732 611111
1883 1691 1929 1733 111

99 1746 245 1789 forma
272 1745 354 1788 Dei
380 1750 514 1800 esset,
539 1759 626 1788 non
654 1745 857 1802 rapinam
880 1745 1118 1788 arbitratus
1141 1751 1207 1789 est
1233 1761 1326 1790 esse
1351 1761 1397 1789 se
1425 1748 1639 1802 aequalem
1669 1750 1786 1803 Deo3
1814 1748 1829 1775 ⁷
1852 1749 1930 1792 sed

100 1805 385 1861 semetipsum
411 1804 678 1860 exinanivit,
710 1805 903 1848 formam
932 1804 1046 1847 servi
1072 1805 1317 1861 accipiens,
1343 1806 1391 1848 in
1420 1806 1760 1850 similitudinem
1789 1808 1929 1851 homi-

101 1879 207 1907 num
231 1864 394 1920 factus,
413 1869 457 1906 et
481 1863 637 1906 habitu
661 1863 870 1907 inventus
896 1869 944 1906 ut
965 1864 1110 1907 homo.
1130 1863 1146 1890 8
1163 1865 1435 1908 Humiliavit
1460 1867 1760 1923 semetipsum,
1780 1867 1929 1910 factus

100 1923 309 1967 obediens
334 1937 471 1978 usque
496 1923 552 1966 ad
578 1928 786 1978 mortem,
812 1929 999 1967 mortem
1024 1928 1173 1966 autem
1199 1924 1353 1968 crucis.
1373 1924 1391 1950 9
1409 1925 1593 1982 Propter
1610 1925 1725 1982 quod
1748 1931 1791 1970 et
1812 1927 1928 1970 Deus

101 1982 318 2025 exaltavit
342 1982 490 2037 illum,
520 1987 563 2025 et
588 1981 772 2025 donavit
797 1982 863 2025 illi
893 1996 1053 2026 nomen
1080 1983 1196 2039 qnod
1219 1988 1285 2026 est
1309 1998 1440 2041 super
1461 1999 1589 2029 omne
1611 2000 1793 2041 nomen,
1822 1985 1857 2012 10
1881 1991 1929 2028 ut

101 2042 146 2083 in
170 2041 348 2085 nomine
371 2042 478 2084 Jesu
505 2056 634 2084 omne
660 2055 775 2097 genu
806 2041 1010 2085 flectatur
1035 2042 1301 2099 caelestium,
1333 2044 1624 2100 terrestrium,
1660 2049 1704 2087 et
1731 2045 1927 2089 inferno-

101 2115 211 2154 rum,
232 2100 263 2126 ¹¹
284 2105 328 2143 et
353 2100 494 2144 omnis
516 2100 671 2156 lingua
697 2100 958 2144 confiteatur
984 2100 1084 2156 quia
1108 2101 1324 2145 Dominus
1350 2103 1377 2145 J
1382 2116 1479 2146 esus
1498 2103 1698 2146 Christus
1721 2103 1764 2146 in
1788 2104 1935 2160 gloria¹

101 2167 167 2202 est
192 2160 275 2202 Dei
299 2161 456 2202 Patris.

160 2217 196 2244 1'2
213 2219 393 2274 Itaque,
413 2219 660 2262 charissimi
687 2220 774 2263 mei
797 2220 942 2276 (sicut
962 2235 1137 2277 semper
1158 2220 1416 2279 obedistis),
1438 2237 1525 2265 non
1547 2227 1596 2264 ut
1621 2223 1665 2265 in
1691 2223 1928 2279 praesentia

102 2277 186 2321 mei
211 2283 407 2334 tantum,
434 2278 511 2321 sed
537 2279 676 2322 multo
707 2279 850 2334 magis
876 2293 993 2322 1111116
1021 2279 1068 2322 111
1097 2281 1301 2324 absentia
1330 2296 1448 2337 mea,
1476 2295 1576 2324 cum
1610 2287 1730 2325 metu
1763 2286 1806 2324 et
1842 2287 1929 2325 tre-

101 2351 219 2380 more
244 2343 438 2380 vestram
469 2338 659 2381 salutem
685 2337 943 2395 operamini.
972 2338 1007 2365 '¹3
1027 2340 1145 2382 Deus
1171 2345 1238 2382 est
1262 2340 1380 2383 enim
1403 2340 1475 2396 qui
1502 2346 1707 2397 operatur
1732 2342 1777 2384 in
1802 2341 1928 2384 vobis

101 2402 144 2439 et
165 2396 280 2440 velle
305 2402 348 2440 et
370 2397 599 2453 perficere,
624 2412 699 2454 pro
722 2397 838 2441 bona
863 2397 1106 2441 voluntate.
1127 2398 1163 2424 ¹4
1182 2399 1341 2442 Omnia
1362 2404 1512 2443 autem
1533 2399 1673 2443 facite
1698 2400 1793 2444 sine
1819 2415 1929 2443 mur-

102 2455 422 2499 murationibus
449 2463 492 2500 et
517 2457 871 2500 haesitationibus
893 2473 903 2501 :
932 2456 965 2482 ¹5
988 2462 1035 2499 ut
1060 2457 1156 2500 sitis
1185 2458 1280 2501 sine
1309 2459 1505 2514 querela,
1529 2464 1573 2501 et
1597 2459 1821 2516 simplices
1848 2459 1928 2502 filii

104 2514 204 2571 Dei,
232 2515 327 2558 sine
348 2516 707 2572 reprehensione,
730 2516 775 2558 in
798 2517 943 2560 medio
967 2517 1158 2559 nationis
1184 2531 1332 2573 pravae
1359 2522 1402 2560 et
1423 2531 1661 2574 perversae,
1685 2518 1800 2562 inter
1821 2533 1927 2574 quos

101 2574 256 2618 lucetis
282 2574 398 2617 sicut
423 2575 660 2618 luminaria
685 2575 730 2618 in
756 2575 921 2618 mundo
942 2593 950 2631 3
980 2575 1015 2602 ¹⁶
1032 2576 1217 2619 verbum
1235 2576 1340 2619 vitae
1364 2576 1639 2620 continentes
1661 2577 1719 2620 ad
1740 2578 1929 2633 gloriam

101 2647 245 2676 meam
269 2633 315 2676 in
342 2633 413 2677 die
439 2633 616 2690 Christi,
639 2635 742 2690 quia
766 2649 855 2678 non
875 2635 921 2676 111
944 2649 1135 2677 vacuum
1158 2635 1341 2691 cucurri,
1365 2650 1506 2691 neque
1530 2635 1576 2679 in
1594 2651 1786 2680 vacuum
1807 2637 1928 2681 labo-

101 2692 208 2735 ravi.
236 2691 269 2718 ¹⁷
290 2692 374 2736 Sed
404 2698 447 2736 et
475 2693 512 2749 61
540 2693 746 2737 immolor
770 2708 901 2750 supra
931 2693 1196 2738 sacrificium
1245 2699 1289 2737 et
1322 2694 1580 2750 obsequium
1613 2696 1716 2739 fidei
1745 2701 1925 2751 vestrae,

100 2751 295 2807 gaudeo,
321 2758 364 2795 et
389 2753 673 2807 congratulor
694 2752 898 2796 omnibus
927 2753 1063 2796 vobis.
1094 2752 1125 2779 ¹3
1144 2752 1346 2810 Idipsum
1367 2760 1518 2797 autem
1546 2759 1590 2797 et
1612 2769 1689 2798 vos
1715 2756 1926 2812 gaudete,

101 2816 144 2853 et
166 2811 539 2866 congratulamini
564 2811 687 2855 mihi.

438 2935 461 2988 ξ
494 2933 583 2975 III.
617 2959 676 2964 —
706 2934 811 2976 Duo
844 2935 932 2976 viri
962 2934 1192 2989 apostolici
1225 2935 1589 2979 commendantur.

160 3047 196 3073 ¹9
222 3048 357 3104 Spero
382 3052 531 3090 autem
560 3047 605 3090 in
638 3048 828 3091 Domino
854 3049 962 3091 Jesu
991 3048 1274 3092 Timotheum
1307 3063 1376 3092 me
1409 3050 1496 3093 cito
1531 3050 1705 3094 mittere
1738 3050 1794 3094 ad
1827 3066 1927 3107 vos,

101 3111 149 3149 ut
171 3112 214 3149 et
236 3120 318 3162 ego
343 3106 458 3149 bono
484 3106 632 3150 animo
658 3107 755 3162 sim,
779 3107 968 3163 cognitis
991 3121 1089 3163 quae
1111 3107 1226 3150 circa
1252 3122 1329 3151 vos
1354 3113 1471 3152 sunt.
1493 3108 1531 3136 2⁰
1548 3109 1783 3153 Neminem
1809 3110 1927 3154 enim

102 3165 242 3209 habeo
281 3171 374 3208 tam
415 3165 696 3221 unanimem,
738 3166 811 3221 qui
853 3165 1023 3209 sincera
1060 3166 1298 3210 affectione
1330 3182 1407 3224 pro
1440 3168 1566 3211 vobis
1603 3168 1818 3211 sollicitus
1855 3169 1924 3213 sit.

101 3224 135 3249 '²¹
157 3224 318 3268 Omnes
340 3225 459 3267 enim
485 3239 580 3280 quae
606 3239 685 3267 sua
710 3230 813 3267 sunt
835 3231 1058 3281 quaerunt,
1085 3239 1172 3268 non
1198 3240 1294 3281 quae
1319 3231 1421 3269 sunt
1447 3228 1473 3269 J
1479 3242 1554 3270 esu
1578 3227 1755 3271 Christi.
1783 3227 1820 3253 '22
1839 3229 1925 3270 Ex-

102 3283 395 3340 perimentum
417 3289 565 3327 autem
592 3284 687 3340 ejus
710 3284 975 3340 cognoscite,
995 3284 1097 3340 quia
1118 3284 1233 3327 sicut
1257 3285 1370 3342 patri
1395 3285 1524 3341 filius,
1545 3301 1716 3330 mecum
1742 3287 1926 3330 servivit

100 3342 146 3384 in
170 3342 416 3398 evangelio.
443 3341 480 3368 ⁹3
503 3343 635 3386 Hunc
660 3343 796 3399 igitur
819 3357 945 3400 spero
968 3357 1036 3386 me
1063 3343 1236 3387 mittere
1263 3344 1319 3387 ad
1338 3359 1435 3400 vos,
1464 3360 1565 3388 mox
1591 3352 1639 3388 ut
1656 3344 1806 3388 videro
1826 3360 1924 3401 quae

102 3400 218 3443 circa
244 3415 314 3444 me
337 3407 452 3444 sunt.
479 3400 516 3428 24
545 3401 727 3445 Confido
753 3408 900 3445 61116111
930 3402 975 3444 in
1003 3401 1213 3458 Domino,
1237 3403 1444 3458 quoniam
1470 3409 1512 3446 et
1543 3405 1638 3462 ipse
1664 3402 1839 3446 veniam
1867 3404 1924 3448 ad

100 3474 178 3503 vos
201 3459 300 3503 cito.

101 3618 149 3650 27]
169 3617 250 3649 Eph.
272 3618 326 3652 IV,
346 3620 370 3646 l.
392 3618 458 3646 Col.
481 3618 516 3652 Ι,
537 3621 580 3646 10.
600 3619 614 3646 Ι
633 3619 746 3646 Thess.
768 3619 812 3649 ΙΙ,
831 3621 873 3646 12.
891 3632 925 3637 -
951 3619 979 3652 S]
1004 3619 1104 3647 chr.
1127 3619 1274 3653 11,9.—
1293 3617 1339 3651 10]
1359 3618 1402 3645 Is.
1421 3617 1522 3653 XLV,
1539 3620 1584 3645 24.
1602 3619 1697 3647 Rom.
1715 3621 1807 3656 XIV,
1827 3622 1869 3650 11,
1888 3636 1925 3641 —

102 3661 150 3693 14]
171 3661 184 3687 Ι
207 3660 296 3689 Petr.
315 3661 373 3697 IV,
389 3663 414 3689 9.
435 3675 472 3681 —
494 3662 539 3695 19]
562 3663 636 3689 Act.
655 3661 746 3696 XVI,
766 3664 789 3689 1.
808 3675 842 3680 —
859 3661 906 3694 21]
928 3661 941 3688 1
961 3662 1030 3689 Cor.
1054 3661 1140 3689 XIII
1168 3666 1195 3690 5.

1660 3722 1716 3765 82

1991 343 2075 379 Quid
2093 343 2214 372 melius
2225 365 2232 376 ,

2040 387 2124 415 niori
2141 396 2181 416 nn

2043 431 2180 460 vivere?

2062 935 2167 969 Digne

2026 979 2202 1012 evangelio

2019 1030 2215 1051 conversan-

2071 1066 2161 1095 dum.

2056 1345 2176 1374 Mutua

2042 1386 2190 1415 dilectio.

1995 1697 2151 1726 Christus
2177 1698 2230 1725 liu-

2013 1740 2165 1769 minatus
2182 1747 2213 1769 et

2025 1784 2205 1813 exaltatus.

2039 2229 2190 2266 Qualiter

2030 2274 2069 2302 de
2087 2276 2197 2302 salute

2020 2319 2213 2346 curandum.

2017 3061 2213 3092 Timotheus

2077 3104 2145 3132 cito

2012 3146 2212 3177 mittendus.
