2423 3861
140 278 261 306 Foedus

129 329 254 350 novum
267 343 272 356 ,

110 369 282 394 aeternum.

144 1349 192 1377 No
198 1356 238 1378 va

89 1392 287 1420 Jerusalem.

117 2001 261 2030 Titulus.

83 2173 298 2202 Introductio

104 2216 279 2246 historica.

101 2706 266 2736 Jcremias
279 2729 285 2743 ‚

70 2750 210 2785 jubente
227 2752 294 2779 Deo
305 2772 312 2786 ‚

82 2795 163 2823 emit
181 2803 300 2828 agrum

72 2838 104 2867 in
127 2840 311 2868 Anathoth.

383 92 469 134 eso
879 93 982 135 JER.
1016 92 1195 147 XXXI,
1231 94 1282 134 31
1316 118 1376 126 -
1407 90 1609 149 xxxii,
1647 95 1715 139 12.

443 261 477 288 3¹
498 264 611 305 Ecce
638 262 730 304 dies
763 261 961 313 venient,
990 261 1097 303 dicit
1129 261 1365 316 Dominus,
1393 267 1436 304 et
1464 262 1624 304 feriam
1652 263 1801 305 domui
1832 265 1971 308 Israel
1997 270 2041 309 et
2062 266 2210 309 domui

385 323 412 365 ,J
417 322 501 364 uda
532 320 679 362 t‘oedns
705 334 888 373 novum,
919 318 956 345 3⁹2
974 334 1060 361 non
1086 320 1331 362 secundum
1363 327 1544 377 pactum
1565 321 1681 376 quod
1711 323 1859 378 pepigi
1890 338 1990 366 cum
2010 325 2212 381 patribus

383 395 552 434 eorum,
587 379 631 420 in
667 378 737 420 die
770 392 855 433 qua
884 379 1156 434 apprehendi
1184 394 1366 421 manum
1393 393 1542 422 eorum
1572 386 1620 422 ut
1652 381 1884 424 educerem
1917 397 1990 426 eos
2016 384 2070 427 de
2095 390 2211 427 terra

382 438 590 493 Aigypti,
622 443 804 493 pactum
834 437 949 492 quod
982 437 1156 479 irritum
1189 439 1422 492 feeerunt3
1458 445 1502 482 et
1527 453 1607 494 ego
1639 439 1890 483 dominatus
1916 455 2013 484 Sum
2038 457 2211 500 eorum,

383 498 489 540 dicit
513 496 742 539 Dominus.
769 496 806 522 33
825 496 908 539 Sed
934 497 1016 539 hoc
1038 497 1119 539 erit
1141 503 1321 553 pactum
1349 498 1464 553 quod
1486 498 1649 540 feriam
1675 513 1775 541 cum
1799 499 1927 543 domo
1954 501 2093 546 Israel
2113 510 2213 559 post

382 558 473 599 dies
498 555 617 610 illos,
642 554 750 597 dicit
776 555 992 598 Dominus
1024 573 1032 599 z
1060 556 1186 599 Dabo
1213 557 1358 612 legem
1387 571 1532 600 meam
1561 557 1606 599 in
1629 557 1872 601 visceribus
1898 573 2068 616 eorum,
2096 567 2139 604 et
2166 562 2213 604 111

381 615 510 657 corde
547 628 697 657 eorum
733 614 923 657 scribam
961 629 1078 668 eam,
1115 620 1156 657 et
1191 630 1262 658 ero
1295 616 1356 659 eis
1388 616 1433 658 in
1469 617 1633 672 Deum,
1669 622 1711 660 et
1743 617 1827 673 ipsi
1865 624 1993 661 erunt
2026 619 2135 662 mihi
2167 621 2214 663 in

379 674 620 730 populum3
656 673 692 700 34
722 679 767 716 et
803 688 887 716 non
929 674 1104 717 docebit
1143 675 1257 717 ultra
1291 675 1358 717 vir
1391 676 1642 732 proximum
1676 691 1805 719 51111111
1843 682 1886 720 et
1923 678 1990 719 vir
2026 678 2213 726 fratrem

379 747 519 787 suum,
548 732 699 775 dicens
729 750 737 776 :
761 733 988 788 Cognosce
1015 734 1254 776 Dominum
1277 752 1285 789 ;
1314 749 1465 777 omnes
1491 735 1610 777 enim
1641 741 1910 791 cognoscent
1931 751 2015 792 me,
2037 752 2063 780 a
2086 738 2214 781 mini—

378 806 450 835 mo
477 806 626 835 eorum
652 807 788 848 usque
810 792 866 835 ad
897 793 1162 849 maximum,
1187 793 1250 836 ait
1282 794 1528 848 Dominus3
1557 794 1659 850 quia
1685 795 1958 851 propitiabor
1986 796 2213 852 iniquitati

379 865 548 906 eorum,
573 858 616 894 et
638 852 809 908 peccati
837 866 987 895 eorum
1013 867 1099 895 non
1127 853 1404 896 memorabor
1429 853 1635 909 amplius.

437 910 474 936 35
493 911 604 953 Haec
636 910 744 953 dicit
776 911 991 954 Dominus
1019 911 1091 967 qui
1119 912 1195 954 dat
1224 912 1363 955 solem
1387 912 1433 954 in
1464 913 1631 956 lumino
1659 914 1766 969 diei,
1799 915 2000 958 ordinem
2025 915 2144 959 lunae
2170 922 2215 960 et

379 970 607 1013 stellarum
643 970 689 1012 in
723 971 889 1013 lumine
923 971 1093 1025 noctis3
1131 971 1204 1026 qui
1239 972 1390 1014 turbat
1431 987 1571 1028 mare,
1608 978 1651 1015 et
1691 979 1852 1016 sonant
1892 973 2053 1018 fluetus
2087 975 2211 1032 ejus3

380 1029 597 1072 Dominus
624 1030 899 1073 exercituum
931 1044 1091 1074 nomen
1116 1031 1213 1074 illi:
1254 1031 1290 1057 3⁶
1308 1032 1353 1074 Si
1380 1031 1629 1075 defecerint
1654 1032 1775 1088 leges
1806 1033 1904 1076 istae
1940 1048 2087 1076 coram
2121 1049 2212 1087 me,

378 1089 488 1132 dicit
516 1089 752 1144 Dominus,
776 1094 882 1132 tunc
912 1095 956 1132 et
981 1104 1132 1133 semen
1161 1091 1302 1134 Israel
1331 1090 1527 1146 deficiet,
1554 1097 1602 1133 ut
1627 1106 1715 1135 non
1742 1092 1799 1134 sit
1829 1107 1936 1148 gens
1968 1108 2116 1136 coram
2142 1108 2213 1137 me

379 1148 549 1191 cunetis
585 1148 755 1191 diebus.
794 1148 828 1174 3⁷
863 1149 976 1191 Haec
1012 1149 1120 1191 dicit
1160 1150 1377 1193 Dominus
1419 1167 1428 1194 :
1471 1150 1513 1194 Si
1557 1151 1801 1194 mensurari
1843 1152 2066 1208 potuerint
2113 1152 2212 1196 caeli

377 1221 569 1263 sursum,
597 1213 640 1250 et
664 1208 926 1264 investigari
956 1209 1256 1252 fundamenta
1280 1214 1407 1252 terrae
1437 1210 1664 1267 deorsum,
1692 1216 1735 1254 et
1768 1225 1849 1267 ego
1876 1212 2088 1267 abjiciam
2115 1212 2213 1255 uni-

376 1280 553 1309 versum
575 1281 724 1310 semen
749 1268 909 1323 Israel,
938 1273 1115 1324 propter
1140 1269 1289 1311 omnia
1315 1283 1413 1325 quae
1435 1270 1652 1325 fecerunt,
1680 1270 1790 1313 dicit
1811 1271 2041 1314 Dominus.

434 1325 470 1352 38
489 1326 607 1369 Ecce
634 1326 726 1370 dies
748 1327 953 1383 veniunt,
982 1327 1090 1370 dicit
1114 1327 1354 1388 Dominus,
1379 1334 1422 1372 et
1445 1329 1739 1372 aedificabitur
1765 1330 1924 1373 civitas
1946 1331 2161 1388 Domino,
2187 1346 2214 1375 a

376 1390 493 1428 turre
528 1386 762 1429 Hananeel
792 1400 929 1442 usque
962 1386 1018 1429 ad
1047 1392 1222 1443 portam
1251 1388 1418 1443 anguli.
1449 1388 1486 1414 39
1504 1388 1563 1432 Et
1593 1389 1734 1432 exibit
1761 1389 1875 1432 ultra
1904 1404 2060 1433 norma
2089 1405 2213 1434 men-

375 1459 488 1488 surae
513 1444 558 1487 in
593 1450 832 1502 conspectu
863 1445 960 1501 ejus
994 1461 1123 1503 super
1157 1446 1315 1490 collem
1351 1448 1519 1501 Gareb,
1553 1453 1598 1491 et
1629 1448 1836 1492 circuibit
1878 1450 2078 1506 Goatha,
2109 1449 2146 1476 4⁰
2171 1457 2213 1493 et

376 1519 553 1548 omnem
587 1505 751 1548 vallem
789 1505 1077 1562 cadaverum,
1117 1511 1159 1548 et
1194 1506 1374 1562 cineris,
1413 1512 1458 1550 et-
1490 1507 1743 1551 universam
1775 1509 2004 1565 regionem
2037 1510 2211 1566 mortis,

376 1578 513 1619 usque
542 1564 598 1606 ad
629 1570 868 1607 torrentem
891 1564 1084 1621 Cedron,
1110 1570 1153 1608 et
1182 1580 1320 1621 usque
1348 1566 1406 1609 ad
1431 1567 1649 1623 angulum
1674 1572 1813 1624 portae
1839 1583 2048 1624 equorum
2072 1569 2212 1612 orien-

375 1623 497 1679 talis,
532 1629 737 1668 sanctum
768 1623 975 1679 Domini,
1008 1638 1096 1667 non
1130 1624 1358 1680 evelletur,
1385 1630 1428 1668 et
1457 1640 1544 1669 non
1571 1626 1822 1670 destruetur
1844 1628 1960 1670 ultra
1988 1628 2035 1670 in
2058 1642 2211 1686 perpe-

376 1687 514 1725 tuum.

661 1758 819 1813 SERMQ
854 1758 907 1800 X.
934 1785 993 1789 —
1025 1758 1236 1801 ITERATA
1270 1771 1552 1804 consonArlo
1586 1772 1648 1803 AD
1682 1762 1921 1804 IsnAELEM

489 1876 510 1928 ξ
535 1874 570 1916 I.
593 1900 651 1906 —
676 1874 910 1929 Emptione
935 1876 1036 1930 (cyri
1050 1876 1371 1930 proeflffuratar
1382 1877 1552 1930 satura
1583 1879 1799 1919 restitutae>
1824 1877 2098 1920 Jucloeorum.

435 1983 541 2026 CAP.
575 1982 772 2025 XXXII.
806 2008 865 2015 —
897 1981 910 2007 ¹
933 1983 1131 2025 Verbum
1158 1983 1273 2039 quod
1303 1984 1479 2026 factum
1508 1989 1574 2027 est
1600 1985 1656 2027 ad
1683 1985 1927 2028 „Ieremiam
1949 1999 1975 2027 a
2006 1985 2211 2043 Domino,

374 2042 420 2084 in
457 2055 573 2084 anno
609 2041 779 2083 decimo
817 2041 1035 2097 Sedeciae,
1070 2042 1187 2097 regis
1221 2042 1362 2098 Juda,
1396 2043 1490 2100 ipse
1524 2048 1590 2086 est
1619 2058 1760 2087 annus
1791 2044 1989 2087 decimus
2025 2050 2207 2088 octavus

376 2100 797 2143 Nabuchodonosor.

435 2159 451 2185 ”2
477 2161 602 2202 Tune
640 2159 858 2202 exercitus
895 2160 1012 2215 regis
1049 2161 1291 2218 Babylonis
1326 2162 1560 2206 obsidebat
1597 2163 1868 2220 Jerusalem,
1909 2169 1952 2207 et
1990 2164 2208 2208 Jeremias

376 2220 589 2277 propheta
624 2224 718 2262 erat
755 2219 931 2262 clausus
964 2220 1010 2262 in
1047 2220 1159 2263 atrio
1199 2221 1386 2264 carceris
1425 2221 1498 2277 qui
1540 2227 1633 2265 erat
1669 2222 1716 2265 in
1754 2223 1884 2266 domo
1922 2223 2038 2279 regis
2076 2224 2209 2267 Juda.

376 2280 393 2306 3
418 2279 648 2322 Clauserat
682 2279 800 2321 enim
834 2293 935 2322 eum
973 2279 1201 2335 Sedeeias‚
1236 2295 1312 2323 rex
1351 2281 1491 2337 Juda,
1527 2281 1708 2325 dicens:
1755 2282 1896 2333 Quare
1929 2283 2209 2340 vaticinaris,

377 2339 526 2382 dicens
557 2355 564 2381 :
593 2339 705 2380 Haec
737 2338 845 2381 dicit
875 2339 1092 2382 Dominus
1126 2357 1134 2382 :
1163 2341 1279 2383 Ecce
1310 2355 1391 2396 ego
1422 2341 1537 2384 dabo
1565 2341 1795 2385 civitatem
1819 2342 1953 2385 istam
1980 2342 2027 2385 in
2054 2357 2211 2385 manus

375 2398 491 2453 regis
520 2397 782 2454 Babylonis,
807 2403 849 2441 et
872 2398 1018 2454 capiet
1044 2413 1170 2453 eam;
1201 2399 1218 2425 4
1237 2405 1280 2442 et
1301 2400 1529 2456 Sedeeias,
1555 2415 1634 2444 rex
1655 2402 1684 2444 J
1690 2401 1797 2457 uda,
1828 2416 1915 2444 non
1942 2402 2128 2457 effugiet
2157 2402 2213 2445 de

376 2472 510 2500 manu
537 2457 868 2512 Chaldaeorum,
896 2458 972 2500 sed
1002 2458 1203 2501 tradetur
1230 2459 1277 2501 in
1306 2474 1463 2502 manus
1492 2460 1610 2516 regis
1638 2460 1909 2516 Babylonis;
1940 2466 1983 2503 et
2008 2461 2213 2516 loquetur

377 2531 423 2560 os
449 2517 544 2572 ejus
567 2531 668 2559 cum
691 2531 763 2559 ore
783 2516 925 2573 illius,
953 2521 997 2560 et
1019 2518 1133 2560 oculi
1158 2518 1256 2574 ejus
1280 2518 1428 2561 oculos
1457 2519 1578 2562 illius
1603 2519 1847 2574 videbunt3
1883 2519 1901 2546 5
1918 2525 1961 2562 et
1986 2520 2032 2562 in
2065 2520 2210 2576 Baby-

376 2575 523 2619 lonem
554 2575 685 2619 ducet
714 2576 966 2631 Sedeciam,
1001 2582 1043 2620 et
1076 2577 1138 2619 ibi
1171 2577 1253 2620 erit
1279 2577 1418 2621 donee
1448 2578 1627 2621 visitem
1653 2593 1774 2635 eum,
1799 2578 1864 2621 ait
1889 2579 2107 2622 Dominus
2140 2595 2148 2623 :
2174 2579 2211 2622 si

376 2641 526 2678 autem
549 2635 868 2678 dimicaveritis
893 2635 1131 2679 adversum
1158 2636 1415 2693 Chaldaeos,
1442 2637 1554 2680 nihil
1579 2652 1838 2695 prosperum
1860 2637 2121 2682 habebitis?

436 2695 453 2721 0
471 2695 530 2737 Et
555 2694 670 2737 dixit
692 2695 719 2737 J
724 2694 934 2738 eremias:
961 2695 1152 2738 Factum
1174 2701 1241 2739 est
1257 2696 1443 2739 verbum
1468 2697 1650 2740 Domini
1673 2697 1729 2740 ad
1755 2712 1838 2754 me,
1865 2697 2042 2741 dicens:
2066 2697 2081 2724 '⁷
2096 2699 2214 2741 Ecce

378 2753 651 2809 Hanameel,
673 2754 789 2796 filius
815 2753 1004 2810 Sellum,
1031 2755 1244 2811 patruelis
1274 2760 1395 2812 tuus,
1423 2756 1574 2800 veniet
1597 2757 1654 2800 ad
1680 2762 1745 2813 te,
1773 2757 1955 2802 dicens:
1988 2759 2098 2800 Eme
2128 2757 2212 2800 tibi

378 2828 534 2869 agrum
558 2827 707 2856 meum
737 2813 810 2869 qui
841 2819 907 2856 est
934 2814 980 2856 111
1006 2814 1260 2871 Anathoth,
1291 2815 1374 2857 tibi
1405 2816 1525 2858 enim
1555 2816 1769 2873 competit
1798 2830 1851 2859 ex
1880 2816 2212 2873 propinquitate

378 2881 426 2914 ut
449 2887 581 2917 emas.
610 2872 626 2898 ⁸
646 2874 703 2915 Et
728 2873 852 2916 venit
885 2873 941 2916 ad
974 2888 1045 2916 me
1072 2874 1343 2931 Hanameel,
1379 2875 1494 2918 filius
1525 2875 1671 2933 patrui
1705 2875 1812 2930 mei,
1846 2875 2090 2918 secundum
2116 2891 2213 2919 ver-

378 2931 483 2973 bum
512 2932 705 2987 Domini,
729 2932 784 2974 ad
807 2932 1077 2976 vestibulum
1101 2934 1302 2990 carceris,
1326 2939 1370 2977 et
1390 2934 1455 2977 ait
1475 2935 1532 2977 ad
1555 2949 1625 2978 me
1647 2951 1655 2979 :
1679 2934 1861 2977 Posside
1884 2948 2040 2990 agrum
2063 2950 2211 2978 meum

379 2989 452 3045 qui
476 2995 541 3032 est
565 2990 611 3032 in
634 2991 887 3047 Anathoth,
911 2991 956 3033 in
978 2997 1095 3035 terra
1123 2993 1383 3050 Benjamin,
1411 2994 1515 3050 quia
1541 2994 1623 3036 tibi
1655 2992 1868 3049 competit
1897 2993 2141 3051 hereditas,
2169 3000 2213 3038 et

379 3055 426 3091 tu
450 3049 718 3105 propinquus
741 3064 785 3093 es
805 3056 853 3093 ut
871 3051 1109 3107 possideas.
1132 3052 1342 3095 Intellexi
1366 3059 1516 3096 autem
1534 3052 1650 3109 quod
1669 3052 1853 3095 verbum
1877 3053 2057 3096 Domini
2081 3060 2210 3098 esset.

379 3108 396 3134 9
415 3109 473 3150 Et
498 3108 583 3151 emi
613 3123 771 3163 agrum
797 3110 852 3152 ab
880 3111 1152 3168 Hanameel,
1180 3112 1270 3155 filio
1303 3113 1450 3169 patrui
1476 3113 1584 3168 mei,
1611 3111 1684 3168 qui
1716 3116 1782 3155 est
1808 3111 1851 3153 in
1883 3112 2137 3168 Anathoth,
2168 3118 2214 3156 et

379 3167 572 3224 appendi
600 3167 638 3210 ei
665 3174 899 3223 argentum
923 3187 931 3213 z
957 3176 1127 3226 septem
1158 3177 1366 3228 stateres,
1393 3177 1437 3214 et
1463 3171 1616 3214 decem
1645 3175 1892 3227 argenteos,²
1922 3171 1957 3197 ¹⁰
1981 3173 2038 3214 Et
2056 3171 2212 3228 scripsi

379 3227 424 3269 in
456 3227 586 3282 libro,
615 3232 657 3270 et
686 3227 882 3282 signari,
917 3234 961 3271 et
993 3230 1176 3273 adhibui
1210 3236 1365 3286 testes,
1393 3236 1436 3274 et
1465 3230 1656 3288 appendi
1686 3235 1920 3285 argentum
1951 3231 1996 3273 in
2030 3235 2209 3276 statera.

382 3286 412 3312 ¹¹
439 3287 496 3329 Et
529 3286 679 3342 accepi
718 3286 880 3329 librum
910 3289 1196 3344 possessionis
1234 3290 1458 3346 signatum
1495 3295 1539 3332 et
1572 3289 1902 3345 stipulationes,
1939 3296 1983 3333 et
2013 3295 2131 3345 rata,
2168 3296 2212 3333 et

380 3346 507 3401 signa
541 3345 813 3400 forinsecus3
847 3346 882 3371 ¹²
901 3352 944 3389 et
971 3347 1073 3390 dedi
1104 3348 1265 3392 librum
1296 3348 1582 3406 possessionis
1613 3349 1809 3404 Baruch,
1840 3349 1931 3393 filio
1964 3349 2091 3404 Neri,
2130 3349 2211 3392 filii

379 3405 580 3463 hlaasiae,
606 3405 651 3447 in
678 3405 815 3448 oculis
843 3406 1115 3461 Hanameel‚
1147 3408 1359 3464 patruelis
1386 3408 1493 3463 mei,
1519 3407 1566 3450 in
1590 3407 1727 3450 oculis
1754 3408 1937 3451 testium
1959 3408 2032 3464 qui
2058 3408 2210 3465 scripti

380 3470 504 3506 erant
526 3465 570 3506 in
596 3464 709 3507 libro
730 3465 986 3521 emptionis,
1015 3472 1057 3508 et
1083 3467 1128 3508 in
1151 3467 1287 3510 oculis
1314 3467 1511 3510 omnium
1538 3466 1799 3509 Judaeorum
1825 3467 1900 3524 qui
1926 3467 2143 3511 sedebant
2162 3467 2209 3511 in

380 3609 428 3642 31]
448 3610 547 3637 Hebr.
566 3611 663 3646 VIII,
680 3615 705 3639 8.
721 3626 755 3630 —
768 3612 816 3644 33]
836 3611 937 3639 Hebr.
956 3610 999 3645 X,
1017 3612 1060 3638 16.
1078 3623 1114 3628 -
1130 3610 1178 3644 34]
1198 3611 1271 3640 Act.
1289 3611 1332 3646 X,
1349 3614 1393 3640 43.
