2423 3861
103 492 299 528 Linquenda

96 547 177 567 :ona
194 535 306 565 inania

90 592 127 611 tat
143 582 303 615 adipisca-

78 636 150 657 31921·
167 626 316 655 meliora.

116 1141 285 1171 Patientia

98 1188 130 1215 in
152 1185 304 1215 adversis

92 1240 124 1260 et
144 1238 304 1260 assensus

106 1277 164 1305 Dei
186 1275 295 1309 provi—

134 1320 266 1350 dentiae.

142 1677 162 1705 J
166 1678 266 1704 ustus

116 1720 235 1748 modus
254 1719 288 1747 in

125 1764 281 1793 munibus

115 1809 291 1837 tenendus.

83 2096 160 2131 Quae
180 2095 322 2123 deceant

112 2139 298 2172 sapientem

133 2183 276 2218 propriae

100 2228 310 2258 {nm-mitatis

110 2284 135 2302 :13
143 2283 157 2303 (-
165 2282 298 2303 morem.

84 2526 276 2554 Cavendum
309 2533 327 2554 a

119 2569 297 2599 mulierum

137 2614 276 2647 zameis.

176 3231 261 3266 Regi

103 3276 334 3306 obediendum.

384 130 466 173 702
957 129 1089 170 ECCL.
1123 126 1212 181 VI,
1250 127 1299 167 11
1336 152 1396 156 —
1427 125 1570 178 VIII,
1605 125 1645 167 5.

2114 228 2217 236 ——a-

382 308 470 356 est,
497 302 589 357 jam
613 304 818 341 vocatum
842 302 909 339 est-
930 309 1092 337 nomen
1115 294 1237 350 ejus3
1267 298 1311 336 et
1332 293 1469 335 scitur
1491 292 1607 348 quod
1633 292 1766 334 homo
1791 292 1874 347 sit,
1898 297 1942 335 et
1973 306 2061 336 non
2085 291 2222 349 possit

383 365 536 404 contra
565 358 796 400 fortiorem
825 369 871 398 se
899 355 945 396 in
974 353 1144 410 judicio
1174 352 1454 396 contendere.
1489 351 1521 378 ’11
1549 351 1700 395 Verba
1732 355 1836 393 sunt
1864 351 2077 407 plurima,
2112 350 2223 394 mul-

382 426 561 474 tamque
582 417 629 459 in
655 413 922 472 disputando
944 412 1158 456 habentia
1182 411 1445 455 vanitatem.
1945 450 1948 454 ,

442 480 547 522 ΟΑΡ.
583 475 691 519 VII.
728 499 788 508 -—
824 473 835 499 ¹
866 472 980 524 Quid
1019 486 1199 515 11666886
1237 476 1304 514 est
1343 471 1515 514 homini
1556 471 1732 527 majora
1772 484 1817 512 se
1859 483 2083 526 quaerere,
2124 485 2228 514 cum

381 540 556 595 ignoret
588 534 695 591 quid
734 533 956 577 conducat
990 532 1076 575 sibi
1105 532 1151 575 in
1184 531 1279 574 vita
1311 545 1390 573 sua
1427 544 1612 574 numero
1646 530 1819 573 dierum
1855 528 2228 586 peregrinationis

382 612 493 652 suae,
518 601 562 639 et
583 600 782 651 tempore
803 591 920 649 quod
944 591 1069 635 velut
1089 591 1247 635 umbra
1277 590 1510 648 praeterit?
1535 591 1628 634 Aut
1652 589 1750 646 quis
1775 588 1817 632 ei
1839 588 2004 645 poten't
2030 587 2227 632 indicare

383 655 488 713 quid
517 659 617 712 post
647 668 749 697 eum
780 653 985 695 futurum
1014 651 1096 694 sub
1121 651 1213 694 sole
1245 649 1340 694 sit?
1370 648 1568 693 2Μ61168
1599 655 1664 693 est
1697 662 1862 692 nomen
1894 648 2064 692 bonum
2095 662 2229 705 quam

384 720 613 772 unguenta
637 713 851 770 pretiosa,
879 717 923 754 et
949 711 1042 754 dies
1072 711 1225 754 mortis
1256 710 1326 753 die
1356 709 1623 753 nativitatis.
1650 708 1844 752 3Melius
1874 713 1942 752 est
1973 708 2038 752 ire
2067 708 2126 752 ad
2155 708 2231 751 do-

383 790 505 819 mum
522 774 668 817 luctus
686 787 819 829 quam
841 771 898 814 ad
918 771 1101 814 domum
1119 769 1314 813 convivii
1331 786 1339 824 ;
1362 769 1410 812 16
1431 769 1511 812 1113
1531 769 1653 813 66116
1674 768 1774 812 finis
1797 772 2062 812 cunctorum
2078 767 2232 811 admo·

383 840 512 879 netur
536 833 790 888 hominum,
817 836 863 875 et
887 831 1044 874 vivens
1069 830 1241 886 cogitat
1261 829 1368 886 quid
1398 829 1603 873 futurum
1628 829 1700 872 sit.
1723 828 1741 855 4
1757 827 1919 871 Melior
1939 832 2009 871 est
2032 827 2099 870 ira
2119 827 2231 883 risu,

383 895 489 952 quia
508 908 587 951 per
608 892 839 936 tristitiam
856 891 1006 933 vultus
1029 889 1266 946 corrigitur
1286 889 1463 932 animus
1489 888 1805 945 delinquentis.
1825 887 1843 914 ⁵
1857 888 1942 932 Cor
1958 886 2234 944 sapientium

384 955 459 998 ubi
486 953 670 996 tristitia
694 957 781 1008 est,
808 956 852 994 et
878 965 952 994 cor
980 950 1219 993 stultorum
1243 949 1321 992 ubi
1346 949 1519 993 laetitia.
1543 949 1561 976 6
1578 948 1740 992 Μ61168
1762 952 1830 992 est
1857 962 1884 990 a
1914 947 2117 1005 sapiente
2139 960 2234 990 cor-

383 1014 489 1072 ripi,
524 1028 658 1069 quam
691 1011 930 1055 stultorum
959 1009 1217 1053 adulatione
1255 1008 1429 1065 decipi;
1465 1008 1481 1035 7
1501 1009 1605 1065 quia
1641 1009 1757 1052 sicut
1793 1007 1965 1051 sonitus
2002 1006 2235 1065 spinarum

384 1073 638 1117 ardentium
660 1071 741 1115 sub
766 1071 873 1127 olla,
901 1070 964 1114 sic
990 1069 1103 1113 risus
1128 1068 1269 1112 stulti.
1297 1069 1384 1112 Sed
1410 1073 1455 1112 et
1475 1069 1560 1112 hoc
1582 1068 1775 1112 vanitas.

443 1134 461 1161 3
480 1132 715 1178 Calumnia
740 1130 978 1173 conturbat
1002 1129 1275 1186 sapientem,
1302 1134 1347 1171 et
1373 1128 1531 1186 perdet
1554 1128 1689 1171 robur
1713 1128 1858 1171 co'rdis
1883 1127 2020 1171 illius.
2040 1127 2058 1154 9
2075 1127 2239 1171 Melior

385 1199 452 1238 est
477 1193 577 1236 finis
603 1191 816 1235 orationis
848 1205 984 1246 quam
1016 1189 1301 1247 principium.
1336 1188 1495 1231 Melior
1527 1193 1595 1231 est
1626 1187 1803 1245 patiens
1833 1193 2084 1243 arrogante.
2112 1186 2149 1214 ¹⁰
2165 1185 2234 1234 Ne

385 1254 445 1297 sis
470 1252 603 1296 velox
634 1251 691 1294 ad
723 1250 1029 1306 irascendum,
1056 1248 1159 1305 quia
1184 1249 1251 1291 ira
1283 1248 1329 1290 in
1362 1248 1463 1291 sinu
1493 1248 1620 1291 stulti
1649 1247 1903 1303 requiescit.
1927 1246 1960 1273 ¹¹
1981 1247 2050 1291 Ne
2076 1247 2200 1292 dicas
2226 1265 2237 1293 ε

386 1313 500 1365 Quid
535 1317 667 1370 putas
704 1325 851 1354 causae
885 1315 953 1353 est
986 1309 1104 1365 quod
1140 1309 1289 1366 priora
1323 1314 1526 1365 tempora
1561 1307 1748 1351 meliora
1787 1307 1914 1351 fuere
1949 1321 2084 1363 quam
2117 1320 2238 1350 nunc

385 1372 521 1417 sunt?
556 1371 695 1415 stulta
724 1370 845 1414 enim
879 1375 947 1413 est
979 1368 1291 1426 hujuscemodi
1320 1367 1628 1425 interrogatio.
1656 1365 1693 1393 ¹2
1717 1366 1882 1411 Utilior
1914 1371 1982 1410 est
2014 1366 2239 1424 sapientia

387 1448 488 1476 cum
522 1431 712 1487 divitiis,
749 1435 794 1474 et
826 1430 970 1486 magis
1000 1429 1181 1487 prodest
1211 1428 1651 1481 videntibussolem.
1676 1426 1714 1453 ¹3
1730 1426 1855 1470 Sicut
1888 1426 2010 1470 enim
2041 1425 2240 1483 protegit

386 1492 627 1550 sapientia,
669 1486 732 1534 sic
769 1490 966 1547 protegit
1002 1489 1218 1547 pecunia3
1252 1488 1337 1531 1106
1367 1493 1520 1532 autem
1551 1487 1652 1545 plus
1688 1486 1828 1530 habet
1860 1485 2051 1530 eruditio
2089 1492 2134 1529 et
2171 1500 2239 1528 sa-

386 1552 577 1610 pientia,
600 1551 718 1607 quod
743 1550 885 1593 vitam
908 1549 1113 1592 tribuunt
1133 1548 1375 1605 possessori
1400 1562 1493 1591 suo.
1520 1547 1558 1574 14
1576 1546 1819 1592 Considera
1841 1560 1974 1603 opera
2003 1545 2100 1602 Dei,
2121 1544 2241 1602 quod

387 1626 517 1655 nemo
540 1611 679 1668 possit
701 1610 920 1666 corrigere
943 1623 1076 1665 quem
1100 1608 1178 1651 ille
1205 1607 1473 1664 despexerit.

448 1671 483 1697 ¹⁵
510 1672 563 1714 In
598 1670 667 1713 die
708 1670 825 1712 bona
865 1669 1014 1712 fruere
1054 1668 1204 1724 bonis,
1243 1672 1288 1710 et
1330 1667 1496 1710 malam
1536 1667 1654 1709 diem
1695 1680 1927 1723 praecave3
1967 1665 2084 1708 sieut
2122 1665 2241 1709 enim

386 1731 523 1787 hanc,
555 1730 618 1773 816
648 1735 693 1773 et
721 1729 848 1772 illam
873 1728 986 1771 fecit
1012 1730 1153 1784 Deus,
1180 1732 1230 1770 ut
1259 1741 1348 1770 non
1380 1726 1584 1769 inveniat
1618 1727 1752 1769 110160
1778 1730 1933 1768 contra
1959 1725 2063 1768 eum
2095 1724 2241 1781 justas

388 1789 700 1847 querimonias.
724 1789 760 1815 ¹⁰
780 1790 893 1832 Haec
926 1802 1101 1845 quoque
1127 1787 1221 1830 vidi
1249 1787 1297 1829 in
1329 1786 1487 1830 diebus
1516 1785 1733 1828 vanitatis
1763 1799 1905 1829 meae:
1934 1785 2092 1828 Justus
2125 1784 2239 1841 perit

387 1852 434 1894 in
458 1849 636 1907 justitia
660 1864 760 1905 sua,
787 1854 831 1891 et
851 1848 1016 1905 impius
1038 1847 1180 1891 multo
1205 1847 1320 1889 vivit
1342 1852 1542 1903 tempore
1571 1846 1619 1887 in
1645 1844 1820 1888 malitia
1845 1859 1940 1888 sua.
1965 1843 2000 1870 ¹7
2020 1843 2126 1887 Noli
2147 1857 2243 1887 esse

388 1912 533 1967 justus
571 1909 783 1964 multum,
817 1922 960 1963 neque
993 1907 1094 1965 plus
1131 1906 1278 1963 sapias
1318 1921 1453 1962 quam
1490 1919 1672 1948 11666886
1716 1909 1804 1960 est,
1843 1918 1900 1947 ne
1938 1903 2243 1960 obstupescas,

390 1972 424 1997 1⁸
440 1971 507 2014 Ne
532 1968 670 2026 impie
695 1982 804 2024 agas
837 1967 1050 2024 multum,
1078 1972 1123 2010 et
1152 1965 1245 2009 noli
1278 1979 1373 2008 esse
1403 1965 1588 2022 stultus,
1625 1979 1679 2008 ne
1716 1963 1920 2008 moriaris
1956 1963 2005 2006 in
2042 1968 2243 2020 tempore

389 2046 475 2074 non
501 2036 590 2073 tuo.

450 2091 484 2116 ¹9
508 2091 683 2133 Bonum
705 2094 772 2132 est
792 2093 836 2132 te
862 2093 1112 2131 sustentare
1136 2087 1336 2145 justum3
1361 2086 1438 2130 sed
1465 2092 1510 2130 et
1534 2086 1591 2128 ab
1613 2085 1692 2128 illo
1718 2100 1774 2129 ne
1796 2084 2034 2128 subtrahas
2057 2098 2244 2126 manum

389 2156 538 2206 tuam3
570 2149 675 2206 quia
708 2149 783 2205 qui
816 2148 946 2191 timet
976 2148 1122 2191 Deum
1155 2147 1269 2190 nihil
1301 2146 1508 2203 negligit.
1537 2145 1574 2172 ⁶²⁰
1599 2145 1831 2202 Sapientia
1866 2143 2144 2187 confortavit
2175 2158 2245 2186 83-

390 2211 588 2268 pientem
621 2224 752 2267 super
777 2208 932 2251 decem
957 2207 1181 2265 principes
1208 2206 1433 2262 civitatis3
1462 2205 1496 2232 2¹
1517 2220 1606 2249 non
1629 2209 1697 2248 est
1718 2204 1840 2248 enim
1866 2204 1999 2248 homo
2024 2203 2172 2260 justus
2196 2203 2245 2246 in

390 2278 507 2314 terra
533 2270 608 2327 qui
633 2269 778 2313 faciat
810 2268 976 2311 bonum
1005 2272 1049 2311 et
1077 2282 1166 2311 non
1195 2272 1366 2325 peccet.
1393 2265 1431 2292 ‘²2
1453 2265 1540 2310 Sed
1570 2270 1615 2308 et
1647 2264 1823 2308 cunctis
1856 2262 2137 2308 sermonibus
2171 2262 2246 2319 qui

391 2331 599 2374 dicuntur
624 2344 680 2373 ne
707 2327 1018 2372 accommodes
1048 2342 1123 2371 cor
1147 2332 1294 2384 tuum,
1322 2341 1378 2370 ne
1402 2327 1523 2370 forte
1553 2325 1712 2368 audias
1743 2338 1922 2368 servum
1943 2327 2073 2367 tuum
2107 2322 2246 2366 male-

393 2391 616 2434 dicentem
647 2389 757 2445 tibi;
789 2386 827 2413 93
843 2387 928 2430 scit
954 2387 1073 2430 enim
1099 2386 1374 2430 conscientia
1397 2391 1476 2429 tua
1504 2384 1609 2441 quia
1635 2390 1680 2427 et
1700 2389 1750 2427 tu
1778 2383 1932 2427 crebro
1967 2381 2245 2425 maledixisti

392 2450 505 2494 aliis.

452 2511 487 2537 ²4
506 2512 680 2556 Cuncta
707 2510 879 2553 tentavi
907 2509 955 2552 in
984 2509 1219 2565 sapientia.
1248 2508 1385 2552 Dixi:
1417 2505 1604 2562 Sapiens
1640 2505 1827 2560 efficiar,
1861 2509 1907 2547 et
1939 2504 2035 2561 ipsa
2069 2502 2246 2558 longius

392 2571 574 2615 recessit
599 2585 626 2613 a
647 2584 738 2626 me,
765 2568 802 2596 ‘²5
821 2569 960 2612 multo
986 2569 1131 2625 magis
1164 2583 1299 2625 quam
1326 2572 1432 2610 erat.
1458 2566 1518 2608 Et
1546 2566 1639 2609 alta
1661 2563 1969 2622 profunditas,
1997 2562 2096 2619 quis
2121 2562 2247 2604 inve-

394 2632 487 2675 niet
512 2631 642 2675 eam‘?
665 2629 702 2656 ‘2⁶
720 2628 928 2673 Lustravi
950 2628 1157 2672 universa
1180 2628 1330 2671 animo
1353 2640 1474 2682 meo,
1498 2631 1549 2669 ut
1569 2625 1730 2669 scirem
1753 2628 1798 2667 et
1821 2622 2174 2677 considerarem,
2201 2624 2248 2664 et

395 2705 638 2748 quaererem
663 2688 952 2747 sapientiam,
981 2693 1026 2731 et
1046 2688 1286 2743 rationem,
1315 2692 1360 2730 et
1386 2691 1434 2728 ut
1456 2698 1771 2742 cognoscerem
1794 2682 2078 2739 impietatem
2099 2680 2242 2736 stulti,

394 2758 439 2794 et
463 2765 654 2794 errorem
678 2748 1057 2806 imprudentium3
1085 2747 1120 2774 ‘²⁷
1140 2752 1185 2791 et
1216 2747 1371 2790 inveni
1398 2745 1664 2788 amariorem
1697 2748 1839 2786 morte
1865 2741 2122 2796 mulierem,
2146 2753 2247 2796 quae

395 2811 578 2867 laqueus
600 2814 863 2854 venatorum
890 2813 976 2864 est,
1001 2812 1045 2850 et
1065 2822 1234 2864 sagena
1256 2821 1330 2850 cor
1351 2806 1464 2862 ejus,
1486 2803 1668 2848 vincula
1689 2807 1796 2846 sunt
1822 2815 1981 2844 manus
2005 2799 2141 2843 illius.
2161 2799 2246 2849 Qui

396 2870 543 2927 placet
565 2871 660 2913 Deo
682 2869 873 2925 effugiet
896 2867 1049 2923 illam;
1074 2867 1149 2924 qui
1173 2872 1324 2910 autem
1350 2870 1559 2923 peccator
1577 2869 1644 2908 est
1666 2862 1869 2919 capietur
1885 2860 1943 2904 ab
1961 2859 2055 2904 illa.
2075 2857 2113 2886 ²⁸
2128 2859 2248 2902 Ecce

396 2930 480 2972 hoc
507 2929 681 2985 inveni,
705 2929 820 2972 dixit
849 2927 1166 2984 Ecclesiastes,
1194 2941 1332 2969 unum
1356 2930 1400 2968 et
1424 2925 1616 2968 alterum
1647 2927 1695 2966 ut
1719 2921 1969 2965 invenirem
1997 2919 2242 2974 rationem,

398 2988 434 3015 ‘29
452 3004 583 3045 quarn
607 2989 755 3031 adhuc
784 2988 945 3044 quaerit
970 2988 1121 3030 anima
1147 3001 1268 3043 mea,
1291 2990 1337 3029 et
1366 2999 1455 3028 non
1479 2983 1645 3027 inveni.
1673 2982 1833 3025 Virum
1859 2980 1914 3024 de
1949 2979 2074 3023 mille
2107 2992 2247 3022 unum

397 3049 565 3105 reperi3
593 3049 824 3092 mulierem
851 3063 905 3091 ex
927 3047 1134 3090 omnibus
1157 3061 1246 3089 non
1268 3045 1434 3088 inveni.
1458 3043 1496 3071 3⁰
1518 3041 1806 3087 Solummodo
1828 3041 1912 3083 hoc
1935 3038 2101 3096 inveni,
2129 3037 2248 3094 quod

399 3108 560 3151 fecerit
586 3109 704 3151 Deus
725 3108 953 3151 hominem
977 3112 1162 3163 rectum,
1186 3111 1231 3149 et
1256 3105 1351 3162 ipse
1373 3119 1419 3148 se
1441 3103 1629 3147 infinitis
1652 3100 1883 3144 miscuerit
1905 3097 2243 3156 quaestionibus-

401 3167 505 3218 Quis
530 3167 632 3210 talis
658 3172 706 3210 ut
730 3167 907 3224 sapiens
932 3167 1035 3211 est?
1058 3171 1103 3209 et
1128 3166 1226 3222 quis
1252 3164 1465 3222 cognovit
1490 3159 1942 3207 solutionem'verbi‘?

461 3228 566 3272 CAP.
593 3227 727 3271 VIII.
748 3253 807 3260 —
837 3227 1101 3284 ¹Sapientia
1129 3225 1323 3269 hominis
1352 3224 1474 3267 lueet
1509 3223 1556 3265 in
1589 3221 1716 3265 vultu
1750 3221 1873 3277 ejus,
1908 3224 1954 3264 et
1987 3221 2247 3281 potentissi-

401 3302 498 3331 mus
522 3287 689 3330 faciem
714 3287 834 3329 illius
860 3286 1168 3330 commutabit.
1195 3285 1212 3311 2
1232 3287 1327 3342 Ego
1359 3299 1405 3328 os
1431 3283 1550 3340 regis
1572 3283 1778 3337 observo,
1803 3287 1848 3325 et
1872 3287 2098 3340 praecepta
2123 3280 2246 3338 jura-

403 3347 541 3391 menti
564 3346 660 3390 Dei.
684 3347 702 3373 ³
720 3347 787 3390 Ne
809 3346 997 3390 festines
1018 3346 1223 3389 recedere
1245 3360 1272 3388 a
1294 3345 1414 3388 facie
1441 3343 1561 3400 ejus,
1589 3356 1731 3397 neque
1756 3356 2020 3398 permaneas
2044 3341 2091 3385 in
2113 3353 2246 3398 opere

402 3407 540 3464 malo,
563 3407 665 3463 quia
687 3420 816 3449 omne
843 3406 956 3461 quod
983 3405 1172 3448 voluerit
1197 3405 1352 3454 faciet.
1379 3403 1396 3430 4
1415 3405 1474 3447 Et
1505 3416 1650 3446 sermo
1680 3401 1799 3444 illius
1829 3406 2051 3459 potestate
2084 3400 2245 3458 plenus

404 3473 489 3524 est,
519 3481 599 3510 666
626 3466 771 3509 dicere
797 3465 835 3509 ei
858 3464 1090 3521 quisquam
1116 3469 1263 3521 potest
1285 3481 1292 3508 :
1317 3463 1459 3516 Quare
1488 3461 1554 3504 ita
1584 3461 1731 3504 facis?
1758 3461 1775 3487 5
1794 3461 1875 3512 Qui
1906 3460 2102 3505 custodit
2131 3473 2244 3516 prae-

406 3628 435 3661 2]
453 3628 549 3655 Prov.
571 3627 683 3661 XXII,
703 3630 725 3654 l.
752 3640 786 3644 —
813 3626 861 3659 21]
886 3625 938 3652 111
966 3625 1047 3657 Reg.
1071 3623 1168 3657 VIII,
1185 3625 1229 3650 46.
1254 3623 1288 3650 11
1307 3622 1379 3650 Par.
1400 3622 1457 3656 VI,
1474 3623 1519 3649 36.
1545 3621 1641 3648 l'rov.
1662 3621 1737 3655 XX,
1754 3625 1780 3647 9.
1804 3619 1818 3646 1
1838 3619 1934 3648 Joau.
1962 3619 1988 3654 Ι,
2007 3621 2032 3647 8.
2051 3632 2086 3638 -
2105 3618 2134 3651 1]
2163 3617 2244 3650 Sul).

409 3673 453 3707 11,
472 3675 513 3700 14.
