2456 3861
765 104 831 147 iv
872 105 983 148 nm.
1017 104 1117 159 xv,
1152 104 1285 148 6-31.
1848 103 1932 146 365

172 270 190 297 ⁶
213 269 398 325 Reliqua
418 274 568 312 autem
593 282 845 311 sermonum
870 267 1065 321 Azariae,
1092 271 1134 310 et
1160 266 1362 310 universa
1385 280 1481 322 quae
1506 265 1638 321 fecit,
1671 278 1814 308 nonne
1838 265 1935 307 haec

112 329 277 386 scripta
299 333 401 371 sunt
425 327 471 370 in
496 327 630 370 Libro
655 326 886 370 verborum
914 325 1083 369 dierum
1111 339 1262 382 regum
1284 326 1310 368 J
1317 323 1439 368 uda?
1473 323 1488 352 ⁷
1508 325 1565 367 Et
1586 323 1796 367 dormivit
1820 324 1933 366 Aza-

111 389 199 431 rias
222 402 323 431 cum
349 386 548 444 patribus
577 386 668 428 suis
689 403 697 440 3
721 385 1074 442 sepelieruntque
1095 398 1195 428 eum
1230 399 1330 426 cum
1360 383 1603 440 majoribus
1635 383 1725 426 suis
1754 382 1799 425 in
1829 381 1934 425 civi-

112 452 204 491 tate
228 445 401 499 David3
425 451 468 488 et
492 444 696 500 regnavit
722 443 938 497 Joathan,
962 443 1076 485 filius
1102 443 1219 499 ejus,
1246 457 1322 500 pro
1343 457 1407 486 eo.

170 506 188 532 ⁸
209 505 342 548 Anno
369 503 596 558 trigesimo
623 508 781 545 octavo
806 502 1002 556 Azariae,
1025 501 1140 557 regis
1166 503 1194 544 J
1200 502 1298 556 uda,
1321 501 1525 557 regnavit
1548 500 1796 555 Zacharias,
1823 499 1938 543 filius

111 563 373 618 Jeroboam,
399 575 530 618 super
552 561 690 604 Israel
716 561 761 602 in
784 560 982 603 Samaria
1006 574 1083 603 sex
1106 560 1344 603 mensibus.
1370 562 1387 586 ⁰
1414 562 1470 603 Et
1490 560 1601 604 fecit
1630 559 1744 615 quod
1771 559 1937 601 malum

112 627 178 665 est
204 635 352 665 coram
373 619 585 674 Domino,
609 619 724 662 sicut
749 619 950 661 fecerant
975 623 1120 675 patres
1143 619 1264 674 ejus3
1289 632 1374 661 non
1396 619 1576 662 recessit
1600 633 1626 661 a
1648 617 1842 675 peccatis
1863 618 1938 661 Je-

111 681 314 735 roboam,
341 678 421 721 filii
448 678 619 730 Nabat,
642 677 715 733 qui
738 690 921 734 peccare
945 676 1056 719 fecit
1077 676 1229 720 Israel.
1261 676 1296 702 ¹⁰
1317 677 1578 733 Conjuravit
1606 681 1756 720 autem
1786 682 1940 720 contra

112 754 214 784 eum
237 737 424 792 Sellum,
452 736 567 779 filius
593 736 751 791 Jabes,
778 735 1078 792 percussitque
1103 749 1203 778 eum
1224 735 1393 792 palam,
1420 741 1463 778 et
1494 735 1745 791 interfecit3
1783 749 1938 792 regna-

112 799 265 854 vitque
286 811 363 854 pro
387 810 451 840 eo.

174 856 205 883 ¹¹
236 856 423 911 Reliqua
443 859 595 898 autem
616 853 850 897 verborum
876 852 1124 908 Zachariae,
1146 866 1292 896 nonne
1313 852 1410 896 haec
1432 852 1595 909 scripta
1621 858 1723 895 sunt
1744 852 1788 895 in
1807 853 1941 896 Libro

112 929 366 959 sermonum
384 914 554 958 dierum
572 926 728 969 regum
744 911 916 955 Israel?
940 911 975 938 19
990 912 1080 955 Iste
1099 915 1165 954 est
1178 925 1320 954 sermo
1336 911 1516 954 Domini
1535 925 1664 967 quem
1682 911 1853 954 locutus
1876 917 1941 955 est

112 975 169 1018 ad
195 975 223 1018 J
229 974 335 1029 ehu,
359 973 510 1017 dicens
539 989 548 1016 :
573 971 679 1015 Filii
705 971 770 1014 tui
795 985 933 1028 usque
958 970 1015 1014 ad
1041 975 1242 1027 quartam
1274 970 1604 1026 generationem
1631 970 1848 1013 sedebunt
1872 984 1941 1013 su-

113 1047 190 1091 per
212 1034 421 1076 thronum
443 1031 596 1075 Israel.
623 1031 901 1087 Factumque
923 1036 989 1074 est
1008 1030 1085 1074 ita.

176 1093 210 1119 ¹3
242 1091 432 1148 Sellum,
469 1090 586 1133 filius
619 1090 777 1145 Jabes‚
811 1088 1015 1146 regnavit
1047 1088 1274 1146 trigesimo
1303 1103 1418 1132 nono
1453 1103 1568 1132 anno
1603 1087 1796 1143 Azafiae,
1827 1089 1943 1144 regis

113 1151 259 1207 Juda;
282 1149 488 1207 regnavit
509 1155 658 1193 autem
685 1163 772 1192 uno
805 1163 955 1192 mense
986 1148 1032 1191 in
1065 1148 1289 1204 Samaria3
1322 1148 1357 1174 ¹4
1377 1153 1421 1191 et
1448 1147 1650 1191 ascendit
1678 1147 1942 1202 Manahem,

114 1211 229 1254 filius
257 1210 393 1266 Gadi,
421 1209 675 1264 dcThersa,
695 1208 905 1264 venitque
928 1208 976 1250 in
994 1207 1260 1263 Samariam,
1284 1212 1326 1250 et
1344 1206 1559 1264 percussit
1584 1205 1776 1261 Sellum,
1802 1205 1943 1248 filium

115 1270 275 1325 Jabes,
298 1269 344 1312 in
367 1267 590 1324 Samaria,
617 1272 662 1311 et
682 1266 911 1310 interfecit
935 1281 1060 1323 eum,
1087 1266 1376 1322 regnavitque
1401 1280 1478 1323 pro
1503 1279 1566 1309 eo.

177 1329 210 1355 ¹5
237 1328 424 1384 Reliqua
445 1333 596 1370 autem
621 1326 856 1369 verborum
882 1326 1070 1381 Selium,
1101 1330 1146 1369 et
1178 1325 1426 1381 conjuratio
1459 1325 1577 1381 ejus,
1607 1339 1683 1381 per
1715 1338 1847 1380 quam
1880 1329 1943 1367 te-

115 1388 258 1433 tendit
277 1386 485 1442 insidias,
505 1400 650 1429 nonne
671 1385 769 1427 haeo
791 1385 955 1442 scripta
981 1390 1083 1427 sunt
1103 1384 1150 1427 in
1176 1384 1310 1427 Libro
1327 1398 1580 1428 sermonum
1601 1383 1772 1426 dierum
1788 1397 1943 1439 regum

115 1446 287 1491 Israel?
311 1446 348 1472 ¹⁶
371 1446 498 1488 Tunc
519 1443 736 1502 percussit
764 1444 1003 1487 Manahem
1032 1443 1278 1499 Thapsam,
1306 1449 1349 1486 et
1378 1457 1529 1486 omnes
1555 1442 1628 1498 qui
1651 1447 1775 1485 erant
1796 1441 1842 1483 in
1868 1456 1942 1497 ea,

114 1513 158 1550 et
178 1505 390 1549 terminos
416 1504 512 1560 ejus
537 1503 592 1546 de
617 1503 806 1557 Thersa,
833 1502 1066 1546 noluerant
1091 1501 1210 1545 enim
1233 1502 1401 1559 aperire
1431 1502 1496 1557 ei,
1521 1507 1563 1544 et
1598 1500 1828 1544 interfecit
1853 1514 1943 1544 om-

115 1579 191 1608 nes
217 1568 501 1622 praegnantes
523 1562 642 1619 ejus,
669 1566 713 1605 et
736 1561 871 1605 scidit
892 1576 979 1606 eas.

174 1623 207 1650 ¹⁷
234 1625 367 1666 Anno
388 1621 616 1678 trigesimo
639 1635 754 1664 nono
779 1621 976 1677 Azariae,
1001 1622 1118 1678 regis
1144 1622 1285 1677 Juda,
1311 1621 1517 1677 regnavit
1546 1620 1806 1676 Manahem,
1829 1619 1944 1663 filius

115 1682 253 1738 Gadi,
279 1696 410 1738 super
430 1680 570 1724 Israel
596 1680 750 1724 decem
771 1680 900 1724 annis
923 1681 970 1724 in
997 1681 1208 1725 Samaria.
1233 1681 1268 1708 ¹8
1287 1681 1498 1736 Fecitque
1523 1680 1638 1736 quod
1660 1684 1753 1722 erat
1778 1679 1945 1721 malum

115 1756 264 1786 coram
285 1740 502 1796 Domino;
526 1754 614 1783 non
635 1740 818 1783 recessit
839 1754 865 1783 a
896 1740 1091 1798 peccatis
1125 1740 1382 1796 Jeroboam,
1417 1739 1497 1782 filii
1532 1739 1702 1794 Nabat,
1737 1738 1811 1794 qui
1845 1752 1943 1794 pec-

115 1815 215 1845 care
236 1799 348 1844 fecit
372 1799 514 1842 Israel
535 1798 708 1842 cunctis
733 1798 889 1842 diebus
914 1799 1025 1856 ejus,
1053 1799 1088 1826 ¹⁹
1108 1799 1332 1843 Veniebat
1366 1798 1502 1854 Phul,
1535 1813 1614 1842 rex
1641 1797 1943 1854 Assyriorum,

113 1861 160 1903 in
181 1866 364 1915 terram,
395 1864 439 1902 et
471 1858 608 1902 dabat
637 1858 876 1902 Manahem
910 1859 1025 1902 Phul
1050 1858 1172 1902 mille
1201 1859 1369 1902 talenta
1402 1858 1575 1914 argenti
1607 1862 1657 1900 ut
1688 1861 1803 1900 esset
1835 1856 1875 1899 ei
1899 1856 1945 1898 in

114 1919 354 1975 auxilium,
381 1923 424 1962 ct
448 1917 644 1961 firmaret
663 1932 851 1973 regnum
873 1918 984 1975 ejus.
1009 1917 1048 1945 90
1068 1917 1327 1973 Indixitque
1347 1917 1588 1960 Manahem
1620 1920 1854 1972 argentum
1876 1929 1946 1957 su-

115 1993 191 2036 per
213 1978 352 2021 Israel
378 1977 550 2020 cunctis
573 1976 830 2034 potentibus
848 1983 892 2021 et
910 1977 1138 2033 divitibus,
1165 1983 1212 2020 ut
1238 1977 1362 2020 daret
1383 1976 1476 2033 regi
1494 1975 1797 2032 Assyriorum,
1822 1974 1945 2030 quin-

115 2037 331 2094 quaginta
356 2036 488 2080 siclos
510 2035 684 2092 argenti
710 2050 786 2093 per
807 2036 1020 2093 singulos.
1050 2038 1354 2092 Reversusque
1381 2041 1446 2079 est
1470 2050 1547 2079 rex
1576 2034 1880 2090 Assyriorum,
1905 2038 1946 2076 et

116 2111 203 2140 non
229 2102 295 2140 est
315 2101 512 2139 moratus
536 2095 583 2137 in
604 2100 735 2139 terra.

174 2155 208 2182 91
237 2155 426 2211 Reliqua
448 2159 599 2197 autem
623 2169 877 2199 sermonum
902 2157 1162 2214 Manahem,
1193 2163 1235 2201 et
1264 2157 1471 2201 universa
1504 2171 1602 2213 quae
1635 2155 1768 2210 fecit,
1802 2167 1947 2196 nonne

115 2215 211 2258 haec
234 2214 399 2271 scripta
423 2219 528 2256 sunt
551 2213 598 2255 in
620 2213 755 2257 Libro
782 2229 1033 2258 sermonum
1058 2217 1229 2260 dierum
1254 2231 1410 2272 regum
1438 2215 1610 2259 Israel?
1636 2214 1673 2241 99
1698 2216 1755 2257 Et
1785 2212 1946 2255 dormi-

116 2274 182 2316 vit
202 2273 443 2316 Manahem
466 2286 568 2315 cum
589 2273 790 2330 patribus
814 2274 929 2329 suis,
952 2275 1242 2331 regnavitque
1270 2275 1484 2331 Phaceia‚
1507 2274 1623 2317 filius
1646 2274 1762 2330 ejus,
1785 2286 1862 2329 pro
1882 2285 1944 2314 eo.

175 2332 213 2360 93
240 2334 372 2376 Anno
402 2331 769 2388 quinquagesimo
798 2333 995 2389 Azariae,
1025 2334 1141 2390 regis
1171 2334 1310 2391 Juda,
1340 2334 1544 2390 regnavit
1580 2332 1793 2386 Phaceia‚
1831 2331 1946 2373 filius

115 2393 376 2446 Manahem,
399 2405 531 2447 super
551 2391 711 2448 Israel,
733 2392 780 2435 in
807 2393 1025 2450 Samaria,
1051 2393 1244 2437 biennio.
1263 2393 1300 2420 94
1318 2395 1376 2436 Et
1392 2393 1503 2437 fecit
1529 2393 1643 2448 quod
1665 2396 1758 2435 erat
1780 2390 1947 2432 malum

116 2466 265 2495 coram
291 2450 507 2506 Domino;
535 2465 624 2494 non
645 2451 826 2495 recessit
845 2467 872 2494 a
901 2452 1095 2509 peccatis
1134 2453 1392 2509 Jeroboam,
1429 2452 1509 2495 filii
1543 2451 1713 2506 Nabat,
1744 2449 1818 2506 qui
1851 2462 1949 2505 pec-

116 2525 216 2555 care
237 2510 350 2554 fecit
374 2510 527 2553 Israel.
550 2509 587 2537 95
613 2511 875 2567 Conjuravit
896 2517 1044 2555 autem
1065 2512 1276 2555 adversus
1302 2526 1403 2555 eum
1430 2511 1623 2566 Phacee,
1647 2510 1762 2553 filius
1790 2509 1946 2551 Rome-

115 2570 212 2626 liae,
238 2569 330 2613 dux
355 2569 476 2625 ejus3
501 2574 544 2613 et
567 2570 786 2627 percussit
810 2585 910 2614 eum
938 2571 985 2613 in
1007 2571 1205 2614 Samaria
1225 2570 1273 2613 in
1304 2575 1422 2614 turre
1451 2570 1607 2613 domus
1632 2568 1788 2624 regiae,
1818 2567 1947 2623 juxta

116 2630 269 2686 Argob
288 2634 332 2672 et
347 2628 479 2685 juxta
497 2629 616 2685 Arie,
641 2634 684 2672 et
706 2644 807 2673 cum
829 2644 878 2673 eo
902 2629 1224 2687 quinquaginta
1241 2629 1358 2673 viros
1382 2630 1435 2673 de
1454 2628 1556 2671 filiis
1581 2626 1918 2672 Galaaditarum
1936 2643 1944 2682 ;

116 2694 160 2732 et
179 2687 410 2732 interfecit
430 2702 552 2744 eum,
574 2689 866 2745 regnavitque
886 2703 963 2746 pro
985 2703 1049 2732 eo.

175 2747 212 2775 96
240 2747 427 2803 Reliqua
455 2752 606 2791 autem
636 2762 888 2792 sermonum
927 2749 1139 2805 Phaceia‚
1174 2754 1218 2792 et
1253 2749 1459 2792 universa
1499 2762 1597 2804 quae
1632 2746 1764 2803 fecit,
1803 2759 1948 2788 nonne

115 2807 214 2851 haec
238 2806 404 2863 scripta
425 2811 528 2850 sunt
551 2806 599 2850 in
625 2807 759 2851 Libro
782 2822 1034 2851 sermonum
1056 2807 1227 2852 dierum
1251 2822 1408 2864 regum
1430 2806 1600 2850 Israel?

174 2865 210 2893 97
232 2866 365 2909 Anno
387 2866 754 2922 quinquagesimo
779 2867 974 2911 secundo
998 2867 1192 2923 Azariae,
1220 2867 1335 2923 regis
1358 2868 1385 2910 J
1390 2866 1501 2923 uda,
1527 2866 1732 2922 regnavit
1758 2866 1943 2918 Phacee,

115 2926 232 2969 filius
260 2924 499 2981 Romeliae,
532 2939 663 2982 super
687 2926 827 2970 Israel
861 2926 908 2969 in
938 2927 1136 2970 Samaria
1168 2926 1330 2982 viginti
1360 2925 1502 2970 annis.
1533 2924 1569 2952 98
1599 2927 1657 2968 Et
1683 2925 1796 2969 fecit
1832 2922 1947 2980 quod

116 2990 209 3028 erat
231 2984 401 3027 malum
423 2998 572 3028 coram
598 2985 816 3041 Domino;
836 3000 923 3029 non
945 2986 1124 3029 recessit
1145 3001 1171 3029 a
1192 2985 1386 3043 peccatis
1405 2985 1658 3040 Jeroboam,
1680 2984 1762 3027 filii
1783 2983 1945 3036 Nabat,

115 3043 190 3100 qui
212 3057 395 3101 peccare
420 3043 532 3087 fecit
554 3044 707 3089 Israel.
730 3044 767 3071 99
784 3044 837 3089 In
861 3044 1017 3088 diebus
1039 3045 1225 3100 Phacee,
1244 3044 1361 3100 regis
1387 3044 1539 3100 Israel,
1558 3044 1682 3088 venit
1706 3042 1946 3099 Theglath-

116 3102 351 3159 Phalasar,
373 3116 452 3147 rex
472 3104 633 3160 Assur,
660 3110 703 3148 et
730 3104 847 3162 cepit
868 3103 1006 3161 Aion,
1039 3108 1083 3148 et
1114 3104 1231 3147 Abel
1262 3104 1686 3158 Domum-Maacha,
1718 3108 1761 3146 et
1783 3103 1944 3154 Janoe,

121 3169 164 3206 et
208 3163 368 3219 Cedes,
407 3167 451 3206 et
498 3163 632 3218 Asor,
674 3168 718 3205 et
763 3162 957 3218 Galaad,
1000 3167 1045 3206 et
1089 3163 1347 3219 Galilaeam,
1391 3169 1434 3206 et
1478 3168 1732 3207 universam
1775 3167 1939 3205 terram

121 3221 390 3279 Nephthali3
418 3225 463 3264 et
486 3221 717 3264 transtulit
742 3235 814 3265 eos
838 3221 885 3263 in
909 3221 1130 3278 Assyrios.
1155 3221 1193 3249 ³⁰
1209 3222 1475 3278 Conjuravit
1498 3227 1662 3276 autem,
1682 3227 1727 3265 et
1747 3221 1939 3264 tetendit

119 3280 306 3324 insidias
332 3281 456 3337 Osee,
474 3280 592 3323 filius
618 3280 715 3336 Ela,
735 3285 887 3324 contra
906 3280 1093 3336 Phacee,
1112 3281 1255 3324 filium
1275 3280 1502 3337 Romeliae,
1523 3286 1566 3324 et
1591 3280 1807 3338 percussit
1823 3294 1936 3336 eum,
1974 3290 1982 3303 ’

120 3344 167 3382 et
184 3339 444 3395 interfecit3
470 3339 763 3396 regnavitque
787 3353 865 3396 pro
891 3353 942 3383 eo
965 3339 1182 3396 vigesimo
1207 3354 1325 3384 anno
1351 3341 1380 3384 J
1385 3341 1585 3396 catham,
1615 3339 1696 3382 filii
1723 3339 1858 3383 Oziae.

178 3400 212 3428 3¹
241 3401 428 3458 Reliqua
452 3408 602 3445 autem
623 3415 874 3446 sermonum
899 3402 1093 3458 Phacee,
1120 3407 1163 3445 et
1188 3401 1394 3445 universa
1415 3416 1511 3456 quae
1534 3400 1664 3456 fecit,
1687 3413 1831 3443 nonne
1852 3400 1947 3443 haec

120 3460 286 3516 scripta
309 3465 412 3503 sunt
434 3460 482 3503 in
508 3461 642 3506 Libro
665 3475 916 3505 sermonum
941 3460 1112 3504 dierum
1132 3474 1285 3517 regum
1313 3459 1484 3503 Israel?

123 3606 170 3640 12]
193 3606 271 3640 Sup.
297 3608 345 3643 X,
369 3610 414 3637 30.

2058 528 2190 560 Regnat

2009 570 2182 599 Zacharias
2201 569 2232 599 iu

2066 615 2180 644 Israel.

2066 1105 2190 1133 Sellum

2033 1155 2091 1177 rex
2115 1148 2227 1177 Israel.

2041 1638 2213 1666 Manahem

2027 1689 2086 1709 rex
2117 1682 2229 1710 Israel.

2063 2341 2204 2370 phaceia

2037 2391 2096 2412 rex
2119 2385 2232 2413 Israel.

2071 2875 2197 2903 Phacee

2031 2925 2091 2946 rex
2118 2919 2231 2947 Israel.

2422 89 2433 286 l

2419 304 2440 378 ᾗ

2418 377 2430 560 ἶ
