2423 3861
155 669 301 698 Afflictio

118 717 153 742 et
171 712 337 742 liberatio.

129 1734 317 1771 Conclusio,

151 2199 295 2229 Titulus.

152 2272 241 2299 Laus
255 2274 290 2299 et

120 2314 322 2348 deprecatio.

162 2984 284 3014 Divino

163 3030 276 3058 fretus

143 3074 279 3102 oraculo
290 3095 297 3109 ‚

418 124 504 168 630

981 125 1054 168 Ps.
1090 125 1214 180 cvi,
1249 127 1307 168 30
1338 151 1397 158 -
1430 126 1580 182 CVII,
1617 128 1684 170 11.

593 294 631 322 3⁰
648 297 705 339 Et
726 295 867 338 laetati
893 300 996 338 sunt
1018 295 1120 351 quia
1142 296 1358 340 siluerunt
1376 312 1385 350 3

713 359 757 398 et
779 355 964 398 deduxit
989 369 1060 398 eos
1085 355 1132 397 in
1153 360 1329 412 portum
1350 355 1593 399 voluntatis
1620 370 1785 400 eorum.

593 414 627 441 3¹
648 413 952 458 Confiteantur
979 414 1169 457 Domino
1195 414 1508 458 misericordiae
1535 415 1630 471 ejus
1651 432 1662 471 3

712 478 755 516 et
779 472 1001 516 mirabilia
1027 473 1124 530 ejus
1150 474 1252 517 filiis
1278 474 1522 517 hominum.

593 530 631 558 32
645 532 703 574 Et
728 532 926 576 exaltent
947 547 1048 576 eum
1071 532 1119 575 in
1145 533 1332 577 ecclesia
1357 533 1519 590 plebis,

710 596 753 635 et
773 591 820 634 in
846 591 1057 635 cathedra
1082 593 1304 636 seniorum
1331 592 1515 636 laudent
1540 606 1655 636 eum.

592 650 629 677 33
647 651 802 694 Posuit
825 650 1011 693 flumina
1034 651 1080 694 in
1107 651 1350 708 desertum,

712 715 755 753 et
776 710 921 753 exitus
942 725 1157 766 aquarum
1177 710 1224 753 in
1247 712 1367 754 sitim
1387 729 1396 767 ς

592 768 629 795 34
647 774 809 812 terram
833 767 1120 813 fructiferam
1142 770 1189 812 in
1215 770 1508 827 salsuginem,

709 843 736 871 a
761 829 934 872 malitia
958 829 1310 872 inhabitantium
1334 830 1381 872 in
1403 845 1469 874 ea.

590 887 627 914 35
644 887 799 932 Posuit
825 888 1048 932 desertum
1071 889 1119 931 in
1144 893 1304 944 stagna
1329 904 1564 946 aquarum,

709 952 752 991 et
777 953 939 991 terram
962 948 1056 991 sine
1080 962 1196 1003 aqua
1216 948 1264 990 in
1289 948 1434 991 exitus
1459 964 1689 1005 aquarum.

591 1005 628 1032 36
646 1007 704 1050 Et
725 1007 964 1050 collocavit
987 1007 1080 1050 illic
1107 1007 1370 1064 esurientes,

709 1071 752 1109 et
774 1066 1099 1109 constituerunt
1122 1066 1351 1110 civitatem
1373 1067 1687 1123 habitationi&

591 1125 626 1152 37
645 1130 687 1169 et
713 1125 1046 1169 seminaverunt
1071 1140 1199 1181 agros
1226 1131 1269 1169 et
1294 1127 1609 1183 plantaverunt
1634 1127 1807 1185 vineas,

708 1190 751 1228 et
775 1185 981 1228 fecerunt
1005 1185 1205 1228 fructum
1229 1185 1494 1230 nativitatis.

588 1243 624 1270 33
644 1245 701 1286 Et
722 1244 952 1287 benedixit
975 1244 1056 1300 eis,
1081 1250 1125 1288 et
1150 1245 1438 1301 multiplicati
1461 1251 1564 1288 sunt
1585 1246 1746 1301 nimis3

706 1308 749 1347 et
774 1303 976 1359 jumenta
999 1318 1149 1347 eorum
1172 1319 1260 1348 non
1282 1305 1533 1348 minoravit.

588 1362 625 1388 39
642 1364 699 1406 Et
724 1363 855 1420 pauci
878 1363 991 1406 facti
1018 1368 1121 1406 sunt
1147 1368 1190 1407 et
1210 1364 1361 1407 vexati
1387 1370 1510 1421 sunt,

705 1437 731 1465 a
756 1423 1045 1466 tribulatione
1070 1423 1288 1466 malorum
1314 1429 1356 1467 et
1380 1424 1541 1468 dolore.

588 1481 625 1509 40
642 1482 801 1525 Effusa
827 1487 893 1525 est
919 1482 1190 1538 contemptio
1215 1497 1346 1539 super
1370 1483 1591 1540 principes
1611 1501 1620 1538 ;

709 1547 752 1585 et
778 1556 921 1585 errare
942 1541 1054 1584 fecit
1079 1555 1152 1584 eos
1173 1541 1220 1583 in
1245 1542 1387 1597 invio,
1415 1547 1458 1585 et
1482 1557 1570 1586 non
1595 1543 1641 1585 in
1664 1544 1749 1587 via.

588 1599 621 1626 4¹
641 1600 702 1642 Et
724 1600 902 1656 adjuvit
927 1615 1166 1657 pauperem
1193 1601 1247 1643 de
1272 1601 1439 1657 inopia,

707 1666 750 1703 et
774 1660 922 1716 posuit
944 1659 1059 1703 sicut
1084 1674 1187 1703 oves
1209 1660 1422 1703 familias.

588 1719 625 1746 42
643 1719 875 1763 Videbunt
897 1719 1026 1775 recti,
1051 1724 1095 1762 et
1120 1718 1422 1774 laetabuntur3

708 1784 750 1822 et
776 1778 919 1822 omnis
941 1778 1154 1834 iniquitas
1178 1779 1396 1835 oppilabit
1419 1793 1465 1822 os
1491 1795 1633 1824 suum.

588 1837 625 1864 43
642 1838 748 1889 Quis
773 1838 949 1895 sapiens
972 1843 1015 1881 et
1037 1837 1257 1881 custodiet
1282 1837 1379 1881 haec
1394 1838 1415 1881 ἱ)

708 1902 751 1940 et
774 1897 998 1952 intelliget
1020 1896 1346 1940 misericordias
1369 1897 1584 1941 Domini?

1141 2006 1358 2048 PSALMUS
1385 2006 1515 2048 CVII

685 2094 914 2137 Laudatio
935 2094 1043 2147 Dei,
1065 2094 1191 2149 cujus
1216 2108 1294 2149 ope
1318 2108 1487 2150 maynae
1513 2102 1745 2150 sperantur
1767 2097 1974 2141 victoriae.

470 2180 739 2224 1Canticum
762 2181 952 2237 Psalmi,
979 2181 1065 2238 ipsi
1093 2181 1255 2225 David.

603 2253 620 2280 2
638 2255 852 2298 Paratum
875 2270 948 2298 cor
970 2270 1138 2311 meum,
1167 2256 1308 2312 Deus,
1336 2262 1540 2312 paratum
1567 2256 1640 2300 cor
1663 2273 1811 2301 meum
1830 2275 1839 2313 3

706 2314 918 2370 cantabo,
944 2320 987 2358 et
1009 2315 1200 2372 psallam
1224 2315 1271 2357 in
1297 2314 1438 2370 gloria
1464 2331 1575 2360 mea.

603 2372 622 2399 3
640 2374 839 2430 Exurge,
867 2374 1010 2430 gloria
1032 2389 1158 2429 mea,
1189 2389 1373 2431 exurge,
1401 2376 1661 2431 psalterium
1687 2381 1730 2420 et
1753 2377 1950 2433 cithara;

705 2447 919 2489 exurgam
942 2434 1152 2477 diluculo.

604 2491 621 2517 4
639 2492 892 2536 Confitebor
917 2493 1000 2535 tibi
1025 2493 1071 2535 in
1097 2494 1292 2551 populis,
1321 2494 1530 2550 Domine,

704 2557 747 2596 et
773 2553 963 2610 psallam
990 2553 1071 2596 tibi
1097 2553 1144 2595 in
1169 2553 1451 2609 nationibus3

607 2611 624 2637 5
642 2611 745 2667 quia
770 2626 935 2667 magna
959 2618 1024 2656 est
1046 2627 1176 2669 super
1198 2613 1331 2656 caelos
1355 2612 1657 2656 misericordia
1682 2617 1778 2669 tua,

705 2676 748 2714 et
773 2685 910 2727 usque
936 2671 993 2714 ad
1019 2672 1158 2715 nubes
1184 2672 1347 2715 veritas
1370 2677 1459 2716 tua.

603 2729 620 2756 3
638 2730 849 2774 Exaltare
871 2745 1002 2788 super
1025 2731 1178 2788 caelos,
1207 2733 1348 2788 Deus,

702 2795 747 2833 et
772 2804 902 2847 super
928 2805 1104 2834 omnem
1129 2796 1293 2835 terram
1314 2791 1456 2847 gloria
1478 2795 1578 2846 tua3

604 2847 619 2874 ⁷
638 2853 687 2892 ut
707 2848 950 2892 liberentur
976 2850 1128 2894 dilecti
1154 2850 1239 2907 tui,

701 2908 875 2951 salvum
898 2910 974 2952 fac
1001 2910 1183 2953 dextera
1208 2915 1305 2966 tua,
1333 2915 1376 2953 et
1399 2909 1560 2953 exaudi
1584 2924 1666 2953 me.

603 2966 619 2992 ⁸
638 2967 758 3011 Deus
781 2968 956 3012 locutus
979 2975 1044 3012 est
1065 2969 1111 3011 in
1132 2974 1288 3012 sancto
1314 2984 1392 3013 suo
1419 2986 1427 3013 :

703 3027 947 3082 Exultabo,
972 3034 1015 3072 et
1037 3029 1236 3072 dividam
1257 3028 1526 3083 Sichimam3

703 3091 746 3129 et
768 3088 1017 3131 convallem
1039 3088 1426 3131 tabernaculorum
1449 3087 1667 3131 dimetiar.

603 3142 621 3169 9
637 3143 763 3188 Meus
786 3151 852 3189 est
874 3146 1070 3203 Galaad,
1098 3153 1141 3190 et
1166 3161 1289 3190 meus
1316 3152 1382 3191 est
1403 3147 1632 3191 Manasses
1651 3163 1660 3201 3

704 3209 746 3247 et
772 3205 986 3261 Ephraim
1010 3206 1231 3263 susceptio
1259 3206 1418 3263 capitis
1445 3206 1546 3250 mei.

702 3263 730 3306 J
735 3263 822 3306 uda
847 3279 922 3307 rex
949 3280 1086 3308 meus.

588 3320 621 3347 ¹⁰
642 3322 775 3366 Moab
800 3322 921 3366 lebes
946 3324 1038 3380 spei
1062 3339 1196 3379 meae3

700 3381 746 3424 in
768 3381 1019 3424 Idumaeam
1041 3384 1279 3427 extendam
1303 3384 1656 3428 calceamentum
1683 3397 1831 3427 meum
1849 3402 1862 3439 ;

701 3440 810 3483 mihi
831 3441 1096 3497 alienigenae
1121 3443 1254 3485 amici
1277 3443 1390 3486 facti
1413 3447 1528 3486 sunt.

588 3499 616 3525 ¹¹
637 3499 742 3550 Quis
766 3499 954 3543 deducet
979 3514 1049 3543 me
1073 3501 1119 3543 in
1145 3500 1375 3545 civitatem
1397 3499 1651 3544 munitam?

406 3644 743 3678 42]30b,XX11,10.
764 3660 800 3663 —
818 3645 844 3678 1]
868 3644 921 3672 ΡΞ.
940 3644 1026 3679 LVI,
1043 3647 1069 3672 8.
