2456 3861
175 782 246 809 Non
257 782 414 808 obstante

175 824 414 853 intercessione

175 869 415 904 Moysis‚De11.÷

203 913 387 941 vindictam

218 957 375 986 minatur.

212 2321 377 2350 Minarum

176 2366 312 2394 iteratio
329 2373 361 2394 et
384 2366 416 2394 in

186 2411 416 2443 exploratores

212 2456 379 2484 executio.

483 132 566 175 136
1169 130 1296 173 NUM.
1331 129 1456 183 xlv7
1491 129 1624 172 8-37.

481 302 673 345 filiorum
707 301 847 344 Israel
880 300 1016 343 locuti
1054 305 1157 341 sunt
1194 316 1202 342 :
1237 299 1392 353 Terra,
1425 312 1556 354 quam
1587 298 1893 354 circuivimus,
1924 299 2055 342 valde
2087 299 2203 342 bona
2233 305 2312 343 est.

483 360 500 387 ⁸
515 361 560 404 Si
583 360 797 417 propitius
819 359 956 402 fuerit
980 357 1210 411 Dominus,
1233 357 1415 400 inducet
1444 370 1522 399 nos
1543 356 1590 399 in
1617 371 1728 412 eam,
1757 362 1800 399 et
1826 357 1971 400 tradet
1991 358 2177 400 humum
2198 359 2314 401 lacte

484 425 528 463 et
566 419 698 462 melle
738 423 1008 460 manantem.
1051 416 1068 442 9
1102 416 1253 459 Nolite
1296 415 1482 459 rebelles
1523 429 1618 459 esse
1659 422 1811 458 contra
1858 416 2129 472 Dominum3
2171 432 2313 473 neque

483 478 676 521 timeatis
717 477 930 534 populum
969 481 1097 519 terrae
1135 475 1291 530 hujus,
1334 475 1437 530 quia
1477 474 1592 517 sicut
1632 489 1814 531 panem,
1857 475 1920 518 ita
1961 489 2034 518 eos
2082 489 2313 532 possumus

482 537 702 580 devorare.
729 535 927 578 Recessit
947 535 1003 577 ab
1026 534 1088 577 eis
1111 548 1240 577 omne
1262 533 1522 591 praesidium
1541 550 1549 588 3
1576 533 1793 576 Dominus
1818 534 2050 577 nobiscum
2071 540 2150 590 est,
2176 535 2314 578 nolite
2374 588 2376 590 V

482 602 688 639 metuere.
727 594 763 620 ¹⁰
788 594 987 650 Cumque
1020 593 1234 636 clamaret
1266 593 1408 635 omnis
1443 592 1702 648 multitudo,
1738 598 1782 635 et
1818 593 2040 649 lapidibus
2075 607 2146 636 eos
2180 594 2314 637 vellet

482 654 747 711 opprimere,
782 653 989 710 apparuit
1022 652 1162 708 gloria
1199 652 1380 695 Domini
1418 665 1547 709 super
1583 656 1752 694 tectum
1784 651 1968 695 foederis
2007 652 2178 695 cunctis
2211 653 2314 696 filiis

481 713 633 756 Israel.

543 772 572 798 ¹¹
606 774 663 815 Et
701 771 816 815 dixit
859 771 1077 814 Dominus
1113 771 1170 814 ad
1208 771 1393 827 Moysen
1432 788 1440 814 :
1476 771 1715 827 Usquequo
1749 771 1951 814 detrahet
1985 771 2092 813 mihi
2127 772 2314 827 populus

479 831 563 874 iste
579 830 600 873 ἱ)
623 831 858 886 Quousque
880 843 967 872 non
990 830 1170 874 credent
1191 830 1322 886 mihi,
1345 830 1392 872 in
1415 830 1619 873 omnibus
1646 830 1786 886 signis
1809 844 1907 885 quae
1930 830 2020 873 feci
2044 844 2193 873 coram
2214 829 2313 874 eis‘!

482 890 517 916 19
536 890 713 933 Feriam
733 890 872 946 igitur
893 903 966 932 eos
988 889 1263 946 pestilentia,
1287 895 1419 945 atque
1441 903 1700 932 consumam
1721 907 1728 944 3
1757 895 1800 932 te
1825 894 1975 932 autem
2004 889 2174 932 faciam
2196 889 2314 946 prin-

482 950 626 1006 cipem
663 963 792 1006 super
827 953 1007 1004 gentem
1045 963 1276 1004 magnam,
1321 954 1363 991 et
1400 948 1631 991 fortiorem
1672 963 1805 1003 quam
1845 949 1943 991 haec
1980 954 2058 991 est.
2098 948 2133 975 13
2159 950 2216 991 Ε1
2251 949 2313 991 ait

480 1009 657 1065 Moyses
686 1008 743 1051 ad
778 1007 1021 1051 Dominum
1050 1024 1058 1051 ε
1092 1008 1153 1051 Ut
1181 1007 1367 1050 audiant
1399 1007 1623 1063 AEgyptii,
1645 1006 1699 1050 de
1724 1021 1909 1062 quorum
1942 1008 2089 1050 medio
2121 1007 2312 1051 eduxisti

480 1068 693 1125 populum
725 1068 882 1122 istum,
919 1066 953 1093 ¹4
972 1073 1014 1110 et
1047 1066 1320 1109 habitatores
1357 1071 1485 1109 terrae
1523 1066 1675 1122 hujus,
1714 1066 1787 1121 qui
1824 1066 2061 1109 audierunt
2097 1067 2212 1122 quod
2245 1073 2306 1123 tu,

483 1127 693 1183 Domine,
723 1127 769 1169 in
798 1126 961 1183 populo
994 1125 1080 1168 isto
1117 1125 1196 1180 sis,
1236 1131 1279 1168 et
1317 1125 1436 1168 facie
1470 1125 1660 1168 videaris
1693 1125 1749 1167 ad
1780 1125 1968 1181 faciem,
1999 1130 2042 1169 et
2070 1126 2210 1169 nubes
2238 1131 2316 1169 tua

480 1192 686 1243 protegat
728 1186 848 1241 illos,
895 1190 937 1228 et
976 1185 1023 1227 in
1066 1185 1271 1227 columna
1316 1184 1445 1226 nubis
1494 1184 1721 1241 praecedas
1767 1198 1839 1227 eos
1881 1198 1957 1240 per
1999 1184 2137 1241 diem,
2183 1190 2226 1228 et
2268 1185 2316 1228 in

482 1245 688 1288 columna
717 1245 835 1300 ignis
862 1259 938 1301 per
967 1249 1165 1299 noctem,
1194 1243 1229 1270 ¹⁵
1249 1244 1365 1299 quod
1392 1243 1605 1286 occideris
1628 1248 1801 1285 tantam
1825 1243 2160 1287 multitudinem
2190 1244 2315 1300 quasi

480 1319 618 1347 unum
638 1304 884 1359 hominem,
918 1309 960 1346 01
990 1303 1142 1346 dicant
1179 1321 1187 1347 :
1235 1303 1270 1330 16
1290 1304 1390 1346 Νο11
1412 1308 1584 1360 poterat
1605 1302 1885 1346 introducere
1907 1303 2120 1360 populum
2141 1303 2188 1346 in
2228 1309 2314 1347 ter-

480 1379 595 1419 ram,
620 1378 698 1420 pro
719 1377 805 1419 qua
831 1363 1086 1419 juraverat3
1111 1363 1277 1405 idcirco
1313 1362 1475 1406 occidit
1498 1376 1570 1405 eos
1595 1361 1642 1404 in
1663 1362 1916 1405 solitudine.
1942 1362 1976 1388 ¹⁷
2003 1362 2318 1419 Magnificetur

481 1437 585 1479 ergo
622 1422 842 1465 fortitudo
880 1421 1082 1477 Domini,
1122 1422 1238 1465 sicut
1275 1422 1454 1478 jurasti,
1498 1421 1648 1465 dicens
1691 1438 1698 1465 :
1743 1421 1777 1448 13
1806 1421 2023 1465 Dominus
2063 1422 2237 1478 patiens
2273 1427 2318 1466 et

481 1482 636 1525 multae
677 1481 1013 1537 misericordiae,
1059 1482 1266 1525 auferens
1311 1481 1596 1537 iniquitatem
1637 1487 1679 1524 et
1725 1481 1910 1537 scelera,
1953 1481 2212 1537 nullumque
2250 1481 2317 1524 in-

480 1542 665 1584 noxium
695 1541 1022 1597 derelinquens,
1057 1540 1128 1596 qui
1159 1541 1314 1583 visitas
1340 1545 1524 1597 peccata
1553 1545 1729 1597 patrum
1754 1540 1800 1582 in
1830 1541 1964 1596 filios,
1993 1541 2040 1583 in
2070 1541 2248 1584 tertiam
2273 1546 2317 1585 et

482 1606 685 1657 quartam
732 1600 1077 1656 generationem.
1131 1599 1166 1626 ¹9
1202 1600 1412 1655 Dimitte,
1456 1599 1656 1654 obsecro,
1707 1605 1940 1656 peccatum
1984 1600 2135 1657 populi
2183 1601 2316 1657 hujus

481 1660 725 1703 secundum
755 1659 1112 1715 magnitudinem
1143 1659 1457 1702 misericordias
1487 1664 1596 1714 tuae,
1628 1659 1743 1701 sicut
1775 1659 1991 1716 propitius
2028 1659 2156 1702 fuisti
2194 1674 2316 1716 egre-

482 1719 706 1762 dientibus
744 1720 797 1763 de
834 1719 1036 1775 AEgypto
1073 1733 1211 1774 usque
1252 1719 1308 1762 ad
1347 1718 1493 1761 locum
1533 1718 1683 1761 istum.
1725 1717 1762 1745 90
1794 1719 2005 1774 Dixitque
2045 1719 2262 1762 Dominus
2307 1736 2315 1763 :

483 1778 645 1821 Dimisi
679 1778 808 1834 juxta
846 1778 1031 1821 verbum
1068 1783 1208 1821 tuum.
1243 1777 1277 1803 91
1305 1778 1423 1821 Vivo
1456 1792 1557 1833 ego,
1593 1783 1635 1820 et
1667 1777 1926 1834 implebitur
1959 1778 2100 1834 gloria
2136 1778 2317 1821 Domini

481 1837 687 1881 universa
732 1843 859 1881 terra.
903 1835 939 1862 99
969 1838 1185 1881 Attamen
1231 1851 1382 1881 omnes
1424 1837 1624 1880 homines
1671 1837 1744 1892 qui
1785 1837 1992 1880 viderunt
2033 1838 2317 1893 majestatem

482 1911 648 1953 meam,
679 1903 722 1941 et
751 1897 880 1954 signa
910 1911 1009 1952 quae
1040 1897 1129 1939 feci
1158 1897 1204 1939 in
1227 1898 1430 1953 AEgypto
1459 1901 1502 1939 et
1522 1896 1568 1938 in
1590 1896 1849 1952 solitudine,
1877 1901 1920 1940 et
1941 1902 2225 1940 tentaverunt
2247 1911 2318 1940 me

483 1956 575 2012 jam
604 1971 680 2013 per
709 1957 863 2000 decem
892 1957 1032 2011 vices,
1065 1970 1144 1999 nec
1179 1956 1440 1999 obedierunt
1470 1955 1567 1998 voci
1598 1970 1730 2011 meae,
1755 1954 1791 1981 93
1808 1969 1896 1998 non
1917 1956 2134 1999 videbunt
2154 1961 2318 1999 terram

482 2030 559 2072 pro
588 2031 673 2072 qua
703 2016 848 2072 juravi
880 2016 1078 2073 patribus
1109 2030 1260 2059 eorum
1281 2033 1289 2071 3
1321 2029 1402 2058 nec
1425 2015 1658 2071 quisquam
1684 2029 1737 2058 ex
1758 2014 1848 2057 illis
1874 2015 1947 2070 qui
1971 2015 2165 2058 detraxit
2185 2015 2316 2071 mihi,

483 2075 725 2118 intuebitur
746 2090 857 2118 eam.
886 2075 922 2101 94
939 2076 1124 2118 Servum
1148 2089 1295 2118 meum
1318 2074 1474 2130 Caleb,
1507 2074 1599 2130 qui,
1631 2074 1787 2130 plenus
1817 2074 1905 2117 alio
1933 2074 2111 2131 spirim,
2142 2080 2317 2117 secutus

482 2138 548 2177 est
576 2149 666 2190 me,
697 2134 909 2177 inducam
930 2134 976 2177 111
1000 2140 1163 2178 terram
1184 2135 1320 2190 hanc,
1345 2148 1479 2189 quam
1502 2134 1707 2176 circuivit
1727 2151 1735 2188 3
1767 2139 1810 2177 et
1832 2148 1982 2177 semen
2004 2134 2099 2189 ejus
2122 2134 2316 2190 posside-

486 2192 548 2236 bit
569 2208 680 2237 eam.
704 2193 740 2220 95
758 2194 976 2244 Quoniam
1003 2194 1275 2237 Amalecites
1307 2198 1350 2237 et
1379 2193 1659 2236 Chananaeus
1680 2193 1888 2235 habitant
1909 2193 1956 2236 in
1982 2192 2188 2236 vallibus.
2211 2193 2317 2236 Cras

482 2259 657 2297 movete
679 2259 843 2308 castra,
867 2259 910 2296 et
931 2252 1206 2296 revertimini
1228 2252 1275 2295 in
1297 2252 1583 2295 solitudinem
1607 2267 1683 2310 per
1703 2252 1824 2295 viam
1847 2253 1980 2295 maris
2008 2252 2160 2295 Rubri.

542 2311 578 2339 96
597 2314 876 2368 Locutusque
906 2319 972 2356 est
1004 2312 1220 2355 Dominus
1250 2312 1306 2355 ad
1329 2312 1514 2368 Moysen
1537 2317 1579 2354 et
1601 2313 1772 2368 Aaron,
1800 2312 1952 2355 dicens
1982 2329 1990 2356 :
2025 2311 2059 2337 97
2081 2312 2318 2367 Usquequo

482 2371 722 2415 multitudo
753 2372 851 2414 haec
885 2372 1076 2429 pessima
1111 2376 1356 2414 murmurat
1389 2376 1543 2414 contra
1576 2371 1680 2414 me?
1718 2371 1916 2426 querelas
1949 2371 2141 2413 filiorum
2177 2370 2317 2413 Israel

481 2431 647 2474 audivi.
693 2430 729 2457 98
757 2431 841 2474 Dic
882 2446 986 2487 ergo
1030 2431 1092 2475 eis
1135 2447 1142 2474 :
1182 2431 1299 2474 Vivo
1345 2445 1446 2487 ego,
1488 2430 1552 2473 ait
1595 2430 1832 2486 Dominus,
1874 2430 1989 2473 sicut
2035 2430 2170 2473 locuti
2212 2430 2316 2473 estis

481 2490 691 2534 audiente
720 2505 809 2546 me,
845 2491 908 2533 sic
939 2491 1107 2533 faciam
1141 2490 1281 2534 vobis.
1319 2489 1356 2516 99
1380 2491 1435 2532 111
1465 2489 1703 2533 solitudine
1735 2490 1819 2532 hac
1851 2489 2063 2545 jacebunt
2100 2489 2317 2532 cadavera

481 2556 642 2593 vestra.
667 2550 829 2594 Omnes
855 2550 928 2605 qui
955 2550 1175 2593 numerati
1199 2550 1304 2593 estis
1326 2564 1352 2592 a
1374 2549 1536 2605 viginti
1562 2549 1690 2591 aunis
1714 2554 1756 2592 et
1777 2563 1920 2605 supra,
1945 2554 1988 2592 et
2010 2548 2316 2591 murmurastis

484 2615 636 2652 contra
658 2624 748 2665 me,
776 2609 813 2636 30
830 2623 917 2652 non
941 2609 1166 2652 intrabitis
1198 2615 1380 2665 terram,
1411 2623 1540 2665 super
1563 2623 1694 2664 quam
1717 2608 1861 2652 levavi
1891 2622 2070 2651 manum
2102 2622 2249 2651 meam
2269 2613 2317 2650 ut

485 2668 684 2712 habitare
718 2682 795 2711 vos
828 2670 1044 2724 facerem,
1081 2674 1241 2726 praeter
1271 2668 1427 2724 Caleb,
1463 2668 1605 2710 filium
1640 2668 1862 2724 Jephone,
1901 2673 1945 2710 01
1981 2668 2137 2722 Josue,
2176 2666 2317 2710 filium

485 2729 600 2771 Nun.
631 2727 665 2754 3¹
687 2728 899 2771 Parvulos
928 2734 1077 2771 autem
1104 2734 1291 2783 vestros,
1324 2728 1378 2771 de
1408 2727 1566 2783 quibus
1594 2727 1769 2770 dixistis
1792 2726 1906 2782 quod
1928 2727 2094 2782 praedae
2116 2726 2316 2770 hostibus

484 2787 652 2842 forent,
685 2787 986 2842 introducam,
1025 2793 1074 2829 ut
1107 2787 1289 2830 videant
1324 2792 1486 2830 terram
1524 2801 1622 2842 quae
1656 2786 1781 2829 vobis
1819 2785 2059 2842 displicuit.
2099 2785 2136 2812 39
2156 2786 2317 2829 Vestra

487 2846 701 2889 cadavera
723 2846 935 2902 jaeebunt
963 2846 1010 2888 in
1032 2846 1271 2889 solitudine
1291 2863 1299 2900 ;
1333 2846 1370 2872 33
1387 2846 1468 2888 filii
1490 2846 1625 2888 vestri
1649 2851 1776 2889 erunt
1797 2845 1900 2899 vagi
1922 2845 1968 2887 in
1995 2845 2166 2888 deserto
2188 2844 2316 2887 annis

488 2905 800 2961 quadraginta,
837 2911 879 2949 et
912 2905 1153 2962 portabunt
1190 2905 1534 2948 fornicationem
1572 2910 1785 2960 vetram,
1825 2904 1963 2947 donec
2001 2909 2319 2947 consumantur

487 2964 703 3007 cadavera
740 2971 915 3020 patrum
953 2964 1000 3007 in
1038 2965 1229 3020 deserto,
1274 2964 1310 2991 34
1339 2964 1468 3020 juxta
1513 2978 1745 3007 numerum
1786 2963 2083 3019 quadraginta
2124 2963 2314 3018 dierum,
2379 3008 2382 3014 ,

487 3023 646 3079 quibus
668 3023 977 3066 considerastis
1000 3028 1163 3067 terram
1193 3041 1201 3068 :
1235 3038 1377 3066 annus
1404 3037 1482 3080 pro
1505 3023 1576 3066 die
1597 3022 1901 3080 imputabitur.
1936 3024 1991 3065 Et
2021 3021 2317 3078 quadraginta

484 3082 614 3125 annis
635 3082 856 3138 recipietis
878 3082 1135 3138 iniquitates
1158 3089 1346 3138 vestras,
1371 3089 1414 3126 et
1443 3083 1592 3126 scietis
1615 3082 1829 3124 ult-ionem
1856 3096 2022 3137 meam,
2053 3081 2090 3108 35
2108 3081 2317 3137 quoniam

486 3141 601 3184 sicut
638 3141 809 3184 locutus
847 3156 964 3197 sum,
1006 3142 1069 3184 ita
1111 3142 1281 3185 faciam
1319 3142 1437 3185 omni
1480 3140 1757 3184 multitudini
1802 3141 1905 3183 huic
1946 3141 2172 3198 pessimae,
2217 3154 2316 3195 quae

487 3200 761 3244 consurrexit
808 3200 1044 3243 adversum
1085 3216 1155 3245 me
1203 3218 1211 3245 :
1259 3201 1305 3244 in
1353 3201 1592 3243 solitudine
1640 3201 1722 3243 hac
1768 3200 1962 3255 deficiet,
2010 3205 2053 3243 et
2093 3199 2311 3242 morietur.

487 3259 523 3286 36
540 3259 686 3315 Igitur
715 3273 865 3302 omnes
897 3259 1000 3314 viri,
1032 3274 1137 3315 quos
1168 3260 1348 3304 miserat
1370 3261 1545 3316 Moyses
1572 3259 1629 3302 ad
1655 3259 2046 3316 contemplandam
2068 3264 2250 3313 terram,
2273 3263 2314 3301 et

486 3319 559 3374 qui
607 3318 769 3362 reversi
819 3333 1090 3362 murmurare
1138 3319 1339 3362 fecerant
1388 3324 1539 3361 contra
1589 3333 1689 3362 eum
1737 3332 1911 3361 omnem
1961 3317 2319 3372 multitudinem,

486 3377 767 3421 detrahentes
805 3383 932 3420 terrae
970 3378 1084 3432 quod
1124 3383 1237 3420 esset
1271 3378 1410 3433 mala,
1450 3377 1485 3404 3⁷
1505 3377 1665 3420 mortui
1703 3382 1825 3433 sunt,
1860 3383 1994 3433 atque
2035 3376 2229 3433 percussi
2269 3376 2316 3418 in

488 3556 534 3588 14]
554 3556 613 3583 Ex.
632 3556 788 3590 XIII,21.
814 3571 849 3575 —-
875 3556 921 3589 16]
942 3556 1001 3583 Ex.
1021 3556 1166 3590 XXXII,
1180 3558 1224 3583 222.
1242 3556 1410 3589 —18]Ps.
1430 3556 1544 3589 CILs.
1568 3557 1628 3584 Ex.
1647 3556 1804 3589 XXXIV,
1823 3558 1847 3584 7.
1870 3557 1930 3584 Ex.
1950 3556 2024 3590 XX,
2041 3559 2067 3584 5.
2090 3571 2125 3575 -
2147 3556 2194 3589 23]
2218 3556 2317 3584 Dent.

488 3599 575 3633 1‚33.
604 3615 639 3618 —
668 3601 715 3633 24]
734 3600 804 3627 σος.
824 3600 915 3634 XIV,
933 3603 958 3627 6.
984 3615 1019 3619 —-
1048 3601 1094 3633 29]
1116 3600 1167 3627 Ps.
1182 3600 1245 3628 cv,
1263 3602 1306 3627 26.
1330 3615 1365 3618 —
1390 3600 1438 3633 30]
1460 3601 1555 3627 nont.
1577 3601 1601 3633 1,
1623 3603 1666 3627 35.
1698 3613 1734 3617 —-
1758 3600 1806 3632 34]
1827 3600 1879 3627 ΕΖ.
1900 3600 1956 3634 lv,
1975 3602 1999 3627 (3.
2016 3598 2198 3633 Ps.X01v,
2217 3600 2260 3626 10.
2281 3611 2318 3617 —-

488 3644 536 3676 36]
554 3643 695 3679 Judith,
714 3644 818 3679 VIII,
836 3647 880 3672 24.
905 3644 918 3671 I
938 3644 1009 3672 Cor.
1035 3644 1083 3679 X,
1114 3646 1157 3672 10.
1189 3643 1291 3672 Eebr.
1321 3644 1392 3678 111,
1415 3646 1457 3671 17.
1480 3644 1587 3677 «111ᾱ10,
1604 3647 1630 3671 5.
2304 3656 2311 3660 -
