2456 3861
698 148 805 190 auo.
841 148 936 202 111,
974 149 1021 190 11
1058 174 1116 179 -
1149 149 1226 202 lv,
1261 149 1302 192 6.
1826 147 1910 189 225

91 317 227 374 Syriae
253 322 298 361 et
330 317 547 374 oppressit
572 332 686 361 eum.
719 317 749 344 ¹¹
773 317 1033 374 Quievitque
1064 322 1179 360 terra
1211 316 1508 373 quadraginta
1539 316 1696 372 annis3
1727 321 1771 359 et
1800 330 1910 358 mor-

89 382 190 419 tuus
215 381 282 419 est
308 376 538 431 Othoniel,
561 376 676 419 filius
701 378 858 421 Cenez.

150 434 184 460 ¹⁹2
207 434 489 478 Addiderunt
520 440 669 478 autem
701 435 781 478 filii
816 435 954 478 Israel
988 435 1137 479 facere
1171 435 1338 478 malum
1367 434 1413 477 in
1446 439 1683 491 conspectu
1710 433 1910 488 Domini,
1977 439 2215 474 servitngmn,

88 493 161 549 qui
188 493 461 536 confortavit
485 494 718 537 adversum
745 508 817 538 eos
844 494 1010 550 Eglon,
1036 509 1185 550 regem
1211 494 1364 549 Moab,
1388 493 1490 550 quia
1515 494 1719 537 fecerunt
1745 493 1911 535 malum
2010 484 2173 560 Ιῗέἐᾞξὲἑ

87 551 132 594 in
160 557 398 608 conspectu
423 553 534 608 ejus.
569 552 602 579 ¹³
628 554 685 595 Et
714 552 939 609 copulavit
963 553 1001 596 ei
1033 553 1144 595 filios
1174 554 1387 608 Ammon,
1410 557 1455 595 et
1484 552 1691 608 Amalec,
1714 551 1911 607 abiitque
2176 548 2183 556 '

87 615 132 653 et
157 611 373 667 percussit
398 611 556 666 Israel,
576 616 708 666 atque
733 611 928 667 possedit
953 611 1105 653 urbem
1133 611 1400 654 Palmarum.
1424 610 1458 638 ¹¹⁴
1478 611 1814 667 Servieruntque
1832 610 1911 653 filii

88 669 227 713 Israel
255 670 419 726 Eglon,
444 669 537 725 regi
563 669 716 724 Moab,
741 669 893 712 decem
919 675 963 712 et
989 674 1087 712 octo
1113 669 1270 724 annis;
1309 669 1342 696 ¹5
1367 674 1410 712 et
1432 676 1583 726 postea
1609 669 1913 713 clamaverunt

88 728 144 771 ad
168 729 428 783 Dominum,
454 727 528 783 qui
561 727 793 770 suscitavit
825 727 887 771 eis
919 727 1185 770 salvatorem
1215 728 1432 771 vocabulo
1458 729 1576 783 Aod,
1606 728 1745 771 filium
1772 729 1908 783 Gera,

88 787 168 829 filii
201 787 390 841 Jemini,
424 786 499 842 qui
533 790 715 841 utraque
752 800 886 828 manu
917 800 996 842 pro
1030 786 1212 829 dextera
1245 786 1464 830 utebatur.
1500 787 1799 843 Miseruntque
1833 787 1911 830 filii

90 847 228 890 Israel
250 860 327 902 per
351 845 477 887 illum
498 857 682 887 munera
708 844 871 900 Eglon,
890 844 985 900 regi
1009 845 1160 899 Moab,
1186 844 1221 871 ¹⁶
1239 843 1312 900 qui
1338 844 1449 887 fecit
1466 845 1549 888 sibi
1573 845 1770 901 gladium
1793 846 1912 889 anci-

88 905 246 962 pitem,
272 903 512 946 habentem
545 903 591 945 in
624 903 770 946 medio
803 903 1010 959 capulum
1042 903 1333 959 longitudinis
1367 903 1526 958 palmae
1560 918 1736 959 manus,
1768 910 1812 947 et
1841 919 1912 947 ac-

88 964 259 1006 cinctus
299 969 365 1007 est
403 978 455 1007 eo
494 963 644 1007 subter
682 977 839 1019 sagum
871 962 916 1004 in
953 962 1109 1006 dextro
1149 962 1333 1005 femore.
1372 960 1405 987 ¹7
1437 962 1695 1018 Obtulitque
1732 977 1913 1006 munera

89 1022 252 1078 Eglon,
275 1022 370 1079 regi
397 1023 543 1068 Moab.
564 1023 673 1065 Erat
697 1026 847 1064 autem
873 1021 1017 1078 Eglon
1043 1035 1213 1064 crassus
1238 1019 1384 1064 nimis.
1408 1020 1442 1047 ¹8
1461 1021 1656 1077 Cumque
1682 1021 1914 1064 obtulisset

88 1081 128 1125 ei
152 1095 354 1138 munera,
381 1086 637 1138 prosecutus
662 1086 728 1124 est
752 1080 913 1137 socios,
941 1080 1014 1137 qui
1037 1094 1137 1123 cum
1162 1094 1214 1123 eo
1235 1085 1464 1123 venerant.
1491 1079 1527 1106 ¹⁹
1552 1080 1611 1122 Et
1634 1094 1834 1123 reversus
1860 1080 1913 1123 de

88 1140 310 1196 Galgalis,
338 1140 413 1183 ubi
443 1146 569 1184 erant
594 1140 732 1196 idola,
760 1139 874 1183 dixit
906 1140 962 1182 ad
987 1154 1138 1196 regem
1165 1155 1174 1183 ε
1210 1138 1407 1182 Verbum
1439 1144 1657 1182 secretum
1689 1138 1832 1182 habeo
1856 1139 1912 1181 ad

87 1205 152 1255 te,
171 1214 196 1243 ο
220 1214 310 1243 rex.
331 1201 388 1243 Et
412 1199 487 1243 ille
509 1199 746 1256 imperavit
769 1198 1020 1254 silentium3
1042 1199 1315 1255 egressisque
1344 1197 1547 1241 omnibus
1572 1198 1646 1254 qui
1672 1197 1789 1240 circa
1814 1211 1913 1241 eum

87 1263 233 1314 erant,
267 1258 304 1285 ²⁰
325 1259 548 1315 ingressus
582 1265 648 1302 est
673 1259 771 1302 Aod
796 1259 853 1302 ad
878 1273 979 1302 eum
1000 1276 1008 1314 ;
1034 1257 1218 1301 sedebat
1249 1263 1398 1300 autem
1427 1256 1474 1299 in
1507 1257 1661 1300 aestivo
1687 1256 1914 1300 coenaculo

87 1318 225 1374 solus,
250 1317 449 1374 dixitque
475 1335 484 1362 z
507 1318 702 1362 Verbum
731 1317 815 1362 Dei
839 1318 980 1361 habeo
1005 1318 1062 1361 ad
1087 1322 1144 1360 te.
1171 1317 1254 1368 Qui
1272 1315 1423 1359 statim
1451 1315 1639 1359 surrexit
1657 1316 1710 1359 de
1729 1316 1911 1371 throno3

88 1376 121 1402 ‘²¹
150 1377 437 1433 extenditque
463 1378 561 1421 Aod
587 1377 813 1420 sinistram
846 1392 1047 1433 manum,
1075 1383 1119 1420 et
1150 1376 1255 1419 tulit
1287 1375 1425 1418 sicam
1455 1375 1508 1418 de
1533 1375 1715 1418 dextero
1744 1374 1914 1417 femore

87 1450 184 1492 suo,
211 1436 442 1492 infixitque
468 1451 567 1480 eam
599 1437 646 1479 in
669 1443 824 1480 ventre
850 1436 947 1492 ejus
980 1435 1017 1462 ²⁸²
1042 1442 1134 1479 tam
1158 1436 1327 1490 valide,
1362 1440 1411 1478 ut
1444 1434 1626 1491 capulus
1663 1438 1916 1489 sequeretur

87 1495 256 1538 ferrum
288 1495 334 1538 in
365 1495 568 1551 vulnere,
594 1510 646 1538 ac
678 1495 970 1552 pinguissimo
1003 1495 1133 1552 adipe
1167 1495 1471 1551 stringeretur.
1509 1494 1602 1536 Nec
1635 1492 1789 1536 eduxit
1820 1492 1914 1548 gla-

88 1554 240 1610 dium3
273 1554 349 1598 sed
382 1553 445 1597 ita
469 1559 518 1597 ut
549 1559 843 1611 percusserat,
866 1554 1045 1610 reliquit
1069 1555 1115 1596 in
1142 1568 1340 1611 corpore,
1367 1553 1606 1608 statimque
1637 1566 1716 1608 per
1747 1556 1916 1594 secreta

87 1619 257 1657 naturae
292 1613 382 1656 alvi
415 1619 608 1657 stercora
635 1618 940 1670 proruperunt.
975 1612 1012 1639 23
1038 1613 1136 1656 Aod
1170 1618 1340 1669 autem,
1376 1612 1536 1655 clausis
1577 1610 1915 1667 diligentissime

87 1672 210 1715 ostiis
236 1673 474 1729 coenaculi,
499 1678 542 1717 et
567 1673 809 1716 obfirmatis
831 1687 947 1728 sera,
971 1671 1007 1698 24
1031 1687 1110 1729 per
1133 1672 1353 1729 posticum
1379 1685 1579 1727 egressus
1605 1675 1684 1714 est.
1709 1669 1916 1726 Servique

86 1732 203 1788 regis
232 1732 420 1788 ingressi
444 1732 651 1776 viderunt
674 1732 846 1775 clausas
875 1732 995 1775 fores
1021 1731 1258 1787 coenaculi,
1283 1736 1415 1787 atque
1442 1729 1649 1773 dixerunt
1674 1745 1683 1772 :
1712 1728 1916 1771 Forsitan

86 1795 248 1847 purgat
271 1791 422 1835 alvum
447 1791 493 1834 in
519 1792 674 1835 aestivo
697 1791 914 1835 cubiculo.
949 1791 985 1818 25
1008 1792 1396 1848 Expectantesque
1427 1789 1503 1833 diu
1528 1789 1667 1832 donec
1690 1787 1916 1831 erubesce-

86 1856 205 1906 rent,
240 1855 285 1894 et
316 1850 520 1894 videntes
552 1850 668 1907 quod
701 1850 848 1893 nullus
881 1850 1091 1908 aperiret,
1129 1850 1327 1893 tulerunt
1364 1850 1557 1906 clavem,
1592 1854 1636 1892 et
1668 1847 1917 1904 aperientes
2449 1882 2456 1905 ⁴

87 1908 352 1953 invenerunt
384 1910 613 1953 dominum
645 1925 772 1954 suum
804 1910 851 1953 in
887 1915 1000 1953 terra
1032 1911 1257 1966 jacentem
1291 1914 1527 1953 mortuum.
1562 1908 1598 1935 2⁶
1621 1907 1720 1951 Aod
1745 1912 1914 1962 autem,
2445 1918 2456 1947 ,ι

88 1968 192 2012 dum
224 1969 291 2012 illi
326 1970 620 2027 turbarentur,
656 1970 846 2026 effugit,
886 1975 930 2013 et
962 1969 1219 2026 pertransiit
1251 1969 1398 2012 locum
1432 1968 1667 2023 idolorum,
1702 1967 1818 2009 unde
1851 1980 1917 2008 re-
2040 2001 2042 2004 ,
2436 1971 2440 1988 ’

87 2042 236 2071 versus
261 2029 430 2085 fuerat,
449 2028 658 2086 venitque
683 2029 730 2072 in
757 2029 942 2073 Seirath.
968 2028 1004 2055 2⁷
1023 2029 1081 2071 Et
1102 2029 1256 2072 statim
1278 2027 1475 2071 insonuit
1492 2027 1681 2070 buccina
1703 2025 1749 2067 in
1767 2030 1917 2068 monte
2444 1985 2456 2096 i

88 2087 321 2143 Ephraim,
351 2088 760 2146 descenderuntque
786 2103 886 2132 cum
911 2103 962 2132 eo
987 2088 1068 2131 filii
1102 2088 1262 2143 Israel,
1297 2087 1392 2146 ipso
1425 2087 1471 2129 in
1495 2087 1644 2129 fronte
1671 2084 1916 2141 gradiente.
2445 2099 2456 2155 ἦ

87 2144 124 2172 ²⁸
149 2146 231 2197 Qui
267 2147 381 2190 dixit
417 2148 474 2190 ad
510 2162 583 2191 eos
618 2163 627 2191 :
662 2147 906 2204 Sequimini
937 2163 1039 2204 me,
1075 2147 1261 2191 tradidit
1301 2147 1420 2190 enim
1459 2145 1675 2190 Dominus
1715 2143 1917 2186 inimicos

87 2211 259 2249 nostros
284 2207 507 2250 Moabitas
532 2206 579 2249 in
603 2222 759 2250 manus
785 2212 971 2251 nostras.
1000 2207 1420 2262 Descenderuntque
1451 2210 1551 2262 post
1576 2219 1696 2259 eum,
1720 2207 1764 2245 et
1790 2216 1916 2245 occu-

87 2270 307 2322 paverunt
339 2266 455 2309 vada
486 2266 696 2310 ‚Iordanis
725 2280 823 2322 quae
855 2266 1166 2309 transmittunt
1196 2265 1243 2308 in
1276 2265 1431 2319 Moab,
1459 2269 1504 2307 et
1534 2277 1623 2306 non
1656 2261 1916 2305 dimiserunt

87 2324 273 2368 transire
307 2339 600 2381 quemquam3
636 2325 672 2352 29
696 2325 774 2369 sed
806 2330 1117 2382 percusserunt
1149 2325 1372 2368 Moabitas
1404 2324 1451 2366 in
1475 2328 1673 2379 tempore
1706 2320 1804 2376 illo,
1836 2320 1916 2363 cir-

88 2383 198 2427 citer
219 2384 374 2428 decem
398 2384 560 2441 millia,
585 2399 736 2428 omnes
759 2385 961 2428 robustos
987 2389 1031 2428 et
1054 2384 1196 2427 fortes
1219 2384 1348 2427 viros.
1368 2382 1528 2426 Nullus
1554 2395 1704 2425 eorum
1730 2379 1917 2423 evadere

88 2443 246 2499 potuit.
267 2443 305 2470 3⁰
324 2443 686 2500 Humiliatusque
712 2448 779 2487 est
802 2443 936 2486 Moab
961 2443 1007 2486 in
1031 2443 1101 2486 die
1122 2442 1200 2486 illo
1225 2442 1305 2485 sub
1330 2457 1466 2485 manu
1495 2440 1658 2494 Israe13
1681 2444 1727 2482 et
1751 2437 1918 2494 quievit

87 2507 205 2545 terra
230 2503 460 2559 octoginta
484 2503 626 2547 annis.

147 2561 181 2588 3¹
206 2562 312 2605 Post
343 2563 460 2606 hunc
493 2563 582 2606 fuit
617 2564 813 2620 Samgar,
847 2563 963 2606 filius
997 2562 1168 2617 Anath,
1203 2561 1277 2617 qui
1308 2560 1525 2618 percussit
1558 2559 1611 2602 de
1646 2555 1918 2600 Philisthiim
2029 2564 2173 2598 samgar.

89 2626 322 2664 sexcentos
346 2621 462 2665 viros
487 2637 664 2666 vomere
684 2639 693 2678 3
719 2627 764 2665 et
790 2622 883 2678 ipse
908 2635 1078 2678 quoque
1105 2620 1310 2664 defendit
1335 2618 1485 2662 Israel.

477 2744 675 2788 SEcrio
720 2745 791 2788 II.
828 2770 888 2775 —-
932 2745 1195 2786 DEBBORA
1239 2754 1302 2784 ET
1349 2742 1534 2784 BARAc

535 2860 560 2917 ξ
593 2860 630 2904 Ι.
656 2886 714 2892 -—
753 2860 950 2902 Victoria
982 2858 1197 2902 Debborae
1228 2863 1269 2901 et
1299 2858 1464 2900 Barac.

149 2968 254 3012 CAP.
286 2969 366 3011 IV.
388 2994 448 3001 —
480 2967 493 2993 ¹
517 2967 885 3022 Addideruntque
921 2966 1002 3009 filii
1035 2965 1174 3009 Israel
1210 2965 1360 3008 facere
1396 2964 1563 3007 malum
1600 2963 1646 3006 in
1680 2967 1918 3018 conspectu
2050 2968 2154 3017 israel
2183 3011 2189 3015 ,

91 3026 271 3069 Domini
303 3032 402 3083 post
434 3031 623 3070 mortem
649 3026 747 3070 Aod
768 3044 776 3081 ;
809 3026 825 3052 ‘²
847 3031 892 3069 et
916 3025 1102 3068 tradidit
1131 3024 1230 3068 illos
1265 3023 1481 3067 Dominus
1507 3023 1552 3065 in
1578 3036 1734 3065 manus
1758 3020 1915 3075 Jabin,
1983 3015 2089 3041 servm
2113 3012 2222 3040 Jabm·

90 3085 206 3141 regis
236 3085 470 3141 Chanaan,
494 3085 567 3141 qui
592 3085 798 3142 regnavit
823 3085 868 3128 in
894 3086 1019 3140 Asor,
1046 3084 1288 3140 habuitque
1315 3083 1473 3126 ducem
1498 3082 1717 3126 exercitus
1747 3080 1813 3124 sui
1842 3094 1918 3123 no-

90 3144 209 3198 mine
240 3144 459 3199 Sisaram;
488 3144 582 3201 ipse
614 3150 764 3188 autem
797 3143 1032 3188 habitabat
1063 3144 1109 3186 in
1136 3143 1361 3186 Haroseth
1393 3141 1620 3186 Gentium.
1649 3141 1667 3167 3
1689 3140 1916 3184 Clamave-

91 3208 277 3259 runtque
316 3203 398 3246 filii
434 3203 574 3247 Israel
619 3204 675 3247 ad
716 3204 985 3258 Dominum3
1036 3207 1285 3259 nongentos
1333 3201 1451 3245 enim
1490 3200 1686 3244 habebat
1724 3199 1917 3242 falcatos

92 3274 259 3318 currus,
287 3268 332 3306 et
355 3277 433 3319 per
456 3263 619 3320 viginti
643 3278 782 3306 annos
806 3263 1091 3306 vehementer
1116 3266 1391 3320 oppresserat
1415 3275 1501 3306 eOS.

149 3320 167 3347 4
192 3322 300 3364 Erat
321 3328 470 3366 autem
497 3323 705 3366 Debbora
729 3323 975 3379 prophetis,
1002 3335 1111 3364 uxor
1133 3320 1377 3377 Lapidoth,
1404 3335 1501 3376 quae
1523 3318 1755 3375 judicabat
1779 3331 1915 3374 popu-
2015 3320 2194 3349 Liberatur

92 3379 184 3423 lum
201 3381 246 3423 in
271 3382 348 3425 illo
369 3388 580 3439 tempore.
606 3383 623 3409 ⁵
642 3384 699 3426 Et
720 3381 904 3425 sedebat
927 3381 1008 3423 sub
1029 3381 1193 3437 palma,
1215 3394 1311 3435 quae
1329 3379 1506 3422 nomine
1524 3378 1642 3420 illius
1661 3377 1913 3429 vocabatur,
1999 3365 2205 3437 aetnssgffcm
2450 3407 2456 3438 ,

92 3437 206 3482 inter
229 3441 370 3483 Rama
402 3447 447 3484 et
473 3441 652 3497 Bethel,
679 3441 724 3483 in
746 3446 897 3483 monte
931 3440 1172 3496 Ephraim,
1206 3439 1592 3493 ascendebantque
1625 3437 1681 3479 ad
1714 3450 1812 3479 eam
1837 3435 1916 3477 filii
2177 3429 2185 3437 ’

94 3497 231 3541 Israel
257 3500 302 3542 in
328 3514 456 3543 omne
481 3500 713 3556 judicium.
740 3500 757 3527 6
776 3500 880 3551 Quae
903 3499 1024 3542 misit
1048 3503 1093 3542 et
1114 3498 1294 3541 vocavit
1320 3499 1481 3552 Barac,
1508 3496 1648 3538 filium
1674 3494 1914 3549 Abinoem,

94 3642 123 3676 2]
139 3642 154 3670 1
173 3643 254 3676 neg.
272 3643 396 3679 x11,9,

2451 3540 2456 3587 l

2452 3608 2456 3636 ι

2452 3692 2456 3760 ἰ

2450 3772 2456 3858 ἕ
