2423 3861
726 133 799 176 Pa.
833 132 958 187 xiv,
992 133 1018 173 5
1051 157 1108 163 -
1139 128 1271 183 XVI,
1307 128 1347 170 7.

424 305 630 349 timentes
651 307 800 345 autem
827 301 1065 344 Dominum
1093 299 1321 353 glorificat.

368 364 449 415 Qui
472 363 593 419 jurat
618 360 818 418 proximo
842 374 940 414 suo,
967 364 1010 401 et
1033 373 1118 400 non
1145 357 1310 413 decipit
1331 375 1340 410 3

385 423 403 450 ⁵
420 422 494 479 qui
520 419 754 478 pecuniam
775 433 900 461 suam
923 432 1009 460 non
1035 418 1157 460 dedit
1178 417 1235 459 ad
1262 430 1456 470 usuram,

423 487 468 525 et
489 493 670 523 munera
692 492 822 534 super
842 477 1125 518 innocentem
1153 489 1237 517 non
1264 473 1449 529 accepit.
1504 483 1508 487 '

365 540 446 591 Qui
472 538 585 582 facit
609 537 707 581 haec
731 550 818 579 non
845 534 1095 578 movebitur
1118 534 1160 576 in
1185 539 1410 576 aeternum.

877 643 1091 684 PsALMUS
1123 640 1208 683 XV

171 735 368 781 Chmtstns
392 746 519 778 suam
535 732 753 789 fiduciam
776 731 822 772 in
846 729 965 785 Deo,
993 742 1024 771 a
1047 742 1133 784 quo
1157 726 1511 770 resurrectionem
1536 730 1702 782 sperat,
1735 727 1930 769 testatur.

189 820 204 847 ¹
221 821 359 864 Tit-uli
381 818 630 876 inscriptio,
654 817 737 875 ipsi
762 815 924 860 David.

366 895 588 938 Conserva
612 905 704 948 me,
729 890 937 945 Domine,
962 887 1170 945 qnoniam
1196 885 1370 943 speravi
1395 885 1442 927 in
1464 889 1521 928 te.

325 953 343 979 '2
361 953 466 996 Dixi
491 951 681 996 Domino
704 967 713 995 ε
742 951 861 993 Deus
885 962 1009 991 meus
1036 961 1080 990 es
1107 954 1174 1002 tu,

426 1011 635 1068 quoniam
656 1010 872 1053 bonorum
898 1021 1095 1051 meorum
1120 1019 1208 1048 non
1234 1019 1351 1061 eges.

326 1071 346 1098 3
362 1071 555 1125 Sanctis,
584 1069 657 1126 qui
681 1072 785 1112 sunt
809 1067 855 1110 in
877 1072 993 1110 terra
1017 1066 1135 1122 ejus,

426 1129 680 1173 mirificavit
706 1141 856 1171 omnes
878 1126 1130 1169 voluntates
1156 1138 1277 1167 meas
1301 1123 1348 1165 in
1370 1122 1444 1165 eis.

326 1190 346 1217 4
360 1189 675 1246 Multiplicatae
698 1191 800 1230 sunt
824 1185 1104 1228 infirmitates
1131 1197 1301 1237 eorum,

426 1254 580 1305 postea
609 1246 983 1289 acceleraverunt.
1303 1281 1306 1285 .

367 1308 469 1351 Non
495 1305 776 1361 congregabo
798 1303 1109 1348 conventicula
1133 1316 1283 1344 eorum
1305 1301 1359 1344 de
1380 1297 1674 1355 sanguinibus
1695 1313 1703 1353 3

427 1380 508 1409 nec
533 1379 702 1408 memor
727 1377 800 1407 ero
824 1362 1057 1406 nominum
1079 1375 1231 1407 eorum
1251 1375 1328 1416 per
1352 1359 1472 1402 labia
1493 1372 1605 1400 mea.

328 1426 347 1453 5
363 1425 580 1469 Dominus
600 1437 701 1480 pars
723 1421 984 1465 hereditatis
1009 1434 1142 1473 meae,
1167 1426 1209 1462 et
1232 1419 1384 1461 calicis
1406 1417 1518 1461 mei:

428 1489 476 1527 tu
498 1497 542 1526 es
565 1482 640 1538 qui
666 1481 870 1524 restitues
891 1479 1186 1522 hereditatem
1207 1492 1354 1521 meam
1374 1476 1497 1518 mihi.

329 1543 348 1571 ὃ
363 1543 510 1586 Funes
534 1540 791 1584 ceciderunt
815 1538 926 1581 mihi
947 1538 995 1580 in
1019 1537 1245 1595 praeclaris
1266 1554 1274 1591 3

428 1600 593 1645 etenim
617 1598 842 1643 hereditas
868 1612 966 1640 mea
990 1596 1204 1653 praeclara
1226 1601 1292 1638 est
1318 1594 1441 1637 mihi.

330 1661 345 1688 ⁷
365 1660 636 1705 Benedicam
661 1658 905 1701 Dominum
932 1656 1005 1712 qui
1031 1655 1188 1699 tribuit
1211 1654 1321 1697 mihi
1341 1653 1648 1706 intellectum3
1706 1693 1709 1696 .

426 1720 606 1776 insuper
631 1723 675 1762 et
700 1725 836 1773 usque
861 1716 918 1759 ad
945 1721 1122 1758 noctem
1143 1715 1456 1770 increpuerunt
1480 1725 1551 1754 me
1573 1724 1700 1753 renes
1726 1709 1826 1753 mei.

330 1779 347 1806 8
365 1778 661 1823 Providebam
685 1776 925 1820 Dominum
947 1775 995 1817 in
1020 1778 1259 1830 conspectu
1283 1780 1380 1815 meo
1403 1785 1587 1827 semper,

430 1837 641 1894 quoniam
665 1851 692 1879 a
715 1836 883 1879 dextris
908 1839 975 1878 est
997 1833 1127 1889 mihi,
1150 1847 1205 1876 ne
1228 1845 1521 1876 commovear.

329 1897 348 1925 9
364 1899 548 1954 Propter
568 1897 651 1939 hoc
672 1895 876 1938 laetatum
902 1898 968 1937 est
991 1907 1064 1935 cor
1085 1894 1254 1948 meum',
1283 1897 1326 1935 et
1350 1889 1573 1934 exultavit
1594 1887 1749 1944 lingua
1772 1899 1894 1942 mea3

431 1956 610 2012 insuper
634 1960 678 1998 et
703 1969 804 1997 caro
829 1968 929 1997 mea
954 1952 1201 2008 requiescet
1221 1951 1268 1993 in
1293 1965 1384 2008 spe.

313 2015 351 2043 ¹⁰
367 2015 586 2066 Quoniam
610 2028 698 2057 non
721 2013 997 2069 derelinques
1023 2011 1221 2054 animam
1244 2025 1391 2053 meam
1411 2009 1458 2052 in
1484 2007 1677 2063 inferno,

431 2087 513 2117 nec
535 2073 662 2116 dabis
687 2078 892 2116 sanctum
915 2077 1041 2114 tuum
1065 2070 1214 2113 videre
1242 2068 1582 2126 corruptionem.

315 2134 349 2160 ¹¹
369 2134 509 2177 Notas
530 2132 640 2175 mihi
661 2131 812 2175 fecisti
837 2131 933 2173 vias
956 2130 1062 2173 vitae
1083 2148 1091 2185 3

433 2191 700 2248 adimplebis
725 2205 796 2234 me
820 2189 981 2232 laetitia
1004 2204 1106 2232 cum
1127 2188 1254 2231 vultu
1278 2193 1354 2231 tuo
1381 2205 1390 2231 :

433 2250 752 2295 delectationes
778 2250 822 2291 in
846 2249 1028 2291 dextera
1050 2254 1128 2290 tua
1149 2261 1286 2303 usque
1309 2246 1357 2289 in
1379 2246 1526 2290 finem.

874 2357 1089 2400 PsALMUS
1121 2356 1234 2398 XVI

454 2447 730 2503 Imploratur
761 2446 852 2488 Dei
883 2443 1106 2488 auxilium
1137 2448 1287 2485 contra,
1319 2441 1478 2496 impios
1509 2439 1660 2484 hostes,

199 2534 216 2562 ¹
235 2535 386 2579 Oratio
413 2534 573 2578 David.

375 2608 571 2665 Exaudi,
600 2607 811 2662 Domine,
838 2605 1060 2662 justitiam
1086 2618 1259 2657 meam3

437 2667 618 2711 intende
644 2665 1002 2724 deprecationem
1028 2678 1187 2707 meam.

377 2727 573 2771 Auribus
597 2726 777 2784 percipe
798 2725 1045 2769 orationem
1071 2736 1236 2777 meam,

437 2800 525 2829 non
550 2786 596 2829 in
621 2785 752 2828 labiis
779 2784 954 2828 dolosis.

339 2843 358 2871 2
373 2846 441 2889 De
464 2845 592 2888 vultu
613 2850 688 2888 tuo
711 2844 1101 2901 judiciummeum
1123 2840 1329 2898 prodeat3

439 2904 554 2950 oculi
580 2904 647 2947 tui
667 2903 853 2947 videant
876 2902 1120 2958 aequitates.

339 2962 358 2990 3
375 2963 578 3007 Probasti
605 2978 680 3007 cor
704 2977 872 3018 meum,
896 2967 939 3005 et
960 2959 1154 3003 visitasti
1179 2963 1308 3001 nocte
1328 2975 1337 3013 3

437 3023 543 3079 igne
564 3038 634 3066 me
657 3021 945 3076 examinasti,
973 3025 1016 3063 et
1038 3034 1124 3062 non
1147 3023 1213 3062 est
1236 3017 1420 3060 inventa
1444 3016 1491 3059 in
1518 3031 1587 3059 me
1609 3015 1835 3071 iniquitas.

339 3081 361 3110 4
376 3082 442 3127 Ut
462 3096 551 3126 non
575 3082 780 3138 loquatur
806 3095 854 3124 os
878 3094 1026 3123 meum
1051 3093 1181 3135 opera
1204 3075 1455 3129 hominum,
1672 3087 1676 3090 ·

439 3146 618 3198 propter
640 3140 777 3184 verba
802 3139 1021 3183 labiorum
1048 3143 1224 3180 tuorum
1248 3149 1330 3192 ego
1357 3133 1576 3178 custodivi
1602 3132 1697 3176 vias
1723 3131 1867 3175 duras.

342 3200 361 3228 5
376 3200 545 3244 Perfice
570 3215 745 3256 gressus
767 3214 888 3243 meos
910 3198 955 3240 in
978 3196 1148 3240 semitis
1172 3195 1280 3251 tuis,

428 3264 490 3318 ‚ut
514 3274 603 3303 non
628 3265 891 3302 moveantur
912 3256 1102 3312 vestigia
1124 3270 1236 3299 mea.

341 3318 362 3347 ⁶
378 3320 475 3376 Ego
498 3319 711 3374 clamavi,
735 3317 944 3375 quoniam
970 3314 1190 3359 exaudisti
1216 3329 1306 3370 me,
1332 3314 1450 3356 Deus
1471 3330 1480 3367 ;

440 3377 610 3421 inclina
634 3392 787 3421 aurem
812 3382 936 3420 tuam
958 3373 1088 3430 mihi,
1112 3379 1156 3418 et
1181 3370 1343 3418 exaudi
1365 3371 1500 3415 verba
1526 3385 1639 3414 mea.

345 3437 361 3464 ⁷
379 3437 570 3481 Mirifica
595 3436 920 3480 misericordias
945 3440 1064 3492 tuas,

444 3496 518 3553 qui
543 3497 689 3540 salvos
714 3496 828 3538 facis
855 3498 1080 3551 sperantes
1107 3492 1152 3535 in
1176 3497 1233 3535 te.

150 3645 179 3679 8]
198 3644 273 3672 Act.
292 3643 346 3679 11,
361 3645 407 3670 25.
430 3656 466 3662 —
491 3643 538 3675 10]
557 3643 632 3670 Act.
651 3641 754 3675 11,31
775 3642 808 3667 et
826 3639 933 3672 mm,
950 3640 995 3666 35.

2070 819 2214 849 Titulus,

2091 886 2180 913 Deus
2191 907 2198 919 ,

2053 936 2152 962 quem
2170 927 2236 957 sibi

2069 972 2226 1001 Christus

2062 1017 2167 1051 elegit
2197 1016 2230 1045 in

2081 1063 2211 1095 partem

2038 1104 2257 1140 hereditatis,

2033 1653 2192 1681 aetornam
2211 1649 2274 1684 ipsi

2079 1694 2235 1723 laetitiam

2071 1742 2106 1768 et
2132 1738 2238 1766 vitam

2075 1783 2238 1812 conferet.

2088 2534 2232 2563 Titulus.

2089 2606 2238 2640 maltos,

2066 2649 2262 2679 innocentia

2058 2702 2119 2723 sua
2138 2695 2250 2722 fretus
2263 2715 2270 2725 .

2042 2739 2102 2768 Dei
2125 2738 2278 2772 implorat

2116 2790 2212 2817 opem

2105 3317 2222 3340 contra

2079 3355 2203 3389 impios·
2212 3351 2248 3383 'et

2079 3400 2248 3428 violentos·

2083 3442 2248 3471 homines.
