2423 3861
134 889 206 917 ideo
225 892 343 917 nostra

125 933 275 962 felicitas
292 937 344 962 est

116 979 149 1006 in
167 985 267 1006 manu
286 977 356 1006 Dei.

126 1422 205 1449 Duae
221 1428 342 1454 graves

146 1464 321 1493 anomaliae

178 1509 285 1538 divini

141 1553 328 1587 regiminis.

123 2137 342 2168 ‚aggravatur

158 2178 305 2207 hominis

54 2258 57 2261 ῃ
118 2224 347 2252 infortunium

128 2276 187 2301 per
208 2269 334 2297 violen-

193 2313 277 2349 tias,

111 2440 167 2466 per
189 2433 350 2462 invidiam

109 2483 143 2505 ct
162 2476 333 2510 ignaviam
343 2499 350 2512 ,

135 2745 193 2771 per
210 2738 330 2766 damna

191 2782 272 2811 vitae

145 2825 305 2855 solitariae
314 2847 322 2862 ,

140 3328 198 3353 Der
218 3321 320 3355 regiae

138 3365 329 3398 majestatis

119 3409 344 3438 conditionem

123 3471 125 3474 -
145 3454 318 3483 incertam.

433 160 519 203 700
1035 157 1166 197 Eae-L.
1202 156 1296 209 IH,
1334 156 1360 198 5
1391 181 1450 187 ——-
1482 156 1562 210 IV,
1599 155 1666 198 16.

627 330 642 355 5
661 330 853 384 Tempus
875 326 1112 383 spargendi
1140 325 1311 381 lapides
1333 331 1375 367 et
1399 330 1573 381 tempus
1595 324 1860 380 colligendi3
2102 358 2105 363 .

723 394 899 442 teinpus
924 385 1232 441 amplexandi,
1260 390 1304 427 et
1326 390 1500 440 tempus
1526 384 1656 439 longe
1678 383 1772 426 fieri
1793 383 1852 425 ab
1877 383 2170 441 amplexibus.

625 448 853 502 ‹Jss‘Tempus
878 444 1158 500 acquirendi,
1183 449 1227 486 et
1248 448 1422 500 tempus
1448 443 1686 499 perdendi;
1847 455 1850 460 ·
1956 464 1958 466 ·
2001 463 2004 466 >
2098 463 2112 465 ·*

720 511 896 562 tempus
919 503 1219 558 custodiendi,
1243 509 1288 545 et
1313 508 1488 559 tempus
1510 501 1770 558 abjiciendi.

622 566 637 591 7
654 566 851 621 Tempus
873 563 1126 618 scindendi,
1154 570 1197 605 et
1219 568 1396 618 teinpus
1419 561 1662 604 consuendi
1682 579 1692 616 ;

721 630 897 680 tempus
918 622 1116 678 tacendi,
1144 627 1189 665 et
1209 627 1386 678 tempus
1411 620 1634 677 loquendi.

620 688 637 713 ὅ
654 687 849 740 Tempus
875 682 1148 737 dilectionis,
1172 687 1216 724 et
1241 687 1417 737 tempus
1442 679 1556 734 odii3

721 749 898 800 tempus
924 742 1029 785 belli
1048 777 1057 794 ,
1080 747 1125 784 et
1145 747 1321 797 tempus
1344 740 1480 797 pacis.
1677 780 1686 785 ,

483 807 501 833 9
520 807 633 857 Quid
657 805 793 848 habet
813 802 1007 858 amplius
1029 802 1161 844 homo
1184 800 1239 843 de
1261 800 1411 843 labore
1432 800 1541 843 suo?
2058 816 2060 818 ’
2079 832 2083 838 .

487 866 519 892 ¹⁰
542 866 646 909 Vidi
670 863 959 908 afflictionem
987 875 1118 917 quam
1151 860 1277 903 dedit
1311 860 1431 903 Deus
1460 859 1564 902 filiis
1593 860 1846 913 hominum,
1879 866 1927 904 ut
1958 860 2269 905 distendantur

422 926 467 968 in
490 941 555 968 ea.
583 925 616 951 ¹¹
644 925 818 968 Cuncta
843 921 956 964 fecit
980 921 1098 963 bona
1122 920 1168 962 in
1194 924 1394 976 tempore
1415 933 1514 974 sue,
1540 925 1583 962 et
1608 920 1825 963 mundum
1855 920 2043 963 tradidit
2069 920 2269 977 disputa·

422 985 531 1028 tioni
550 999 721 1040 eorum,
749 988 798 1026 ut
820 996 908 1025 non
934 980 1135 1023 inveniat
1156 979 1289 1022 homo
1312 994 1420 1035 opus
1443 978 1558 1034 quod
1580 978 1788 1036 operatus
1809 985 1876 1023 est
1903 981 2022 1023 Deus
2051 979 2108 1022 ab
2140 979 2269 1023 initio

422 1059 559 1101 usque
580 1044 637 1087 ad
661 1044 809 1087 finem.
834 1041 869 1067 ¹⁴²
892 1043 950 1084 Et
974 1039 1165 1096 cognovi
1186 1038 1305 1094 quod
1328 1053 1415 1080 non
1439 1044 1553 1081 esset
1576 1039 1733 1082 melius
1755 1039 1841 1082 nisi
1864 1039 2028 1095 laetari,
2048 1044 2096 1083 et
2117 1039 2269 1083 facere

421 1105 534 1148 bene
571 1104 616 1146 in
653 1104 748 1146 vita
770 1117 872 1156 sua3
914 1100 950 1127 ¹3
979 1100 1122 1143 omnis
1160 1098 1280 1142 enim
1321 1099 1453 1140 homo
1488 1098 1561 1153 qui
1600 1099 1794 1142 comedit
1826 1104 1871 1142 et
1903 1099 2038 1155 bibit,
2068 1104 2114 1143 et
2145 1099 2271 1143 videt

420 1164 587 1207 bonum
614 1163 667 1206 de
700 1162 850 1205 labore
883 1175 981 1216 suo,
1015 1160 1099 1202 hoc
1132 1158 1298 1201 donum
1334 1157 1417 1200 Dei
1449 1163 1528 1200 est.
1570 1157 1604 1183 ¹¹
1632 1157 1787 1203 Didici.
1816 1159 1931 1214 quod
1962 1158 2112 1202 omnia
2132 1173 2270 1216 opem

421 1238 518 1279 quae
541 1223 655 1266 fecit
683 1224 802 1265 Deus
826 1224 1110 1277 perseverent
1141 1219 1188 1260 in
1220 1222 1512 1274 perpetuum;
1549 1231 1636 1260 non
1665 1232 1900 1274 possumus
1930 1218 1992 1261 eis
2025 1218 2269 1275 quidquam

419 1282 594 1337 addere,
619 1296 700 1325 nec
721 1281 912 1335 auferre,
932 1293 1032 1335 quae
1052 1279 1166 1321 fecit
1188 1279 1308 1321 Deus
1331 1283 1379 1320 ut
1399 1277 1625 1320 timeatur.
1642 1277 1678 1303 ¹5
1697 1278 1821 1327 Quod
1838 1278 2014 1321 factum
2039 1283 2106 1321 est
2122 1277 2270 1335 ipsum

419 1346 675 1398 permanet3
704 1355 802 1397 quae
821 1341 978 1382 futura
1001 1344 1107 1382 sunt
1130 1338 1226 1394 jam
1247 1337 1456 1391 fuerunt3
1481 1338 1527 1380 et
1550 1338 1670 1380 Deus
1691 1337 1913 1380 instaurat
1938 1337 2055 1393 quod
2076 1337 2206 1381 abiit.

480 1402 515 1428 ¹⁶
538 1401 644 1444 Vidi
665 1401 746 1444 sub
773 1399 864 1443 sole
888 1399 935 1441 in
959 1398 1056 1442 1000
1085 1397 1246 1454 judicii
1272 1397 1574 1453 impietatem,
1602 1401 1646 1440 et
1674 1397 1722 1440 in
1755 1397 1852 1441 loco
1884 1397 2074 1453 justitiae
2106 1397 2268 1453 iniqui·

419 1467 584 1517 tatem3
613 1460 647 1487 ¹⁷
679 1466 722 1504 et
750 1459 844 1503 dixi
876 1459 924 1501 in
955 1458 1088 1501 corde
1119 1472 1216 1500 meo
1251 1474 1260 1501 :
1291 1458 1472 1500 Justum
1503 1463 1548 1500 et
1582 1456 1770 1513 impium
1799 1457 2024 1513 judicabit
2059 1458 2200 1513 Deus,
2224 1462 2268 1501 et
2320 1499 2324 1501 r

418 1527 594 1578 tempus
627 1520 771 1564 omnis
804 1519 867 1562 rei
898 1523 1005 1561 tunc
1028 1518 1128 1561 erit.
1164 1517 1198 1543 '¹8
1226 1517 1331 1560 Dixi
1361 1517 1407 1559 in
1445 1517 1576 1560 corde
1605 1531 1706 1560 meo
1730 1517 1786 1560 de
1807 1516 1913 1560 filiis
1938 1515 2191 1572 hominum,
2219 1522 2270 1560 ut

419 1582 625 1638 probaiet
649 1594 723 1623 eos
750 1581 890 1633 Deus,
915 1583 959 1622 et
984 1578 1237 1620 ostenderet
1269 1577 1439 1619 similes
1466 1590 1563 1619 esse
1588 1577 1758 1620 bestiis.
1791 1576 1827 1602 ¹⁹
1857 1576 2034 1619 Idcirco
2063 1590 2178 1618 unus
2199 1576 2268 1618 in-

418 1641 575 1684 teritus
611 1645 678 1683 est
718 1638 911 1682 hominis
953 1643 997 1681 et
1032 1637 1358 1693 jumentorum,
1389 1641 1434 1678 et
1465 1651 1593 1691 aequa
1629 1636 1855 1691 utriusque
1892 1635 2104 1678 conditio.
2144 1635 2270 1679 Sicut

420 1700 603 1743 moritur
638 1700 791 1754 homo,
826 1699 889 1741 sic
922 1703 965 1741 et
998 1697 1078 1739 illa
1118 1695 1381 1739 moriuntur.
1419 1695 1632 1738 Similiter
1669 1696 1842 1752 spirant
1870 1695 2042 1751 omnia,
2076 1699 2126 1738 et
2155 1695 2268 1738 nihil

419 1760 555 1802 habet
590 1760 721 1802 homo
751 1759 953 1814 jumento
985 1756 1205 1813 amplius:
1237 1762 1398 1798 cuncta
1434 1755 1673 1811 subja-cent
1710 1755 1928 1809 vanitati,
1968 1753 2006 1781 2⁰
2035 1758 2082 1797 et
2119 1755 2268 1798 omnia

419 1824 610 1876 pergunt
634 1818 690 1861 ad
713 1833 849 1860 unum
875 1817 1037 1860 locum.
1069 1818 1130 1858 De
1152 1821 1269 1868 terra
1290 1815 1416 1857 facta
1442 1821 1564 1870 sunt,
1590 1819 1637 1857 et
1661 1814 1707 1856 in
1733 1821 1898 1856 terram
1923 1814 2090 1870 pariter
2112 1828 2267 1857 rever-

418 1884 584 1921 tuntur.
609 1877 641 1904 2¹
671 1877 776 1928 Quis
803 1877 928 1920 novit
953 1877 988 1918 si
1011 1876 1191 1932 spiritus
1210 1875 1401 1917 filiorum
1421 1874 1570 1916 Adam
1591 1874 1807 1916 ascendat
1830 1888 2024 1928 sursum,
2049 1878 2094 1916 et
2118 1873 2156 1916 si
2176 1873 2268 1930 spi-

418 1938 527 1981 ritus
553 1938 857 1994 jumentorum
884 1935 1126 1979 descendat
1149 1933 1386 1977 deorsum?
1414 1933 1451 1958 '22
1479 1935 1535 1975 Et
1555 1933 1830 1988 deprehendi
1853 1932 1968 1975 nihil
1987 1946 2084 1976 esse
2106 1933 2268 1977 melius

418 2011 551 2053 quam
578 1997 716 2040 laetari
744 1996 971 2039 hominem
993 1996 1038 2038 in
1066 2008 1195 2051 opere
1216 2008 1314 2048 suo,
1342 1999 1387 2035 et
1408 1993 1524 2035 hanc
1547 2006 1642 2035 esse
1664 1997 1837 2048 partem
1858 1992 1991 2035 illius.
2016 1992 2122 2042 Qujs
2145 1992 2267 2036 enim

418 2070 519 2100 eum
544 2057 738 2100 adducet
763 2061 812 2099 ut
834 2062 936 2112 post
957 2070 1003 2098 se
1026 2055 1179 2097 futura
1207 2053 1481 2109 cognoscat?

476 2117 583 2161 CAP.
609 2117 690 2161 IV.
716 2143 776 2150 —
797 2116 810 2141 ¹
839 2115 966 2158 Vetti
998 2129 1067 2158 me
1090 2114 1150 2157 ad
1184 2113 1294 2168 alia,
1330 2118 1373 2155 et
1405 2113 1498 2155 vidi
1534 2112 1782 2155 calumnias
1812 2126 1912 2168 quae
1948 2111 2032 2155 sub
2064 2112 2158 2156 sole
2192 2127 2268 2169 ge-

416 2181 590 2233 runtur,
622 2176 667 2220 et
701 2177 924 2232 lacrymas
960 2174 1287 2229 innocentium,
1325 2177 1371 2215 et
1402 2172 1629 2215 neminem
1660 2172 2007 2226 consolatorem,
2032 2185 2116 2215 nec
2138 2185 2269 2228 posse

416 2236 620 2280 resistere
659 2251 813 2280 eorum
853 2235 1105 2289 violentiae,
1149 2238 1411 2276 cunctorum
1447 2231 1618 2274 auxilio
1654 2232 1920 2285 destitutos,
1961 2229 2051 2274 2’οῖ
2085 2230 2268 2274 laudavi

416 2296 560 2352 magis
607 2302 805 2339 mortuos
851 2310 984 2351 qumn
1030 2294 1260 2345 viventes3
1298 2292 1316 2318 3
1344 2297 1389 2335 et
1424 2291 1675 2335 feliciorem
1717 2297 1904 2346 utroque
1939 2290 2144 2346 judicavi
2190 2290 2267 2346 qui

417 2356 609 2399 necdum
634 2362 766 2399 natus
790 2360 878 2411 est,
902 2369 984 2398 nec
1009 2353 1126 2396 vidit
1158 2352 1277 2395 mala
1301 2366 1403 2408 quae
1435 2352 1516 2394 sub
1549 2351 1641 2394 sole
1674 2351 1801 2394 fiunt.
2104 2366 2107 2369 ¹

475 2415 492 2442 4
509 2417 621 2459 Burs
629 2430 700 2459 um
719 2414 1048 2472 contemplatus
1067 2427 1164 2456 sum
1182 2426 1339 2464 omnes
1354 2411 1528 2454 labores
1541 2411 1787 2466 hominum,
1801 2415 1849 2453 et
1861 2409 2104 2453 industrias
2120 2408 2266 2452 anim-

416 2475 590 2519 adverti
621 2480 772 2532 patere
801 2474 985 2517 invidiae
1011 2472 1229 2530 proximi3
1255 2477 1299 2515 et
1326 2471 1373 2514 in
1396 2472 1479 2513 hoc
1503 2485 1608 2526 ergo
1638 2471 1814 2513 vanitas
1843 2475 1891 2512 et
1912 2483 2016 2512 cura
2038 2467 2266 2526 superflua
2324 2472 2327 2474 '

417 2540 494 2578 est.
525 2535 543 2562 ⁵
566 2535 739 2578 Stultus
776 2533 1017 2591 complicat
1057 2546 1215 2575 manus
1249 2546 1371 2587 suas,
1410 2537 1454 2574 et
1495 2529 1691 2574 comedit
1724 2542 1878 2572 carnes
1914 2543 2038 2584 suas,
2070 2528 2223 2572 dicens
2253 2544 2262 2571 :

417 2595 434 2621 Β
459 2595 617 2638 Melior
639 2600 706 2638 est
727 2594 926 2651 pugillus
951 2607 1052 2636 cum
1078 2591 1248 2647 requie,
1277 2605 1412 2647 quam
1437 2590 1571 2646 plena
1592 2595 1778 2645 utraque
1806 2602 1964 2630 manus
1986 2602 2087 2630 cum
2112 2586 2264 2630 labore

417 2659 460 2697 et
492 2654 731 2698 afflictione
757 2653 909 2697 animi.
948 2697 952 2700 ,

475 2714 490 2740 7
518 2714 835 2769 Considerans,
873 2713 1015 2770 reperi
1055 2718 1101 2756 et
1136 2712 1274 2754 aliam
1316 2712 1565 2754 vanitatem
1606 2708 1688 2752 sub
1723 2708 1830 2751 sole.
1873 2707 1890 2734 8
1923 2708 2049 2751 Unus
2089 2712 2176 2762 est,
2219 2711 2266 2750 θῖ

416 2774 656 2817 secundum
690 2789 779 2817 non
812 2773 968 2828 habet,
1002 2786 1091 2814 non
1119 2771 1282 2826 filium,
1319 2785 1408 2814 non
1440 2771 1651 2822 fratrem,
1686 2773 1731 2810 et
1759 2773 1911 2810 tamen
1947 2766 2150 2809 laborare
2177 2780 2264 2808 non

417 2838 572 2889 cessat,
596 2847 677 2877 nec
702 2834 921 2876 satiantur
937 2832 1056 2876 oculi
1073 2832 1171 2888 ejus
1192 2830 1387 2885 divitiis3
1413 2844 1495 2874 nec
1520 2828 1758 2884 recogitat,
1783 2827 1936 2869 dicens
1956 2843 1964 2870 ε
1983 2825 2067 2870 Cui
2094 2825 2258 2879 laboro,

417 2898 460 2935 et
492 2893 652 2936 fraudo
689 2893 887 2935 animam
924 2907 1070 2935 meam
1108 2891 1268 2934 bonis?
1300 2892 1354 2933 ln
1385 2892 1468 2933 hoc
1498 2903 1670 2945 quoque
1704 2886 1878 2929 vanitas
1908 2892 1975 2928 est
2008 2890 2051 2927 et
2081 2884 2262 2927 afflictio

416 2952 621 3008 pessima.
656 2953 674 2979 9
707 2953 868 2996 Melius
898 2957 963 2994 est
997 2965 1099 3006 ergo
1134 2951 1243 2994 duos
1276 2965 1370 2994 esse
1407 2949 1538 2993 simul
1570 2961 1705 3003 quam
1739 2959 1901 2998 unum,
1937 2945 2107 2990 habent
2142 2943 2263 2987 enim

417 3011 768 3055 emolumentum
802 3011 1028 3054 societatis
1068 3026 1172 3054 suae.
1209 3009 1245 3036 ¹⁰
1270 3010 1317 3053 Si
1350 3023 1464 3052 unus
1499 3007 1730 3060 ceciderit,
1765 3005 1822 3048 ab
1857 3004 1997 3046 altero
2033 3003 2260 3046 fulcietur.
2326 3014 2329 3016 ’

421 3071 499 3112 Vae
526 3071 628 3126 soli,
656 3071 758 3127 quia
781 3086 882 3114 cum
908 3071 1138 3126 ceciderit,
1165 3084 1253 3114 non
1279 3070 1415 3113 habet
1437 3068 1749 3111 sublevantem
1779 3078 1839 3107 se.
1870 3063 1899 3089 ¹¹
1927 3064 1985 3106 Et
2005 3063 2041 3106 si
2070 3061 2260 3106 dormie-

416 3129 506 3172 rint
535 3130 641 3185 duo,
674 3130 946 3173 fovebuntur
977 3136 1158 3185 mutuo,
1193 3143 1306 3173 unus
1341 3127 1559 3184 quomodo
1597 3123 1802 3169 calefiet?
1839 3123 1872 3149 ¹²
1899 3124 1957 3165 Et
1978 3123 2015 3166 si
2040 3122 2260 3179 quispiam

417 3189 700 3246 praevaluerit
737 3195 890 3232 contra
927 3203 1084 3244 unum,
1124 3189 1210 3232 duo
1251 3188 1464 3231 resistunt
1503 3186 1568 3242 ei3
1607 3183 1836 3227 funiculus
1870 3183 2034 3240 triplex
2072 3180 2261 3224 difficile

415 3249 646 3305 rumpitur.
920 3292 925 3297 ,

477 3308 512 3334 ¹³
539 3308 694 3351 Melior
723 3313 790 3351 est
821 3323 928 3364 puer
959 3323 1149 3364 pauper,
1180 3315 1223 3351 et
1243 3301 1455 3365 sapiens,
1486 3320 1590 3362 rege
1621 3318 1725 3348 sene
1759 3309 1804 3347 et
1827 3303 1985 3359 stulto,
2020 3301 2095 3358 qui
2117 3299 2260 3343 nescit

416 3368 661 3425 praevidere
680 3367 725 3409 in
747 3372 983 3423 posterum.
1016 3367 1047 3393 ¹¹
1071 3367 1195 3417 Quod
1217 3367 1271 3410 de
1293 3380 1468 3410 carcere
1487 3363 1743 3419 catenisque
1761 3363 1987 3406 interdum
2007 3361 2108 3417 quis
2131 3372 2258 3416 egre-

417 3427 562 3469 diatur
587 3427 643 3470 ad
669 3440 881 3482 regnum3
905 3432 950 3468 et
980 3426 1114 3481 alius,
1150 3433 1280 3468 natus
1309 3426 1357 3468 in
1385 3438 1544 3480 regno,
1574 3423 1725 3479 inopia
1758 3427 2059 3466 consumatur.
2087 3419 2124 3446 ¹⁵
2149 3417 2257 3462 Vidi

417 3491 599 3529 cunctos
616 3486 820 3529 viventes
833 3485 907 3541 qui
930 3485 1163 3528 ambulant
1188 3486 1268 3528 sub
1291 3486 1382 3528 sole
1403 3498 1506 3527 cum
1527 3483 1810 3526 adolescente
1828 3481 2036 3535 secundo,
2059 3478 2133 3536 qui
2153 3491 2256 3521 con-

417 3551 567 3601 surget
591 3559 669 3601 1110
695 3559 759 3588 00.
783 3545 819 3570 ¹⁰
846 3546 861 3587 l
871 3544 1054 3587 nfinitus
1078 3559 1287 3587 numerus
1320 3549 1387 3587 est
1415 3542 1566 3599 populi
1597 3543 1796 3585 omnium
1830 3541 1905 3597 qui
1934 3541 2118 3583 fuerunt
2150 3541 2255 3580 ante

418 3619 541 3658 euin,
569 3612 613 3647 et
638 3605 709 3660 qui
733 3609 886 3660 postea
910 3603 1050 3646 futuri
1078 3609 1181 3645 sunt
1204 3618 1289 3645 non
1324 3602 1595 3645 laetabuntur
1616 3601 1662 3643 in
1689 3615 1764 3655 eo;
1793 3601 1870 3644 sed
1895 3605 1940 3644 et
1968 3600 2052 3642 1100
2077 3596 2254 3642 vanitas

419 3671 462 3705 et
487 3663 666 3705 afflictio
692 3663 884 3720 spiritus.
