2456 3861
156 569 359 597 Delictorum

194 613 225 641 in
250 620 320 645 pro-

196 657 319 684 ximum

182 701 291 733 expiat
298 701 336 728 10.

190 990 325 1025 Quidam

168 1042 222 1067 pro
229 1043 243 1059 v
249 1041 286 1062 en
293 1039 304 1061 t
310 1042 327 1061 u
335 1042 349 1061 S

148 1080 366 1108 sacerdotum.

221 1163 288 1189 Lex

171 1206 342 1239 zerem-pize

190 1253 228 1279 ai]
251 1259 321 1279 sau-

183 1297 333 1325 critatem

154 1340 355 1369 matrimonii

154 1387 357 1415 servandam.

158 3301 382 3329 Nazaraeorum

162 3344 368 3374 consecratio

171 3392 207 3418 et
223 3388 358 3418 oblatio.

445 154 527 197 126
1071 152 1198 195 xm.
1233 150 1287 204 v,
1322 151 1348 192 3
1382 175 1440 181 —
1470 149 1567 204 vl,
1599 150 1641 193 4.

442 326 723 384 pollutusque
746 330 811 368 est
835 338 964 380 super
986 327 1183 375 mortuo3
1213 321 1230 346 3
1248 327 1341 362 10111
1367 319 1617 362 masculum
1643 334 1777 374 quam
1798 320 2018 362 feminam
2043 320 2194 376 ejicite
2220 322 2277 365 de

443 385 620 439 castris,
646 398 701 427 ne
724 382 1028 427 contaminent
1053 394 1104 423 ea
1131 393 1232 422 cum
1254 378 1553 421 habitaverim
1574 378 1819 421 vobiscum.
1847 378 1864 404 4
1882 379 2188 436 Feceruntque
2212 380 2276 423 ita

441 444 520 487 filii
559 442 717 497 Israel,
753 448 795 485 et
829 440 1057 496 ejecerunt
1094 452 1166 481 eos
1205 443 1329 481 extra
1363 442 1529 493 castra,
1568 437 1683 480 sicut
1719 436 1892 480 locutus
1927 443 2020 480 erat
2058 439 2275 481 Dominus

442 503 598 559 Moysi.

499 563 516 588 5
539 563 819 614 Locutusque
858 563 923 601 est
962 556 1180 600 Dominus
1216 555 1273 598 ad
1311 555 1519 612 Moysen,
1557 555 1709 599 dicens
1744 572 1753 599 z
1791 555 1808 581 6
1834 557 2032 611 Loquere
2069 556 2126 599 ad
2164 557 2277 601 filios

441 621 609 664 Israel:
639 618 729 674 Vir,
760 618 854 660 sive
885 616 1055 671 mulier,
1083 629 1185 658 cum
1210 614 1402 657 fecerint
1435 628 1489 657 ex
1523 614 1727 657 omnibus
1759 615 1974 671 peccatis,
2002 629 2100 670 quae
2134 616 2278 659 solent

440 678 693 722 hominibus
723 676 947 731 accidere,
978 680 1021 718 et
1053 689 1129 731 per
1161 673 1486 729 negligentiam
1518 674 1782 731 transgressi
1813 674 1983 716 fuerint
2014 674 2278 717 mandatum

441 737 642 792 Domini,
677 741 810 792 atque
847 734 1133 791 deliquerint,
1160 733 1175 760 ⁷
1196 733 1524 776 confitebuntur
1556 739 1792 790 peccatum
1826 747 1976 789 suum,
2017 738 2060 776 et
2091 733 2280 777 reddent

438 797 584 853 ipsum
607 800 761 852 caput,
789 795 1078 851 quintamque
1103 798 1275 850 partem
1298 792 1504 849 desuper,
1536 792 1575 835 ei
1604 792 1650 834 in
1677 807 1807 848 quem
1838 791 2135 849 peccaverint.
2163 792 2180 819 3
2203 792 2280 837 8111

439 861 589 899 0010111
610 869 698 898 11011
723 854 862 897 fuerit
883 853 957 910 qui
981 853 1188 910 recipiat,
1212 852 1384 894 dabunt
1406 851 1619 907 Domino,
1643 857 1685 895 et
1708 852 1791 894 erit
1809 851 2071 907 sacerdotis,
2093 856 2280 909 excepto

439 915 597 970 ariete,
625 914 698 970 qui
721 913 906 957 offertur
931 927 1007 970 pro
1031 911 1305 968 expiatione,
1332 916 1381 953 ut
1406 911 1464 953 sit
1488 910 1722 967 placabilis
1746 911 1904 954 hostia.

424 1000 434 1019 s
499 974 516 1000 9
536 975 698 1018 Omnes
725 987 897 1029 quoque
922 971 1154 1028 primitiae,
1175 985 1284 1026 quas
1306 970 1501 1013 offerunt
1525 969 1605 1012 filii
1629 970 1790 1026 Israel,
1809 970 1867 1013 ad
1889 970 2165 1014 sacerdotem
2189 985 2280 1027 per-

439 1034 607 1089 tinent,
636 1032 672 1059 '¹⁰
690 1038 733 1076 et
758 1031 973 1088 quidquid
998 1030 1041 1072 in
1074 1029 1378 1072 sanctuarium
1408 1028 1592 1071 offertur
1616 1043 1642 1070 a
1673 1029 1883 1084 singulis,
1908 1034 1952 1072 et
1974 1029 2164 1072 traditur
2189 1044 2279 1072 ma-

440 1094 569 1136 nibus
591 1091 851 1147 sacerdotis,
875 1090 1014 1147 ipsius
1040 1089 1134 1132 erit.

500 1152 532 1178 1¹
561 1153 843 1206 Locutusque
878 1155 943 1192 est
977 1148 1194 1191 Dominus
1231 1147 1288 1190 ad
1325 1147 1531 1203 Moysen,
1568 1147 1720 1190 dicens
1747 1163 1756 1190 ε
1792 1146 1824 1172 19
1847 1148 2046 1203 Loquere
2075 1148 2132 1190 ad
2166 1148 2281 1192 filios

441 1211 601 1264 Israel,
626 1216 668 1253 et
698 1210 817 1252 dices
842 1208 899 1251 ad
931 1222 1002 1251 eos
1025 1225 1033 1251 2
1053 1207 1153 1263 Vir,
1186 1207 1315 1262 cujus
1342 1221 1452 1249 uxor
1486 1206 1717 1262 erraverit,
1751 1206 2050 1262 maritumque
2085 1212 2280 1250 contem-

440 1285 568 1325 nens,
600 1270 633 1296 ¹3
653 1267 881 1312 dormierit
907 1281 1009 1309 cum
1033 1267 1173 1309 altero
1191 1266 1307 1322 viro,
1336 1271 1379 1309 et
1400 1266 1483 1308 hoc
1510 1265 1696 1308 maritus
1723 1265 2052 1322 deprehendere
2076 1280 2164 1309 non
2186 1266 2281 1322 qui—

440 1330 572 1384 verit,
600 1328 676 1372 sed
710 1327 820 1371 latet
852 1326 1144 1380 adulterium,
1175 1330 1218 1369 et
1255 1325 1443 1368 testibus
1477 1324 1604 1381 argui
1638 1339 1725 1367 non
1756 1330 1921 1381 potest,
1958 1325 2061 1381 quia
2094 1340 2180 1368 non
2215 1330 2282 1369 est

438 1390 622 1432 inventa
647 1387 693 1430 in
719 1392 896 1443 stupr03
925 1385 960 1411 14
977 1386 1014 1428 si
1037 1385 1217 1442 spiritus
1240 1384 1475 1441 zelotypiae
1507 1384 1799 1428 concitaverit
1822 1384 1969 1427 virum
1996 1390 2148 1427 contra
2175 1399 2282 1428 uxo—

438 1463 531 1492 rem
553 1462 700 1503 suam,
726 1461 824 1502 quae
850 1445 921 1488 vel
947 1445 1117 1502 polluta
1144 1450 1230 1500 est,
1258 1444 1329 1487 vel
1351 1443 1469 1486 falsa
1495 1443 1747 1501 suspicione
1773 1444 2009 1500 appetitur,
2036 1444 2071 1470 ¹5
2088 1444 2283 1487 adducet

440 1523 538 1551 eam
563 1507 620 1550 ad
644 1506 939 1560 sacerdotem,
964 1509 1007 1548 et
1037 1504 1193 1547 offeret
1215 1503 1489 1547 oblationem
1515 1517 1593 1560 pro
1613 1503 1713 1559 illa,
1744 1503 1966 1546 decimam
1995 1508 2168 1561 partem
2197 1504 2282 1547 sati

439 1568 601 1610 farinae
627 1565 900 1609 hordeaceae.
920 1564 1022 1607 Non
1043 1563 1206 1606 fundet
1232 1577 1363 1620 super
1385 1577 1484 1605 eam
1507 1562 1674 1618 oleum,
1702 1577 1783 1606 1100
1809 1562 2010 1619 imponet
2036 1563 2160 1617 thus,
2180 1563 2283 1619 quia

440 1626 706 1670 sacrificium
747 1624 982 1681 zelotypiae
1020 1628 1107 1679 est,
1143 1628 1186 1665 et
1219 1622 1386 1665 oblatio
1418 1621 1696 1677 investigans
1730 1622 2014 1665 adulterium.
2052 1622 2087 1649 1⁶
2114 1622 2284 1666 Offeret

439 1686 577 1742 igitur
615 1700 713 1728 eam
750 1683 974 1739 sacerdos,
1013 1688 1057 1726 et
1094 1687 1261 1725 statuet
1298 1696 1447 1724 coram
1487 1681 1704 1737 Domi1103
1743 1681 1776 1707 17
1803 1688 2086 1738 assumetque
2119 1697 2283 1738 aquam

440 1751 642 1788 sanctam
679 1745 726 1786 in
762 1757 868 1786 vase
901 1742 1049 1798 fictili,
1085 1747 1128 1785 et
1164 1741 1415 1798 pauxillum
1452 1746 1581 1783 terrae
1620 1741 1674 1784 de
1709 1740 1967 1798 pavimento
2005 1741 2283 1785 tabernaculi

440 1805 589 1848 mittet
611 1805 657 1847 in
684 1817 795 1846 eam.
820 1802 855 1829 ¹8
874 1802 1074 1857 Cumque
1103 1800 1276 1843 steterit
1301 1800 1460 1843 mulier
1484 1799 1531 1842 in
1558 1806 1797 1856 conspectu
1825 1800 2027 1854 Domini,
2056 1801 2282 1857 discoope—

439 1865 523 1908 riet
545 1868 679 1921 caput
705 1862 822 1919 ejus,
847 1867 890 1904 et
922 1867 1056 1918 ponet
1088 1874 1219 1917 super
1244 1874 1402 1902 manus
1427 1858 1549 1902 illius
1575 1859 1844 1902 sacri-ficium
1873 1860 2211 1908 recordationis,
2240 1865 2283 1903 01

441 1923 714 1967 oblationem
735 1921 995 1978 zelotypiae3
1022 1920 1117 1977 ipse
1146 1924 1297 1962 autem
1323 1918 1494 1962 tenebit
1522 1933 1661 1975 aquas
1688 1918 2012 1975 amarissimas,
2043 1919 2090 1961 in
2124 1919 2282 1975 quibus

441 1997 542 2026 cum
570 1981 850 2026 execratione
876 1979 1116 2023 maledicta
1144 1978 1392 2035 congessit3
1426 1977 1462 2003 ¹9
1483 1977 1800 2034 adjurabitque
1834 1992 1954 2034 eam,
1983 1984 2026 2021 et
2058 1979 2208 2022 dicet:
2239 1978 2282 2022 Si

441 2057 527 2085 non
552 2040 763 2085 dormivit
781 2040 848 2082 vir
869 2040 1041 2083 alienus
1067 2045 1236 2095 tecum,
1265 2043 1309 2081 et
1333 2037 1369 2080 si
1396 2051 1483 2080 non
1509 2037 1680 2094 polluta
1707 2052 1751 2081 es
1776 2037 1949 2081 deserto
1972 2038 2120 2081 mariti
2143 2038 2278 2093 thoro,

441 2116 528 2145 non
570 2107 613 2144 te
654 2100 877 2143 nocebunt
910 2113 1039 2155 aquae
1073 2098 1172 2141 istae
1209 2097 1524 2153 amarissimae,
1555 2097 1602 2139 in
1640 2111 1748 2153 quas
1787 2097 2028 2141 maledicta
2067 2097 2284 2153 congessi.

441 2161 478 2187 90
497 2161 573 2205 Sin
599 2166 751 2203 autem
773 2158 1008 2202 declinasti
1033 2173 1059 2201 0
1080 2157 1175 2200 viro
1204 2162 1301 2212 tuo,
1331 2162 1465 2212 atque
1498 2156 1668 2213 polluta
1700 2171 1765 2213 05,
1798 2162 1841 2200 01
1867 2157 2147 2200 concubuisti
2182 2171 2284 2200 cum

441 2221 580 2263 altero
602 2220 716 2274 viro,
744 2218 777 2245 9¹
800 2218 870 2261 his
902 2217 1292 2263 maledictionibus
1322 2216 1608 2272 subjacebis:
1637 2217 1724 2259 Det
1748 2221 1792 2259 te
1820 2216 2038 2259 Dominus
2067 2216 2114 2259 in
2148 2216 2284 2259 male-

443 2280 706 2334 dictionem,
747 2278 1089 2335 exemplumque
1126 2281 1388 2319 cunctorum
1419 2275 1467 2317 in
1505 2275 1667 2332 populo
1702 2290 1810 2331 511ος
1855 2281 2105 2332 putrescere
2141 2275 2284 2319 faciat

442 2340 590 2382 femur
624 2345 772 2393 tuum,
807 2343 850 2380 et
879 2343 1054 2380 tumens
1089 2341 1239 2379 uterus
1272 2340 1374 2378 tuus
1409 2334 1736 2392 disrumpatur3
1769 2333 1806 2360 99
1822 2335 2130 2390 ingrediantur
2155 2349 2283 2391 aquae

443 2398 696 2441 maledictae
724 2397 771 2439 111
802 2402 1002 2440 ventrem
1034 2401 1182 2448 tuum,
1218 2400 1261 2438 et
1293 2399 1418 2437 utero
1451 2399 1727 2437 tumescente
1765 2399 1989 2452 putrescat
2026 2393 2187 2437 femur.
2226 2395 2284 2437 Et

443 2456 727 2514 respondebit
758 2455 946 2499 mulier:
978 2456 1146 2510 Amen,
1180 2469 1324 2497 amen.
1348 2452 1385 2480 93
1404 2453 1662 2510 Scribetque
1696 2453 1900 2497 sacerdos
1933 2453 1979 2495 in
2014 2453 2165 2496 libello
2197 2454 2284 2497 1510

444 2516 705 2571 11101οἀ1010,
733 2522 776 2559 01
803 2515 969 2559 delebit
998 2529 1049 2558 ea
1074 2514 1201 2570 aquis
1231 2513 1543 2569 amarissimis,
1566 2513 1613 2556 in
1639 2527 1746 2569 quas
1768 2512 2006 2556 maledicta
2035 2514 2277 2569 congessit,

445 2576 480 2602 94
499 2583 541 2619 01
564 2575 688 2618 dabit
711 2576 749 2618 ei
775 2575 939 2618 bibere.
960 2574 1076 2625 Quas
1103 2588 1205 2616 cum
1228 2573 1501 2629 exhauserit,
1522 2572 1700 2615 95101101
1721 2572 1925 2615 sacerdos
1948 2571 2002 2615 de
2029 2587 2163 2615 manu
2186 2573 2282 2628 ejus

444 2635 711 2678 sacrificium
732 2634 987 2691 zelotypiae,
1015 2639 1066 2677 et>
1084 2633 1278 2677 elevabit
1303 2632 1416 2675 illud
1447 2646 1595 2676 coram
1620 2632 1831 2687 Domino,
1858 2631 2144 2688 imponetque
2170 2632 2284 2675 illud

445 2709 573 2751 super
598 2695 758 2749 altare,
782 2694 845 2736 ita
868 2693 1104 2736 dumtaxat
1130 2698 1178 2736 ut
1199 2692 1320 2750 prius
1339 2691 1376 2718 93
1398 2691 1620 2749 pugillum
1643 2690 1848 2735 sacrificii
1871 2690 1999 2734 tollat
2023 2691 2075 2734 de
2099 2706 2148 2735 eo
2167 2691 2284 2748 quod

446 2754 642 2808 offertur,
670 2760 712 2797 et
733 2753 945 2797 incendat
969 2767 1099 2810 super
1124 2752 1284 2808 altare,
1313 2757 1355 2795 et
1381 2752 1444 2794 sic
1467 2757 1622 2808 potum
1645 2751 1720 2794 det
1745 2749 1918 2793 mulieri
1941 2765 2078 2806 aquas
2100 2751 2284 2794 amaris-

446 2813 594 2856 simas.
617 2812 652 2838 97
672 2813 787 2863 Quas
815 2827 917 2855 cum
937 2812 1120 2867 biberit,
1143 2812 1180 2854 si
1202 2811 1373 2868 polluta
1399 2816 1486 2866 est,
1511 2816 1554 2854 et
1577 2814 1831 2866 contempto
1850 2809 1943 2851 viro
1965 2809 2172 2853 adulterii
2195 2825 2283 2866 rea,

446 2872 777 2929 pertransibunt
813 2886 912 2915 eam
949 2886 1077 2927 aquae
1112 2870 1459 2927 maledictionis,
1500 2875 1543 2914 et
1580 2869 1734 2912 inflato
1767 2873 1922 2911 ventre
1960 2875 2285 2926 computrescet

446 2931 618 2985 femur-3
651 2931 818 2987 eritque
844 2931 1003 2974 mulier
1033 2931 1080 2973 in
1115 2929 1497 2986 maledictionem,
1526 2935 1570 2972 et
1595 2929 1641 2971 in
1667 2928 1921 2984 exemplum
1953 2929 2071 2971 omni
2106 2929 2283 2986 populo.

447 2989 483 3017 93
497 2990 621 3040 Quod
648 2990 684 3032 si
709 2990 879 3047 polluta
904 3004 992 3033 non
1018 2990 1175 3046 fuerit,
1199 2989 1282 3033 erit
1306 2989 1510 3044 innoxia,
1534 2994 1577 3032 et
1598 2988 1739 3031 faciet
1763 2987 1936 3030 liberos.
1958 2987 1996 3014 99
2009 2989 2104 3031 Ista
2122 2994 2187 3031 est
2213 2988 2283 3032 lex

447 3049 694 3106 zelotypiae.
720 3049 762 3093 Si
790 3049 1083 3092 declinaverit
1109 3048 1268 3092 mulier
1293 3063 1318 3091 a
1344 3047 1438 3091 viro
1460 3062 1559 3104 suo,
1589 3054 1631 3091 et
1656 3047 1692 3090 si
1715 3045 1883 3103 polluta
1911 3047 2071 3102 fuerit,
2098 3046 2135 3073 3⁰
2154 3047 2283 3090 mari-

447 3115 605 3164 tusque
630 3108 863 3165 zelotypiae
890 3108 1047 3165 spiritu
1078 3108 1325 3151 concitatus
1350 3107 1588 3150 adduxerit
1614 3121 1712 3150 eam
1737 3105 1783 3148 in
1815 3113 2053 3163 conspectu
2081 3106 2281 3163 Domini,

448 3173 491 3211 et
508 3167 666 3211 fecerit
684 3167 723 3211 ei
742 3167 944 3210 sacerdos
963 3168 1091 3223 juxta
1110 3167 1258 3210 omnia
1277 3181 1375 3223 quae
1395 3167 1559 3223 scripta
1577 3171 1693 3221 sunt,
1712 3164 1746 3192 3¹
1765 3165 1949 3208 maritus
1968 3165 2136 3221 absque
2154 3165 2286 3222 culpa

449 3227 550 3282 erit,
578 3232 621 3271 et
641 3227 720 3269 illa
746 3226 929 3282 recipiet
949 3226 1233 3282 iniquitatem
1255 3241 1395 3270 suam.

509 3286 615 3330 CAP.
644 3287 725 3330 VI.
751 3312 811 3317 —
837 3285 848 3311 ¹
874 3286 1155 3341 Locutusque
1181 3291 1247 3329 est
1278 3285 1494 3328 Dominus
1520 3287 1577 3329 ad
1607 3286 1814 3342 Moysen,
1841 3285 1992 3329 dicens
2016 3303 2024 3330 ε
2051 3284 2069 3311 9
2086 3286 2286 3340 Loquere

448 3346 505 3388 ad
532 3346 645 3389 filios
672 3344 832 3400 Israel,
859 3350 902 3388 et
927 3344 1046 3388 dices
1068 3344 1125 3387 ad
1147 3358 1219 3388 eos
1243 3361 1250 3388 :
1278 3344 1371 3399 Vir,
1398 3345 1492 3388 sive
1514 3345 1684 3400 mulier,
1713 3358 1813 3387 cum
1840 3345 2030 3388 fecerint
2056 3350 2210 3386 votum
2237 3349 2286 3385 ut

450 3405 794 3460 sanctificentur,
821 3409 864 3447 et
889 3418 935 3447 se
958 3403 1179 3446 voluerint
1206 3403 1397 3446 Domino
1424 3418 1698 3460 consecrare,
1726 3403 1743 3430 3
1760 3418 1786 3445 0
1813 3404 1936 3460 vino,
1961 3409 2004 3448 et
2026 3403 2143 3446 omni
2168 3402 2284 3458 quod

450 3464 668 3507 inebriare
694 3468 857 3521 potest,
877 3462 1178 3506 abstinebunt.
1198 3463 1390 3505 Acetum
1409 3477 1462 3506 ex
1480 3463 1605 3519 vino,
1625 3468 1668 3506 et
1685 3477 1739 3506 ex
1759 3462 1956 3518 qualibet
1977 3463 2066 3506 alia
2084 3463 2282 3519 potione,

452 3528 495 3566 et
517 3523 731 3578 quidquid
758 3523 812 3566 de
834 3537 920 3565 uva
942 3521 1216 3579 exprimitur,
1244 3535 1330 3564 non
1363 3522 1541 3578 bibent3
1570 3536 1679 3564 uvas
1708 3527 1905 3565 recentes
1935 3522 2162 3577 siccasque
2195 3535 2283 3564 non

453 3582 697 3625 comedent.
725 3582 741 3608 4
760 3582 942 3626 Cunctis
977 3581 1132 3625 diebus
1167 3581 1324 3637 quibus
1359 3595 1413 3624 ex
1439 3587 1541 3624 voto
1568 3581 1760 3624 Domino
1794 3586 2125 3636 consecrantur,
2157 3580 2283 3636 quid-

454 3640 555 3696 quid
583 3655 636 3683 ex
662 3641 791 3684 vinea
817 3655 911 3684 esse
937 3645 1098 3697 potest,
1122 3639 1178 3682 ab
1202 3654 1286 3682 uva
1313 3653 1442 3696 passa
1464 3654 1602 3696 usque
1626 3639 1682 3683 ad
1708 3639 1887 3683 acinum
1917 3653 2003 3682 non
2035 3639 2281 3682 comedent.
