2423 3861
201 551 225 578 7.
248 549 341 581 Apex

155 591 386 627 perfectionis.

179 669 211 694 40
228 665 363 694 Puritas

164 709 372 739 intentionis.

183 759 207 783 1.
229 752 355 782 Princi-

217 798 318 831 pium.

146 866 173 891 2.
190 864 235 891 De
250 863 388 890 eleemo-

221 913 311 939 syna.

174 1153 202 1179 3.
222 1151 267 1179 De
285 1158 355 1179 ora-

217 1197 318 1222 tione.

168 2041 198 2068 4.
216 2040 265 2086 De
278 2037 290 2072 j
295 2038 324 2072 ej
330 2046 366 2066 u-

233 2089 300 2110 mo.

180 2396 213 2421 50
234 2392 349 2421 Officia

160 2436 367 2465 Christiano-

172 2488 245 2508 rum
271 2480 360 2509 circa

195 2524 333 2553 divitias

173 2572 366 2602 ceterasque

176 2620 231 2641 res
249 2612 352 2648 hujus

202 2656 330 2687 mundi.

462 136 573 178 1102
1028 133 1215 175 ΜΑΤΤΗ.
1251 133 1304 186 V,
1337 133 1393 174 46
1427 159 1486 165 -
1516 133 1606 186 VI,
1640 134 1708 176 29.

458 305 568 349 facit
601 319 729 361 super
762 304 899 345 bonos
929 308 972 345 et
1003 301 1165 356 malos,
1189 306 1232 344 et
1260 301 1376 358 pluit
1403 316 1532 358 super
1564 302 1706 357 justos
1735 308 1778 345 et
1809 303 2015 358 injustos.
2040 305 2140 349 4⁶Si
2163 307 2283 350 0111111

457 364 642 419 diligitis
670 378 740 405 eos
767 361 940 416 quivos
966 360 1180 416 diligunt,
1209 374 1343 415 quam
1375 360 1623 404 mercedem
1657 361 1921 405 habebitis?
1957 377 2101 407 nonne
2130 371 2176 408 et
2204 380 2284 422 pu-

455 422 619 465 blicani
652 422 734 463 hoc
763 419 979 462 faciunt?
1013 419 1048 445 47
1070 420 1127 461 Et
1155 419 1191 461 si
1221 419 1521 463 salutaveritis
1553 420 1716 463 fratres
1746 426 1914 464 vestros
1951 425 2147 479 tantum,
2177 424 2284 480 quid

454 481 643 536 amplius
666 479 817 521 facitis
837 479 857 521 ἱ)
882 493 1026 522 11011110
1059 483 1101 521 01
1127 478 1292 521 ethnici
1315 479 1397 522 hoc
1415 478 1626 522 faciunt?

513 540 548 565 4⁸
567 540 719 581 Estote
757 552 862 594 ergo
899 553 976 581 vos
1012 537 1221 594 perfecti,
1260 537 1376 580 sicut
1410 544 1456 581 et
1495 539 1628 581 Pater
1657 544 1801 582 vester
1841 538 2030 582 caelestis
2059 543 2285 597 perfectus

454 605 531 642 cst.

512 658 618 701 Off.
634 658 716 701 VI.
740 683 800 690 -—
825 657 839 683 1
855 656 1088 700 Attendite
1111 672 1166 700 ne
1190 652 1411 712 justitiam
1430 663 1622 701 vestram
1643 657 1826 702 faciatis
1848 672 1996 701 coram
2017 658 2284 717 hominibus,

453 723 500 760 ut
525 716 768 760 videamini
792 716 848 758 ab
871 716 932 759 eis
954 732 964 770 3
990 715 1186 772 alioquin
1212 715 1463 760 mercedem
1496 731 1583 759 non
1620 716 1845 760 habebitis
1866 716 1985 773 apud
2012 717 2192 760 Patrem
2211 733 2285 762 ve-

453 782 594 818 strum
615 776 687 832 qui
709 776 756 818 in
781 775 903 818 caeljs
928 780 1008 819 est.
2166 785 2170 789 ⁴

513 834 530 861 2
547 836 660 879 Cum
685 849 788 891 ergo
810 835 927 878 facis
953 835 1303 891 eleemosynam,
1331 835 1422 879 noli
1451 837 1559 879 tuba
1593 850 1750 880 canere
1783 842 1887 879 ante
1913 842 1978 892 te,
2004 836 2119 879 sicut
2147 836 2285 893 hypo-

454 895 578 939 critae
606 894 782 937 faciunt
813 893 860 936 in
893 894 1134 950 synagogis
1169 899 1213 936 01
1239 894 1287 936 in
1317 894 1448 951 vicis,
1476 901 1525 938 ut
1557 895 1900 939 honorificentur
1931 896 1988 939 ab
2017 895 2284 940 hominibus

454 956 599 997 Amen
626 953 725 996 dico
742 953 881 1009 vobis,
897 959 1157 1010 receperunt
1179 954 1429 997 mercedem
1448 970 1586 998 suam.
1607 955 1696 998 3Te
1715 960 1865 998 autem
1882 955 2080 999 faciente
2097 955 2286 999 eleemo-

453 1028 629 1070 synam,
660 1013 830 1056 nesciat
857 1012 1037 1055 sinistra
1065 1018 1143 1056 tua
1164 1012 1269 1068 quid
1299 1013 1442 1056 faciat
1470 1014 1652 1058 dextera
1682 1019 1779 1069 tua,
1805 1013 1823 1040 4
1841 1018 1889 1056 ut
1917 1014 1974 1057 sit
2005 1014 2286 1072 eleemosyna

453 1082 529 1116 tua
549 1073 595 1115 in
617 1072 879 1115 abscondito
903 1088 912 1127 ;
940 1076 983 1115 et
1009 1072 1141 1116 Pater
1162 1077 1286 1128 tuuS,
1309 1073 1382 1128 qui
1407 1073 1530 1116 videt
1553 1074 1600 1117 in
1622 1073 1907 1128 abscondi-to,
1932 1073 2088 1117 reddet
2113 1073 2208 1118 tibi.

513 1133 529 1158 ⁵
547 1133 605 1174 Et
628 1146 729 1175 cum
751 1131 906 1187 oratis,
932 1146 1019 1174 non
1046 1131 1167 1174 eritis
1192 1131 1306 1174 sicut
1331 1131 1596 1189 hypocritae,
1620 1133 1695 1189 qui
1719 1137 1874 1176 amant
1902 1132 2214 1189 insynagogis
2243 1138 2286 1176 et

452 1192 499 1234 in
526 1191 703 1247 angulis
736 1191 985 1247 platearum
1014 1196 1182 1234 stantes
1213 1205 1357 1245 orare,
1392 1197 1439 1234 ut
1472 1191 1710 1236 videantur
1743 1192 1800 1234 ab
1834 1192 2101 1235 hominibus.
2140 1194 2286 1236 Amen

453 1251 552 1294 dico
578 1250 725 1305 vobis,
752 1255 1012 1306 receperunt
1037 1250 1287 1293 mercedem
1313 1265 1454 1296 suam,
1481 1251 1498 1278 6
1526 1253 1592 1295 Τ11
1617 1257 1770 1296 autem
1796 1266 1897 1295 cum
1931 1251 2143 1306 oraveris,
2170 1251 2287 1295 intra

452 1310 500 1352 in
521 1309 778 1353 cubiculum
808 1313 954 1364 tuum,
983 1314 1025 1352 et
1052 1309 1202 1353 clauso
1232 1310 1367 1366 ostio,
1397 1325 1469 1354 ora
1497 1312 1675 1354 Patrem
1702 1316 1829 1353 tuum
1855 1310 1902 1353 in
1927 1310 2215 1366 abscondito;
2243 1316 2286 1354 et

454 1371 584 1413 Pater
609 1374 731 1424 tuus,
759 1368 833 1424 qui
856 1368 979 1411 videt
1007 1368 1053 1411 in
1086 1369 1369 1425 abscondito,
1400 1370 1556 1413 reddet
1582 1371 1676 1414 tibi.
1713 1370 1727 1396 ⁷
1748 1371 1937 1414 Orantes
1968 1375 2118 1413 autem
2149 1370 2288 1414 nolite

455 1428 645 1471 multum
670 1427 810 1484 loqui,
837 1427 952 1470 sicut
978 1428 1144 1471 ethnici
1168 1446 1176 1483 ;
1201 1434 1361 1486 putant
1387 1430 1506 1473 enim
1529 1430 1644 1486 quod
1670 1430 1716 1473 in
1747 1429 2029 1486 multiloquio
2053 1443 2132 1473 suo
2153 1443 2286 1473 exau-

454 1488 645 1533 diantur.
672 1487 688 1514 8
709 1487 858 1530 Nolite
884 1501 989 1543 ergo
1011 1487 1247 1531 assimilari
1278 1488 1354 1532 eis.
1384 1489 1475 1533 Scit
1500 1489 1617 1533 enim
1645 1490 1777 1532 Pater
1798 1494 1943 1532 vester
1968 1488 2073 1545 quid
2100 1503 2207 1546 opus
2229 1489 2286 1533 sit

454 1547 599 1603 vobis,
625 1552 865 1603 antequam
899 1547 1061 1603 petatis
1095 1562 1208 1591 eum.
1241 1547 1258 1574 9
1277 1548 1347 1591 Sic
1381 1563 1484 1604 ergo
1518 1563 1596 1592 vos
1626 1548 1808 1591 orabitis
1836 1564 1844 1591 :
1873 1549 2005 1591 Pater
2026 1554 2187 1604 noster,
2211 1548 2284 1604 qui

454 1622 498 1650 es
527 1606 573 1649 in
608 1606 750 1660 caelis,
774 1606 1078 1649 sanctificetur
1108 1621 1270 1650 nomen
1304 1612 1442 1650 tuum.
1476 1608 1512 1634 ¹⁰
1526 1608 1752 1651 Adveniat
1786 1621 1972 1663 regnum
2006 1612 2146 1650 tuum.
2182 1607 2284 1650 Fiat

454 1666 659 1709 voluntas
685 1672 781 1721 tua,
805 1665 919 1708 sicut
946 1665 992 1708 in
1019 1665 1128 1709 caelo
1154 1671 1197 1709 et
1228 1666 1273 1708 in
1308 1672 1435 1709 terra.
1469 1667 1500 1693 ¹¹
1523 1668 1690 1711 Panem
1719 1673 1916 1710 nostrum
1950 1667 2287 1723 supersubstan-

453 1725 606 1768 tialem
634 1725 690 1767 da
712 1724 838 1767 nobis
860 1724 1004 1767 hodie.
1033 1724 1068 1750 ¹2
1087 1726 1143 1768 Et
1169 1725 1345 1768 dimitte
1372 1726 1499 1769 nobis
1525 1726 1675 1769 debita
1700 1732 1870 1781 nostra,
1894 1727 2009 1769 sicut
2041 1732 2084 1769 et
2114 1740 2192 1769 nos
2219 1726 2285 1768 di-

453 1785 671 1826 mittimus
702 1783 975 1826 debitoribus
1005 1784 1178 1827 nostris.
1223 1784 1258 1811 13
1274 1786 1330 1827 Ε1
1367 1800 1421 1828 110
1451 1800 1531 1828 nos
1563 1786 1748 1829 inducas
1781 1786 1827 1828 in
1857 1786 2164 1829 tentationem.
2201 1785 2285 1829 Sed

452 1844 592 1887 libera
614 1857 693 1886 nos
713 1857 738 1885 a
762 1843 891 1886 malo.
910 1845 1067 1888 Amen.
1095 1843 1130 1869 ¹4
1148 1844 1191 1887 Si
1211 1843 1330 1886 enim
1349 1845 1606 1888 dimiseritis
1628 1845 1883 1888 hominibus
1906 1851 2093 1900 peccata
2118 1858 2284 1900 eorum,

453 1903 648 1946 dimittet
677 1908 720 1945 et
749 1902 874 1945 vebis
909 1903 1041 1945 Pater
1073 1909 1218 1946 vester
1249 1903 1438 1946 caelestis
1469 1904 1632 1947 delicta
1665 1909 1828 1948 vestra.
1872 1903 1907 1930 ¹⁵
1925 1903 1969 1947 81
2010 1909 2162 1947 autem
2198 1917 2286 1947 non

453 1962 710 2005 dimiseritis
732 1961 1006 2016 hominibus,
1031 1976 1112 2005 nec
1135 1963 1267 2006 Pater
1294 1969 1436 2006 vester
1458 1963 1655 2007 dimittet
1679 1963 1804 2006 vobis
1827 1968 2012 2020 peccata
2035 1968 2195 2006 vestra.

512 2021 548 2048 ¹⁶
566 2021 678 2065 Cum
704 2026 856 2064 autem
881 2020 1116 2077 jejunatis,
1140 2022 1278 2065 nolite
1304 2022 1397 2065 fieri
1431 2022 1546 2065 sicut
1571 2023 1839 2079 hypocritae,
1865 2022 2014 2065 tristes
2035 2038 2045 2077 ς
2078 2022 2285 2065 extermi-

451 2086 560 2123 nant
593 2080 711 2123 enim
745 2079 886 2122 facies
920 2094 1044 2134 suas,
1070 2086 1119 2123 ut
1147 2086 1392 2138 appareant
1421 2082 1677 2125 hominibus
1704 2082 1976 2138 jejunantes.
2012 2083 2158 2125 Amen
2184 2082 2286 2126 dieo

451 2140 596 2195 vobis,
624 2139 727 2195 quia
756 2144 1016 2195 receperunt
1050 2141 1299 2184 mercedem
1333 2155 1472 2184 suam.
1500 2141 1534 2167 ¹⁷
1554 2142 1620 2184 Tu
1645 2147 1795 2185 autem
1819 2155 1920 2185 cum
1940 2141 2140 2197 jejunas,
2167 2155 2285 2196 unge

451 2204 584 2256 caput
606 2204 752 2253 tuum,
780 2204 822 2241 et
844 2198 1011 2241 faciem
1038 2205 1161 2242 tuam
1188 2199 1309 2256 lava,
1338 2200 1373 2226 ¹8
1387 2215 1442 2244 ne
1461 2201 1653 2244 videaris
1670 2201 1926 2244 hominibus
1951 2200 2182 2256 J'ejunans,
2205 2200 2284 2244 sed

450 2259 573 2302 Patri
598 2263 676 2301 tuo
708 2257 782 2314 qui
807 2263 873 2301 est
902 2257 948 2299 in
973 2258 1236 2303 abscondito
1260 2277 1270 2315 ;
1295 2265 1338 2303 et
1364 2260 1496 2303 Pater
1521 2266 1643 2316 tuus,
1670 2260 1746 2316 qui
1773 2260 1897 2303 videt
1928 2259 1975 2302 in
2000 2259 2281 2316 abscondito,

449 2317 605 2361 reddet
626 2317 722 2361 tibi.
1657 2374 1659 2376 q

511 2377 546 2403 19
565 2377 715 2420 Nolite
737 2377 1037 2422 thesaurizare
1062 2379 1191 2423 vobis
1215 2380 1443 2423 thesauros
1468 2381 1515 2424 in
1543 2386 1679 2435 terra,
1710 2379 1784 2422 ubi
1820 2393 1970 2436 aerugo
2001 2384 2045 2423 et
2067 2379 2188 2422 tinea
2207 2379 2283 2423 de—

450 2437 650 2492 molitur,
673 2443 716 2480 et
741 2437 816 2479 ubi
843 2438 963 2481 fures
989 2438 1210 2482 effodiunt
1240 2446 1283 2483 et
1313 2440 1529 2485 furantur.
1568 2438 1605 2465 2⁰
1629 2439 1945 2484 Thesaurizate
1973 2443 2124 2481 autem
2157 2438 2285 2482 vobis

450 2497 679 2540 thesauros
706 2496 750 2539 in
777 2497 906 2553 caelo,
934 2497 1010 2540 ubi
1043 2512 1184 2553 neque
1216 2514 1364 2555 aerugo
1392 2514 1534 2556 neque
1557 2499 1678 2543 tinea
1704 2498 1954 2555 demolitur,
1986 2503 2031 2541 et
2060 2497 2135 2540 ubi
2160 2497 2283 2541 fures

450 2571 538 2600 non
560 2555 782 2599 effodiunt
808 2571 888 2599 nec
910 2557 1132 2601 furantur.
1159 2557 1193 2584 2¹
1212 2558 1300 2602 Ubi
1328 2559 1446 2602 enim
1471 2565 1537 2603 est
1560 2559 1792 2602 thesaurus
1817 2563 1940 2613 tuus,
1961 2557 2024 2600 ibi
2051 2562 2117 2600 est
2141 2562 2185 2600 et
2209 2571 2285 2600 cor

450 2621 587 2658 tuum.
615 2614 652 2640 ⁶22
669 2616 871 2658 Lucerna
898 2617 1090 2673 corporis
1116 2617 1180 2660 tui
1207 2623 1273 2660 est
1299 2619 1453 2662 oculus
1476 2624 1591 2662 tuus.
1618 2618 1662 2662 81
1697 2617 1850 2660 oculus
1883 2622 1983 2660 tuus
2016 2616 2154 2659 fuerit
2179 2616 2282 2659 sirn-

450 2675 573 2732 plex,
600 2680 745 2717 totum
773 2688 929 2731 corpus
951 2681 1077 2719 tuum
1099 2676 1297 2720 lucidum
1320 2678 1417 2722 erit.
1448 2677 1486 2704 '²3
1503 2678 1547 2722 Si
1569 2684 1719 2721 autem
1745 2677 1899 2720 oculus
1920 2680 2023 2718 tuus
2047 2675 2184 2719 fuerit
2208 2689 2282 2718 ne-

450 2748 603 2790 quam,
622 2739 767 2777 totum
792 2749 948 2790 corpus
970 2741 1097 2779 tuum
1118 2737 1397 2780 tenebrosum
1425 2738 1520 2781 erit.
1554 2737 1598 2782 Si
1635 2751 1739 2792 ergo
1764 2731 1916 2779 lumen
1941 2735 2056 2792 quod
2081 2734 2129 2777 in
2154 2740 2197 2778 te
2217 2740 2283 2778 est

449 2793 646 2837 tenebrae
669 2799 791 2850 sunt,
817 2793 928 2850 ipsae
961 2796 1155 2838 tenebrae
1179 2801 1357 2851 quantae
1385 2798 1539 2840 erunt!

508 2852 544 2879 '2⁴
568 2854 708 2896 Nemo
742 2858 888 2910 potest
920 2854 1090 2898 duobus
1120 2854 1311 2898 dominis
1337 2856 1500 2899 servire
1527 2873 1536 2902 z
1562 2862 1639 2899 aut
1668 2856 1787 2900 enim
1813 2869 1952 2899 unum
1973 2855 2075 2899 odio
2097 2853 2281 2897 habebit

450 2918 493 2954 et
513 2912 703 2955 alterum
725 2912 902 2968 diliget,
917 2919 994 2956 aut
1012 2928 1150 2957 unum
1166 2914 1406 2959 sustinebit
1423 2921 1465 2958 et
1482 2916 1672 2959 alterum
1694 2918 1960 2958 contemnet.
1979 2914 2079 2957 Non
2097 2913 2282 2970 potestis

451 2972 544 3014 Deo
571 2972 732 3014 servire
766 2978 808 3014 et
845 2987 1129 3018 mammonae.
1162 2972 1199 3000 ²5
1213 2974 1320 3017 Ideo
1348 2974 1448 3018 dico
1482 2974 1608 3018 vobis
1643 2991 1652 3020 :
1685 2989 1740 3018 ne
1769 2973 1948 3017 solliciti
1982 2972 2079 3016 sitis
2117 2972 2280 3015 animae

451 3036 608 3073 vestrae
641 3031 746 3086 quid
786 3031 1086 3088 manducetis,
1120 3048 1263 3089 neque
1301 3035 1470 3092 corpori
1500 3040 1646 3078 vestro
1681 3033 1788 3090 quid
1822 3032 2085 3075 induamini.
2122 3032 2280 3075 Nonne

450 3089 598 3132 anima
627 3090 726 3145 plus
756 3096 820 3134 est
843 3105 975 3146 quam
1001 3106 1122 3147 esca,
1151 3098 1193 3135 et
1220 3107 1376 3149 corpus
1398 3094 1504 3150 plus
1527 3108 1661 3150 quam
1687 3090 2041 3136 vestimentum?
2066 3089 2103 3117 2ss
2127 3091 2278 3147 Respi-

455 3148 538 3191 cite
563 3149 764 3191 volatilia
795 3150 913 3206 caeli,
938 3152 1146 3206 quoniam
1169 3167 1258 3195 non
1279 3159 1448 3209 serunt,
1466 3167 1606 3209 neque
1629 3156 1821 3206 metunt,
1841 3164 1983 3205 neque
2006 3156 2281 3206 congregant

449 3207 495 3250 in
525 3207 679 3251 horrea
703 3225 711 3262 ;
739 3214 782 3251 01
817 3209 947 3252 Pater
980 3217 1124 3253 vester
1156 3211 1346 3255 caelestis
1380 3212 1525 3269 pascit
1555 3212 1647 3255 illa.
1678 3211 1837 3253 Nonne
1867 3223 1944 3252 vos
1974 3210 2117 3265 magis
2141 3209 2280 3266 pluris

450 3267 555 3309 estis
585 3266 715 3309 illis?
746 3266 780 3293 ‘27
801 3268 905 3317 Quis
933 3274 1082 3312 autem
1116 3276 1311 3313 vestrum
1345 3271 1545 3327 cogitans
1575 3275 1720 3327 potest
1751 3268 1947 3324 adjicere
1979 3268 2036 3310 ad
2063 3275 2278 3312 staturam

450 3340 575 3368 suam
599 3326 799 3369 cubitum
824 3327 993 3369 unum?
1013 3328 1048 3354 28
1065 3330 1121 3371 Et
1140 3329 1192 3372 de
1207 3330 1472 3373 vestimento
1495 3329 1600 3386 quid
1623 3328 1804 3379 solliciti
1826 3327 1930 3373 estis
1948 3327 1968 3370 ⁶?
1992 3327 2280 3371 Considerate

450 3385 544 3427 lilia
570 3386 662 3441 agri
690 3386 906 3442 quomodo
931 3393 1131 3430 crescunt
1161 3404 1170 3431 z
1192 3402 1278 3432 non
1301 3389 1526 3444 laborant,
1544 3401 1686 3443 neque
1706 3390 1827 3430 nent.
1842 3384 1879 3411 ²9
1899 3386 2009 3430 Dico
2035 3392 2185 3430 autem
2205 3401 2278 3430 vo-

451 3549 482 3580 9]
503 3549 579 3577 Luc,
597 3550 658 3585 XI,
675 3554 700 3578 2.
719 3565 754 3570 -
776 3552 822 3584 14]
845 3550 947 3579 EcclI.
967 3552 1132 3587 XXVIII,
1148 3555 1205 3581 3-5.
1227 3553 1290 3581 Ins.
1310 3553 1441 3588 XVIII,
1456 3555 1501 3581 35,
1519 3553 1620 3582 Marc.
1638 3552 1699 3586 XI,
1716 3553 1760 3580 25.
1778 3566 1814 3571 —
1832 3552 1879 3585 20]
1898 3552 1978 3579 Luc.
1997 3552 2079 3587 XII,
2099 3554 2144 3580 33.
2164 3552 2179 3579 1
2197 3551 2278 3581 Tim.

452 3593 633 3665 {luinffixq
659 3595 960 3667 2*2]1L1¹lect⁶rxxl'’‡4'
985 3610 1022 3614 —
1053 3596 1101 3629 24]
1124 3595 1204 3624 Luc.
1226 3596 1305 3624 XVI
1319 3616 1326 3629 ,
1344 3598 1387 3624 13.
1411 3610 1448 3616 -—
1471 3596 1521 3629 25]
1540 3596 1592 3624 Ps.
1612 3596 1698 3630 LIV,
1715 3598 1760 3623 23.
1783 3595 1863 3624 Luc.
1890 3595 1977 3630 XII,
2000 3598 2043 3624 22.
2069 3594 2155 3625 Phil.
2180 3596 2235 3632 lv,
2250 3599 2279 3625 6.

563 3658 569 3664 .
647 3659 652 3672 ,
673 3652 694 3666 a.
810 3658 811 3662 =
833 3660 839 3667 .
890 3659 896 3673 ,
927 3659 933 3667 .
