2423 3861
704 170 744 211 Il
782 170 933 212 MAcn.
970 170 1108 223 XIII,
1147 171 1198 211 14
1231 196 1288 201 —
1323 170 1444 218 XIV,
1482 169 1546 210 14.
1924 170 2033 211 1093

215 339 464 394 civitatem,
485 340 623 394 exire,
643 347 686 383 et
712 341 887 382 Domini
910 341 1078 396 judicio
1105 341 1380 384 committere
1406 341 1574 383 exitum
1596 339 1670 383 rei.
1694 339 1724 365 ¹¹
1742 341 1862 382 Dans
1888 340 2034 395 itaque

215 405 479 454 potestatem
507 399 704 440 omnium
733 400 846 453 Deo,
884 399 1035 441 mundi
1063 400 1267 451 creatori,
1299 405 1341 442 et
1367 400 1623 442 exhortatus
1655 412 1754 441 suos
1781 403 1828 440 ut
1860 399 2034 441 fortiter

216 456 500 511 dimicarent,
528 463 571 500 et
596 471 731 512 usque
757 458 811 500 ad
840 463 1024 501 mortem
1052 472 1126 514 pro
1155 458 1343 510 legibus,
1373 458 1555 514 templo,
1581 457 1781 512 civitate,
1808 457 1964 513 patria,
1993 463 2035 500 et

215 515 387 557 civibus
413 521 600 566 starent,
629 516 744 558 circa
768 516 920 559 Modin
946 517 1188 559 exelcitum
1215 517 1456 560 constituit.

277 574 308 599 1·’”’
331 576 385 616 Et
411 575 514 616 dato
541 575 605 627 sii,
592 590 667 616 no
704 575 793 617 suis
839 575 919 618 Dei
944 575 1114 617 vic-tmia
1117 590 1140 615 ι
1147 575 1415 630 ,juvenibus
1441 575 1695 618 foitissiinis
1721 574 1886 628 electis,
1907 580 2034 617 nocte

213 647 448 687 aggressus
484 628 633 675 ιιιιΙιιιιι
669 634 856 688 legiam
892 633 937 675 in
978 633 1131 675 eu5t1is
1170 634 1395 676 intmfecit
1431 635 1545 677 iilos
1579 639 1763 689 quatuor
1797 610 1957 688 millia,
1992 639 2035 676 et

213 692 457 734 maximum
488 691 842 747 elephantorum,
875 706 974 734 cum
1000 692 1067 734 his
1092 692 1165 747 qui
1199 693 1459 748 supelpositi
1490 695 1693 746 fuer3ant
1726 692 1758 718 ¹¹⁵
1778 706 2035 748 summoque

214 755 334 793 metu
359 765 410 793 ac
445 750 773 806 perturbatione
806 750 1001 792 hostium
1031 756 1173 793 castra
1206 752 1448 807 replentes,
1480 752 1608 795 rebus
1640 728 1843 808 prospere
1877 751 2032 807 gestis,

209 809 429 851 abierunt.
461 808 490 834 ¹⁷
513 809 609 851 Hoc
635 814 782 851 autem
815 809 989 851 factum
1023 814 1088 852 est
1121 809 1191 852 die
1221 809 1525 866 illucescente,
1552 810 1795 866 adjuvante
1821 824 1920 853 eum
1949 811 2034 853 Do-

212 867 319 909 mini
347 867 630 923 protectione.

274 925 306 951 ¹⁸
326 926 409 969 Sed
436 940 531 980 rex,
559 931 795 982 acceptet„
771 931 899 969 crustu
924 926 1124 969 audaciae
1150 927 1178 970 J
1184 927 1239 969 ud
1247 942 1332 970 1301
1337 943 1429 983 um
1461 933 1554 971 vute
1579 928 1894 971 difficultatem
1919 926 2034 969 loeo-

211 999 307 1027 ιιιιιι
333 960 556 1039 tentabat,
588 984 620 1010 19
639 990 682 1027 et
708 985 961 1039 Bethsm‘e,
989 1000 1057 1040 qu
1050 1001 1086 1027 ιυ
1117 1000 1161 1029 er
1163 992 1209 1028 at
1235 963 1494 1029 Judwmhm
1520 987 1775 1043 praesidium
1800 985 2032 1040 munitum,

211 1048 356 1085 eastra
378 1042 673 1098 admovebat;
696 1043 771 1086 sed
795 1043 1038 1099 fugabatur
1042 1044 1361 1119 ‚i1npingebat,
1389 1045 1702 1088 1ninol··.abatul
1722 1045 1758 1071 “²0
1779 1045 1862 1087 His
1887 1050 2035 1086 autem

213 1101 284 1156 qui
310 1101 429 1144 intus
456 1106 600 1157 er,ant
625 1102 766 1145 ‹Judas
793 1102 1039 1145 necessaria
1066 1103 1283 1146 mittebmt
1311 1103 1343 1129 ‘²¹
1368 1105 1629 1146 Enuntiavit
1650 1110 1798 1147 autem
1827 1103 2035 1159 mysteria

212 1160 412 1203 hostibus
449 1161 683 1204 Rhodoeus
714 1161 893 1217 quidam
927 1161 980 1205 de
1007 1162 1188 1218 judaico
1221 1163 1438 1218 exercitu,
1467 1163 1539 1219 qui
1572 1162 1807 1218 requisitus
1841 1175 2033 1217 compre-

211 1219 373 1262 hensus
398 1228 483 1273 est,
509 1225 552 1263 et
575 1220 819 1263 conclusus.
846 1219 883 1246 ‘22
901 1221 1068 1264 Iterum
1090 1235 1166 1264 rex
1191 1235 1436 1264 sermonem
1461 1222 1618 1264 habuit
1641 1221 1697 1264 ad
1723 1235 1795 1264 eos
1817 1220 1889 1276 qui
1913 1225 2037 1262 erant

209 1278 256 1320 in
285 1278 534 1333 Bethsuris3
569 1279 772 1322 dextram
803 1279 945 1335 dedit,
980 1280 1171 1335 aceepit,
1198 1280 1322 1323 abiit.
1349 1279 1386 1306 ⁹23
1412 1280 1643 1324 Commisit
1668 1294 1769 1324 cum
1798 1279 1941 1333 Juda,
1968 1293 2036 1321 su-

209 1343 387 1394 peratus
410 1344 486 1380 est.

272 1397 334 1440 Ut
359 1401 507 1440 autem
532 1397 742 1453 cognovit
774 1397 1009 1441 rebellasse
1040 1398 1295 1454 Philippum
1329 1399 1596 1454 Antiochiae,
1631 1398 1705 1455 qui
1737 1398 1915 1441 relictus
1945 1402 2038 1440 erat

208 1469 340 1511 super
373 1456 571 1512 negotia,
601 1461 749 1499 mente
775 1461 1099 1512 consternatus,
1127 1456 1309 1499 Judaeos
1342 1458 1603 1513 deprecans,
1634 1457 1920 1512 subditusque
1953 1456 2035 1511 eis,

208 1515 330 1570 jurat
356 1514 409 1557 de
433 1515 637 1557 omnibus
664 1514 822 1570 quibus
842 1515 1013 1570 justum
1038 1515 1180 1557 visum
1203 1521 1292 1569 est;
1322 1522 1365 1558 et
1386 1516 1696 1559 reconciliatus
1718 1515 1880 1559 obtulit
1904 1514 2037 1557 saeri-

210 1573 380 1628 ficium,
409 1573 643 1616 honoravit
669 1573 904 1629 templum,
925 1578 969 1616 et
991 1588 1173 1616 munera
1194 1574 1352 1629 posuit.
1376 1573 1412 1600 ⁶2¹
1429 1575 1737 1618 Machabaeum
1758 1573 2037 1630 amplexatus

211 1636 296 1685 est,
324 1636 369 1674 et
393 1631 505 1674 fecit
535 1647 634 1675 eum
660 1647 686 1674 a
713 1631 988 1675 Ptolemaide
1014 1646 1150 1687 usque
1178 1632 1234 1674 ad
1269 1633 1485 1676 Gerrenos
1515 1633 1673 1676 ducem
1702 1638 1746 1676 et
1778 1632 2035 1688 principem.

269 1689 306 1716 25
333 1691 397 1734 Ut
425 1695 574 1734 autem
599 1690 723 1734 venit
755 1691 1103 1747 Ptolemaidam,
1138 1690 1334 1746 graviter
1361 1691 1569 1734 ferebant
1598 1691 1899 1734 Ptolemenses
1929 1691 2037 1733 ami-

210 1749 330 1792 citiae
365 1749 1050 1806 conventionem,·indignantes
1087 1764 1142 1792 ne
1175 1750 1292 1793 forte
1325 1750 1472 1793 foedus
1505 1750 1809 1807 irrumperent.
1848 1748 1884 1775 ²⁶
1913 1750 2037 1792 Tune

207 1808 412 1852 aseendit
453 1810 610 1866 Lysias
646 1809 868 1864 tribunal,
907 1814 951 1852 et
988 1809 1191 1866 exposuit
1230 1809 1472 1865 rationem,
1515 1815 1558 1852 et
1593 1809 1802 1866 populum
1844 1808 2036 1864 sedavit,

210 1882 517 1924 regressusque
544 1874 609 1912 est
632 1867 943 1923 Antiochiam3
975 1874 1017 1913 et
1039 1870 1123 1912 hoe
1149 1868 1280 1911 modo
1297 1869 1414 1924 regis
1439 1869 1657 1925 profectio
1683 1874 1727 1911 et
1751 1867 1917 1911 reditus
1941 1881 2038 1924 pro-

207 1927 355 1970 cessit.

489 2022 512 2078 ξ
547 2023 601 2065 V.
633 2048 693 2055 —
723 2023 934 2076 Nican07··‚
963 2023 1054 2065 dux
1081 2024 1194 2079 reyis
1224 2023 1457 2077 Demetrii,
1480 2023 1759 2079 profligsatur.

271 2166 376 2209 CAP.
405 2165 530 2209 XIV.
559 2191 613 2197 —-
641 2164 654 2190 ¹
676 2164 759 2208 Sed
784 2170 882 2221 post
911 2166 1090 2209 triennii
1122 2171 1315 2222 tempus,
1344 2165 1552 2221 cognovit
1578 2166 1606 2208 J
1610 2165 1741 2221 udas,
1768 2170 1810 2208 et
1836 2165 1908 2221 qui
1939 2179 2039 2208 cum

210 2238 262 2267 eo
301 2228 446 2278 erant,
483 2224 758 2266 Demetrium
794 2224 985 2280 Seleuci,
1020 2239 1122 2267 eum
1151 2225 1436 2267 multitudine
1465 2224 1614 2267 valida
1644 2228 1688 2267 et
1720 2224 1928 2280 navibus,
1962 2239 2039 2280 per

212 2288 388 2339 portum
413 2258 604 2338 Tripolis
629 2283 881 2327 ascendisse
906 2283 962 2326 ad
996 2283 1091 2326 loca
1118 2289 1384 2340 opportuna,
1415 2282 1493 2326 ⁶·’et
1518 2282 1710 2327 tenuisse
1734 2283 1936 2339 regiones
1960 2283 2037 2326 ad-

213 2356 362 2385 versus
388 2341 683 2398 Antiochum,
711 2347 754 2385 et
775 2342 932 2385 ducem
959 2342 1056 2398 ejus
1083 2343 1277 2399 Lysiam

272 2401 289 2427 3
306 2400 510 2443 Alcimus
532 2406 680 2444 autem
705 2401 908 2456 quidam,
932 2401 1006 2457 qui
1032 2416 1228 2445 summus
1262 2402 1465 2445 sacerdos
1490 2402 1658 2458 fuerat,
1685 2401 1761 2445 sed
1790 2401 2038 2446 voluntarie

210 2459 524 2515 coinquinatus
554 2465 620 2503 est
648 2460 919 2516 temporibus
953 2460 1294 2516 commistionis,
1323 2461 1605 2504 considerans
1638 2461 1760 2504 nullo
1789 2461 1919 2504 modo
1952 2461 2037 2504 sibi

211 2533 307 2563 esse
340 2519 550 2574 salutem,
584 2533 725 2575 neque
757 2533 985 2562 aceessum
1011 2519 1067 2562 ad
1095 2519 1256 2575 altare,
1282 2520 1299 2546 4
1317 2520 1439 2563 venit
1467 2520 1523 2563 ad
1555 2534 1705 2576 regem
1740 2519 2034 2576 Demetrium,

213 2578 453 2622 centesimo
479 2578 845 2634 quinquagesimo
867 2592 1004 2634 anno,
1035 2578 1224 2622 offerens
1250 2579 1289 2622 ei
1316 2593 1522 2622 coronam
1547 2593 1739 2635 auream,
1760 2583 1804 2622 et
1827 2579 2034 2635 palmam,

212 2652 342 2694 super
371 2637 468 2679 haee
501 2642 544 2680 et
577 2637 759 2693 thallos,
791 2637 863 2693 qui
898 2637 1053 2694 templi
1091 2652 1184 2681 esse
1222 2638 1510 2693 videbantur3
1543 2643 1586 2681 et
1622 2637 1717 2694 ipsa
1753 2637 1930 2694 quidem
1967 2638 2037 2681 die

209 2696 349 2740 siluit.
377 2696 393 2722 5
411 2696 605 2753 Tempus
633 2701 783 2739 autem
814 2701 1110 2753 opportunum
1140 2697 1376 2740 dementiae
1401 2711 1493 2740 suae
1518 2702 1695 2753 nactus,
1719 2702 1986 2740 convocatus
2011 2712 2037 2739 a

213 2755 442 2800 Demetrio
474 2755 531 2798 ad
565 2755 819 2811 eonsilium,
847 2761 892 2798 et
922 2755 1219 2812 interrogatus
1253 2756 1410 2812 quibus
1435 2757 1565 2799 rebus
1591 2761 1635 2800 et
1666 2755 1862 2799 consiliis
1887 2756 2037 2799 Judaei

212 2815 478 2869 niterentur,
513 2814 530 2841 6
555 2814 782 2871 respondit
809 2831 817 2858 :
858 2815 949 2871 Ipsi
983 2815 1058 2870 qui
1097 2815 1302 2858 dicuntur
1333 2815 1525 2858 Assidaei
1558 2815 1840 2870 Judaeorum,
1879 2815 2036 2870 quibus

212 2879 373 2930 praeest
413 2873 555 2916 Judas
592 2874 904 2929 Maehabaeus,
943 2874 1060 2916 bella
1097 2875 1323 2929 nutriunt,
1361 2879 1405 2917 et
1440 2874 1678 2918 seditiones
1716 2879 1918 2930 movent,
1956 2888 2038 2918 nee

211 2933 443 2990 patiuntur
482 2947 669 2988 regnum
705 2947 798 2976 esse
835 2933 1047 2989 quietum.
1081 2933 1096 2959 ⁷
1127 2934 1244 2976 Nam
1281 2939 1324 2976 et
1360 2948 1442 2989 ego
1479 2933 1768 2977 defraudatus
1805 2939 2039 2990 parentum

211 2992 374 3048 gloria,
400 2991 497 3035 dico
523 2998 671 3035 autem
698 3006 870 3035 summo
896 2992 1167 3047 sacerdotio,
1195 2993 1281 3035 huc
1307 2993 1406 3036 veni
1429 3009 1437 3036 :
1463 2992 1480 3019 8
1504 2992 1645 3049 primo
1667 2992 1846 3048 quidem
1872 2992 2036 3035 utilita-

213 3051 333 3094 tibus
357 3051 474 3107 regis
500 3051 634 3094 fidem
664 3065 865 3107 servans,
892 3051 1084 3095 secundo
1114 3056 1264 3095 autem
1289 3051 1424 3094 etiam
1446 3051 1616 3095 civibus
1646 3051 1877 3095 consulens
1898 3069 1906 3107 3
1934 3066 2035 3094 nam

211 3110 392 3153 illorum
423 3110 643 3167 pravitate
678 3110 928 3154 universum
962 3125 1101 3166 genus
1133 3116 1331 3153 nostrum
1364 3124 1451 3154 non
1484 3111 1666 3154 minime
1691 3115 1890 3155 vexatur.
1913 3110 1930 3136 9
1952 3110 2037 3154 Sed

212 3183 309 3224 oro,
334 3169 403 3212 his
425 3169 633 3226 singulis,
657 3184 800 3226 oreX,
827 3169 1038 3226 cognitis,
1066 3175 1110 3212 et
1133 3184 1324 3226 regioni
1351 3175 1394 3213 et
1422 3169 1593 3226 generi,
1616 3169 1858 3213 seeundum
1883 3170 2036 3212 huma-

215 3229 404 3272 nitatem
424 3233 548 3272 tuam
573 3205 883 3286 pervulgatam
906 3205 1108 3271 omuibus
1119 3228 1374 3285 p,rospiee;
1404 3228 1439 3255 ¹⁰
1456 3243 1581 3284 nam,
1604 3228 1814 3285 quamdiu
1840 3233 2038 3285 superest

214 3287 357 3330 Judas
368 3288 674 3344 ,impossibile
696 3293 763 3331 est
787 3301 941 3344 pacem
967 3301 1060 3331 esse
1085 3287 1288 3344 negotiis.

275 3346 309 3373 ¹¹
328 3347 512 3390 Talibus
536 3353 687 3390 autem
717 3347 773 3389 ab
799 3347 881 3390 hoe
907 3346 1059 3402 dictis,
1091 3352 1135 3390 et
1159 3348 1292 3390 ceteri
1322 3348 1475 3403 amici,
1505 3347 1724 3391 hostiliter
1747 3362 1794 3391 se
1822 3347 2036 3392 habentes

214 3405 426 3449 adversus
453 3407 479 3449 J
485 3407 640 3461 udam,
675 3405 1065 3449 inflammaverunt
1098 3406 1384 3450 Demetrium.
1413 3406 1448 3432 '¹2
1465 3406 1546 3457 Qui
1572 3406 1722 3449 statim
1749 3406 2034 3464 Nicanorem,

217 3465 505 3521 praepositum
538 3466 893 3523 elephantorum,
925 3465 1083 3509 ducem
1111 3465 1232 3508 misit
1264 3465 1309 3508 in
1339 3467 1366 3509 J
1373 3465 1566 3522 udaeam,
1598 3465 1634 3492 ¹3
1651 3464 1766 3509 datis
1791 3466 2034 3523 mandatis,

219 3528 269 3565 ut
291 3523 437 3580 ipsum
469 3525 648 3581 quidem
674 3524 840 3568 Judam
873 3529 1073 3580 caperet3
1106 3538 1179 3567 eos
1217 3539 1317 3568 vero
1351 3525 1424 3581 qui
1457 3539 1558 3568 eum
1590 3524 1666 3568 illo
1695 3529 1840 3579 erant,
1870 3525 2034 3582 disper-

218 3588 366 3639 geret,
407 3589 452 3628 et
492 3584 779 3628 constitueret
815 3583 1040 3626 Alcimum
1076 3583 1260 3626 maximi
1297 3584 1452 3640 templi
1488 3598 1708 3627 summum
1747 3584 2034 3628 sacerdotem.

219 3640 256 3668 ¹4
279 3642 405 3686 Tune
431 3649 610 3701 gentes,
636 3658 732 3700 quae
759 3643 811 3686 de
844 3642 1005 3686 Judaea
1033 3641 1246 3699 fugerant
1278 3643 1304 3686 J
1312 3643 1462 3699 udam,
1493 3643 1714 3699 gregatim
1745 3657 1792 3687 se
1825 3643 2034 3687 Nicanori

2145 588 2302 621 Eupator,

2159 630 2285 664 pluries

2154 674 2265 703 victus

2152 1415 2294 1448 supplex

2121 1465 2234 1492 pacem
2259 1456 2324 1486 init

2104 1509 2179 1530 cum
2203 1500 2341 1530 Judaeis.

2119 2184 2326 2217 suggerente

2150 2227 2280 2255 Alcimo
2291 2249 2299 2263 ‚

2150 2271 2295 2300 Nicanor

2143 2317 2305 2345 adversus

2151 2362 2173 2389 J
2178 2361 2288 2389 udaeos

2126 2403 2279 2433 mittitur
2295 2412 2314 2434 a
2332 2442 2335 2443 ⁷

2136 2448 2314 2478 Demetrio.
