2456 3861
140 1160 317 1189 Abstinen—

125 1204 201 1232 dum
220 1211 238 1232 a
255 1211 327 1232 san-

169 1255 268 1282 guine
280 1269 287 1283 ‚

126 1879 162 1906 et
177 1884 195 1904 a
211 1875 326 1904 morti-

187 1927 270 1949 cino.

136 2320 318 2349 Praeamhn-

187 2365 264 2393 111111.

163 2734 288 2762 Gradus

106 2778 256 2812 conjugii
284 2778 347 2807 illi-

192 2821 261 2851 citi.

423 148 505 191 108
949 147 1062 191 LEv.
1098 146 1259 200 XVII,
1292 146 1319 188 3
1351 170 1410 178 —
1441 146 1628 200 XVIII,
1664 146 1732 189 16.

418 339 559 368 sermo
585 338 716 380 quem
749 322 980 366 mandavit
1014 321 1253 376 Dominus,
1280 321 1432 363 dicens
1465 337 1474 365 :
1501 321 1518 347 3
1544 322 1692 363 Homo
1718 321 1905 376 quilibet
1939 321 1993 365 de
2023 322 2154 366 domo
2187 323 2254 366 Is-

417 383 530 439 rael,
567 383 604 426 si
641 382 851 426 occiderit
882 381 1043 424 bovem
1074 385 1154 423 aut
1189 393 1338 435 ovem,
1379 379 1472 422 sive
1506 394 1707 436 capram,
1743 379 1790 422 in
1828 380 1983 423 castris
2017 382 2088 424 vel
2129 388 2254 425 extra

419 449 582 498 castra,
606 441 623 468 4
644 447 687 485 et
712 455 799 484 non
822 439 1031 483 obtulerit
1055 439 1113 482 ad
1134 439 1297 482 ostium
1323 438 1599 482 tabernaculi
1621 438 1894 482 oblationem
1917 440 2131 496 Domino,
2154 455 2252 484 san-

417 502 564 558 guinis
590 515 687 544 reus
710 500 816 554 erit;
841 498 966 554 quasi
990 498 1027 541 si
1053 497 1319 554 sanguinem
1339 497 1531 553 fuderit,
1554 497 1617 541 sic
1643 497 1805 554 peribit
1835 498 1890 541 de
1922 498 2068 542 medio
2102 500 2254 556 populi

417 561 498 603 sui.
525 561 542 587 5
567 559 676 603 Ideo
697 558 916 602 sacerdoti
943 558 1101 601 offerre
1123 557 1288 600 debent
1309 556 1389 599 filii
1411 557 1551 600 Israel
1576 557 1742 599 hostias
1768 571 1891 613 suas,
1915 572 2022 614 quas
2050 559 2255 602 occident

416 620 462 662 in
487 632 615 674 agro,
642 624 690 660 ut
715 617 1048 660 sanctificentur
1071 616 1263 660 Domino
1287 621 1392 659 ante
1419 616 1582 659 ostium
1610 615 1887 659 tabernaculi
1917 617 2184 672 testimonii,
2211 623 2254 661 et

416 677 650 721 immolent
675 691 749 720 eas
769 676 937 720 hostias
963 676 1172 733 pacificas
1199 675 1406 719 Domino.
1433 675 1451 702 6
1473 675 1738 731 Fundetque
1759 676 1963 719 sacerdos
1990 676 2255 732 sanguinem

417 751 546 794 super
577 736 717 779 altare
749 735 929 779 Domini
958 735 1015 779 ad
1045 735 1207 779 ostium
1237 734 1515 778 tabernaculi
1548 734 1815 790 testimonii,
1851 739 1895 778 et
1926 735 2123 779 adolebit
2160 735 2256 778 adi-

417 811 518 853 pem
549 796 596 838 in
629 795 809 839 odorem
845 795 1081 838 suavitatis
1115 794 1332 849 Domino,
1368 793 1383 820 7
1414 800 1457 837 et
1486 808 1766 850 nequaquam
1804 794 1920 837 ultra
1957 794 2257 838 immolabunt

416 855 582 898 hostias
611 869 712 898 suas
746 854 1044 910 daemonibus,
1079 868 1181 898 cum
1210 853 1369 910 quibus
1393 853 1605 897 fornicati
1634 859 1750 897 sunt.
1785 854 2061 909 Legitimum
2095 853 2255 910 sempi-

416 920 591 958 ternum
624 914 706 957 erit
733 914 823 957 illis
850 919 893 957 et
918 913 1103 971 posteris
1130 927 1293 956 eorum.
1321 912 1338 939 8
1368 914 1425 955 Ε1
1449 913 1506 956 ad
1536 913 1652 969 ipsos
1680 913 1799 956 dices
1829 930 1837 959 :
1866 914 2014 956 Homo
2039 913 2092 956 de
2124 912 2256 956 domo

417 974 578 1030 Israel,
601 979 646 1017 et
671 974 724 1017 de
756 973 941 1017 advenis
967 973 1041 1029 qui
1066 972 1405 1029 peregrinantur
1430 972 1549 1028 apud
1574 986 1673 1027 vos,
1701 972 1775 1028 qui
1807 972 2015 1016 obtulerit
2046 972 2256 1016 holocau-

416 1039 534 1076 stum
559 1033 653 1076 sive
678 1033 932 1087 victimam,
960 1031 978 1058 9
1003 1038 1046 1075 et
1069 1031 1126 1074 ad
1150 1031 1312 1074 ostium
1334 1030 1611 1074 tabernaculi
1638 1031 1882 1074 testimonii
1904 1045 1992 1074 non
2018 1031 2257 1075 adduxerit

416 1106 536 1148 eam,
561 1098 610 1135 111
636 1092 850 1135 offeratur
877 1091 1088 1147 Domino,
1118 1090 1320 1134 interibit
1341 1090 1395 1134 de
1421 1090 1583 1147 populo
1609 1104 1701 1133 suo.

476 1151 511 1178 ¹⁰
526 1153 675 1195 Homo
696 1151 884 1207 quilibet
909 1150 963 1194 de
989 1150 1118 1193 domo
1145 1149 1305 1205 Israel,
1330 1154 1373 1192 et
1395 1149 1449 1192 de
1474 1149 1660 1193 advenis
1686 1149 1760 1205 qui
1783 1149 2122 1206 peregrinantur
2142 1150 2258 1194 inter

416 1225 509 1266 808,
544 1211 580 1253 81
619 1210 861 1254 comederit
893 1209 1178 1265 sanguinem,
1210 1208 1454 1252 obfirmabo
1487 1208 1655 1251 faciem
1692 1223 1839 1252 meam
1872 1215 2025 1252 contra
2059 1209 2258 1252 animam

413 1269 557 1325 illius,
580 1275 624 1313 et
645 1268 900 1325 disperdam
921 1283 1021 1312 eam
1046 1268 1100 1312 de
1125 1268 1287 1325 populo
1314 1282 1407 1312 suo.
1435 1267 1467 1294 ¹¹
1492 1267 1604 1318 Quia
1624 1267 1776 1310 anima
1798 1267 1943 1310 carnis
1969 1267 2016 1310 in
2037 1268 2256 1324 sanguine

416 1334 505 1384 est3
530 1334 574 1372 et
595 1342 679 1384 ego
707 1328 809 1371 dedi
837 1327 968 1370 illum
993 1327 1140 1383 vobis,
1163 1332 1212 1370 ut
1236 1341 1367 1385 super
1387 1326 1528 1370 altare
1552 1326 1599 1369 in
1630 1341 1680 1370 eo
1705 1326 1894 1384 expietis
1918 1342 1995 1385 pro
2022 1326 2257 1370 animabus

414 1388 593 1443 vestris,
628 1393 671 1430 et
700 1386 882 1443 sanguis
914 1401 992 1444 pro
1028 1387 1192 1430 animae
1226 1386 1401 1444 piaculo
1436 1386 1506 1430 sit.
1540 1385 1575 1412 ¹2
1607 1386 1784 1430 Idcirco
1816 1386 1910 1429 dixi
1944 1386 2046 1429 filiis
2080 1385 2257 1431 Israel:

415 1447 570 1490 Omnis
592 1447 743 1489 anima
769 1461 825 1490 ex
849 1446 974 1489 vobis
1000 1461 1088 1490 non
1114 1446 1318 1489 comedet
1342 1445 1621 1502 sanguinem,
1640 1460 1721 1489 nec
1744 1460 1799 1489 ex
1823 1445 2009 1489 advenis
2036 1445 2109 1502 qui
2135 1460 2258 1502 pere-

413 1506 647 1562 grinantur
674 1505 793 1562 apud
826 1519 917 1549 vos.
948 1505 984 1532 13
1010 1506 1159 1549 Homo
1193 1505 1459 1562 quicumque
1489 1505 1543 1548 de
1576 1505 1678 1548 filiis
1709 1504 1870 1560 Israel,
1905 1510 1948 1548 et
1986 1505 2040 1549 de
2073 1504 2259 1548 advenis

414 1565 488 1621 qui
520 1565 860 1622 peregrinantur
895 1565 1014 1622 apud
1052 1579 1150 1620 vos,
1184 1565 1221 1607 si
1253 1565 1491 1608 venatione
1528 1570 1662 1620 atque
1694 1564 1885 1621 aucupio
1916 1564 2081 1621 ceperit
2113 1564 2259 1607 feram

412 1624 483 1668 vel
515 1639 666 1680 avem,
701 1623 861 1680 quibus
893 1624 1013 1667 vesci
1047 1624 1222 1667 licitum
1255 1629 1340 1679 est,
1371 1624 1536 1666 fundat
1561 1623 1825 1680 sanguinem
1861 1623 1980 1679 ejus,
2012 1629 2055 1666 et
2089 1623 2258 1680 operiat

412 1683 541 1726 illum
574 1690 702 1727 terra.
732 1683 767 1709 ¹4
791 1683 957 1726 Anima
984 1683 1103 1726 enim
1133 1683 1275 1726 omnis
1302 1683 1446 1726 carnis
1471 1683 1518 1725 in
1540 1683 1758 1739 sanguine
1781 1688 1871 1738 est,
1896 1683 2013 1726 unde
2036 1682 2129 1726 dixi
2156 1682 2258 1725 filiis

414 1743 553 1786 Israel
578 1759 586 1787 :
609 1743 882 1798 Sanguinem
907 1742 1127 1785 universae
1157 1743 1302 1786 carnis
1331 1757 1419 1785 non
1453 1742 1695 1785 comedet-is
1725 1742 1828 1798 quia
1861 1742 2012 1784 anima
2040 1741 2185 1785 0311118
2209 1741 2280 1784 in>

413 1802 630 1858 sanguine
652 1808 741 1857 est3
767 1807 810 1845 et
832 1802 1098 1858 quicumque
1121 1801 1362 1845 comederit
1387 1801 1538 1856 illum,
1565 1801 1780 1845 interibit.

473 1861 509 1888 ¹5
534 1861 720 1916 Anima,
756 1875 853 1917 quae
885 1860 1126 1904 comederit
1159 1861 1465 1915 morticinum,
1500 1860 1571 1904 vel
1605 1866 1787 1917 captum
1820 1876 1846 1903 a
1875 1860 2042 1916 bestia,
2078 1868 2171 1905 tam
2203 1861 2259 1905 de

412 1921 657 1977 indigenis,
685 1935 818 1977 quam
841 1920 895 1964 de
920 1920 1126 1977 advenis,
1153 1920 1325 1963 lavabit
1349 1920 1618 1963 vestimenta
1644 1934 1723 1962 sua
1746 1925 1790 1963 et
1815 1920 2106 1977 semetipsum
2127 1935 2257 1976 aqua,

414 1985 458 2023 et
494 1980 822 2023 contaminatus
860 1980 942 2023 8111
978 1994 1115 2036 usque
1151 1979 1208 2023 ad
1246 1993 1504 2036 vesperum,
1545 1985 1588 2022 et
1625 1979 1708 2022 hoc
1747 1979 1900 2023 ordine
1937 1979 2130 2023 mundus
2168 1980 2256 2023 fiet.

414 2038 450 2066 ¹⁶
471 2039 597 2090 Quod
629 2039 665 2082 si
703 2053 789 2082 non
824 2038 983 2083 laverit
1019 2039 1286 2083 vestimenta
1319 2052 1399 2081 sua
1438 2044 1481 2082 et
1522 2053 1700 2095 corpus,
1740 2038 1936 2095 portabit
1975 2038 2260 2095 iniquitatem

413 2113 552 2142 suam.

948 2183 970 2236 ξ
1003 2181 1065 2223 Π.
1091 2207 1151 2212 -
1183 2180 1407 2224 Sanctitas
1432 2181 1718 2223 matrimonii.

474 2308 581 2351 CAP.
608 2308 789 2351 XVIII.
815 2334 874 2339 —
895 2307 908 2333 1
938 2309 1133 2350 Locutus
1156 2312 1222 2350 est
1245 2306 1464 2350 Dominus
1489 2305 1546 2349 ad
1569 2305 1776 2363 Moysen,
1801 2306 1953 2350 dicens
1983 2322 1992 2349 :
2015 2305 2032 2332 2
2056 2307 2255 2363 Loquere

415 2367 518 2410 filiis
544 2367 704 2422 Israel,
732 2372 775 2410 et
801 2366 920 2409 dices
945 2366 1002 2409 ad
1030 2380 1102 2409 eos
1135 2382 1145 2410 ε
1172 2366 1268 2421 Ego
1293 2365 1511 2409 Dominus
1540 2366 1660 2408 Deus
1685 2370 1844 2408 vester.
1869 2365 1886 2391 3
1911 2365 2051 2408 Juxta
2075 2379 2258 2409 consue-

415 2426 618 2470 tudinem
643 2431 772 2469 terrae
797 2425 1009 2483 AEgypti,
1035 2425 1081 2467 in
1109 2439 1194 2481 qua
1220 2424 1475 2480 habitastis,
1504 2438 1592 2467 non
1617 2424 1817 2480 facietis,
1854 2429 1898 2467 et
1928 2424 2059 2480 juxta
2090 2438 2259 2468 morem

415 2485 609 2541 regionis
639 2485 874 2540 Chanaan,
904 2485 961 2527 ad
992 2499 1125 2540 quam
1152 2498 1233 2540 ego
1262 2484 1594 2527 introducturus
1620 2498 1719 2526 sum
1743 2498 1843 2539 vos,
1873 2498 1961 2527 non
1985 2483 2149 2538 agetis,
2177 2498 2258 2527 nec

415 2544 461 2586 in
486 2544 701 2600 legitimis
727 2558 878 2588 eorum
903 2543 1207 2587 ambulabitis.
1234 2543 1252 2569 4
1277 2543 1471 2586 Facietis
1497 2542 1669 2598 judicia
1699 2557 1818 2599 mea,
1847 2548 1890 2586 et
1912 2548 2136 2599 praecepta
2160 2557 2259 2586 mea

415 2603 671 2659 servabitis,
700 2609 744 2646 et
775 2603 1064 2646 ambulabitis
1090 2602 1136 2645 in
1170 2602 1246 2646 eis,
1274 2603 1368 2658 Ego
1394 2602 1612 2645 Dominus
1640 2603 1760 2645 Deus
1788 2606 1946 2645 vester.
1981 2602 1998 2628 5
2028 2602 2259 2645 Custodite

415 2662 536 2718 leges
559 2677 679 2705 meas
705 2668 838 2718 atque
863 2662 1055 2718 judicia,
1084 2676 1182 2718 quae
1209 2661 1384 2705 faciens
1409 2661 1562 2716 homo,
1589 2661 1712 2704 vivet
1732 2661 1779 2704 in
1801 2661 1877 2704 eis.
1905 2661 1999 2716 Ego
2026 2661 2257 2704 Dominus.

476 2722 493 2748 6
519 2722 673 2764 Omnis
698 2721 831 2764 homo
851 2721 908 2764 ad
934 2721 1184 2778 proximam
1205 2720 1437 2776 sanguinis
1468 2720 1535 2763 sui
1558 2735 1646 2764 non
1670 2720 1875 2776 accedet,
1902 2726 1950 2762 ut
1976 2721 2143 2764 revelet
2167 2725 2257 2763 tur-

416 2780 665 2837 pitudinem
689 2781 798 2837 ejus.
823 2782 917 2836 Ego
945 2780 1176 2824 Dominus.
1196 2779 1210 2806 7
1230 2778 1573 2837 Turpitudinem
1596 2780 1733 2837 patris
1755 2779 1842 2832 tui,
1869 2784 1912 2823 et
1934 2779 2259 2836 turpitudinem

417 2840 571 2882 matris
596 2845 686 2882 tuae
709 2854 796 2883 non
827 2839 1145 2897 discooperies3
1177 2844 1320 2882 mater
1340 2845 1417 2881 tua
1452 2845 1536 2895 est,
1564 2854 1651 2882 non
1680 2838 1899 2882 revelabis
1933 2838 2259 2896 turpitudinem

418 2898 527 2954 ejus.
555 2898 571 2924 ⁸
604 2899 946 2956 Turpitudinem
972 2898 1120 2942 uxoris
1147 2898 1283 2955 patris
1310 2899 1374 2941 tui
1405 2912 1492 2941 11011
1526 2898 1844 2955 (11800οΡ81188;
1880 2898 2109 2955 turpitudo
2139 2898 2258 2941 enim

416 2957 554 3015 patris
576 2958 641 3000 tui
676 2964 754 3001 est.
781 2958 798 2983 9
820 2958 1163 3015 Turpitudinem
1196 2957 1354 3000 sororis
1387 2963 1477 3001 tuae
1505 2972 1557 3001 ex
1588 2963 1731 3014 patre,
1761 2957 1855 3000 sive
1882 2971 1935 3000 ex
1970 2963 2131 3012 matre,
2159 2971 2257 3013 quae

418 3016 537 3060 domi
563 3016 634 3060 vel
656 3017 766 3060 foris
787 3017 939 3073 genita
962 3023 1046 3071 est,
1074 3031 1162 3061 non
1183 3017 1416 3060 revelabis.
1445 3017 1480 3044 ¹⁰
1502 3016 1843 3074 Turpitudinem
1866 3017 1970 3059 filiae
1994 3016 2072 3059 filii
2100 3016 2164 3059 tui
2186 3016 2256 3059 vel

417 3075 562 3133 neptis
597 3090 650 3119 ex
683 3076 774 3118 filia
806 3090 893 3119 non
926 3076 1170 3132 revelabis3
1206 3076 1309 3132 quia
1346 3076 1574 3134 turpitudo
1615 3081 1692 3119 tua
1732 3081 1810 3118 est.
1846 3075 1879 3101 ¹¹
1915 3075 2258 3132 Turpitudinem

418 3134 522 3178 filiae
546 3135 694 3178 uxoris
717 3135 854 3191 patris
876 3135 961 3191 tui,
986 3150 1119 3191 quam
1145 3136 1315 3193 peperit
1336 3137 1450 3193 patri
1478 3141 1574 3190 tuo,
1602 3141 1645 3179 et
1667 3140 1732 3178 est
1758 3149 1876 3178 soror
1900 3140 2000 3184 1113,
2023 3149 2109 3178 11011
2136 3148 2257 3177 reve-

418 3194 545 3237 labis.
570 3193 605 3220 12
626 3194 967 3251 Turpitudinem
1001 3195 1158 3238 sororis
1191 3195 1329 3252 patris
1356 3195 1420 3238 tui
1454 3209 1542 3238 non
1573 3194 1892 3251 discooperies3
1925 3194 2027 3251 quia
2062 3207 2163 3237 caro
2192 3198 2258 3236 est

418 3254 556 3311 patris
578 3253 656 3297 tui.
682 3253 717 3279 ¹3
738 3253 1080 3310 Turpitudinem
1101 3254 1259 3297 sororis
1281 3254 1436 3298 matris
1458 3260 1548 3297 tuae
1571 3268 1658 3297 non
1682 3253 1922 3310 revelabis,
1947 3268 1997 3297 eo
2019 3251 2134 3308 quod
2157 3266 2258 3296 caro

419 3313 477 3355 sit
502 3312 656 3356 matris
681 3318 785 3356 tuae.
814 3312 848 3338 ¹4
877 3313 1219 3369 Turpitudinem
1244 3313 1390 3370 patrui
1420 3313 1485 3356 tui
1511 3328 1598 3357 non
1624 3312 1863 3367 revelabis,
1887 3327 1968 3356 nec
1990 3310 2175 3355 accedes
2200 3311 2256 3355 ad

419 3386 602 3415 uxorem
629 3372 747 3428 ejus,
775 3386 873 3428 quae
896 3371 978 3414 tibi
1003 3372 1228 3416 affinitate
1251 3372 1551 3428 conjungitur.
1579 3372 1615 3399 ¹5
1639 3372 1983 3428 Turpitudinem
2009 3384 2144 3413 nurus
2167 3376 2257 3414 tuae

420 3445 507 3473 non
532 3431 771 3487 revelabis,
803 3431 905 3487 quia
932 3445 1041 3474 uxor
1066 3430 1145 3473 filii
1179 3431 1243 3474 tui
1275 3438 1361 3487 est,
1389 3446 1469 3475 nec
1500 3431 1794 3488 discooperies
1822 3430 2117 3487 ignominiam
2146 3430 2256 3486 ejus.

423 3488 458 3515 16
482 3490 824 3546 Turpitudinem
857 3489 1005 3533 uxoris
1035 3489 1187 3532 fratris
1220 3490 1284 3532 tui
1312 3504 1399 3533 non
1432 3490 1675 3545 revelabis,
1711 3490 1813 3546 quia
1844 3488 2072 3548 turpitudo
2103 3488 2257 3531 fratris

423 3661 470 3694 14]
484 3661 561 3688 Gen.
582 3661 646 3695 IX,
664 3664 689 3689 4.
713 3661 789 3693 Sup.
812 3661 958 3695 1’11,2(1.
985 3675 1020 3679 -
1047 3661 1076 3694 5]
1097 3661 1150 3688 Ε7,.
1169 3660 1250 3695 XX,
1272 3663 1315 3688 ll.
1339 3661 1434 3689 Rom.
1458 3661 1499 3696 X,
1520 3664 1545 3689 5.
1566 3661 1632 3690 Gal.
1658 3662 1728 3697 111,
1749 3664 1791 3690 12.
