2423 3861
653 182 801 225 MARO.
837 182 977 234 VIII,
1015 182 1068 224 10
1100 207 1158 214 —
1193 181 1277 236 IX,
1314 180 1346 223 1.
1808 182 1919 224 1139

153 358 188 384 ¹⁰
207 359 265 401 Et
289 356 443 400 statim
465 353 709 398 ascendens
732 353 881 395 navim
909 367 1008 395 cum
1035 352 1265 408 discipulis
1291 352 1400 408 suis,
1428 352 1550 395 venit
1573 351 1618 394 in
1645 356 1791 408 partes
1816 352 1919 393 Dal—

94 416 320 461 manutha.
348 415 378 441 ¹¹
400 415 458 457 Et
482 413 685 457 exierunt
713 411 942 468 pharisaei,
966 417 1010 454 et
1035 416 1264 468 coeperunt
1297 411 1552 467 conquirere
1577 425 1679 453 cum
1704 424 1774 464 eo,
1802 424 1920 465 quae-

93 481 237 519 rentes
262 475 318 517 ab
344 474 422 517 illo
447 473 624 528 signum
650 471 703 514 de
731 471 862 526 caelo,
893 476 1115 513 tentantes
1141 484 1255 513 eum.
1286 469 1319 496 ¹²
1339 470 1395 512 Et
1418 470 1716 525 ingemiscens
1741 468 1930 525 spiritu,

92 535 188 578 ait:
222 533 337 584 Quid
369 531 597 588 generatio
628 530 714 573 ista
742 530 920 585 signum
953 529 1149 584 quaerit?
1184 529 1327 572 Amen
1359 529 1456 572 dico
1491 529 1639 585 vobis,
1673 527 1709 571 si
1743 526 1923 571 dabitur

92 591 367 649 generationi
404 590 478 634 isti
516 590 707 645 signum.
741 589 776 615 ¹³
802 590 858 631 Et
888 588 1117 630 dimittens
1148 602 1240 643 eos,
1271 588 1474 631 ascendit
1506 587 1664 631 iterum
1695 586 1846 629 navim
1878 591 1922 630 et

90 652 200 694 abiit
224 657 344 694 trans
370 651 551 693 fretum.

155 710 186 736 ¹⁴
213 710 270 752 Et
304 709 429 752 obliti
463 714 567 751 sunt
604 723 739 766 panes
772 720 963 760 sumere,
1003 712 1046 749 et
1084 705 1167 747 nisi
1206 720 1342 747 unum
1381 719 1540 760 panem
1579 719 1665 748 non
1699 705 1924 749 habebant

91 783 241 813 secum
262 769 309 811 in
335 768 453 811 navi.
484 767 517 794 ¹⁵
537 769 594 811 Et
615 765 902 824 praecipiebat
923 764 1007 819 eis,
1035 764 1186 806 dicens
1204 780 1213 807 ε
1234 763 1393 807 Videte
1415 769 1460 805 et
1482 769 1636 807 cavete
1657 779 1683 806 a
1702 765 1923 808 fermento

94 828 430 885 pharisaeorum,
462 832 506 870 et
531 827 751 870 fermento
784 822 987 867 Herodis.
1020 822 1055 849 ¹⁰
1082 824 1138 865 Et
1172 822 1431 877 cogitabant
1457 822 1515 864 ad
1544 821 1825 879 alterutrum,
1857 823 1921 867 di-

93 892 240 930 centes
263 904 271 930 :
298 886 409 937 Quia
441 899 578 943 panes
612 899 699 927 non
730 883 956 926 habemus.
986 881 1019 907 ¹⁷
1038 881 1131 931 Quo
1166 881 1365 936 cognito,
1399 880 1464 923 ait
1495 880 1584 923 illis
1610 881 1774 926 Jesus:
1809 882 1923 933 Quid

92 945 299 1001 cogitatis
332 945 436 1000 quia
460 958 595 1001 panes
630 957 716 985 non
746 940 956 984 habetis?
992 940 1189 983 nondum
1224 939 1490 995 cognoscitis
1524 953 1605 982 neo
1634 939 1922 996 intelligitis?

92 1005 236 1048 adhuc
262 1009 479 1047 caecatum
505 1002 678 1045 habetis
705 1015 778 1044 cor
803 999 1037 1043 vestrum?
1066 999 1101 1025 ¹3
1124 999 1284 1042 Oculos
1309 999 1524 1042 habentes
1549 1012 1636 1041 non
1662 999 1854 1043 videtis?
1880 1006 1924 1044 et

92 1078 217 1106 aures
247 1063 461 1105 habentes
494 1075 582 1104 non
615 1060 800 1116 auditis,
828 1073 910 1102 nec
942 1057 1273 1102 recordamini?
1301 1057 1336 1084 ¹9
1354 1057 1538 1108 Quando
1564 1058 1757 1113 quinque
1790 1073 1924 1115 panes

93 1122 209 1177 fregi
234 1121 280 1164 in
306 1121 499 1177 quinque
529 1119 692 1174 millia,
720 1125 824 1175 quot
848 1118 1061 1175 cophinos
1087 1118 1442 1173 fragmentorum
1467 1116 1620 1173 plenos
1645 1117 1922 1160 sustulistis?

91 1181 261 1223 Dicunt
285 1180 349 1223 ei:
373 1179 633 1223 Duodecim.
657 1178 694 1205 90
711 1177 896 1229 Quando
923 1182 966 1221 et
991 1182 1161 1234 septem
1187 1190 1323 1233 panes
1348 1176 1395 1218 in
1420 1181 1607 1232 quatuor
1633 1175 1795 1232 millia,
1819 1182 1925 1232 quot

92 1245 261 1296 sportas
291 1239 647 1295 fragmentorum
673 1237 869 1281 tulistis?
898 1237 956 1279 Et
983 1236 1138 1279 dicunt
1168 1236 1207 1278 ei
1227 1252 1238 1280 ε
1259 1235 1451 1292 Septem.
1478 1233 1512 1261 ²¹
1534 1236 1592 1278 Et
1625 1234 1802 1278 dicebat
1828 1235 1890 1279 eis
1914 1252 1923 1279 ε

93 1298 317 1349 Quomodo
344 1297 541 1341 nondum
566 1296 856 1352 intelligitis?

150 1356 187 1383 99
206 1358 264 1400 Et
288 1357 475 1400 veniunt
502 1356 810 1410 Bethsaidam,
835 1361 879 1399 et
904 1355 1133 1399 adducunt
1155 1355 1194 1398 ei
1225 1369 1413 1410 caecum,
1441 1361 1484 1398 et
1509 1354 1726 1410 rogabant
1751 1369 1851 1397 eum
1877 1361 1926 1397 ut

91 1416 218 1459 illum
240 1421 456 1471 tangeret.
480 1414 517 1441 93
535 1416 592 1458 Et
616 1415 892 1471 apprehensa
918 1429 1052 1456 manu
1074 1414 1202 1469 caeci,
1227 1413 1382 1457 eduxit
1406 1428 1505 1457 eum
1533 1419 1658 1456 extra
1677 1413 1826 1456 vicum
1846 1431 1854 1468 3
1883 1419 1924 1456 et

93 1485 288 1527 expuens
313 1471 361 1513 in
387 1471 535 1514 oculos
559 1471 675 1527 ejus,
702 1470 922 1528 impositis
951 1470 1158 1513 manibus
1183 1471 1294 1526 suis,
1316 1470 1610 1526 interrogavit
1639 1484 1740 1514 eum
1762 1472 1799 1514 si
1820 1472 1924 1528 quid

92 1530 274 1573 videret.
297 1529 333 1556 24
360 1531 418 1572 Et
448 1529 689 1586 aspiciens,
725 1529 789 1571 ait
814 1546 823 1572 z
850 1529 992 1572 Video
1030 1529 1230 1573 homines
1264 1529 1387 1572 velut
1419 1530 1596 1572 arbores
1628 1530 1922 1574 ambulantes.

92 1588 127 1614 ‘²5
147 1588 319 1631 Deinde
347 1588 508 1631 iterum
541 1587 753 1644 imposuit
787 1602 942 1630 manus
969 1602 1098 1644 super
1123 1588 1272 1631 oculos
1303 1588 1428 1644 ejus3
1457 1594 1499 1631 et
1525 1588 1661 1644 coepit
1686 1588 1854 1645 videre,
1882 1596 1924 1632 et

90 1647 318 1691 restitutus
348 1652 433 1702 est,
467 1646 532 1689 ita
564 1652 614 1688 ut
648 1646 764 1689 clare
797 1646 968 1690 videret
1001 1647 1162 1689 omnia.
1198 1645 1235 1673 93
1261 1648 1318 1689 Et
1351 1647 1473 1690 misit
1500 1647 1630 1689 illum
1660 1647 1707 1690 in
1745 1648 1924 1691 domum

90 1721 235 1761 suam,
263 1705 442 1749 dicens:
467 1705 595 1748 Vade
624 1705 668 1747 in
700 1705 882 1748 domum
915 1710 1058 1761 tuam,
1086 1711 1130 1748 et
1162 1705 1198 1748 si
1226 1706 1273 1748 in
1299 1705 1449 1748 vicum
1480 1705 1722 1762 introieris,
1758 1706 1924 1749 nemini

91 1765 265 1809 dixeris.

175 1873 200 1930 ξ
233 1874 289 1916 V.
314 1900 373 1905 —
396 1873 488 1916 Per
510 1873 702 1929 yloriam
736 1873 902 1918 Christi
921 1879 1148 1930 parantur
1174 1873 1386 1930 discipuli
1409 1874 1473 1917 ad
1494 1875 1636 1931 ipsius
1661 1889 1840 1919 crucem.

149 1980 183 2006 ‘2⁷
204 1982 260 2023 Et
283 1995 483 2036 egressus
506 1986 572 2024 est
593 1982 621 2024 J
625 1995 736 2037 esus,
762 1987 804 2024 et
827 1981 1032 2038 discipuli
1060 1981 1169 2038 ejus,
1192 1982 1238 2024 in
1262 1981 1445 2024 castella
1467 1981 1682 2026 Caesareae
1702 1982 1922 2039 Philippi3

88 2046 133 2084 et
159 2040 207 2082 in
236 2040 309 2082 via
334 2039 638 2096 inten'ogabat
664 2040 902 2097 discipulos
927 2055 1048 2096 suos,
1077 2041 1228 2084 dicens
1256 2041 1317 2083 eis
1339 2056 1348 2084 ε
1375 2041 1514 2091 Quem
1547 2055 1617 2084 me
1642 2041 1798 2084 dicunt
1831 2056 1924 2084 esse

90 2098 328 2142 homines?
359 2098 396 2125 93
421 2099 503 2149 Qui
539 2099 859 2156 responderunt
891 2100 979 2155 illi,
1016 2100 1243 2143 dicentes:
1278 2100 1306 2142 J
1312 2114 1501 2142 oannem
1540 2100 1812 2156 Baptistam,
1846 2101 1923 2143 alii

91 2158 257 2214 Eliam,
284 2158 362 2201 alii
387 2172 490 2202 vero
520 2159 645 2215 quasi
678 2174 817 2201 unum
843 2159 897 2202 de
922 2159 1162 2216 prophetis.
1190 2158 1227 2185 99
1245 2160 1370 2201 Tunc
1401 2158 1509 2201 dicit
1541 2158 1630 2201 illis
1657 2176 1665 2203 :
1700 2160 1792 2202 Vos
1821 2173 1923 2202 vero

90 2232 221 2274 quem
251 2232 321 2261 me
350 2232 445 2261 esse
475 2218 652 2261 dicitis?
681 2218 969 2274 Respondens
996 2219 1151 2261 Petrus
1183 2218 1246 2260 ait
1279 2217 1318 2261 ei
1343 2233 1351 2260 :
1381 2217 1448 2260 Tu
1478 2232 1522 2261 es
1557 2218 1770 2261 Christus.
1805 2217 1842 2244 3⁰
1867 2220 1923 2261 Et

90 2277 386 2320 comminatus
407 2282 473 2320 est
499 2277 561 2320 eis
586 2292 641 2320 ne
664 2277 733 2320 cui
757 2277 955 2320 dicerent
982 2277 1035 2320 de
1060 2277 1151 2320 illo.

148 2335 182 2362 3¹
203 2337 260 2379 Et
286 2336 421 2393 coepit
446 2335 602 2379 docere
628 2350 700 2380 eos
730 2336 940 2392 quoniam
966 2342 1137 2393 oportet
1167 2337 1333 2380 Filium
1358 2336 1550 2380 hominis
1573 2337 1666 2393 pati
1697 2337 1857 2393 multa,
1881 2344 1923 2381 et

89 2395 312 2452 reprobari
338 2410 365 2438 a
385 2395 651 2451 senioribus,
681 2401 724 2438 et
748 2410 774 2438 a
803 2395 987 2439 summis
1011 2395 1336 2451 sacerdotibus,
1361 2401 1404 2439 et
1428 2395 1604 2452 scribis,
1628 2401 1672 2439 et
1695 2397 1856 2452 occidi,
1881 2402 1923 2439 et

89 2460 187 2512 post
212 2460 298 2497 tres
325 2454 418 2498 dies
440 2469 680 2511 resurgere.
701 2453 738 2481 39
755 2455 814 2497 Et
838 2455 988 2512 palam
1009 2456 1193 2499 verbum
1214 2455 1488 2511 loquebatur.
1509 2456 1566 2498 Et
1587 2456 1923 2512 apprehendens

89 2528 191 2557 eum
217 2514 393 2570 Petrus,
425 2514 559 2571 coepit
583 2514 812 2571 increpare
838 2529 952 2558 eum.
978 2514 1014 2541 33
1033 2515 1115 2564 Qui
1143 2529 1400 2570 conversus,
1423 2519 1468 2557 et
1493 2514 1648 2557 videns
1683 2513 1922 2572 discipulos

88 2587 209 2629 suos,
244 2573 541 2617 comminatus
571 2579 636 2617 est
670 2575 820 2630 Petro,
857 2574 1008 2617 dicens
1039 2590 1047 2617 ι
1075 2575 1204 2617 Vade
1232 2578 1345 2617 retro
1376 2588 1466 2630 me,
1503 2573 1686 2629 Satana,
1715 2574 1921 2629 quoniam

88 2646 176 2676 non
201 2633 319 2689 sapis
345 2647 444 2689 quae
472 2633 554 2676 Dei
577 2639 698 2690 sunt,
722 2633 799 2677 sed
822 2648 921 2689 quae
944 2638 1046 2677 sunt
1070 2633 1314 2677 hominum.

148 2691 185 2718 34
211 2692 268 2734 Et
293 2697 537 2735 convocata
566 2693 696 2736 turba
727 2707 828 2736 cum
858 2693 1086 2750 discipulis
1119 2693 1230 2749 suis,
1262 2693 1377 2736 dixit
1402 2693 1490 2737 eis:
1523 2693 1569 2736 Si
1599 2693 1695 2748 quis
1725 2692 1821 2735 vult
1854 2708 1924 2736 me

89 2750 225 2807 sequi,
249 2750 440 2807 deneget
463 2752 764 2809 semetipsum,
789 2758 834 2796 et
857 2752 988 2796 tollat
1011 2767 1186 2796 crucem
1211 2767 1350 2807 suam,
1379 2758 1422 2795 et
1446 2757 1656 2808 sequatur
1680 2766 1764 2795 me.
1788 2752 1824 2778 35
1842 2752 1923 2802 Qui

89 2811 208 2854 enim
230 2809 419 2857 voluerit
443 2810 641 2854 animam
667 2826 793 2854 suam
819 2812 992 2855 salvam
1022 2812 1192 2868 facere,
1216 2811 1370 2869 perdet
1395 2825 1518 2866 eam3
1546 2810 1621 2866 qui
1653 2815 1803 2854 autem
1828 2825 1921 2867 per-

90 2869 252 2913 diderit
292 2870 490 2913 animam
526 2885 650 2913 suam
685 2877 862 2928 propter
896 2886 967 2915 me
1004 2877 1046 2914 et
1084 2871 1390 2926 evangelium,
1429 2869 1601 2913 salvam
1633 2870 1773 2913 faciet
1810 2884 1921 2913 eam.

89 2928 127 2955 36
147 2929 262 2979 Quid
287 2929 407 2972 enim
432 2929 628 2986 proderit
661 2930 852 2985 homini,
884 2930 920 2973 si
953 2930 1148 2973 lucretur
1180 2930 1396 2972 mundum
1420 2934 1584 2985 totum,
1613 2934 1656 2973 et
1685 2929 1923 2972 detrimen-

89 2994 185 3031 tum
209 2988 373 3031 animae
396 3003 487 3031 suae
514 2988 690 3032 faciat?
718 2988 752 3015 37
768 2989 861 3032 Aut
880 2989 985 3045 quid
1004 2989 1130 3032 dabit
1150 2989 1281 3032 homo
1301 2988 1660 3032 commutationis
1678 3002 1755 3045 pro
1773 2988 1923 3031 anima

86 3047 198 3092 sua?
224 3047 261 3074 33
279 3047 362 3099 Qui
393 3048 513 3091 enim
547 3062 617 3091 me
648 3049 861 3091 confusus
891 3048 1029 3091 fuerit
1062 3053 1105 3092 et
1129 3048 1264 3091 verba
1290 3062 1408 3105 mea,
1443 3048 1488 3090 in
1523 3048 1809 3104 generatione
1836 3047 1922 3091 ista

88 3106 290 3150 adultera
319 3112 363 3150 et
388 3108 656 3164 peccatrice,
685 3117 727 3150 et
759 3107 900 3150 Filius
925 3107 1117 3150 hominis
1147 3107 1448 3150 confundetur
1473 3121 1594 3163 eum,
1622 3121 1723 3150 cum
1752 3107 1923 3150 venerit

89 3166 136 3208 in
157 3166 298 3222 gloria
325 3166 470 3209 Patris
499 3167 567 3210 sui
602 3181 703 3210 cum
734 3166 907 3223 angelis
940 3166 1120 3210 sanctis.
1147 3165 1183 3192 3⁹
1208 3167 1269 3209 Et
1296 3166 1474 3210 dicebat
1497 3166 1586 3209 illis
1609 3183 1618 3210 :
1646 3167 1793 3210 Amen
1823 3165 1921 3209 dico

90 3225 235 3282 vobis,
271 3226 373 3282 quia
403 3231 507 3269 sunt
540 3226 722 3283 quidam
753 3226 807 3269 de
839 3226 912 3269 hic
946 3226 1188 3283 stantibus,
1220 3225 1294 3282 qui
1319 3239 1407 3270 non
1433 3225 1680 3282 gustabunt
1713 3229 1918 3280 mortem,

90 3283 230 3328 donec
255 3284 438 3329 videant
464 3299 652 3342 regnum
676 3285 760 3329 Dei
785 3285 967 3328 veniens
996 3285 1043 3327 in
1063 3285 1239 3329 virtute.

149 3343 257 3387 CAP.
291 3345 372 3388 IX.
394 3371 455 3379 —
479 3344 493 3370 ¹
517 3345 575 3388 Et
603 3350 703 3402 post
732 3345 824 3388 dies
850 3359 927 3388 sex
952 3344 1137 3387 assumit
1162 3345 1292 3389 Jesus
1316 3345 1516 3400 Petrum,
1543 3350 1586 3389 et
1611 3345 1851 3399 Iacobum,
1878 3350 1920 3386 et

92 3403 120 3445 J
124 3415 335 3458 oannem,
361 3408 404 3447 et
426 3404 550 3447 ducit
574 3404 675 3448 illos
699 3404 746 3447 in
773 3409 969 3447 montem
994 3403 1218 3447 excelsum
1239 3418 1437 3448 seorsum
1461 3404 1597 3460 solos,
1617 3409 1662 3446 et
1685 3403 1920 3458 transfigu-

92 3557 140 3590 11]
158 3556 281 3585 Matth.
295 3556 388 3592 XVI,
406 3560 431 3586 1.
449 3558 530 3587 Luc.
546 3559 608 3595 XI,
624 3562 670 3588 54.
683 3575 720 3579 -
734 3561 781 3594 14]
800 3559 921 3587 Matth.
940 3558 1032 3593 XVI,
1045 3561 1071 3587 5.
1088 3573 1121 3578 —-
1135 3559 1182 3592 18]
1200 3559 1278 3591 Sup.
1293 3558 1351 3593 VI,
1369 3560 1413 3585 41.
1428 3558 1523 3585 Joan.
1541 3556 1600 3589 VI,
1618 3557 1662 3582 11.
1680 3567 1715 3574 --
1732 3555 1780 3588 27]
1799 3555 1920 3583 Matth.

92 3600 184 3636 XVI,
207 3603 250 3629 13.
268 3601 349 3629 Luc.
371 3601 432 3637 IX,
453 3605 498 3631 18.
515 3618 552 3622 —
575 3604 624 3638 34]
642 3604 764 3632 Matth.
784 3605 826 3639 X,
842 3607 877 3632 38
898 3605 933 3630 et
949 3602 1043 3637 XVI,
1064 3605 1109 3631 24.
1124 3603 1205 3631 Luc.
1224 3603 1284 3637 IX,
1301 3605 1337 3630 23
1354 3604 1388 3630 et
1406 3601 1498 3635 XIV,
1515 3602 1559 3628 27.
1584 3614 1619 3618 —
1643 3600 1692 3632 35]
1711 3599 1792 3627 Luc.
1810 3599 1921 3632 XVII,

91 3646 135 3673 33.
153 3645 250 3673 Joan.
268 3646 350 3680 XII,
371 3648 415 3675 25.
434 3661 473 3668 -
491 3648 540 3682 38]
558 3648 681 3676 Matth.
698 3649 747 3684 X,
764 3649 809 3676 33.
829 3647 909 3675 Luc.
929 3646 995 3681 IX,
1012 3648 1048 3674 26
1065 3648 1100 3674 et
1117 3646 1198 3681 XII,
1215 3649 1242 3674 9.
1259 3661 1294 3665 -
1315 3646 1363 3679 39]
1382 3644 1503 3673 Matth.
1522 3643 1614 3677 XVI,
1634 3644 1680 3671 28.
1699 3642 1779 3672 Luc.
1798 3643 1859 3679 IX,
1875 3645 1920 3671 27.

91 3701 128 3708 -
144 3688 173 3723 1]
191 3689 313 3719 Matth.
331 3689 444 3726 XVII,
462 3694 487 3720 1.
505 3692 586 3721 Luc.
606 3693 667 3729 IX,
683 3695 728 3721 28.

2005 365 2145 399 Signum
2170 366 2208 393 dc

1988 410 2066 437 caelo
2084 410 2229 437 fermen-

1989 456 2127 485 tumque
2153 454 2229 485 pha-

2017 495 2199 524 risaeorum.

2056 1371 2170 1399 Caecus

2042 1413 2178 1447 quidam

2052 1457 2178 1486 sensim

2038 1503 2186 1530 curatur.

2038 1999 2190 2029 Gloriosa

2064 2043 2158 2073 Petri

2024 2087 2203 2117 consessio.

2016 2349 2210 2377 Passionem

2064 2401 2158 2421 suam

2033 2437 2190 2466 Christus

2032 2481 2194 2514 praedicit.

2034 2702 2192 2730 Tollenda

2065 2752 2158 2773 crux.

2031 3351 2187 3381 Christus

2021 3397 2201 3430 transfigu-

2056 3443 2160 3469 ratur.

2006 3488 2038 3513 1⁰
2056 3484 2209 3514 Miraculi

2031 3527 2190 3557 narratio,
