2456 3861
746 136 861 178 Grex.
895 136 1000 190 XX,
1037 138 1061 179 9
1086 162 1145 167 -
1177 136 1308 191 XXI,
1341 139 1409 182 25.
1934 142 1987 185 19

167 303 494 358 timueruntque
524 318 675 347 omnes
701 304 782 346 viri
805 305 947 349 valde.
976 305 993 330 ⁹
1013 306 1050 348 V
1055 305 1201 348 ocavit
1226 311 1374 348 autem
1398 306 1658 350 Abimelech
1685 308 1820 351 ctiam
1846 309 1986 351 Abra—

166 362 292 416 ham,
322 368 366 404 ct
387 362 501 404 dixit
518 362 557 405 ei
581 378 589 404 :
610 363 723 412 Quid
746 363 895 406 fecisti
918 363 1074 406 nobis?
1094 364 1197 419 quid
1217 365 1498 421 peccavimus
1517 365 1559 407 in
1579 371 1634 421 tc,
1654 366 1755 422 quia
1773 367 1986 410 induxisti

166 435 295 476 super
328 435 396 463 me
430 428 475 463 et
503 436 632 477 super
660 437 843 475 regnum
877 437 1023 465 meum
1058 433 1290 478 peccatum
1324 424 1525 480 grande?
1553 439 1649 480 quae
1678 440 1763 467 non
1795 425 1986 469 debuisti

166 479 336 531 facere,
362 480 512 522 fecisti
538 480 677 523 nobis.
704 480 736 506 ¹⁰
760 482 1032 536 Rursumque
1055 482 1359 538 expostulans,
1383 482 1446 526 ait
1469 499 1477 526 ε
1501 483 1613 534 Quid
1639 483 1810 539 vidisti,
1837 490 1882 527 ut
1903 485 1986 528 hoc

165 538 368 581 faceres?
399 538 427 564 ¹¹
452 539 693 594 Respondit
722 539 950 582 Abraham
974 555 982 582 :
1005 540 1209 594 Cogitavi
1232 555 1425 597 mecum,
1453 542 1604 586 dicens
1627 558 1635 586 ε
1665 543 1867 586 Forsitan
1898 558 1984 586 non

165 603 231 639 est
263 597 394 639 timor
430 597 511 640 Dei
546 598 589 639 in
623 598 718 640 loco
756 598 869 651 isto3
906 604 950 640 et
983 597 1248 641 interficient
1280 614 1349 642 me
1382 606 1560 657 propter
1596 616 1776 645 uxorem
1809 616 1980 657 meam3

169 654 327 698 1201108
353 663 502 699 autem
527 661 571 699 et
592 670 693 698 vere
716 669 834 698 soror
859 669 958 698 mea
979 661 1066 711 est,
1093 657 1183 698 filia
1208 658 1345 712 patris
1373 659 1484 714 mei,
1515 665 1559 702 et
1588 675 1673 704 non
1707 661 1798 703 filia
1831 661 1983 705 matris

161 728 295 770 meze,
315 721 360 758 et
377 715 483 757 duxi
505 728 603 757 eam
622 714 666 756 in
686 728 879 758 uxorem.
898 713 932 740 ¹3
948 714 1186 769 Postquam
1208 721 1356 759 autem
1378 717 1532 760 eduxit
1554 734 1622 762 me
1643 721 1760 763 Deus
1781 719 1834 763 de
1853 719 1983 763 domo

162 773 300 828 patris
333 773 442 828 mei,
468 772 561 815 dixi
586 773 642 815 ad
676 786 805 816 eam:
835 773 966 815 Hanc
996 773 1342 816 misericordiam
1371 775 1513 818 facies
1542 792 1714 821 mecum
1745 795 1753 822 :
1790 778 1833 821 in
1863 778 1982 822 omni

160 831 278 886 1000,
314 832 369 874 ad
403 845 532 887 quem
566 831 885 887 ingrediemur,
918 831 1037 874 dices
1073 831 1189 887 quod
1222 832 1362 876 frater
1394 838 1494 877 tuus
1519 835 1614 878 sim.
1644 836 1677 862 ¹¹
1695 837 1815 879 Tulit
1849 837 1983 893 igitur

162 890 423 933 Abimelech
446 904 548 933 oves
574 898 618 933 et
643 891 797 946 boves,
825 895 869 933 et
898 904 1046 933 servos
1071 896 1116 933 et
1140 891 1347 946 ancillas,
1373 897 1416 935 et
1434 892 1556 937 dedit
1567 893 1819 949 Abraham3
1838 896 1981 939 reddi-

163 949 311 1004 ditque
341 949 406 990 illi
436 949 589 992 Saram
619 964 800 992 uxorem
833 963 979 1004 800111,
1010 949 1045 975 ¹⁵
1067 955 1111 993 et
1143 950 1207 992 ait
1237 951 1403 994 :Terra
1436 965 1583 994 coram
1610 954 1733 995 vobis
1762 959 1852 1007 est,
1888 954 1980 997 ubi-

161 1021 344 1063 cumque
368 1007 449 1050 tibi
472 1008 708 1064 placuerit,
734 1007 902 1051 habita.
927 1007 962 1034 ¹⁶
981 1009 1097 1051 Sarae
1120 1014 1270 1051 autem
1293 1009 1407 1052 dixit
1430 1026 1437 1053 :
1463 1011 1579 1054 Ecce
1602 1011 1723 1055 mille
1748 1018 1981 1067 argenteos

161 1066 262 1109 dedi
295 1067 424 1109 fratri
454 1072 549 1122 tuo,
577 1067 660 1110 hoc
683 1067 766 1110 erit
794 1067 876 1109 tibi
905 1067 950 1109 in
979 1067 1184 1110 velamen
1215 1068 1438 1110 oculorum
1463 1069 1519 1112 ad
1550 1083 1700 1114 omnes
1732 1071 1807 1126 qui
1834 1075 1981 1115 tecum

159 1131 280 1180 811111,
312 1132 356 1168 01
380 1139 652 1183 quocumque
682 1127 954 1183 perrexeris,
987 1132 1297 1181 mementoque
1327 1132 1370 1170 te
1401 1127 1733 1184 deprehensam.
1761 1129 1794 1155 ¹⁷
1817 1129 1980 1173 Orante

159 1190 308 1227 autem
334 1185 575 1240 Abraham,
598 1185 773 1228 sanavit
798 1186 915 1228 Deus
941 1184 1205 1228 Abimelech
1226 1191 1271 1228 et
1292 1200 1485 1242 uxorem,
1505 1187 1777 1243 ancillasque
1800 1188 1910 1243 erS,
1936 1194 1981 1232 et

160 1251 448 1299 pepererunt;
480 1243 514 1270 ¹⁸
540 1244 815 1287 concluserat
836 1244 954 1288 enim
977 1243 1192 1287 Dominus
1218 1258 1393 1288 omnem
1415 1246 1596 1288 vulvam
1621 1246 1776 1290 domus
1798 1247 1979 1291 Abime·

160 1302 256 1344 lech
280 1308 457 1359 propt-er
483 1303 634 1346 Saram
657 1318 837 1346 uxorem
863 1303 1070 1346 Abrahae.

218 1362 323 1405 CAP.
358 1363 483 1406 XXI.
504 1388 563 1395 —-
586 1362 597 1388 ¹
619 1362 832 1406 Visitavit
861 1367 1011 1405 autem
1042 1363 1256 1406 Dominus
1292 1365 1444 1408 Saram
1478 1364 1592 1407 sicut
1625 1366 1904 1421 promiserat,
1935 1372 1980 1410 et

156 1420 361 1476 implevit
379 1435 475 1476 quae
502 1421 673 1463 locutus
695 1427 774 1464 est.
793 1420 810 1446 2
828 1421 1126 1477 Concepitque
1149 1427 1193 1464 et
1216 1422 1387 1478 peperit
1408 1422 1548 1466 filium
1573 1424 1617 1466 in
1638 1429 1864 1467 senectute
1885 1440 1976 1481 sua,

157 1485 352 1535 tempore
378 1493 462 1534 quo
490 1479 757 1536 praedixerat
782 1479 823 1522 ei
849 1481 981 1523 Deus.
1008 1479 1026 1506 3
1044 1481 1320 1537 Vocavitque
1350 1482 1578 1524 Abraham
1606 1497 1765 1525 nomen
1788 1483 1868 1526 filii
1889 1485 1976 1539 sui,

154 1537 286 1592 quem
307 1538 462 1594 genuit
490 1539 530 1581 ei
563 1539 689 1595 Sara,
713 1540 841 1582 Isaac
862 1556 871 1594 ς
894 1538 912 1564 4
930 1544 974 1581 et
999 1538 1278 1582 circumcidit
1300 1554 1400 1583 eum
1427 1546 1583 1584 octavo
1606 1541 1696 1595 die,
1728 1542 1842 1584 sicut
1866 1557 1977 1598 111-00-

151 1603 333 1652 ceperat
358 1597 398 1640 ei
425 1599 562 1654 Deus,
585 1599 602 1625 5
621 1612 719 1640 00111
742 1603 921 1641 00010111
946 1603 1061 1641 08801
1089 1612 1304 1641 annorum
1325 1617 1334 1654 3
1363 1599 1447 1642 hac
1472 1600 1633 1656 quippe
1662 1605 1793 1643 aetate
1818 1602 1975 1658 patris,

154 1662 283 1698 natus
316 1662 384 1699 est
417 1657 557 1700 Isaac.
592 1657 609 1683 6
633 1657 842 1713 Dixitque
880 1657 986 1700 Sara
1013 1673 1021 1700 :
1058 1657 1210 1700 Risum
1242 1657 1354 1701 fecit
1385 1658 1494 1701 mihi
1529 1660 1679 1714 Deus,
1715 1660 1976 1716 quicumque

154 1714 366 1771 audierit,
405 1716 642 1759 corridebit
681 1717 803 1761 mihi.
843 1716 858 1742 ⁷
887 1718 1160 1772 Rursumque
1196 1716 1260 1759 ait
1298 1733 1306 1760 :
1349 1718 1452 1768 Quis
1488 1718 1740 1760 auditurum
1780 1719 1978 1762 crederet

153 1773 403 1829 Abraham,
426 1775 542 1830 quod
568 1776 674 1819 Sara
695 1776 882 1819 lactaret
906 1775 1067 1831 filium,
1090 1790 1219 1831 quem
1242 1777 1414 1833 peperit
1434 1777 1474 1820 ei
1495 1776 1590 1832 jam
1614 1777 1738 1821 seni?

211 1832 228 1858 ⁸
246 1833 396 1876 Crevit
425 1833 559 1890 igitur
583 1849 703 1891 puer,
731 1840 775 1878 01
799 1835 1050 1878 ablactatus
1079 1840 1170 1890 est3
1197 1835 1394 1891 fecitque
1424 1836 1652 1878 Abraham
1681 1837 1847 1892 grande
1874 1851 1975 1880 con-

152 1891 319 1934 vivium
355 1892 400 1935 in
434 1893 505 1936 die
542 1894 856 1937 ablactationis
890 1895 999 1951 ejus.
1038 1893 1055 1920 9
1084 1894 1280 1950 Cumque
1316 1895 1501 1938 vidisset
1538 1895 1645 1938 Sara
1681 1895 1820 1938 filium
1853 1898 1977 1952 Agar

151 1951 358 2007 aegyptiae
396 1951 624 1996 ludentem
661 1968 761 1996 cum
798 1954 927 1996 Isaac
962 1953 1052 1997 filio
1089 1967 1191 2008 suo,
1230 1953 1343 1996 dixit
1378 1953 1435 1997 ad
1476 1954 1735 1998 Abraham:
1777 1954 1812 1981 ¹⁰
1845 1955 1974 2011 Ejice

149 2010 361 2053 ancillam
382 2011 518 2068 hanc,
541 2018 586 2055 et
606 2012 746 2055 filium
767 2013 865 2069 ejus
884 2030 892 2068 3
918 2027 1006 2056 non
1029 2012 1148 2056 enim
1173 2013 1256 2056 erit
1277 2013 1404 2056 heres
1425 2013 1540 2056 filius
1561 2013 1736 2056 ancillae
1760 2028 1857 2056 cum
1884 2015 1973 2057 tilio

150 2083 247 2112 meo
275 2071 415 2113 Isaac.
444 2070 476 2096 '¹¹
499 2072 617 2115 Dure
642 2072 816 2128 accepit
840 2073 923 2116 hoc
949 2072 1178 2115 Abraham
1199 2086 1276 2128 pro
1301 2072 1392 2116 filio
1413 2087 1504 2116 suo.
1530 2071 1564 2098 ¹2
1583 2072 1663 2116 Cui
1689 2073 1802 2115 dixit
1826 2074 1971 2118 Deus:

151 2128 249 2170 Non
271 2129 354 2171 tibi
376 2129 580 2172 videatur
604 2145 806 2187 asperum
837 2146 966 2188 super
990 2145 1146 2188 puero,
1173 2137 1217 2173 et
1242 2146 1371 2188 super
1391 2132 1555 2175 ancilla
1576 2136 1677 2187 10ος
1706 2131 1853 2175 omnia
1874 2147 1972 2188 quae

149 2186 311 2230 dixerit
339 2188 422 2230 tibi
453 2189 579 2245 Sara,
609 2190 713 2232 audi
742 2204 898 2234 vocem
927 2191 1050 2247 ejus3
1082 2190 1184 2246 quia
1213 2190 1259 2232 in
1288 2191 1416 2233 Isaac
1441 2191 1672 2233 vocabitur
1696 2191 1779 2233 tibi
1808 2205 1970 2235 semen.

151 2245 185 2272 ¹3
201 2246 286 2289 Sed
310 2252 353 2290 et
374 2247 515 2290 filium
542 2248 718 2291 ancillae
743 2249 912 2292 faciam
933 2249 979 2292 in
1000 2254 1181 2305 gentem
1201 2264 1433 2306 magnam,
1453 2250 1556 2305 quia
1578 2264 1727 2293 semen
1749 2256 1873 2293 tuum
1891 2256 1971 2294 est.

147 2304 184 2330 ¹4
209 2305 405 2349 Surrexit
442 2307 590 2363 itaque
626 2308 856 2351 Abraham
887 2323 1041 2363 mane,
1077 2314 1120 2351 et
1159 2309 1320 2352 tollens
1362 2323 1524 2366 panem
1563 2315 1607 2352 et
1643 2315 1785 2352 utrem
1821 2324 1970 2366 aquae,

146 2363 356 2420 imposuit
389 2367 581 2422 scapulae
616 2366 734 2422 ejus,
769 2367 1038 2423 tradiditque
1071 2382 1275 2424 puerum,
1310 2374 1355 2412 et
1387 2368 1556 2411 dimisit
1588 2383 1700 2412 eam.
1734 2369 1839 2419 Quae
1872 2383 1973 2412 cum

145 2422 347 2479 abiisset,
371 2425 548 2468 errabat
572 2425 618 2467 111
640 2426 876 2469 solitudine
906 2426 1139 2470 Bersabee.
1165 2426 1199 2453 ¹5
1218 2427 1414 2483 Cumque
1437 2433 1697 2484 consumpta
1718 2433 1833 2471 esset
1857 2442 1972 2483 aqua

145 2481 189 2524 in
212 2488 327 2537 utre,
350 2483 519 2540 abjecit
540 2499 724 2541 puerum
745 2486 894 2528 subter
919 2500 1053 2528 unam
1075 2486 1300 2540 arborum,
1330 2501 1427 2542 quae
1452 2487 1514 2529 ibi
1535 2491 1680 2542 erant,
1709 2486 1744 2513 ¹⁶
1762 2492 1806 2529 et
1838 2487 1968 2542 abiit,

144 2540 342 2597 seditque
364 2556 387 2585 e
412 2543 590 2599 regione
612 2544 765 2600 procul
786 2549 1001 2600 quantum
1026 2549 1172 2600 potest
1192 2559 1319 2588 arcus
1340 2545 1488 2601 jacere
1509 2564 1518 2601 3
1543 2546 1656 2588 dixit
1682 2545 1800 2589 enim
1831 2561 1839 2588 :
1871 2547 1911 2588 N
1915 2560 1970 2589 on

144 2599 303 2643 videbo
335 2603 597 2645 morientem
632 2617 845 2659 puerum3
880 2608 925 2646 et
956 2603 1113 2647 sedens
1147 2609 1318 2660 contra,
1355 2605 1521 2648 levavit
1553 2619 1708 2648 vocem
1740 2619 1891 2660 suam,
1925 2610 1970 2648 et

143 2658 280 2703 flevit.
312 2659 344 2686 ¹7
373 2661 616 2704 Exaudivit
652 2668 803 2705 autem
838 2663 956 2706 Deus
985 2677 1140 2705 vocem
1180 2664 1326 2719 pueri,
1362 2664 1625 2720 vocavitque
1666 2664 1851 2720 angelus
1886 2664 1969 2707 Dei

142 2719 265 2774 Agar
294 2719 347 2762 de
381 2721 510 2776 caelo,
545 2721 728 2764 dicens:
772 2721 884 2771 Quid
915 2722 1032 2777 agis,
1064 2723 1220 2778 Agar?
1250 2723 1340 2765 noli
1373 2723 1562 2778 timere,
1594 2723 1823 2766 exaudivit
1851 2724 1969 2766 enim

143 2777 262 2820 Deus
284 2792 439 2821 vocem
460 2780 583 2835 pueri
609 2780 662 2823 de
692 2780 787 2824 loco
813 2780 858 2823 in
881 2795 965 2837 quo
987 2787 1066 2825 est.
1095 2781 1130 2807 ¹⁸
1146 2783 1303 2838 Surge,
1326 2783 1432 2825 tolle
1457 2797 1660 2838 puerum,
1685 2788 1729 2825 et
1749 2787 1851 2825 tene
1876 2797 1968 2825 ma-

141 2849 247 2878 num
272 2837 418 2893 illius3
454 2839 557 2894 quia
582 2839 628 2882 in
658 2845 837 2896 gentem
869 2855 1080 2896 magnam
1113 2841 1283 2884 faciam
1316 2856 1429 2885 eum.
1458 2841 1493 2867 ¹9
1515 2842 1786 2898 Aperuitque
1820 2842 1968 2885 oculos

142 2894 238 2950 ejus
266 2897 384 2939 Deus
405 2914 414 2951 ;
442 2911 539 2952 quae
562 2898 717 2941 videns
738 2904 920 2955 puteum
941 2914 1091 2956 aquae,
1119 2900 1250 2956 abiit,
1277 2906 1322 2944 et
1343 2901 1547 2957 implevit
1568 2907 1731 2957 utrem,
1759 2900 1967 2956 deditque

139 2968 273 3009 puero
301 2955 462 3000 bibere.
491 2955 528 2983 2⁰
548 2958 605 2999 Et
625 2958 714 3001 fuit
740 2972 840 3001 cum
862 2972 937 3013 eo3
962 2959 1035 3014 qui
1059 2959 1218 3015 crevit,
1245 2966 1290 3003 et
1318 2965 1513 3003 moratus
1546 2965 1614 3003 est
1642 2960 1687 3002 in
1708 2960 1964 3016 solitudine,

139 3013 374 3070 factusque
403 3020 470 3057 est
498 3015 676 3071 juvenis
704 3018 974 3073 sagittarius.
998 3017 1031 3045 2¹
1055 3019 1378 3075 Habitavitque
1407 3019 1452 3061 in
1484 3019 1655 3063 deserto
1692 3020 1890 3075 Pharan,
1922 3024 1967 3062 et

137 3073 312 3128 accepit
333 3073 399 3115 illi
421 3081 562 3117 mater
582 3090 661 3118 sua
683 3091 862 3119 uxorem
885 3076 937 3119 de
959 3083 1076 3120 terra
1100 3078 1304 3135 AEgypti.

197 3130 233 3156 '2'2
255 3132 420 3175 Eodem
443 3140 639 3190 tempore
661 3135 776 3178 dixit
799 3135 1081 3193 Abimelech,
1109 3143 1154 3180 et
1176 3137 1332 3180 Phicol
1363 3137 1567 3194 princeps
1597 3137 1816 3180 exercitus
1846 3137 1962 3193 ejus,

139 3189 194 3231 ad
228 3191 489 3236 Abraham:
526 3195 642 3236 Deus
672 3199 820 3237 tecum
853 3200 919 3238 est
951 3195 997 3237 in
1034 3196 1249 3239 universis
1282 3211 1379 3252 quae
1413 3196 1524 3252 agis.
1550 3195 1587 3222 ‘²3
1609 3197 1637 3239 J
1643 3211 1719 3238 ura
1751 3210 1854 3252 ergo
1888 3210 1965 3252 per

143 3245 302 3304 Deum,
329 3265 383 3293 ne
407 3265 566 3295 noceas
588 3253 718 3309 mihi,
742 3259 786 3296 et
809 3255 994 3309 posteris
1015 3256 1145 3311 meis,
1169 3255 1383 3312 stirpique
1407 3270 1546 3310 meae3
1579 3255 1655 3299 sed
1683 3255 1811 3311 juxta
1834 3256 1962 3297 mise-

138 3306 396 3364 ricordiam,
430 3325 563 3365 quam
595 3312 686 3355 feci
718 3312 825 3367 tibi,
866 3313 1008 3357 facies
1049 3314 1183 3369 mihi,
1224 3320 1268 3358 et
1307 3321 1435 3358 terrae
1475 3315 1520 3357 in
1557 3329 1642 3370 qua
1679 3319 1876 3357 versatus
1916 3328 1962 3356 es

139 3365 321 3410 advena.
345 3367 381 3394 “²4
404 3369 617 3425 Dixitque
651 3371 880 3415 Abraham
902 3387 911 3414 ε
946 3373 1041 3429 Ego
1069 3373 1243 3429 jurabo.
1270 3372 1306 3400 25
1333 3374 1391 3416 Et
1422 3373 1670 3429 increpavit
1698 3372 1961 3416 Abimelech

140 3535 185 3568 12]
202 3534 279 3568 sup.
296 3537 377 3572 ΧΠ,
395 3540 620 3573 13.-13]1nf.
639 3540 732 3575 XXI,
750 3543 794 3569 23.
806 3556 840 3560 —
851 3543 879 3575 1]
895 3543 972 3575 sup.
991 3543 1101 3577 xvn,
1116 3546 1150 3571 19
1164 3545 1199 3571 et
1212 3543 1343 3578 xv111,
1362 3546 1404 3571 10.
1415 3544 1489 3576 —2]
1508 3543 1575 3571 Gai.
1595 3543 1650 3576 lv,
1667 3545 1712 3571 23.
1731 3543 1831 3571 nem.
1846 3543 1906 3577 XI,
1918 3545 1960 3571 11.

137 3579 218 3649 Ξέ]
233 3579 310 3650 81111).
324 3581 442 3617 xvn,
460 3584 503 3610 1ο.
525 3583 646 3612 matth.
669 3585 703 3620 1,
728 3588 754 3613 2.
771 3599 807 3604 -—
825 3586 872 3618 10]
895 3586 962 3614 Gai.
986 3587 1042 3620 iv,
1059 3590 1104 3615 30.
1122 3601 1158 3605 —
1176 3587 1222 3620 12]
1242 3587 1337 3615 Rom.
1357 3587 1424 3620 IX,
1442 3589 1466 3614 7.
1490 3586 1590 3614 Hebr.
1612 3585 1681 3621 xl,
1703 3589 1744 3614 18.
1761 3601 1798 3605 —
1813 3587 1860 3619 23]
1883 3587 1960 3619 sup.

213 3641 220 3656 ‚
278 3643 284 3650 .

2045 1385 2139 1413 Isaac
2178 1385 2282 1415 nasci-

2133 1435 2198 1458 tur.

2089 1852 2234 1887 Ejicitur

2041 1897 2162 1924 Isinael
2205 1904 2279 1926 cum

2110 1941 2209 1974 Agar.

2055 3156 2252 3185 Abimelech

2047 3198 2112 3227 init
2137 3200 2253 3228 foedus

2111 3252 2187 3272 cum

2057 3288 2236 3317 Abraham.
