2423 3861
148 448 328 478 Conversio

189 491 288 519 Sauli.

185 2773 288 2802 Initia

144 2817 325 2846 ministerii

187 2861 287 2889 Sauli.

433 124 542 165 1224
1142 119 1253 161 Aer.
1288 119 1376 171 IX,
1415 119 1544 161 1-30.

574 335 596 388 ξ
626 332 687 375 ΙΙ.
714 357 772 362 —
797 330 963 374 Saulus
988 330 1144 372 electus
1169 335 1219 370 ut
1233 334 1381 384 portet
1403 342 1554 370 nomen
1574 327 1685 370 Jesu
1711 341 1859 369 coram
1885 326 2107 371 Gentibus.

483 454 590 496 CAP.
616 453 695 494 IX.
717 478 777 482 —
802 450 814 476 ¹
837 450 993 494 Saulus
1021 453 1171 492 autem
1197 448 1343 491 adhuc
1373 448 1545 504 spirans
1571 447 1792 490 minarum
1819 452 1862 492 et
1889 447 2024 490 caedis
2051 447 2096 489 in
2127 448 2256 492 disci-

423 513 549 569 pulos
572 510 763 565 Domini,
787 508 976 552 accessit
992 508 1047 550 ad
1067 507 1316 564 principem
1334 507 1628 561 sacerdotum,
1656 505 1673 532 2
1687 512 1731 549 et
1752 506 1884 562 petiit
1900 507 1956 548 ab
1979 521 2028 549 eo
2050 506 2257 563 epistolas

422 574 468 613 in
504 573 774 613 Damascum
810 568 867 611 ad
900 581 1172 624 synagogas,
1208 572 1256 609 ut
1284 566 1320 608 si
1351 580 1458 622 quos
1486 565 1729 609 invenisset
1758 565 1890 621 hujus
1927 565 2014 608 viae
2053 565 2170 608 viros
2207 580 2259 609 ac

425 629 650 684 mulieres,
673 628 847 671 vinctos
872 626 1132 683 perduceret
1153 626 1200 668 in
1222 625 1486 668 Jerusalem.

482 689 499 715 3
520 689 577 730 Ε1
602 702 703 731 011111
728 687 811 730 iter
840 686 1032 741 faceret,
1065 685 1255 740 contigit
1285 690 1333 728 ut
1361 684 1736 741 appropinquaret
1769 685 2019 739 Damasco;
2049 689 2092 726 et
2114 684 2260 728 subito

424 746 724 790 circumfulsit
756 761 857 789 eum
890 745 966 788 lux
1004 745 1058 787 de
1096 744 1227 799 caelo,
1269 743 1287 770 4
1321 749 1364 787 et
1400 744 1562 786 cadens
1593 744 1645 795 in
1680 749 1862 798 terram,
1897 742 2072 786 audivit
2105 757 2260 787 vocem

424 808 647 850 <licentem
668 805 752 848 sibi
781 822 789 848 :
817 805 969 860 Saule,
993 803 1145 859 Saule,
1171 803 1275 859 quid
1305 818 1374 846 me
1405 802 1712 859 persequeris?
1743 803 1760 828 5
1779 802 1861 852 Qui
1889 802 2002 845 dixit
2035 819 2044 845 ε
2071 802 2175 852 Quis
2202 816 2267 858 es,

424 865 648 909 Domine?
677 866 734 907 Et
761 864 837 907 ille
860 881 868 908 z
901 865 995 919 Ego
1025 877 1124 905 sum
1151 864 1178 906 J
1184 877 1304 917 esus,
1340 877 1470 918 quem
1500 867 1548 905 tu
1575 862 1872 919 persequeris;
1899 862 2054 904 durum
2087 867 2154 904 est
2180 862 2261 905 tibi

424 931 575 968 contra
593 924 823 967 stimulum
846 923 1090 965 calcitrare.
1115 922 1132 948 ‘³’
1150 923 1208 964 Et
1230 928 1423 965 tremens
1450 936 1502 964 ac
1528 927 1723 978 stupens,
1750 921 1864 964 dixit
1891 938 1899 964 ;
1924 920 2128 975 Domine,
2157 921 2262 977 quid

421 999 492 1027 me
525 985 591 1027 vis
620 982 807 1026 facere?
840 983 897 1024 Et
930 982 1147 1025 Dominus
1169 981 1225 1024 ad
1253 996 1353 1024 eum
1382 998 1391 1024 :
1417 981 1577 1037 Surge,
1606 987 1649 1024 et
1673 981 1905 1037 ingredere
1935 980 2186 1036 civitatem,
2219 985 2264 1024 et

422 1044 483 1086 ibi
511 1043 683 1086 dicetur
704 1042 786 1085 tibi
811 1042 914 1098 quid
938 1048 980 1084 te
1003 1046 1204 1098 oporteat
1226 1041 1389 1084 facere.
1415 1040 1429 1066 7
1451 1040 1545 1083 Viri
1573 1046 1724 1083 autem
1744 1040 1811 1082 illi
1836 1040 1909 1096 qui
1934 1039 2263 1082 comitabantur

423 1118 523 1146 cum
557 1117 626 1158 eo,
665 1102 845 1145 stabant
878 1101 1141 1157 stupefacti,
1177 1100 1409 1143 audientes
1439 1099 1617 1155 quidem
1643 1114 1819 1154 vocem,
1856 1099 2079 1142 neminem
2112 1105 2262 1142 autem

422 1163 635 1205 videntes.
655 1161 671 1187 8
688 1161 886 1205 Surrexit
906 1165 1056 1203 autem
1076 1160 1233 1203 Saulus
1254 1159 1307 1202 de
1326 1165 1464 1213 terra3
1492 1159 1745 1215 apertisque
1764 1159 1913 1215 oculis,
1935 1158 2046 1201 nihil
2065 1158 2261 1202 videbat.

421 1221 493 1264 Ad
517 1236 673 1264 manus
695 1226 845 1264 autem
867 1220 997 1263 illum
1019 1220 1257 1275 trahentes,
1283 1219 1627 1262 introduxerunt
1650 1219 1921 1261 Damascum
1942 1234 1951 1272 3
1980 1217 1997 1243 9
2015 1223 2059 1261 et
2082 1222 2176 1262 erat
2199 1217 2263 1260 ibi

422 1281 561 1323 tribus
584 1281 739 1324 diebus
765 1294 855 1323 non
879 1280 1057 1335 videns,
1085 1284 1129 1322 et
1155 1293 1242 1322 non
1268 1278 1559 1321 manducavit
1581 1292 1723 1334 neque
1743 1277 1872 1321 bibit.
2148 1318 2150 1321 .

483 1339 518 1365 '¹⁰
545 1342 651 1383 Erat
684 1345 834 1382 autem
864 1339 1047 1395 quidam
1079 1338 1324 1395 discipulus
1356 1338 1585 1394 Damasci,
1619 1337 1798 1380 nomine
1824 1338 2053 1392 Ananias;
2079 1344 2124 1380 et
2149 1337 2264 1381 dixit

421 1400 476 1443 ad
514 1399 643 1442 illum
675 1399 722 1442 in
747 1399 846 1441 visu
881 1398 1098 1441 Dominus
1135 1414 1146 1443 :
1182 1397 1375 1440 Anania.
1412 1398 1474 1439 At
1512 1397 1587 1440 ille
1619 1397 1684 1439 ait
1718 1413 1726 1440 :
1763 1397 1878 1440 Ecce
1913 1411 2016 1453 ego,
2058 1397 2261 1441 Domine.

424 1459 455 1485 1¹
476 1461 533 1502 Et
563 1459 777 1502 Dominus
799 1458 855 1500 ad
878 1472 1006 1502 eum:
1046 1458 1203 1513 Surge,
1229 1462 1273 1499 01-
1303 1457 1417 1500 vade
1445 1457 1489 1499 in
1522 1457 1671 1499 vicum
1698 1456 1770 1512 qui
1796 1460 1980 1499 vocatur
2012 1457 2196 1512 Rectus,
2220 1462 2263 1500 et

422 1534 567 1575 quaere
607 1519 654 1561 in
700 1519 831 1561 domo
873 1517 1006 1560 Judae
1049 1517 1231 1560 Saulum
1272 1516 1471 1571 nomine,
1515 1517 1805 1570 Tarsensem,
1846 1530 1948 1558 ecce
1989 1515 2108 1558 enim
2153 1521 2260 1558 orat.

423 1578 458 1604 '¹²
482 1579 569 1635 (Et
599 1578 712 1621 vidit
745 1577 890 1619 virum
924 1577 1148 1620 Ananiam
1181 1576 1381 1629 nomine,
1418 1575 1738 1631 introeuntem,
1775 1581 1818 1618 et
1845 1575 2150 1631 imponentem
2177 1575 2261 1618 sibi

424 1653 579 1680 manus
603 1643 651 1680 ut
679 1637 821 1679 visum
847 1636 1071 1692 recipiat.)
1107 1635 1140 1661 ¹3
1161 1635 1405 1692 Respondit
1432 1639 1580 1678 autem
1609 1634 1810 1677 Ananias
1841 1651 1849 1678 :
1878 1634 2081 1690 Domine,
2108 1634 2260 1677 audivi

422 1712 447 1740 a
484 1697 636 1739 multis
670 1697 724 1739 de
762 1696 856 1737 viro
888 1696 992 1747 hoc,
1028 1700 1195 1750 quanta
1229 1695 1348 1736 mala
1383 1694 1543 1737 fecerit
1580 1693 1746 1737 sanctis
1780 1693 1868 1736 tuis
1900 1693 1947 1735 in
1980 1694 2258 1747 Jerusalem;

427 1757 456 1783 Η
477 1764 519 1800 01
544 1757 616 1799 1110
643 1757 777 1798 habet
801 1760 1067 1811 potestatem
1093 1769 1119 1797 a
1146 1754 1419 1810 principibus
1449 1753 1729 1796 sacerdotum
1755 1753 1973 1808 alligandi
2004 1767 2155 1796 omnes
2185 1754 2259 1809 qui

421 1816 633 1858 invocant
654 1830 814 1858 nomen
843 1819 984 1858 tuum.
1014 1813 1048 1839 ¹5
1069 1813 1195 1855 Dixit
1218 1820 1367 1855 autem
1391 1813 1447 1855 ad
1474 1827 1574 1855 eum
1599 1813 1817 1855 Dominus
1847 1829 1855 1856 ε
1882 1812 2025 1867 Vade,
2050 1812 2260 1867 quoniam

423 1890 500 1918 vas
527 1874 755 1918 electionis
781 1879 846 1917 est
880 1873 989 1915 mihi
1015 1873 1119 1927 iste,
1151 1878 1199 1914 ut
1228 1877 1373 1928 portet
1407 1886 1567 1914 nomen
1600 1886 1749 1914 meum
1779 1886 1925 1914 coram
1956 1871 2188 1927 gentibus,
2219 1879 2262 1915 et

421 1935 619 1990 regibus,
655 1940 697 1977 et
726 1933 828 1976 filiis
862 1932 1015 1975 Israel.
1057 1932 1088 1957 ¹⁶
1116 1933 1211 1987 Ego
1239 1931 1356 1974 enim
1388 1931 1619 1973 ostendam
1649 1930 1716 1972 illi
1744 1935 1910 1986 quanta
1935 1936 2136 1987 oporteat
2161 1945 2263 1974 eum

422 2009 498 2050 pro
532 1993 710 2036 nomine
745 2008 841 2036 meo
880 1992 986 2049 pati.
1025 1992 1057 2018 ‘¹⁷
1087 1993 1144 2034 Et
1177 1990 1289 2033 abiit
1324 1990 1554 2044 Ananias;
1591 1995 1634 2033 et
1666 1989 1870 2032 introivit
1901 1989 1949 2032 in
1983 1989 2183 2046 domum,
2218 1995 2263 2034 et

421 2053 652 2109 imponens
683 2053 721 2095 ei
753 2066 930 2107 manus,
968 2051 1082 2094 dixit
1117 2068 1124 2095 :
1160 2050 1289 2094 Saule
1320 2050 1473 2104 frater,
1507 2049 1724 2092 Dominus
1755 2049 1876 2092 misit
1906 2064 1976 2092 me
2005 2050 2033 2092 J
2039 2063 2158 2104 esus,
2189 2049 2261 2105 qui

422 2112 626 2168 apparuit
649 2112 730 2154 tibi
756 2112 801 2154 in
829 2111 902 2154 via
930 2126 1015 2166 qua
1035 2110 1266 2165 veniebas,
1295 2114 1342 2151 ut
1368 2109 1540 2163 videas,
1570 2114 1613 2151 et
1644 2108 1870 2165 implearis
1898 2108 2062 2165 Spiritu
2093 2115 2260 2152 sancto.

426 2172 457 2197 ³³³
484 2173 541 2214 Et
575 2171 813 2214 confestim
851 2170 1107 2213 ceciderunt
1135 2169 1192 2212 ab
1230 2169 1368 2212 oculis
1407 2169 1504 2224 ejus
1537 2174 1750 2224 tanquam
1783 2182 2002 2224 squamae,
2042 2174 2085 2211 et
2117 2168 2261 2210 visum

421 2231 615 2287 recepit3
651 2235 693 2273 et
714 2244 898 2286 surgens
923 2230 1175 2286 baptizatus
1202 2233 1280 2271 est.
1306 2227 1340 2253 ¹9
1359 2229 1416 2270 Et
1440 2242 1541 2271 cum
1567 2227 1812 2284 accepisset
1838 2227 2008 2283 cibum,
2038 2228 2261 2270 conforta-

421 2301 490 2333 tus
517 2296 594 2334 est.

481 2350 585 2393 Fuit
610 2356 770 2394 autem*
791 2365 891 2393 cum
925 2349 1157 2406 discipulis
1190 2349 1263 2405 qui
1295 2353 1419 2392 erant
1453 2348 1663 2391 Damasci
1698 2362 1775 2405 per
1811 2347 1902 2390 dies
1933 2347 2117 2402 aliquot.
2150 2345 2187 2372 ⁶2⁰
2205 2348 2260 2390 Et

423 2410 631 2452 continuo
660 2410 705 2452 in
740 2409 980 2466 synagogis
1014 2408 1290 2465 praedicabat
1324 2409 1500 2463 Jesum,
1539 2407 1746 2463 quoniam
1781 2406 1854 2449 hic
1885 2411 1950 2449 est
1987 2406 2128 2449 Filius
2164 2406 2261 2449 Dei.

422 2468 454 2494 '²¹
477 2469 725 2525 Stupebant
748 2474 897 2512 autem
924 2483 1075 2512 omnes
1099 2467 1173 2523 qui
1200 2467 1457 2516 audiebant,
1481 2472 1525 2510 et
1553 2467 1764 2510 dicebant
1790 2483 1797 2510 :
1823 2466 1980 2509 Nonne
2003 2465 2075 2507 hic
2098 2471 2164 2508 est
2186 2465 2260 2521 (1111

422 2528 715 2585 expugnabat
735 2529 781 2570 in
808 2528 1058 2571 Jerusalem
1080 2541 1152 2570 eos
1176 2527 1250 2583 qui
1275 2526 1549 2570 invocabant
1572 2541 1734 2569 nomen
1756 2525 1889 2578 istud,
1917 2530 1961 2568 et
1986 2525 2072 2567 huc
2098 2524 2154 2567 ad
2176 2524 2259 2567 1100

423 2587 544 2630 venit
574 2592 622 2630 ut
647 2587 819 2630 vinctos
852 2587 952 2630 illos
979 2587 1158 2630 duceret
1192 2586 1248 2629 ad
1278 2586 1500 2642 principes
1532 2584 1848 2629 sacerdotum?
1874 2583 1911 2610 Ἠ
1927 2583 2086 2628 Saulus
2111 2588 2260 2627 autem

422 2647 562 2690 multo
613 2647 757 2702 magis
799 2646 1160 2701 convalescebat,
1212 2650 1256 2688 et
1293 2645 1600 2688 confundebat
1642 2645 1669 2687 J
1676 2644 1826 2687 udaeos
1872 2643 1946 2700 qui
1995 2643 2260 2686 habitabant

422 2705 652 2762 Damasci,
679 2705 911 2748 affirmans
933 2705 1141 2761 quoniam
1163 2705 1235 2748 hic
1259 2710 1324 2748 est
1346 2704 1560 2748 Christus.

480 2764 516 2792 23
542 2765 653 2809 Cum
690 2770 842 2808 autem
878 2765 1167 2821 implerentur
1204 2764 1297 2807 dies
1336 2763 1485 2819 multi,
1526 2763 1760 2808 consilium
1800 2763 2004 2807 fecerunt
2040 2762 2085 2805 in
2123 2776 2257 2804 unum

421 2825 591 2880 Judaei,
629 2830 678 2867 ut
711 2839 811 2867 eum
845 2824 1156 2867 interficerent.
1197 2823 1233 2849 '24
1259 2825 1388 2866 Notae
1423 2829 1573 2867 autem
1607 2823 1745 2865 factae
1783 2828 1885 2866 sunt
1916 2821 2049 2865 Saule
2082 2820 2256 2864 insidiae

422 2897 584 2927 eorum.
615 2883 936 2927 Custodiebant
957 2888 1108 2926 autem
1135 2888 1178 2926 et
1203 2888 1351 2940 portas
1375 2883 1445 2926 die
1471 2897 1523 2926 ac
1547 2887 1695 2937 nocte,
1729 2888 1777 2924 ut
1808 2896 1908 2925 eum
1930 2881 2254 2933 interficerent,

422 2941 457 2968 ²⁵
482 2943 752 2999 accipientes
786 2948 933 2986 01110111
966 2957 1063 2985 011111
1099 2942 1305 2999 discipuli
1341 2948 1490 2997 nocte,
1527 2956 1602 2999 per
1637 2956 1811 2984 murum
1847 2940 2108 2983 dimiserunt
2134 2953 2255 2988 eum,

422 3001 733 3045 submittentes
758 3002 804 3044 in
827 3007 989 3059 sporta.
1017 3001 1053 3027 ⁹⁶
1072 3002 1182 3044 Cum
1208 3006 1357 3045 autem
1383 3001 1576 3044 venisset
1602 3001 1646 3043 in
1676 3000 1947 3055 Jerusalem,
1979 2998 2183 3041 tentabat
2212 3012 2257 3040 se

422 3061 606 3117 jungere
640 3061 897 3117 discipulis,
934 3066 978 3104 et
1011 3075 1161 3104 omnes
1195 3061 1415 3104 timebant
1448 3075 1568 3115 eum,
1608 3075 1696 3104 non
1731 3059 1959 3102 credentes
1993 3057 2107 3113 quod
2142 3064 2257 3100 esset

423 3120 679 3177 discipulus.
703 3120 736 3145 ²7
759 3120 986 3163 Barnabas
1012 3126 1162 3163 autem
1190 3120 1515 3177 apprehensum
1540 3120 1667 3162 illum
1697 3119 1824 3162 duxit
1857 3117 1912 3160 ad
1939 3116 2180 3173 apostolos,
2213 3122 2256 3159 et

423 3179 619 3222 narravit
652 3179 739 3222 illis
769 3180 986 3234 quomodo
1019 3180 1063 3222 in
1094 3179 1167 3222 via
1197 3179 1381 3222 vidisset
1411 3179 1675 3233 Dominum,
1708 3183 1752 3221 et
1776 3177 1880 3233 quia
1905 3177 2075 3219 locutus
2102 3180 2167 3218 est
2194 3175 2253 3229 ei,

424 3243 467 3281 et
495 3239 713 3294 quomodo
745 3238 791 3280 in
828 3239 1047 3281 Damasco
1082 3238 1348 3282 fiducialiter
1377 3239 1519 3294 egerit
1551 3239 1597 3281 in
1631 3237 1809 3281 nomine
1844 3237 1965 3279 Jesu.
2005 3232 2040 3260 “²⁸
2067 3234 2125 3276 Et
2162 3240 2255 3277 erat

424 3312 521 3339 cum
548 3298 637 3341 illis
662 3297 832 3340 intrans
859 3303 902 3340 et
924 3298 1075 3340 exiens
1105 3297 1148 3339 in
1176 3298 1445 3353 Jerusalem,
1474 3303 1518 3341 et
1543 3297 1808 3341 fiducialiter
1829 3309 1966 3351 agens
1999 3294 2043 3337 111
2076 3293 2255 3336 nomine

427 3356 617 3399 Domini.
642 3356 678 3382 ²9
697 3356 980 3412 Loquebatur
1009 3371 1178 3412 quoque
1205 3357 1434 3412 gentibus,
1465 3362 1509 3400 et
1539 3355 1796 3413 disputabat
1829 3368 1930 3397 cum
1956 3353 2154 3408 Graecis3
2186 3352 2253 3395 illi

424 3422 572 3458 autem
617 3415 873 3471 quaerebant
921 3415 1121 3459 occidere
1166 3430 1279 3459 eum.
1326 3415 1363 3441 30
1392 3416 1515 3466 Quod
1558 3429 1658 3458 cum
1703 3412 2017 3468 cognovissent
2064 3413 2247 3469 fratres,

426 3473 703 3517 deduxerunt
728 3489 827 3517 eum
852 3474 1123 3530 Caesaream,
1148 3484 1191 3517 et
1215 3474 1475 3517 dimiserunt
1497 3475 1696 3517 Tarsum.

428 3631 454 3663 1]
472 3631 539 3658 Gal.
561 3633 696 3666 1‚13.-
714 3634 742 3666 3]
768 3633 832 3661 1nf.
854 3634 1010 3669 xxlne.
1030 3635 1044 3661 1
1064 3634 1132 3661 eor.
1154 3633 1228 3666 xv„
1243 3636 1268 3661 s.
1289 3633 1322 3660 11
1341 3633 1413 3660 cor.
1432 3632 1551 3666 xlia.
1569 3647 1606 3653 —
1622 3631 1722 3665 24]11
1741 3630 1813 3657 cor.
1836 3629 1895 3657 x1.
1913 3633 1956 3658 3⁴3.
