2456 3861
810 164 889 205 nx.
918 163 986 217 11,
1016 165 1034 205 1
1063 189 1122 197 -
1147 164 1241 217 111,
1271 165 1305 206 1.
1911 166 1967 208 53

147 332 318 374 Pharao
342 332 456 374 omni
486 332 646 387 populo
672 347 769 388 suo,
790 333 941 376 dicens
967 350 975 377 z
995 334 1216 390 Quidquid
1241 335 1474 378 masculini
1496 350 1626 379 sexus
1645 342 1796 379 natum
1820 337 1965 393 fuerit,

144 389 189 432 in
212 390 375 433 flumen
399 390 631 446 projicite3
657 391 869 447 quidquid
892 392 1119 449 feminini,
1147 399 1378 437 reservate.

256 491 417 535 Snc'rlo
453 491 594 534 II.—-
620 493 997 548 Morsis,1‹¹u'run1
1035 505 1333 537 LlnunA‘ronis
1368 495 1859 553 HEBRAEORUM,1N1T1A

203 594 310 650 Cap.
340 594 401 637 II.
420 620 479 627 —
507 594 516 620 ¹
547 594 762 649 Egressus
785 598 850 636 est
876 598 974 649 post
996 593 1091 634 haec
1118 593 1183 635 vir
1210 594 1262 637 de
1289 594 1417 637 domo
1446 594 1573 649 Levi,
1600 600 1644 639 et
1664 595 1837 651 accepit
1861 611 1965 641 uxo-

140 667 231 696 rem
254 653 402 709 stirpis
427 667 518 696 suae
542 670 551 707 ;
579 652 596 677 “2
617 666 716 708 quae
742 651 963 707 concepit,
987 657 1030 694 et
1056 652 1223 707 peperit
1245 653 1408 707 tilium3
1434 659 1476 696 et
1498 653 1651 697 videns
1670 668 1768 697 eum
1791 654 1967 709 elegan-

141 717 244 761 tem,
267 711 501 754 abscondit
526 710 665 753 tribus
689 710 913 754 mensibus
937 727 946 764 3
971 709 988 735 3
1007 724 1192 765 cunique
1216 711 1307 765 jam
1332 713 1473 755 celare
1492 727 1577 754 uon
1597 719 1761 769 posset,
1781 715 1968 771 sumpsit

140 770 354 814 fiscellam
395 770 632 826 scirpeam,
669 776 711 813 et
752 769 900 811 linivit
941 784 1037 812 eam
1080 769 1298 813 bitumine
1338 785 1389 813 ac
1424 772 1548 827 pice;
1585 772 1815 828 posuitque
1848 773 1966 818 intus

139 831 436 885 infantulum,
472 834 515 872 et
547 828 750 885 exposuit
783 843 882 872 eum
914 829 960 871 in
995 834 1168 871 carecto
1198 829 1306 883 ripae
1339 830 1554 886 fluminis,
1593 830 1608 856 ⁴
1638 837 1784 875 stante
1817 834 1965 888 procul

138 904 282 933 sorore
308 890 426 946 ejus,
453 893 496 931 et
522 887 828 931 considerante
855 892 1065 931 eventum
1095 888 1170 931 rei.
1198 889 1214 915 5
1236 888 1352 931 Ecce
1377 896 1526 932 autem
1554 889 1850 933 descendebat
1877 893 1967 935 filia

139 949 382 992 Pharaonis
416 954 464 992 ut
490 949 712 992 lavaretur
738 948 781 990 in
807 947 1009 1004 flumine,
1037 953 1081 991 et
1110 948 1270 1003 puellae
1305 948 1400 1004 ejus
1430 949 1747 1004 gradiebantur
1780 964 1855 1006 per
1878 965 1966 995 cre-

138 1008 335 1064 pidinem
369 1008 498 1053 alvei.
535 1007 642 1058 Quae
676 1022 776 1051 cum
809 1007 995 1050 vidisset
1027 1006 1241 1050 fiscellam
1274 1007 1318 1050 in
1353 1008 1614 1064 papyrione,
1638 1008 1759 1051 misit
1785 1024 1917 1052 unam
1942 1026 1964 1054 c

137 1067 393 1110 famulabus
419 1067 531 1123 suis,
554 1073 597 1111 et
622 1067 806 1110 allatam
833 1066 850 1093 6
866 1066 1089 1122 aperiens,
1113 1081 1382 1122 cernensque
1398 1067 1444 1109 in
1462 1081 1511 1110 ea
1530 1068 1765 1124 parvulum
1787 1070 1966 1123 vagien-

136 1131 245 1179 tem,
274 1127 455 1169 miserta
491 1127 609 1183 ejus,
643 1127 707 1169 ait
740 1143 748 1170 :
777 1127 843 1169 De
877 1125 1127 1169 infantibus
1162 1126 1455 1170 Hebraeorum
1486 1132 1552 1170 est
1585 1127 1669 1170 hic.
1697 1127 1712 1154 7
1735 1128 1814 1171 Cui
1849 1143 1967 1172 soror

135 1184 257 1241 pueri
285 1203 294 1231 :
323 1186 427 1242 Vis,
454 1186 624 1242 inquit,
655 1191 702 1229 ut
734 1186 920 1241 vadam,
951 1191 995 1229 et
1020 1200 1173 1229 vocem
1207 1185 1289 1228 tibi
1316 1186 1545 1230 mulierem
1579 1187 1841 1243 Hebraeam,
1869 1202 1966 1243 quae

135 1245 301 1289 nutrire
326 1246 464 1302 possit
486 1245 794 1289 infantulum?
818 1246 834 1272 8
856 1245 1099 1301 Respondit
1125 1262 1133 1289 :
1157 1246 1296 1290 Vade.
1316 1246 1516 1289 Perrexit
1533 1248 1701 1304 puella,
1724 1255 1767 1291 et
1789 1250 1965 1293 vocavit

134 1310 319 1347 matrem
353 1319 492 1348 suam.
526 1305 543 1331 9
568 1304 640 1348 Ad
670 1320 803 1361 quam
837 1305 985 1347 locuta
1017 1304 1108 1347 filia
1144 1305 1387 1349 Pharaonis
1421 1323 1430 1350 :
1457 1307 1646 1363 Accipe,
1672 1308 1757 1364 ait,
1781 1324 1964 1365 puerum

131 1362 280 1418 istum,
307 1369 351 1407 et
369 1364 488 1406 nutri
509 1364 642 1418 mihi3
661 1378 742 1420 ego
762 1364 876 1407 dabo
896 1363 976 1406 tibi
996 1364 1243 1407 mercedem
1263 1370 1399 1409 tuam.
1415 1366 1618 1423 Suscepit
1637 1368 1804 1422 mulier,
1825 1374 1868 1412 et
1886 1385 1964 1412 nu-

132 1422 254 1464 trivit
273 1437 468 1479 puerum,
484 1423 775 1478 adultumque
794 1422 978 1465 tradidit
992 1423 1094 1465 filiae
1111 1423 1366 1467 Pharaonis.
1384 1424 1419 1451 ¹0
1430 1426 1565 1475 Quem
1584 1425 1661 1468 illa
1674 1426 1963 1484 adoptavitin

133 1480 278 1523 locum
298 1482 390 1537 filii,
412 1482 676 1537 vocavitque
696 1497 857 1525 nomen
877 1481 974 1537 ejus
990 1482 1178 1537 Moyses,
1200 1482 1351 1526 dicens
1375 1501 1382 1528 :
1403 1485 1513 1535 Quia
1536 1484 1589 1527 de
1612 1500 1727 1541 aqua
1746 1488 1824 1529 tuli
1849 1503 1960 1532 eum.

194 1540 225 1566 ¹¹
253 1541 307 1583 In
341 1541 496 1584 diebus
530 1541 619 1584 illis
655 1547 891 1598 postquam
922 1546 1120 1585 creverat
1152 1542 1349 1598 Moyses,
1383 1558 1582 1599 egressus
1619 1551 1685 1588 est
1716 1546 1772 1588 ad
1802 1547 1963 1592 fratres

131 1616 251 1656 suos,
285 1601 486 1657 viditque
527 1600 812 1644 afflictionem
855 1615 1024 1656 eorum,
1067 1606 1110 1644 et
1151 1601 1295 1644 virum
1335 1603 1601 1660 AEgyptium
1644 1606 1962 1661 percutientem

131 1660 366 1716 quemdam
390 1661 444 1704 de
463 1660 669 1704 Hebraeis
692 1660 905 1703 fratribus
929 1659 1032 1703 suis.
1056 1659 1089 1686 ¹⁶²
1103 1660 1301 1716 Cumque
1321 1662 1707 1719 circumspexisset
1728 1664 1813 1707 huc
1832 1672 1962 1722 atque

130 1719 258 1776 illuc,
286 1726 329 1763 et
351 1720 523 1763 nullum
546 1720 700 1764 adesse
726 1719 931 1776 vidisset,
954 1734 1208 1776 percussum
1235 1721 1505 1778 AEgyptium
1530 1722 1764 1766 abscondit
1793 1725 1961 1769 sabulo.

132 1778 167 1805 ¹3
192 1780 248 1822 Et
281 1793 481 1835 egressus
515 1779 586 1823 die
618 1779 758 1823 altero
793 1779 1024 1836 conspexit
1057 1779 1165 1822 duos
1200 1781 1413 1824 Hebraeos
1446 1781 1671 1838 rixantes;
1698 1783 1898 1840 dixitque
1923 1786 1961 1828 ei

129 1838 204 1894 qui
225 1838 425 1881 faciebat
449 1838 664 1895 injuriam
686 1856 694 1883 ε
714 1839 856 1890 Quare
882 1839 1074 1896 percutis
1096 1839 1348 1895 proximum
1370 1840 1528 1884 tuum?
1554 1840 1588 1868 ¹4
1607 1842 1687 1893 Qui
1706 1844 1932 1900 respondit
1953 1863 1960 1889 :

129 1897 232 1948 Quis
259 1903 302 1942 te
329 1898 559 1941 constituit
585 1898 831 1955 principem
859 1904 902 1942 et
927 1898 1124 1954 judicem
1147 1913 1278 1954 super
1303 1899 1412 1943 nos?
1435 1901 1553 1944 Num
1586 1902 1787 1946 occidere
1816 1918 1885 1946 me
1915 1910 1962 1947 tu

128 1957 217 2014 vis,
245 1957 361 2000 sicut
393 1958 486 2001 heri
521 1957 724 2001 occidisti
757 1957 1060 2015 AEgyptium‘?
1095 1958 1264 2001 Timuit
1298 1961 1495 2017 Moyses,
1523 1966 1566 2004 et
1598 1961 1661 2003 ait
1694 1978 1702 2005 :
1737 1962 1961 2012 Quomodo

127 2016 278 2072 palam
300 2017 474 2061 factum
505 2024 571 2061 est
600 2018 785 2061 verbum
810 2016 964 2060 istud?
996 2016 1031 2043 15
1054 2018 1328 2075 Audivitque
1352 2020 1522 2064 Pharao
1549 2036 1796 2065 sermonem
1824 2022 1960 2076 hunc,

128 2081 171 2118 et
196 2077 422 2132 quaerebat
448 2077 648 2121 occidere
670 2078 881 2134 Moysen3
908 2078 981 2134 qui
1003 2077 1183 2134 fugiens
1210 2077 1264 2121 de
1286 2085 1525 2136 conspectu
1547 2081 1656 2137 ejus,
1681 2087 1874 2125 moratus
1897 2089 1962 2125 est

126 2134 173 2177 in
195 2141 312 2178 terra
332 2136 538 2191 Madian,
565 2142 608 2180 et
630 2137 746 2180 sedit
767 2137 898 2193 juxta
920 2142 1117 2194 puteum.
1147 2137 1183 2164 16
1201 2138 1340 2181 Erant
1366 2144 1514 2182 autem
1537 2139 1755 2183 sacerdoti
1780 2142 1961 2185 Madian

126 2199 296 2251 septem
321 2194 445 2251 filiae,
473 2210 571 2252 quae
593 2202 808 2240 venerunt
834 2197 890 2239 ad
916 2196 1210 2240 hauriendam
1235 2212 1421 2254 aquam,
1450 2204 1492 2242 et
1514 2199 1709 2256 impletis
1732 2201 1962 2244 canalibus

124 2253 349 2309 adaquare
375 2254 615 2312 cupiebant
640 2269 797 2312 greges
823 2255 962 2312 patris
993 2256 1073 2300 sui.
1114 2255 1148 2282 1⁷
1180 2257 1478 2314 Supervenere
1505 2264 1723 2315 pastoreS,
1750 2264 1793 2303 et
1819 2260 1960 2315 ejece-

125 2318 229 2355 runt
255 2327 356 2369 eas;
384 2315 660 2371 surrexitque
684 2315 883 2371 Moyses,
906 2320 951 2358 et
972 2316 1170 2359 defensis
1196 2317 1370 2372 puellis,
1398 2317 1640 2374 adaquavit
1666 2333 1768 2362 oves
1796 2334 1959 2363 earum.

128 2370 162 2398 '¹⁸
196 2372 302 2423 Quae
336 2387 438 2416 cum
478 2374 763 2417 revertissent
802 2375 858 2417 ad
896 2375 1068 2431 Raguel
1101 2380 1272 2431 patrem
1305 2391 1454 2433 suum,
1492 2377 1605 2420 dixit
1638 2377 1694 2420 ad
1728 2392 1802 2421 eas
1832 2395 1840 2423 :
1875 2379 1961 2422 Cur

125 2431 321 2476 velocius
356 2433 542 2476 venistis
576 2433 738 2477 solito?
770 2433 806 2460 19
833 2434 1171 2490 Responderunt
1210 2450 1218 2477 :
1249 2435 1332 2478 Vir
1363 2436 1607 2493 AEgyptius
1645 2437 1852 2480 liberavit
1881 2453 1959 2480 nos

124 2490 179 2534 de
212 2506 345 2535 manu
375 2497 626 2549 pastorum,
656 2492 834 2550 insuper
863 2499 907 2536 et
931 2493 1078 2536 hausit
1100 2507 1262 2549 aquam
1289 2495 1544 2550 nobiscum,
1571 2501 1811 2553 potumque
1838 2497 1959 2540 dedit

126 2550 294 2594 ovibus.
329 2550 367 2577 2⁰
388 2552 450 2594 At
479 2551 554 2595 ille
588 2567 597 2596 ε
628 2553 718 2596 Ubi
755 2551 857 2595 est?
887 2551 1044 2607 inquit.
1073 2552 1215 2603 Quare
1245 2552 1476 2597 dimisistis
1503 2555 1762 2599 hominem?
1789 2556 1958 2599 Vocate

125 2622 226 2651 eum
251 2616 299 2653 ut
321 2611 525 2655 comedat
549 2625 726 2668 panem.

184 2667 217 2694 2¹
242 2669 269 2712 J
275 2670 421 2712 uravit
452 2685 554 2726 ergo
585 2673 759 2728 Moyses
794 2673 909 2728 quod
942 2673 1165 2718 habitaret
1198 2689 1299 2718 cum
1325 2688 1388 2718 eo.
1415 2675 1690 2733 Accepitque
1715 2675 1957 2732 Sephoram

124 2728 263 2770 filiam
289 2729 385 2785 ejus
411 2744 622 2785 uxorem;
651 2730 688 2756 2⁹2
714 2746 810 2787 quae
834 2732 1005 2788 peperit
1030 2733 1069 2776 ei
1094 2733 1255 2791 filium,
1283 2748 1413 2789 quem
1439 2734 1617 2778 vocavit
1650 2735 1860 2791 Gersam,
1892 2736 1957 2779 di-

126 2801 227 2830 cens
259 2788 480 2833 :Advena
511 2790 579 2832 fui
612 2790 658 2833 in
692 2796 805 2834 terra
838 2791 998 2835 aliena.
1025 2792 1231 2836 Alterum
1263 2807 1366 2836 vero
1398 2794 1589 2850 peperit,
1616 2808 1746 2850 quem
1778 2795 1955 2838 vocavit

125 2847 307 2903 Eliezer,
333 2848 485 2892 dicens
513 2866 522 2894 :
546 2850 663 2892 Deus
690 2850 808 2893 enim
834 2850 972 2907 patris
996 2851 1082 2895 mei
1104 2851 1285 2907 adjutor
1310 2867 1433 2895 meus
1460 2853 1620 2910 eripuit
1646 2868 1716 2898 me
1741 2854 1795 2897 de
1821 2869 1955 2897 manu

126 2905 381 2950 Pharaonis.
417 2906 454 2934 23
480 2908 586 2951 Post
616 2909 805 2952 multum
840 2924 942 2953 vero
976 2911 1186 2967 temporis
1219 2917 1416 2955 mortuus
1450 2917 1517 2955 est
1548 2927 1625 2956 rex
1657 2913 1878 2970 AEgypti3
1913 2920 1956 2957 et

123 2964 466 3021 ingemiscentes
508 2967 586 3010 filii
631 2968 792 3024 Israel,
834 2974 1011 3025 propter
1044 2984 1175 3026 opera
1219 2970 1453 3014 vociferati
1493 2978 1596 3015 sunt
1619 2989 1627 3028 3
1669 2972 1955 3028 ascenditque

123 3024 292 3068 clamor
324 3040 474 3069 eorum
506 3026 563 3069 ad
598 3027 742 3070 Deum
774 3027 831 3070 ab
865 3028 1082 3084 operibus.
1109 3028 1146 3055 24
1164 3031 1221 3072 Et
1253 3030 1424 3073 audivit
1458 3031 1674 3086 gemitum
1708 3046 1878 3085 eorum,
1903 3046 1956 3074 ac

125 3084 379 3128 recordatus
405 3090 472 3128 est
492 3085 677 3129 foederis
699 3086 815 3142 quod
840 3087 1013 3143 pepigit
1036 3102 1136 3131 cum
1162 3088 1414 3145 Abraham,
1441 3090 1571 3133 Isaac
1596 3096 1639 3134 et
1661 3090 1817 3134 Jacob.
1845 3089 1881 3117 “²5
1900 3091 1956 3134 Et

125 3143 319 3199 respexit
345 3144 560 3187 Dominus
587 3144 700 3189 filios
725 3146 885 3201 Israel,
914 3151 958 3189 et
982 3147 1191 3203 cognovit
1217 3162 1303 3191 eos,

310 3246 472 3290 SECTIO
507 3247 675 3290 III.—-
705 3248 912 3304 Morsus,
947 3260 1208 3292 LEGATIONE
1241 3262 1469 3294 SUSCEPTA
1499 3261 1530 3292 A
1565 3251 1775 3306 DOMINO,

788 3319 927 3350 REnrr
960 3319 1010 3351 IN
1043 3308 1297 3351 AEGYPTUM

184 3403 290 3447 CAP.
318 3404 407 3446 III.
427 3430 487 3436 --
507 3403 521 3430 1
540 3404 716 3461 Moyses
737 3410 887 3448 autem
909 3405 1120 3462 pascebat
1145 3419 1248 3449 oves
1274 3406 1431 3449 Jethro
1456 3405 1592 3449 soceri
1620 3405 1686 3448 sui
1713 3404 1953 3448 sacerdotis

126 3459 306 3504 Madian
329 3478 338 3517 3
364 3477 551 3518 cumque
573 3463 785 3507 minasset
810 3477 992 3520 gregem
1017 3463 1074 3507 ad
1094 3464 1304 3508 interiora
1330 3464 1503 3520 deserti,
1531 3464 1652 3508 venit
1677 3464 1732 3507 ad
1758 3469 1954 3508 montem

128 3628 158 3661 1]
175 3628 241 3657 inf.
258 3629 324 3666 VI,
341 3633 385 3659 20.
398 3645 435 3651 —
450 3633 481 3665 2]
501 3632 603 3661 Hebr.
621 3632 690 3667 XI,
707 3635 752 3662 23.
766 3647 802 3652 —
818 3634 848 3666 5]
867 3634 942 3661 Act.
959 3633 1045 3668 vn,
1062 3635 1107 3661 21.
1126 3632 1228 3661 Hebr.
1247 3633 1316 3668 XI,
1333 3636 1377 3661 23.
1395 3646 1431 3652 -
1449 3632 1602 3666 inflent.
1620 3632 1690 3668 XI,
1705 3635 1749 3660 24.
1767 3647 1802 3652 -
1820 3634 1869 3667 21]
1886 3634 1949 3662 1nf.

127 3664 266 3701 xv111,
281 3668 316 3702 2,
332 3669 359 3696 3.
378 3668 392 3695 1
412 3668 485 3696 Par.
503 3668 644 3704 xxm,
663 3672 706 3698 15.

2088 593 2216 626 'Moysis

2066 637 2240 673 nativitas,

2044 681 2259 714 praeservatio

2032 728 2066 753 et
2105 723 2271 753 educatio.

2064 1607 2070 1612 ·
2099 1565 2203 1599 Fugit.

2062 1616 2094 1636 in
2115 1612 2239 1637 terram

2076 1652 2218 1681 Madian.

2026 2689 2109 2723 Ejus
2149 2690 2263 2719 matri·

2021 2733 2170 2762 monium
2188 2742 2263 2763 cum

2065 2779 2220 2810 sephora.

2047 2823 2135 2850 Deus
2153 2822 2248 2851 audit

2057 2866 2221 2901 gemitum

2084 2912 2196 2940 Israel.

2020 3416 2182 3445 Dominus
2201 3423 2254 3449 ap-

2028 3464 2123 3493 paret
2141 3459 2247 3493 Moysi

2054 3504 2087 3532 in
2105 3508 2218 3532 monte

2079 3549 2201 3576 Horeb.
