2456 3861
491 133 581 190 228⁴
1108 147 1217 189 σευ.
1250 147 1305 201 v,
1340 147 1390 189 21
1426 172 1486 178 -
1517 146 1607 201 vr,
1644 147 1711 189 10.

905 313 938 339 9¹
964 314 1152 357 Torrens
1176 314 1307 358 Cison
1332 313 1471 357 traxit
1492 313 1712 357 cadavera
1734 327 1905 369 eorum,

999 377 1170 415 torrens
1193 372 1448 428 Cadumim,
1472 377 1642 415 torrens
1664 371 1809 416 Cison.

983 430 1227 487 Conculca,
1261 431 1412 473 anima
1443 445 1565 486 mea,
1598 431 1825 474 robustos!

747 489 783 515 22
806 489 1002 546 Ungulae
1028 504 1240 546 equorum
1265 490 1542 546 ceciderunt,
1568 489 1849 546 fugientibus
1875 489 2066 547 impetu,

837 553 882 591 et
906 563 984 606 per
1008 563 1207 606 praeceps
1231 548 1462 592 ruentibus
1486 548 1743 592 fortissimis
1765 548 1974 593 hostium.

224 615 257 640 2⁰
282 612 391 660 meroz
779 606 816 633 23
838 607 1095 651 Maledicite
1120 613 1250 652 terrae
1277 610 1423 652 Meroz
1437 642 1446 664 ,
1475 607 1589 651 dixit
1614 607 1801 664 angelus
1827 607 2036 662 Domini3

204 656 414 730 bffiggfflffi',
1031 667 1286 711 maledicite
1306 667 1634 710 habitatoribus
1659 667 1779 723 ejus,

259 746 365 775 saner.
899 726 1002 783 quia
1026 741 1115 770 non
1136 732 1355 770 venerunt
1379 726 1437 769 ad
1462 726 1679 769 auxilium
1707 726 1909 783 Domini,

978 786 1024 829 in
1049 786 1324 844 adjutorium
1349 785 1692 829 fortissimorum
1718 787 1828 843 ejus.

719 843 756 872 24
779 845 1025 889 Benedicta
1049 845 1164 889 inter
1187 845 1394 889 mulieres
1419 846 1447 888 J
1451 845 1573 901 ahel,
1597 859 1706 888 uxor
1732 844 1898 902 Haber,
1927 844 2088 900 Cinaei,

980 909 1024 948 et
1047 905 1338 948 benedicatur
1362 905 1408 947 in
1430 904 1718 948 tabernaculo
1740 918 1831 950 suo,

1055 963 1091 991 25
1114 967 1290 1020 Aquam
1315 963 1484 1022 petenti
1510 963 1580 1006 lac
1606 963 1751 1020 dedit,

905 1028 949 1068 et
973 1023 1019 1066 in
1043 1023 1195 1080 phiala
1220 1023 1472 1080 principum
1498 1022 1660 1065 obtulit
1684 1023 1907 1080 butyrum.

935 1081 972 1109 ‘²⁶
994 1082 1227 1127 Sinistram
1252 1096 1434 1124 manum
1454 1081 1577 1124 misit
1601 1081 1657 1124 ad
1684 1082 1881 1138 clavum,

976 1147 1020 1185 et
1045 1142 1276 1185 dexteram
1298 1141 1356 1184 ad
1379 1140 1611 1183 fabrorum
1633 1141 1838 1196 malleos,

704 1200 1007 1259 percussitque
1030 1200 1244 1256 Sisaram,
1271 1214 1471 1256 quaerens
1495 1199 1543 1242 in
1569 1199 1715 1256 capite
1736 1200 1910 1244 vulneri
1935 1201 2102 1256 locum,

1059 1265 1104 1303 et
1133 1265 1307 1316 tempus
1333 1259 1480 1302 valide
1505 1259 1753 1316 perforans.

795 1317 830 1344 2⁷
854 1319 978 1362 Inter
1002 1319 1138 1376 pedes
1163 1319 1261 1375 ejus
1285 1318 1393 1375 ruit,
1421 1318 1612 1375 defecit,
1640 1323 1682 1362 et
1707 1324 1906 1362 mortuus
1931 1324 2023 1374 est;

1061 1379 1324 1422 volvebatur
1347 1383 1451 1421 ante
1476 1377 1612 1434 pedes
1636 1378 1755 1434 ejus,

972 1444 1017 1481 et
1037 1438 1219 1494 jacebat
1243 1437 1461 1481 exanimis
1486 1442 1531 1480 et
1556 1437 1836 1482 miserabilis,

195 1516 226 1542 30
246 1511 413 1541 sarcasmi
788 1496 824 1553 ἓξ
847 1497 931 1541 Ρο1
954 1498 1200 1541 fenestram
1225 1497 1487 1554 respicienS,
1515 1496 1717 1539 ululabat
1743 1502 1886 1540 mater
1911 1497 2026 1554 ejus,

214 1556 248 1585 1¹¹
273 1555 393 1584 Slsarae
1063 1562 1107 1600 et
1129 1557 1182 1600 de
1209 1556 1436 1600 coenaculo
1458 1556 1720 1613 loquebatur
1742 1573 1750 1600 :

226 1603 378 1629 matrem.
989 1617 1075 1659 Cur
1099 1621 1295 1659 moratur
1318 1615 1493 1671 regredi
1519 1629 1669 1658 currus
1695 1616 1827 1672 ejus?

847 1676 988 1727 Quare
1010 1675 1299 1718 tardaverunt
1319 1675 1454 1731 pedes
1476 1674 1791 1731 quadrigarum
1814 1674 1968 1718 illius?

906 1733 942 1760 29
965 1735 1068 1778 Una
1093 1734 1335 1791 sapientior
1360 1734 1517 1777 ceteris
1542 1734 1752 1777 uxoribus
1779 1734 1900 1791 ejus,

1051 1794 1149 1836 haec
1175 1793 1317 1836 socrui
1342 1793 1480 1836 verba
1503 1793 1732 1850 respondit
1756 1810 1766 1838 t

1017 1852 1054 1879 3⁰
1076 1853 1282 1896 Forsitan
1308 1866 1426 1895 nunc
1449 1852 1611 1895 dividit
1635 1853 1797 1909 spolia,

925 1917 969 1956 et
993 1912 1292 1969 pulcherrima
1314 1910 1587 1955 feminarum
1613 1911 1794 1968 eligitur
1819 1912 1859 1956 ei
1879 1929 1887 1967 3

695 1976 841 2014 vestes
867 1971 1140 2014 diversorum
1165 1971 1362 2014 colorum
1385 1970 1543 2014 Sisarae
1569 1971 1805 2014 traduntur
1825 1970 1872 2013 111
1897 1971 2114 2029 praedam,

831 2036 876 2074 01
901 2030 1101 2087 supellex
1126 2030 1251 2072 varia
1272 2029 1329 2073 ad
1352 2030 1551 2073 ornanda
1576 2030 1691 2073 colla
1713 2029 1978 2087 congeritur.

217 2097 391 2132 Epilogus.
867 2089 900 2116 3¹
927 2090 996 2134 Sic
1022 2095 1207 2146 pereant
1232 2103 1384 2133 omnes
1409 2089 1581 2132 inimici
1606 2089 1692 2146 tui,
1718 2090 1909 2133 Domine
1930 2107 1938 2145 3

585 2148 659 2205 qui
684 2153 834 2193 autem
861 2149 1054 2205 diligunt
1079 2154 1144 2205 te,
1171 2149 1285 2192 sicut
1309 2149 1374 2192 sol
1396 2148 1442 2191 in
1467 2154 1565 2192 ortu
1590 2163 1668 2192 suo
1694 2149 1920 2206 splendet,
1947 2149 2011 2192 ita
2031 2148 2228 2192 rutilent.

211 2222 392 2252 Conclusio
547 2206 584 2233 32
606 2207 868 2264 Quievitque
893 2214 1010 2252 terra
1035 2223 1112 2265 per
1137 2208 1436 2264 quadraginta
1460 2222 1614 2252 annos.

215 2267 389 2296 historica.

713 2372 876 2416 SECTIO
911 2373 1002 2416 HI.
1027 2399 1086 2404 —
1118 2374 1334 2429 GEDEoN,
1370 2373 1670 2429 Aermnnncn,
1706 2373 1870 2416 THOLA
1901 2385 1958 2415 ET
1992 2372 2105 2415 JAIR

1107 2502 1131 2559 ξ
1165 2502 1202 2545 Ι.
1225 2528 1284 2533 -
1320 2501 1533 2547 Gedeonis
1566 2503 1710 2545 initia.

251 2638 355 2668 Miser
548 2617 655 2662 CAP.
676 2617 757 2661 VI.
778 2643 834 2650 --
860 2617 873 2643 1
894 2618 1114 2661 Fecerunt
1139 2622 1289 2661 autem
1315 2617 1396 2660 filii
1421 2617 1561 2661 Israel
1584 2617 1750 2660 malum
1780 2616 1825 2659 in
1848 2620 2088 2674 conspectu
2115 2615 2325 2672 Domini3

238 2683 373 2712 Israelis
488 2677 562 2732 qui
591 2676 777 2719 tradidit
802 2676 903 2720 illos
924 2676 970 2719 in
995 2691 1131 2719 manu
1158 2677 1340 2720 Madian
1365 2682 1537 2734 septem
1562 2676 1704 2721 annis.
1727 2675 1745 2702 ⁶²
1763 2677 1821 2719 Et
1844 2675 2039 2732 oppressi
2065 2680 2169 2718 sunt
2195 2675 2324 2719 valde

246 2730 368 2756 status.
488 2735 544 2777 ab
570 2736 646 2779 eis.
674 2737 980 2792 Feceruntque
1007 2736 1089 2778 sibi
1124 2741 1253 2779 antra
1282 2742 1326 2779 et
1351 2736 1586 2793 speluncas
1607 2736 1654 2778 in
1679 2734 1925 2791 montibus,
1956 2740 2001 2778 et
2025 2734 2325 2778 munitissima

488 2794 544 2837 ad
569 2795 910 2852 repugnandum
942 2795 1053 2838 loca.
1084 2795 1102 2822 3
1128 2795 1325 2851 Cumque
1354 2795 1540 2840 sevisset
1568 2795 1732 2851 Israel,
1766 2793 2038 2837 ascendebat
2063 2793 2247 2837 Madian
2280 2799 2324 2837 et

489 2854 696 2910 Amalec,
724 2854 944 2910 ceterique
967 2855 1249 2898 orientalium
1275 2855 1527 2911 nationum,
1554 2855 1571 2881 4
1594 2860 1638 2898 et
1663 2854 1780 2911 apud
1806 2867 1879 2896 005
1901 2853 2089 2910 figentes
2110 2853 2322 2909 tentoria,

488 2913 603 2956 sicut
636 2920 762 2957 erant
795 2914 841 2956 in
875 2914 1044 2970 herbis,
1072 2919 1234 2957 cuncta
1263 2915 1505 2958 vastabant
1537 2928 1672 2970 usque
1706 2913 1762 2956 ad
1796 2912 2026 2956 introitum
2057 2914 2221 2967 Gazae;
2257 2912 2323 2954 ni-

488 2972 639 3028 hilque
669 2973 848 3016 omnino
873 2974 929 3016 acl
951 2973 1091 3016 vitam
1117 2974 1343 3031 pertinens
1368 2973 1680 3029 relinquebant
1708 2972 1754 3015 in
1785 2972 1944 3028 Israel,
1969 2987 2056 3015 non
2083 2985 2208 3027 oves,
2234 2985 2323 3015 non

489 3031 644 3087 boves,
676 3046 763 3075 non
797 3032 956 3076 asinos.
991 3033 1008 3059 5
1034 3035 1127 3090 Ipsi
1150 3034 1268 3077 enim
1291 3038 1334 3077 et
1360 3032 1558 3076 universi
1584 3046 1741 3088 greges
1771 3045 1922 3074 eorum
1951 3031 2194 3075 veniebant
2223 3045 2322 3074 cum

489 3090 790 3134 tabernaculis
813 3091 922 3146 suis,
951 3096 1014 3148 et,
1039 3092 1179 3136 instar
1203 3093 1495 3148 locustarum,
1525 3092 1731 3135 universa
1757 3090 2063 3147 complebant,
2088 3090 2324 3133 innumera

489 3150 728 3193 multitudo
768 3150 1019 3206 hominum,
1059 3158 1103 3195 et
1144 3152 1434 3207 camelorum,
1478 3149 1690 3207 quidquid
1735 3150 1978 3206 tetigerant
2022 3149 2322 3193 devastantes.

490 3210 507 3237 ⁶
533 3208 895 3264 Humiliatusque
922 3216 987 3253 cst
1013 3211 1152 3254 Israel
1177 3211 1307 3254 valde
1333 3211 1379 3254 in
1412 3215 1651 3268 conspectu
1681 3209 1878 3252 Madian.
1905 3209 1920 3235 7
1944 3209 2003 3252 Et
2028 3207 2242 3252 clamavit
2265 3207 2321 3251 ad

491 3271 730 3314 Dominum
756 3269 984 3326 postulans
1009 3270 1226 3313 auxilium
1248 3275 1402 3314 contra
1419 3270 1705 3313 Madianitas.
1729 3267 1746 3295 3
1765 3268 1846 3319 Qui
1869 3268 1991 3311 misit
2007 3268 2065 3311 ad
2083 3281 2157 3310 005
2179 3266 2322 3309 virum

490 3330 773 3387 prophetam,
801 3334 845 3372 et
877 3329 1049 3372 locutus
1083 3335 1149 3372 est
1180 3346 1188 3372 :
1226 3330 1340 3372 Haec
1366 3330 1475 3372 dicit
1509 3328 1725 3373 Dominus
1761 3328 1880 3371 Deus
1914 3326 2053 3370 Israel
2083 3344 2091 3371 ε
2123 3328 2219 3382 Ego
2244 3339 2321 3368 vos

490 3390 581 3433 feci
607 3388 904 3432 conscendere
931 3388 983 3431 de
1009 3389 1232 3444 AEgypto,
1259 3394 1304 3431 et
1328 3389 1461 3432 eduxi
1488 3403 1566 3432 vos
1587 3388 1641 3431 de
1663 3387 1793 3430 domo
1818 3386 2073 3441 servitutis3
2108 3385 2125 3412 9
2146 3390 2191 3428 01
2213 3384 2321 3428 libe—

489 3450 585 3491 ravi
615 3449 669 3492 de
702 3463 836 3491 manu
861 3447 1178 3504 AEgyptiorum
1200 3453 1243 3491 et
1275 3447 1471 3490 omnium
1503 3446 1781 3490 inimicorum
1815 3446 1888 3501 qui
1921 3445 2181 3502 affligebant
2212 3457 2320 3497 vos;

491 3508 692 3564 ejecique
719 3522 792 3551 eos
818 3507 874 3550 ad
903 3507 1135 3549 introitum
1168 3512 1384 3562 vestrum,
1413 3512 1457 3550 et
1481 3506 1644 3549 tradidi
1671 3505 1796 3548 vobis
1818 3511 1981 3548 terram
2006 3518 2169 3547 eorum.
2205 3501 2241 3529 ¹⁰
2262 3502 2320 3544 Et

492 3567 584 3609 dixi
621 3584 629 3610 ε
669 3568 764 3622 Ego
799 3566 1014 3609 Dominus
1048 3566 1167 3608 Deus
1200 3571 1369 3620 vester3
1405 3580 1459 3609 ne
1495 3564 1691 3608 timeatis
1726 3564 1829 3607 deos
1863 3563 2242 3618 Amorrhaeorum,
2272 3560 2318 3604 in

492 3639 673 3681 quorum
700 3632 816 3668 terra
841 3624 1068 3668 habitatis.
1095 3625 1149 3667 Et
1173 3624 1374 3667 noluistis
1399 3623 1550 3667 audire
1577 3637 1731 3666 vocem
1756 3637 1914 3666 meam.
