2423 3861
187 1243 260 1269 Titu
268 1242 299 1269 lu
306 1249 320 1269 s

170 1285 341 1320 generalis.

217 1740 293 1767 Vox

167 1784 351 1818 prophetae,

159 1829 355 1856 Judaeorum

152 1871 355 1904 pravitatem

137 1915 373 1944 describentis,

180 2094 255 2119 Vox
269 2091 342 2129 Dei,

174 2137 330 2164 futuram

144 2181 372 2209 chaldaeorum

140 2224 362 2258 irruptionem

153 2269 356 2298 annuntian-

225 2313 280 2342 tis.

216 2870 291 2897 Vox

168 2914 350 2951 prophetae,

162 2957 348 2986 miscricor-

169 3001 257 3030 diam
277 3002 337 3031 Dei

134 3054 213 3080 erga
236 3043 372 3075 Judae‘os

145 3090 365 3123 ‘mmor-antis.

612 743 1402 844 PROPHETIA
1490 747 2108 848 HABACUC

1193 991 1527 1017 —-;>‚-*-4—

772 1236 874 1267 Nus
902 1224 1017 1279 quod
1040 1224 1152 1266 vidit
1180 1224 1397 1268 Habacuc
1424 1226 1652 1282 propheta.

844 1382 1037 1438 PARS
1080 1383 1315 1438 PRIOR
1329 1429 1342 1453 ,
1390 1383 1876 1439 PROPHETICA

537 1537 560 1592 ξ
594 1536 630 1578 Ι.
664 1560 724 1568 —-
755 1536 945 1591 Propter
973 1535 1135 1578 scelera
1163 1550 1246 1578 suco
1268 1550 1354 1590 per
1387 1534 1616 1580 Chaldceos
1649 1535 1985 1591 aestimabuntur
2013 1536 2183 1589 Juclcei,

1113 1594 1189 1637 sed
1213 1609 1298 1636 non
1326 1594 1388 1636 ad
1419 1601 1608 1637 mortem.

499 1717 515 1742 2
534 1718 792 1773 Usquequo,
819 1718 1029 1772 Domine,
1054 1717 1279 1772 elamabo,
1300 1723 1342 1760 et
1363 1731 1451 1760 non
1472 1717 1718 1761 exaudies?
1739 1717 2020 1760 vociferabor
2034 1718 2093 1761 ad
2112 1723 2168 1774 te,
2188 1719 2278 1761 vim

438 1777 633 1835 patiens,
659 1782 704 1819 et
727 1790 816 1819 non
837 1776 1064 1819 salvabis?
1087 1776 1105 1802 3
1122 1776 1264 1826 Quare
1290 1776 1523 1819 ostendisti
1545 1777 1654 1819 mihi
1680 1777 1963 1832 iniquitatem
1991 1782 2034 1820 et
2059 1777 2273 1832 laborem,

439 1837 590 1879 videre
611 1836 811 1892 praedam
832 1841 876 1878 et
896 1835 1167 1891 injustitiam
1190 1840 1343 1878 contra
1367 1836 1468 1879 me?
1496 1837 1553 1878 Et
1573 1836 1748 1878 factum
1771 1841 1837 1879 est
1858 1836 2090 1891 judicium,
2111 1841 2155 1879 et
2177 1851 2279 1881 con-

439 1895 645 1938 tradictio
670 1895 903 1952 potentior.
930 1895 947 1920 4
971 1896 1157 1951 Propter
1182 1895 1266 1938 hoc
1291 1895 1487 1938 lacerata
1512 1900 1577 1938 est
1603 1895 1694 1950 lex,
1727 1901 1772 1938 et
1795 1909 1886 1937 non
1915 1895 2117 1951 pervenit
2142 1910 2280 1952 usqne

439 1955 495 1998 ad
528 1956 662 1998 finem
694 1954 939 2010 judicium3
976 1954 1078 2010 quia
1114 1954 1277 2010 impius
1313 1954 1530 2011 praevalet
1567 1954 1778 1997 adversus
1815 1954 2010 2010 justum,
2049 1959 2280 2012 propterea

440 2014 663 2070 egreditur
683 2013 902 2070 judicium
927 2029 1194 2070 perversum.
1411 2014 1414 2015 ⁷

498 2073 514 2099 ³³
539 2074 740 2130 Aspicite
772 2073 818 2115 in
850 2074 1080 2129 gentibus,
1115 2080 1157 2117 et
1188 2075 1358 2130 videte3
1395 2075 1702 2129 admiramini,
1735 2082 1779 2119 et
1813 2075 2139 2131 obstupescite3
2174 2076 2280 2132 quia

439 2148 545 2190 opus
579 2134 753 2175 factum
788 2139 852 2175 est
884 2133 929 2175 in
964 2133 1120 2176 diebus
1152 2138 1332 2190 vestris,
1367 2134 1484 2191 quod
1521 2149 1651 2178 nemo
1689 2135 1839 2178 credet
1875 2149 1977 2178 cum
2012 2135 2278 2179 narrabitur.

439 2194 455 2219 ⁶
471 2193 583 2243 Quia
610 2207 710 2236 ecce
732 2207 813 2248 ego
843 2193 1066 2236 suscitabo
1094 2193 1351 2249 Chaldaeos,
1376 2199 1556 2250 gentem
1581 2209 1781 2237 amaram
1811 2199 1855 2238 et
1875 2194 2096 2250 velocem,
2122 2194 2279 2238 ambu-

438 2252 605 2295 lantem
627 2267 757 2309 super
778 2252 1064 2296 latitudinem
1085 2258 1236 2309 terrae,
1259 2260 1310 2296 ut
1330 2253 1556 2310 possideat
1581 2254 1872 2298 tabernacula
1896 2268 1986 2297 non
2011 2268 2106 2298 sua.
2129 2253 2144 2280 ⁷
2163 2254 2279 2297 Hor-

437 2312 578 2354 ribilis
611 2318 654 2355 et
683 2311 893 2355 terribilis
923 2317 1013 2368 est3
1049 2327 1104 2356 ex
1141 2313 1382 2369 semetipsa
1412 2313 1633 2369 judicium
1661 2319 1705 2357 et
1741 2328 1849 2357 onus
1881 2313 1979 2369 ejus
2014 2313 2277 2369 egredietur.

438 2374 454 2397 ὅ
473 2372 680 2415 Levi-ores
705 2371 853 2428 pardis
874 2372 976 2428 equi
998 2372 1116 2429 ejus,
1140 2379 1184 2416 et
1202 2373 1444 2416 velociores
1464 2372 1581 2429 lupis
1599 2373 1887 2429 vespertinis3
1908 2378 1952 2416 et
1971 2372 2281 2416 diffundentur

439 2431 605 2486 equites
627 2431 722 2487 ejus
746 2448 756 2475 :
779 2431 949 2487 equites
970 2446 1164 2488 namque
1184 2433 1281 2488 ejus
1305 2433 1359 2475 de
1380 2433 1513 2488 longe
1533 2432 1724 2487 venient,
1743 2433 1962 2476 volabunt
1983 2432 2106 2488 quasi
2127 2432 2278 2488 aquila

437 2491 658 2533 festinans
694 2491 751 2534 ad
785 2491 1121 2535 comedendum.
1153 2492 1170 2517 9
1196 2493 1361 2535 Omnes
1395 2492 1452 2535 ad
1486 2491 1683 2548 praedam
1717 2492 1917 2548 venient,
1952 2491 2094 2534 facies
2127 2505 2278 2535 eorum

440 2556 596 2593 ventus
625 2565 779 2606 urens;
807 2556 851 2594 et
880 2551 1172 2607 congregabit
1205 2551 1331 2607 quasi
1363 2566 1566 2607 arenam,
1598 2551 1921 2608 captivitatem.
1950 2550 1985 2577 '¹⁰
2008 2552 2065 2594 Et
2096 2550 2192 2607 ipse
2224 2551 2283 2594 de

437 2610 613 2665 regibus
641 2610 957 2667 triumphabit,
987 2616 1031 2654 et
1063 2611 1243 2667 tyranni
1278 2611 1457 2654 ridiculi
1491 2611 1588 2667 ejus
1619 2615 1778 2666 erunt3
1813 2611 1908 2668 ipse
1940 2625 2071 2667 super
2101 2624 2278 2654 omnem

438 2669 730 2713 munitionem
770 2670 955 2727 ridebit,
990 2675 1034 2714 et
1071 2670 1368 2728 comportabit
1403 2684 1639 2727 aggerem,
1674 2675 1717 2713 et
1758 2671 1904 2727 capiet
1944 2684 2057 2713 eam.
2093 2669 2125 2695 '¹1
2152 2669 2277 2713 Tunc

438 2729 681 2772 mutabitur
713 2729 914 2786 spiritus,
948 2734 992 2773 et
1024 2730 1332 2787 pertransibit,
1367 2734 1410 2774 et
1447 2734 1620 2773 corruet
1648 2746 1657 2774 ε
1690 2729 1787 2773 baec
1825 2735 1891 2773 est
1927 2728 2143 2772 fortitudo
2179 2727 2278 2784 ejus

437 2788 507 2831 dei
531 2789 611 2832 sui.
2209 2805 2213 2808 ’

498 2848 531 2874 ¹2
555 2850 784 2906 Numquid
817 2865 906 2894 non
934 2856 982 2894 tu
1011 2866 1037 2893 a
1066 2850 1306 2907 principio,
1333 2851 1544 2906 Domine,
1573 2852 1692 2894 Deus
1726 2864 1849 2893 meus
1876 2854 2031 2893 sancte
2062 2862 2207 2906 meus,
2234 2854 2276 2891 et

437 2922 524 2951 non
550 2909 821 2953 moriemur?
849 2910 1060 2965 Domine,
1086 2910 1132 2952 in
1156 2910 1377 2965 judicium
1409 2910 1595 2967 posuisti
1625 2924 1750 2963 eum;
1779 2914 1823 2953 et
1849 2909 2036 2964 fortem,
2062 2912 2112 2951 ut
2144 2907 2277 2951 corri—

437 2980 581 3023 pereS,
603 2969 805 3011 fundasti
832 2984 945 3013 eum.
970 2968 1006 2995 13
1024 2969 1181 3012 Mundi
1207 2975 1310 3013 sunt
1336 2969 1452 3014 oculi
1478 2970 1564 3024 tui,
1593 2983 1650 3013 ne
1673 2969 1828 3012 videas
1857 2967 2046 3022 malum,
2069 2971 2115 3010 et
2140 2967 2277 3023 respi-

439 3040 537 3069 cere
565 3027 622 3069 ad
648 3028 932 3084 iniquitatem
960 3043 1050 3072 non
1074 3029 1251 3086 poteris.
1278 3029 1421 3080 Quare
1449 3028 1632 3086 respicis
1661 3042 1791 3085 super
1819 3026 1973 3082 iniqua
1996 3031 2202 3082 agentes,
2228 3031 2275 3069 ¹et

439 3090 559 3128 taces
591 3086 832 3131 devorante
863 3088 1002 3144 impio
1034 3088 1266 3144 justiorem
1299 3088 1381 3132 se?
1413 3087 1450 3115 ¹4
1475 3089 1532 3131 Et
1563 3088 1707 3131 facies
1740 3085 1940 3130 homines
1974 3085 2099 3141 quasi
2132 3085 2274 3142 pisces
2337 3096 2344 3102 ·

439 3145 594 3201 maris,
617 3150 661 3188 et
686 3146 812 3202 quasi
842 3147 999 3203 reptile
1024 3162 1112 3191 non
1144 3148 1314 3191 habens
1347 3147 1608 3205 principem.
1637 3146 1672 3173 '¹⁵
1689 3147 1852 3190 Totum
1883 3144 1929 3187 in
1963 3145 2096 3188 hamo
2124 3143 2274 3187 ‚suble-

439 3204 584 3259 vavit,
610 3204 747 3247 traxit
770 3205 882 3248 illud
903 3206 949 3248 in
975 3221 1142 3263 sagena
1166 3222 1266 3263 sua,
1293 3212 1337 3251 et
1366 3205 1658 3263 congregavit
1679 3204 1728 3248 in
1752 3208 1844 3247 rete
1868 3218 2012 3247 suum.
2035 3203 2175 3260 Super
2191 3203 2273 3245 hoc

440 3263 678 3318 laetabitur,
710 3269 754 3307 et
789 3265 1023 3308 exultabit.
1063 3266 1094 3292 ¹⁶
1121 3267 1358 3323 Propterea
1394 3264 1646 3309 immolabit
1673 3277 1855 3319 sagenae
1883 3277 1999 3318 suae,
2032 3267 2077 3305 et
2105 3261 2273 3306 saciifi-

441 3323 561 3366 cabit
579 3323 662 3367 reti
682 3337 783 3379 suo,
807 3323 908 3380 quia
933 3323 979 3366 in
1004 3324 1112 3380 ipsis
1134 3326 1379 3376 incrassata
1394 3330 1464 3369 est
1484 3338 1585 3381 pars
1603 3322 1724 3378 ejus,
1748 3328 1795 3365 et
1822 3321 1946 3365 cibus
1971 3322 2068 3378 ejus
2094 3321 2274 3364 electus.

443 3381 474 3407 ¹⁷
494 3382 678 3439 Propter
702 3383 784 3426 hoc
810 3396 914 3439 ergo
936 3384 1149 3438 expandit
1172 3398 1384 3441 sagenam
1407 3397 1555 3439 suam,
1583 3386 1626 3425 et
1649 3394 1822 3437 semper
1846 3380 2094 3425 interficere
2118 3384 2273 3437 gentes

440 3454 527 3484 non
552 3446 716 3497 parcet.

442 3627 471 3659 5]
490 3629 564 3655 Act.
584 3630 679 3663 xm,
699 3633 739 3658 ss.
