2456 3861
203 588 318 615 scelus

141 633 264 661 infame
306 630 381 660 libi-

209 675 306 705 dinis.

210 1656 303 1685 Ultio

153 1702 359 1735 postulatur.

190 2011 323 2039 Bellum

162 2054 357 2083 decernitur

177 2099 341 2127 adversus

162 2143 356 2179 Benjamin‚

185 3254 335 3287 paratur,

447 177 534 218 244
1010 175 1119 216 am).
1153 173 1286 227 Xix,
1322 174 1373 215 21
1410 198 1468 204 -
1499 173 1608 226 XX,
1645 174 1712 215 15.

445 345 673 401 respondit
705 358 840 386 senex
869 360 876 386 :
912 344 1007 385 Pax
1039 347 1185 384 tecum
1223 341 1300 396 sit,
1338 355 1422 396 ego
1458 341 1667 397 piaebebo
1705 341 1854 384 omnia
1893 356 1992 397 quae
2028 345 2279 388 necessaria

445 412 572 449 sunt:
611 408 805 457 tantini
844 415 1013 456 quaeso,
1053 415 1109 443 ne
1147 400 1195 442 in
1232 400 1382 467 platea
1420 414 1615 444 maneas,
1651 399 2058 456 211ntroduxitque
2094 415 2194 446 eum
2228 404 2278 448 in

446 463 624 505 domum
657 475 804 515 suam,
839 467 884 503 et
914 436 1128 526 pabiilum
1152 459 1290 502 asinis
1314 459 1534 515 praebuit3
1561 473 1615 502 ac
1643 464 1880 516 postquam
1904 459 2113 503 laverunt
2141 461 2293 517 pedes»

445 535 564 572 5005,
592 519 760 576 iecepit
784 534 858 562 008
878 519 926 561 10
952 518 1221 561 convivium

503 579 540 605 22
559 579 655 622 Ι1118
681 578 983 645 epulantibus,
1011 583 1056 620 et
1079 583 1178 645 post
1208 578 1407 620 laborem
1437 577 1610 620 itineris
1640 577 1740 621 cibo
1766 582 1810 621 et
1838 582 1946 634 potu
1977 577 2296 624 reficientibus⁴

445 653 547 695 corp
539 653 639 696 ora,
659 652 795 680 venel
799 643 877 680 unt
893 637 976 679 viri
1001 637 1197 680 civitatis
1222 637 1355 692 illius,
1377 636 1458 679 filii
1482 637 1626 680 Belial
1650 636 1726 693 (id
1751 641 1831 692 est,
1859 636 2026 692 absque
2046 637 2210 694 jugo),
2233 643 2281 682 et

445 673 771 741 circumdantes
794 697 973 740 domum
998 696 1137 752 senis,
1163 697 1235 739 foi
1238 711 1283 739 es
1307 696 1485 763 pulsare
1510 700 1762 763 coeperunt,
1790 696 2038 739 clamantes
2062 695 2121 739 ad
2141 697 2280 741 domi-
2291 724 2295 726 ν

444 771 550 800 num
572 756 747 811 domus,
774 762 905 812 atque
932 756 1157 799 dicentes:
1184 755 1310 798 Educ
1327 756 1472 798 virum
1498 755 1572 811 qui
1599 755 1824 811 ingressus
1846 760 1914 798 est
1936 755 2117 799 domum
2133 760 2280 812 tuam,

443 822 492 859 ut
513 791 751 858 abutamur
775 830 839 861 eo.
867 815 904 842 23
922 817 1222 882 Egressusque
1249 821 1315 858 est
1340 815 1396 857 ad
1422 829 1495 858 008
1521 829 1678 870 senex,
1705 821 1750 857 et
1771 814 1868 858 ait:
1893 814 2064 868 Nolite,
2094 814 2280 871 fratres,

442 875 581 918 nolite
605 875 755 918 facere
784 875 952 918 malum
979 875 1082 931 hoc,
1110 875 1212 930 quia
1238 875 1464 930 ingressus
1498 879 1564 917 est
1596 850 1728 917 homo
1757 873 1998 930 hospitium
2033 888 2204 930 meum,
2236 881 2299 918 et-

444 940 613 978 cessate
649 934 706 977 ab
739 935 825 977 hac
856 934 1060 977 stultitia.
1087 932 1125 960 '24
1147 933 1306 976 Habeo
1341 933 1481 976 filiam
1514 934 1757 989 virginem,
1793 938 1837 976 et
1872 933 1944 976 hic
1980 934 2112 977 homo
2144 933 2282 979 habet

443 993 762 1048 concubinam3
790 994 978 1037 educam
1000 1008 1073 1036 eas
1099 993 1155 1036 ad
1178 1007 1275 1046 vos,
1299 998 1348 1035 ut
1372 992 1617 1035 humilietis
1640 1007 1734 1048 eas,
1762 997 1807 1035 et
1827 1003 2024 1036 vestram
2044 992 2281 1037 libidinem

443 1053 729 1110 compleatis3
762 1060 936 1095 tantum
970 1053 1148 1095 obsecro
1174 1067 1229 1095 ne
1263 1052 1406 1094 scelus
1439 1052 1522 1094 hoc
1549 1056 1702 1094 contra
1728 1057 1935 1094 naturam
1957 1051 2200 1108 operemini
2232 1051 2280 1094 in

442 1113 598 1157 virum.
627 1111 664 1139 ‘25
689 1112 914 1156 Nolebant
947 1111 1225 1168 acquiescere
1259 1110 1535 1154 sermonibus
1567 1111 1714 1166 illius3
1753 1111 1869 1166 quod
1904 1125 2088 1154 cernens
2120 1111 2277 1167 homo,

442 1171 597 1214 eduxit
630 1172 686 1214 ad
723 1186 795 1214 008
828 1171 1124 1214 concubinam
1149 1185 1295 1225 suam,
1327 1176 1371 1213 et
1404 1170 1467 1213 eis
1499 1169 1686 1212 tradidit
1721 1170 2024 1225 illudendam3
2060 1184 2146 1225 qua
2179 1185 2279 1213 cum

441 1236 537 1273 tota
563 1235 691 1273 nocte
714 1230 840 1273 abusi
867 1235 1033 1286 essent,
1061 1229 1326 1272 dimiserunt
1347 1244 1446 1272 eam
1469 1243 1613 1272 mane.
1633 1228 1670 1255 26
1685 1230 1746 1272 At
1771 1229 1941 1284 mulier,
1968 1229 2280 1272 recedentibus

442 1290 657 1345 tenebris,
682 1289 805 1332 venit
837 1289 893 1332 ad
919 1289 1078 1332 ostium
1107 1289 1262 1331 domus
1287 1288 1362 1331 ubi
1393 1288 1606 1331 manebat
1632 1287 1837 1331 dominus
1863 1302 1985 1344 8008,
2012 1293 2058 1332 et
2088 1288 2153 1331 ibi
2188 1302 2280 1332 cor-

441 1349 543 1391 ruit.
567 1347 601 1374 ’27
620 1349 753 1392 Μο00
775 1349 899 1392 facto
925 1348 1114 1391 surrexit
1139 1349 1290 1404 homo,
1315 1352 1359 1390 et
1383 1348 1558 1404 aperuit
1583 1347 1766 1403 ostium,
1793 1352 1841 1390 ut
1864 1353 2057 1404 coeptam
2082 1347 2281 1404 expleret

442 1408 588 1463 viam3
617 1414 662 1450 et
686 1422 789 1451 0000
816 1408 1064 1451 concubina.
1082 1407 1179 1464 ejus
1204 1407 1386 1463 jacebat
1410 1412 1514 1450 ante
1540 1407 1722 1462 ostium,
1747 1407 1911 1463 sparsis
1936 1407 1982 1450 in
2007 1406 2162 1450 limine
2188 1422 2282 1450 ma·

442 1467 586 1510 nibus.
614 1466 650 1494 2⁸
669 1467 749 1511 Cui
774 1467 869 1523 ille,
900 1472 1063 1524 putans
1097 1481 1195 1510 eam
1225 1467 1469 1522 quiescere,
1497 1467 1790 1522 loquebatur:
1817 1466 1976 1522 Surge,
2008 1471 2053 1509 et
2081 1466 2285 1510 ambule-

442 1541 552 1570 mus.
576 1527 670 1577 Qua
699 1527 811 1569 nihil
843 1527 1160 1583 respondente,
1187 1526 1447 1582 intelligens
1472 1526 1587 1581 quod
1614 1530 1708 1569 erat
1734 1531 1928 1582 mortua,
1954 1525 2060 1569 tulit
2089 1540 2209 1582 eam,
2236 1531 2282 1568 et

443 1586 653 1641 imposuit
677 1586 821 1642 asino,
847 1600 1134 1641 reversusque
1156 1592 1222 1628 est
1242 1585 1290 1627 in
1315 1585 1497 1628 domum
1518 1599 1657 1628 suam.

503 1644 541 1671 29
557 1645 699 1696 Quam
726 1660 826 1688 cum
851 1651 968 1688 esset
991 1645 1235 1701 ingressus,
1263 1644 1450 1700 arripuit
1475 1644 1702 1701 gladium,
1721 1649 1766 1688 et
1793 1644 1984 1687 cadaver
2008 1643 2158 1687 uxoris
2180 1657 2296 1687 cum,

444 1704 614 1748 ossibus
636 1704 725 1748 suis
747 1704 791 1747 in
822 1705 1056 1747 duodecim
1081 1710 1229 1761 partes
1251 1718 1303 1747 ac
1328 1703 1473 1746 frusta
1499 1703 1757 1759 concidens,
1784 1703 1908 1746 misit
1934 1703 1982 1745 in
2012 1717 2165 1746 omnes
2194 1708 2296 1746 ter--

443 1763 586 1806 minos
609 1764 761 1808 Israel.
781 1763 818 1790 3⁰
835 1764 958 1814 Quod
982 1778 1082 1806 cum
1103 1763 1320 1806 vidissent
1341 1763 1527 1819 singuli,
1553 1762 1922 1806 conclamabant:
1944 1762 2186 1828 Nunquam
2210 1777 2279 1806 res

443 1823 547 1866 talis
583 1823 708 1866 facta
745 1829 811 1866 est
845 1823 891 1865 in
930 1823 1090 1878 Israel,
1129 1837 1185 1866 ex
1218 1837 1269 1865 00
1306 1822 1377 1865 die
1411 1836 1495 1878 quo
1532 1823 1828 1865 ascenderunt
1864 1826 2012 1888 patres
2049 1821 2188 1865 nostri
2225 1821 2280 1865 de

443 1883 664 1939 AEgypto,
702 1897 838 1938 usque
872 1883 920 1925 in
953 1897 1148 1949 praesens
1180 1887 1379 1938 tempus,
1417 1882 1534 1957 ferte
1563 1881 1854 1937 sententiam,
1890 1885 1934 1924 et
1965 1880 2012 1923 in
2046 1894 2281 1925 commune

444 1941 669 1985 decernite
695 1942 801 1997 quid
826 1942 949 1985 facto
975 1956 1084 2010 opus
1109 1942 1179 1985 sit.

503 2001 610 2044 CAP.
636 2002 736 2044 XX.
755 2027 815 2036 --
836 2001 849 2027 1
875 2002 966 2057 Egi
969 2015 1052 2044 0881
1075 2001 1226 2057 itaque
1247 2006 1350 2044 sunt
1375 2015 1527 2044 omnes
1548 1999 1629 2043 filii
1655 2000 1815 2056 181001,
1838 2004 1885 2043 et
1907 1999 2073 2056 pariter
2098 2014 2280 2056 congre-

443 2060 558 2116 gati,
586 2061 711 2116 quasi
732 2061 802 2103 vir
825 2075 956 2116 11008,
977 2061 1030 2104 de
1059 2062 1158 2103 Dan
1184 2075 1319 2116 usque
1347 2061 1588 2116 Bersabee,
1612 2064 1656 2102 et
1679 2064 1796 2102 terra
1823 2059 2019 2115 Galaad,
2042 2059 2100 2102 ad
2127 2060 2279 2103 Domi-

443 2135 548 2162 num
575 2120 619 2162 in
645 2120 847 2177 Maspha.
875 2119 892 2146 2
910 2120 1160 2175 Omnesque
1193 2120 1346 2176 anguli
1375 2120 1659 2177 populorum,
1687 2124 1731 2162 et
1760 2123 1936 2162 cunctae
1964 2094 2106 2161 tribus
2139 2119 2281 2162 Israel

441 2179 489 2221 in
511 2179 746 2222 ecclesiam
767 2179 918 2236 populi
943 2179 1026 2222 Dei
1045 2194 1160 2222 com
1163 2194 1268 2223 enei
1269 2185 1360 2235 unt
1380 2179 1707 2235 quadringenta
1724 2178 1868 2220 millia
1885 2177 2085 2235 peditum
2108 2192 2280 2235 pugna-

442 2248 600 2282 torum
639 2239 657 2265 3
681 2240 805 2296 (Nec
838 2239 969 2282 latuit
1006 2239 1118 2281 filios
1153 2215 1417 2295 Benjamin,
1459 2238 1575 2295 quod
1609 2237 1916 2280 ascendissent
1946 2237 2028 2279 filii
2061 2237 2200 2280 Israel
2231 2237 2280 2281 in

442 2299 670 2355 Maspha.)
700 2300 1091 2355 Interrogatusque
1116 2298 1274 2355 levita,
1308 2298 1494 2341 maiitus
1523 2297 1721 2340 mulieris
1752 2296 2029 2353 interfectae,
2060 2296 2293 2353 quomodo-

442 2363 619 2400 tantum
653 2358 795 2401 scelus
819 2364 1122 2414 perpetratum
1143 2364 1279 2413 esset,
1307 2358 1323 2384 4
1340 2357 1568 2414 respondit
1590 2374 1598 2400 ε
1622 2355 1737 2399 Veni
1768 2356 1815 2398 in
1846 2356 2003 2400 Gabaa
2038 2356 2280 2413 Benjamin

444 2431 544 2459 cum
577 2431 711 2460 uxore
745 2432 864 2473 mea,
893 2417 1087 2473 illucque
1118 2417 1303 2472 diverti,
1335 2417 1353 2443 5
1371 2422 1416 2460 et
1447 2431 1549 2460 0000
1586 2416 1788 2459 homines
1821 2415 2019 2458 civitatis
2049 2415 2171 2458 illius
2197 2415 2279 2458 cir—

443 2476 765 2521 cumdederunt
792 2481 921 2520 nocte
955 2477 1134 2519 domum
1166 2476 1213 2519 in
1243 2491 1328 2533 qua
1356 2476 1615 2531 manebam,
1642 2475 1843 2518 volentes
1872 2489 1943 2518 me
1969 2474 2199 2530 occidere3
2234 2480 2293 2518 et-

443 2549 625 2578 uxorem
650 2550 797 2579 meam
820 2536 1074 2579 incredibili
1108 2536 1257 2579 furore
1286 2535 1488 2579 libidinis
1511 2540 1749 2590 vexantes,
1777 2533 1967 2590 denique
1992 2539 2167 2576 mortua
2196 2539 2276 2579 est.

443 2594 460 2620 6
486 2595 627 2645 Quam
655 2600 896 2651 arreptam,
926 2596 973 2638 in
1006 2596 1151 2638 frusta
1184 2595 1378 2651 concidi,
1410 2595 1598 2650 misique
1626 2598 1775 2651 partes
1806 2593 1853 2635 in
1883 2607 2035 2636 omnes
2064 2593 2290 2636 terminos.

442 2654 731 2710 possessionis
768 2659 949 2709 vestrae,
992 2654 1096 2710 quia
1127 2669 1354 2710 nunquam
1386 2659 1563 2698 tantum
1592 2654 1742 2708 nefas,
1782 2658 1825 2696 et
1856 2658 1950 2696 tam
1986 2652 2157 2709 grande
2183 2653 2278 2710 pia-

444 2713 591 2757 culum
628 2713 803 2756 factum
835 2719 902 2756 est.
933 2714 979 2756 in
1013 2713 1167 2757 Israel.
1195 2713 1209 2741 ⁷
1228 2713 1410 2757 Adestis
1433 2727 1585 2757 omnes
1611 2712 1690 2755 filii
1718 2712 1856 2755 Israel
1882 2729 1890 2767 3
1919 2711 2146 2755 decernite
2170 2712 2276 2768 quid

443 2771 594 2814 facere
621 2772 833 2818 debeatis.
857 2773 875 2801 8
893 2774 1109 2829 Stansque
1137 2773 1279 2816 omnis
1304 2773 1512 2830 populus,
1536 2772 1660 2828 quasi
1690 2771 1821 2815 unius
1850 2771 2044 2815 hominis
2077 2785 2280 2815 sermone

443 2831 702 2887 respondit:
739 2833 839 2875 Non
868 2832 1125 2875 recedemus
1157 2832 1203 2874 in
1235 2832 1526 2875 tabernacula
1557 2837 1727 2887 nostra,
1765 2844 1848 2873 nec
1884 2845 2010 2873 suam
2044 2830 2278 2887 quisquam

443 2889 631 2944 intrabit
656 2891 855 2947 domum,
880 2891 897 2918 9
914 2892 990 2934 8οᾱ
1012 2891 1096 2934 hoc
1121 2896 1275 2934 contra
1301 2892 1457 2936 Gabaa
1477 2891 1524 2934 in
1547 2904 1780 2934 commune
1801 2890 2037 2933 faciamus.
2061 2888 2097 2918 ¹⁰
2111 2891 2277 2934 Decem

443 2947 527 2990 viri
551 2949 774 3005 eligantur
796 2965 819 2993 e
845 2956 1025 2994 centum
1046 2965 1103 2994 ex
1128 2951 1332 2994 omnibus
1357 2950 1560 2994 tribubus
1586 2949 1744 3006 Israel,
1773 2954 1817 2992 et
1843 2956 2022 2992 centum
2052 2949 2106 2992 de
2131 2949 2277 3005 mille,

445 3012 490 3050 et
511 3008 634 3051 mille
657 3009 710 3052 de
736 3009 890 3053 decem
912 3010 1131 3065 millibus,
1158 3016 1208 3053 ut
1233 3014 1512 3067 comportent
1534 3009 1749 3053 exercitui
1775 3009 1963 3065 cibaria,
1990 3013 2035 3052 et
2058 3008 2278 3066 possimus

443 3081 643 3123 pugnare
666 3074 819 3111 contra
841 3069 999 3113 Gabaa
1021 3069 1283 3125 Benjamin,
1304 3075 1348 3112 et
1371 3069 1554 3112 reddere
1575 3068 1614 3112 01
1637 3082 1715 3125 pro
1740 3068 1904 3111 scelere
1929 3068 2044 3124 quod
2070 3072 2276 3112 meretur.

445 3126 478 3154 ¹¹
501 3126 804 3183 Convenitque
829 3128 1058 3171 universus
1091 3128 1230 3172 Israel
1263 3129 1319 3171 ad
1350 3128 1602 3184 civitatem,
1632 3127 1755 3183 quasi
1785 3127 1917 3170 homo
1951 3141 2085 3184 unus,
2119 3126 2278 3170 eadem

444 3191 594 3229 mente
619 3200 792 3242 unoque
814 3186 1011 3230 consilio.

505 3244 542 3272 ¹2
559 3245 617 3288 Et
639 3245 855 3289 miserunt
879 3247 1057 3289 nuntios
1082 3247 1138 3289 ad
1160 3261 1337 3290 omnem
1363 3248 1528 3290 tribum
1556 3246 1817 3302 Benjamin,
1844 3246 1918 3302 qui
1941 3246 2168 3290 dicerent:
2191 3247 2279 3290 Cur

443 3308 621 3348 tantum
642 3305 775 3348 nefas
790 3305 836 3347 in
854 3305 980 3348 vobis
999 3311 1223 3362 repertum
1244 3306 1340 3350 est?
1364 3307 1400 3334 ¹3
1413 3306 1594 3350 Tradite
1616 3305 1818 3348 homines
1840 3305 1893 3349 de
1916 3305 2074 3349 Gabaa
2094 3305 2168 3362 qui
2193 3305 2277 3348 hoc

445 3363 667 3420 flagitium
689 3369 1018 3421 perpetrarunt,
1050 3370 1100 3407 ut
1128 3365 1384 3420 moriantur,
1412 3371 1457 3409 et
1484 3365 1714 3408 auferatur
1739 3365 1907 3407 malum
1937 3364 1991 3408 de
2016 3364 2169 3408 Israel.
2194 3363 2276 3414 Qui

445 3424 682 3467 noluerunt
712 3425 905 3467 fratrum
934 3438 1111 3467 suorum
1143 3424 1333 3467 filiorum
1367 3425 1506 3468 Israel
1538 3423 1689 3467 audire
1728 3423 2087 3479 mandatum314
2111 3423 2188 3466 sed
2220 3436 2276 3466 ex

446 3483 618 3526 cunctis
650 3483 853 3538 urbibus,
886 3497 985 3539 quae
1019 3483 1148 3526 sortis
1180 3498 1271 3526 suae
1305 3490 1451 3541 erant,
1486 3488 1788 3527 convenerunt
1818 3483 1866 3525 in
1897 3482 2074 3539 Gabaa,
2106 3487 2157 3527 ut
2186 3481 2287 3524 ill-is.

446 3541 617 3585 ferrent
645 3542 882 3598 auxilium,
910 3547 955 3586 et
980 3547 1134 3586 contra
1159 3542 1264 3585 univ
1267 3557 1413 3586 ersum
1438 3542 1652 3600 populum
1678 3542 1817 3585 Israel
1847 3541 2124 3585 dimicarent.
2147 3540 2183 3568 1⁵
2201 3538 2285 3584 In*

449 3686 478 3719 1]
501 3686 553 3714 os.
573 3686 682 3720 Ix,9.
