2423 3861
850 152 966 194 DAN.
1002 153 1054 199 V.
1090 154 1222 197 9-31.
1864 153 1948 196 983

124 320 336 364 tationem
372 320 569 364 indicare
601 321 710 377 regi.
744 322 761 346 ⁰
790 321 921 365 Unde
953 336 1031 365 rex
1070 322 1296 365 Baltassar
1327 322 1434 365 satis
1468 322 1754 365 conturbatus
1788 330 1873 377 est,
1908 329 1949 365 et

120 379 270 422 vultus
295 379 413 422 illius
438 379 700 422 immutatus
725 386 815 435 cst;
839 381 916 423 sed
939 385 983 424 et
1008 381 1244 438 optimates
1270 381 1366 437 ejus
1393 381 1697 425 turbabantur.

184 437 217 464 ¹0
237 438 407 495 Regina
436 444 608 493 autem,
640 453 716 496 pro
746 453 790 482 re
821 454 918 495 quae
947 440 1172 483 acciderat
1205 441 1318 496 regi,
1347 446 1390 484 et
1415 441 1704 497 optimatibus
1734 440 1851 496 ejus,
1876 440 1950 483 do-

121 512 242 540 mum
265 498 457 541 convivii
479 498 678 554 ingressa
700 504 785 554 est,
813 504 857 541 et
882 498 1144 555 proloquens
1169 500 1259 543 ait:
1281 500 1387 555 ch,
1411 500 1455 541 in
1481 505 1694 543 aeternum
1714 499 1835 543 vivel
1863 513 1950 542 non

121 562 163 600 te
190 556 454 601 conturbent
479 557 772 612 cogitationes
798 563 899 612 tuae,
919 572 1060 613 neque
1085 558 1225 601 facies
1252 564 1325 601 tua
1351 559 1624 602 immutetur.
1650 558 1681 585 '¹¹
1708 559 1789 601 Est
1811 558 1878 601 vir
1902 558 1949 600 in

119 629 254 672 regno
281 621 356 658 tuo
374 616 448 672 qui
474 616 679 672 spiritum
705 615 885 659 deorum
911 621 1164 659 sanctorum
1187 617 1322 660 habet
1346 617 1391 659 in
1414 632 1479 672 00,
1500 623 1543 660 ct
1567 618 1613 660 in
1636 617 1791 661 diebus
1815 617 1950 675 patris

118 675 182 718 tui
206 675 393 718 scientia
412 673 459 718 'et
479 675 697 731 sapientia
719 675 913 718 inventae
940 680 1043 717 sunt
1066 675 1111 717 in
1134 690 1210 730 eo;
1234 690 1338 718 nam
1357 682 1400 719 ct
1425 691 1502 719 rex
1529 677 1948 732 Nabuchodonosor,

118 740 244 791 pater
269 739 382 790 tuus,
403 734 647 791 principem
671 747 914 789 magorum,
934 733 1275 789 incantatorum,
1296 735 1605 778 Chaldc001·11111
1629 742 1672 779 et
1697 735 1950 792 aruspicum

119 793 350 836 constituit
384 807 511 836 eum:
544 797 681 849 pater,
708 791 909 848 inquam,
936 797 1058 847 tuus,
1085 806 1108 835 o
1142 807 1243 849 rex3
1280 793 1312 819 ¹2
1331 794 1431 849 quia
1461 795 1641 850 spiritus
1674 794 1874 851 amplior,
1907 801 1950 838 et

118 851 374 909 prudentia,
400 851 786 907 intelligentiaque
813 856 857 894 et
877 851 1183 908 interpretatio
1210 852 1501 908 somniorum,
1529 858 1572 896 et
1598 854 1786 897 ostensio
1810 868 1950 898 secre-

117 916 283 967 torum,
310 925 362 953 ac
387 910 547 953 solutio
574 910 834 966 ligatorum,
860 909 1056 953 inventae
1083 916 1184 953 sunt
1210 911 1255 953 in
1282 925 1351 967 eo,
1377 911 1460 953 hoc
1483 916 1548 954 est
1573 912 1617 954 in
1646 912 1852 969 Daniele,
1881 913 1949 956 cui

117 984 191 1013 rex
218 969 365 1027 posuit
398 983 559 1013 nomen
594 969 832 1014 Baltassar.
862 969 992 1012 Nunc
1021 970 1171 1025 itaque
1206 970 1366 1013 Daniel
1398 975 1590 1026 vocetur,
1618 976 1661 1014 et
1688 972 1950 1028 interpreta-

116 1029 283 1073 tionem
309 1029 520 1073 narrabit.

179 1088 212 1115 13
230 1088 375 1144 Igitur
397 1087 676 1132 introductus
699 1094 765 1132 est
791 1089 951 1132 Daniel
975 1103 1123 1132 coram
1144 1103 1248 1146 rege
1265 1107 1273 1145 3
1293 1089 1349 1132 ad
1373 1104 1503 1145 quem
1526 1090 1743 1146 praefatus
1765 1104 1842 1133 rex
1861 1090 1923 1132 ait
1941 1108 1949 1134 :

115 1148 181 1191 Tu
208 1161 253 1190 es
282 1147 443 1191 Daniel
470 1147 522 1190 de
553 1148 655 1190 filiis
689 1148 965 1205 captivitatis
991 1148 1146 1204 Judae,
1181 1163 1311 1204 quem
1344 1148 1532 1191 adduxit
1562 1154 1688 1205 pater
1720 1163 1844 1192 meus
1874 1163 1950 1192 rex

115 1207 170 1250 de
192 1206 390 1250 Judaea‘?
415 1206 450 1233 ¹4
467 1207 634 1250 Audivi
658 1207 711 1251 de
733 1213 797 1264 te,
825 1208 1033 1264 quoniam
1058 1208 1263 1266 spiritum
1286 1208 1467 1251 deorum
1490 1208 1668 1264 habeas,
1688 1214 1730 1252 et
1749 1209 1948 1265 scientia,

115 1266 502 1323 intelligentiaque
539 1281 590 1310 ac
628 1267 848 1324 sapientia
879 1267 1116 1324 ampliores
1149 1267 1344 1311 inventae
1381 1271 1484 1310 sunt
1516 1267 1562 1309 in
1599 1273 1655 1311 te.
1684 1267 1719 1294 ¹5
1745 1268 1803 1310 Et
1832 1282 1949 1310 nunc

114 1325 373 1382 introgressi
403 1331 506 1369 sunt
545 1326 592 1368 in
626 1332 865 1383 conspectu
900 1341 997 1370 meo
1031 1327 1253 1384 sapientes
1288 1327 1429 1382 magi,
1460 1331 1508 1369 ut
1537 1327 1802 1383 scripturam
1834 1327 1949 1370 hanc

114 1385 332 1441 legerent,
368 1390 412 1428 et
443 1385 858 1442 interpretationem
892 1386 988 1441 ejus
1019 1386 1269 1429 indicarent
1299 1386 1428 1442 mihi,
1457 1391 1500 1429 et
1531 1386 1827 1442 nequiverunt
1853 1401 1949 1430 sen-

114 1458 213 1487 sum
249 1445 383 1500 hujus
424 1445 638 1488 sermonis
680 1445 865 1488 edicere.
905 1445 942 1472 '¹⁰
974 1447 1108 1488 Porro
1146 1460 1226 1502 ego
1264 1445 1416 1488 audivi
1455 1445 1509 1488 de
1550 1451 1617 1501 te,
1655 1445 1771 1502 quod
1808 1445 1948 1502 possis

115 1503 299 1547 obscura
323 1503 627 1560 interpretari,
651 1508 694 1547 et
719 1504 860 1559 ligata
883 1504 1125 1547 dissolvere
1144 1522 1152 1559 3
1178 1504 1215 1547 si
1238 1518 1340 1560 ergo
1358 1504 1480 1547 vales
1502 1505 1767 1561 scripturam
1788 1504 1948 1560 legere,

114 1568 157 1606 et
182 1563 596 1619 interpretationem
618 1563 714 1618 ejus
735 1563 935 1606 indicare
962 1563 1091 1619 mihi,
1115 1578 1307 1620 purpura
1333 1563 1553 1619 vestieriS,
1586 1568 1628 1606 et
1649 1569 1853 1619 torquem
1873 1578 1949 1606 au-

113 1636 234 1665 ream
256 1621 373 1664 circa
400 1621 565 1665 collum
589 1627 716 1664 tuum
737 1622 945 1678 habebis,
965 1627 1008 1666 et
1029 1623 1185 1665 tertius
1206 1623 1254 1664 in
1274 1636 1412 1678 regno
1439 1636 1536 1665 meo
1561 1622 1764 1679 princeps
1792 1623 1889 1665 eris.

178 1681 208 1707 ¹7
228 1681 299 1724 Ad
321 1695 419 1737 quae
445 1681 714 1738 respondens
740 1681 923 1737 Daniel,
947 1681 1011 1724 ait
1033 1696 1183 1725 coram
1207 1696 1310 1738 rege
1333 1698 1341 1725 ε
1365 1681 1550 1724 Munera
1575 1685 1652 1724 tua
1677 1681 1766 1724 sint
1787 1681 1884 1737 tibi,
1908 1687 1951 1724 et

115 1741 230 1785 dona
256 1741 413 1784 domus
442 1745 531 1783 tuae
565 1740 694 1784 alteri
730 1740 809 1797 da3
845 1741 1111 1798 scripturam
1137 1746 1287 1784 autem
1317 1741 1465 1796 legam
1490 1740 1593 1794 tibi,
1619 1755 1721 1796 rex,
1749 1745 1793 1784 et
1817 1740 1949 1783 inter-

114 1801 409 1858 pretationem
447 1800 543 1856 ejus
579 1800 811 1844 ostendam
843 1800 939 1844 tibi.
976 1800 1011 1827 18
1042 1801 1077 1844 O
1114 1815 1216 1857 rex,
1257 1802 1376 1844 Deus
1409 1799 1652 1843 altissimus
1685 1814 1871 1856 regnum
1909 1806 1949 1843 et

114 1860 515 1917 magnificentiam,
543 1860 733 1916 gloriam
770 1865 814 1904 et
849 1861 1061 1904 honorem
1095 1860 1218 1904 dedit
1249 1859 1678 1915 Nabuchodonosor,
1713 1859 1827 1916 patri
1861 1864 1944 1902 tuo.

115 1919 151 1946 ¹9
169 1921 226 1963 Et
251 1925 428 1977 propter
452 1920 836 1976 magnificentiam
859 1935 992 1976 quam
1015 1920 1197 1964 dederat
1218 1920 1279 1976 ei,
1302 1919 1497 1962 universi
1518 1919 1692 1976 populi,
1717 1918 1880 1975 tribus,
1907 1924 1949 1961 et

113 1979 299 2036 linguae,
327 1980 579 2023 tremebant
601 1984 645 2023 et
670 1980 930 2023 metuebant
955 1995 1084 2024 eum:
1108 1994 1215 2036 quos
1239 1979 1420 2022 volebat
1444 1978 1761 2034 interficiebat,
1781 1983 1826 2021 et
1844 1992 1950 2034 quos

113 2039 293 2083 volebat
321 2039 617 2096 percutiebat,
653 2044 697 2083 et
730 2054 836 2095 quos
866 2039 1045 2083 volebat
1078 2040 1327 2095 exaltabat,
1363 2044 1408 2082 et
1448 2052 1554 2094 quos
1586 2038 1768 2081 volebat
1805 2037 1949 2080 humi-

113 2099 268 2143 liabat.
291 2098 328 2126 2⁰
345 2099 530 2150 Quando
560 2104 711 2142 autem
737 2099 961 2142 elevatum
987 2105 1054 2142 est
1084 2113 1157 2142 cor
1183 2099 1301 2154 ejus,
1328 2102 1371 2141 et
1392 2097 1572 2154 spiritus
1597 2097 1718 2140 illius
1743 2096 1947 2140 obfirma-

112 2163 184 2202 tus
210 2164 276 2202 est
297 2159 354 2202 ad
380 2158 656 2215 superbiam,
676 2158 902 2215 depositus
925 2163 991 2202 est
1012 2159 1066 2202 de
1088 2158 1197 2201 solio
1215 2157 1342 2213 regni
1363 2157 1443 2211 sui,
1464 2162 1506 2199 et
1526 2156 1665 2212 gloria
1684 2156 1779 2211 ejus
1797 2155 1948 2198 ablata

115 2223 201 2274 est,
224 2217 258 2243 “2¹
286 2223 329 2261 et
354 2233 380 2261 a
408 2218 510 2260 filiis
539 2218 772 2260 hominum
798 2218 967 2274 ejectus
995 2228 1088 2273 est,
1116 2217 1193 2261 sed
1223 2221 1267 2260 et
1296 2230 1369 2259 cor
1395 2216 1492 2272 ejus
1527 2229 1627 2258 cum
1655 2214 1808 2258 bestiis
1834 2214 1949 2270 posi-

113 2282 211 2320 tum
250 2282 335 2333 est,
372 2282 415 2320 et
449 2292 550 2320 cum
587 2277 764 2333 onagris
798 2282 891 2320 erat
922 2277 1142 2320 habitatio
1179 2276 1302 2332 ejus;
1334 2276 1508 2318 foenum
1544 2278 1820 2330 quoque„ut
1847 2273 1948 2328 bos,

115 2337 397 2392 comedebat,
436 2341 479 2379 et
515 2350 610 2379 rore
652 2336 749 2379 caeli
784 2351 940 2393 corpus
975 2337 1070 2392 ejus
1106 2336 1328 2379 infectum
1362 2339 1448 2389 est,
1487 2333 1626 2377 donec
1663 2338 1950 2388 cognosceret

116 2396 231 2452 quod
258 2401 526 2452 potestatem
551 2395 733 2438 haberet
756 2395 1012 2438 Altissimus
1042 2395 1088 2438 in
1117 2408 1254 2451 regno
1282 2394 1534 2447 hominum,
1560 2398 1604 2436 et
1629 2406 1949 2448 quemcumque

114 2455 306 2499 voluerit
331 2455 564 2498 suscitabit
594 2469 723 2511 super
754 2455 879 2498 illud.
906 2454 943 2481 ‘2'2
968 2456 1034 2498 Tu
1064 2468 1256 2510 quoque,
1282 2453 1402 2495 filius
1432 2452 1551 2508 ejus,
1587 2452 1825 2505 Baltassar‚
1859 2464 1948 2494 non

115 2515 363 2558 humiliasti
390 2529 463 2557 cor
488 2520 633 2570 tuum,
662 2529 761 2556 cum
784 2514 917 2557 scires
942 2515 1040 2557 haec
1067 2514 1239 2567 omuia3
1264 2511 1300 2539 '23
1318 2512 1394 2555 sed
1423 2511 1660 2554 adversum
1687 2510 1946 2554 Dominato-

115 2589 206 2618 rem
231 2574 328 2618 caeli
355 2574 554 2617 elevatus
581 2588 650 2628 0ος
676 2578 719 2616 et
750 2587 854 2616 vasa
881 2573 1037 2616 domus
1063 2573 1159 2629 ejus
1184 2572 1322 2615 allata
1347 2576 1449 2615 sunt
1475 2585 1619 2614 coram
1651 2575 1714 2625 te,
1743 2574 1786 2613 et
1808 2574 1877 2624 tu,
1904 2574 1948 2612 et

116 2634 354 2690 optimates
388 2633 475 2689 tui,
503 2638 547 2676 et
575 2647 734 2676 uxores
763 2638 874 2688 tuae,
905 2638 950 2675 et
976 2631 1238 2676 concubinae
1264 2636 1372 2687 tuae,
1399 2630 1554 2672 vinum
1584 2628 1761 2672 bibistis
1790 2628 1837 2671 in
1870 2628 1947 2671 eis.

116 2695 234 2737 Deos
261 2707 431 2750 quoque
456 2696 711 2748 argenteos,
736 2697 779 2735 ct
807 2706 982 2747 aureos,
1006 2696 1050 2735 et
1074 2705 1229 2747 aereos,
1253 2691 1441 2744 ferreos,
1463 2689 1743 2745 ligneosque,
1770 2693 1814 2731 et
1837 2687 1948 2744 lapi-

117 2753 241 2810 deos,
277 2752 350 2809 qui
383 2766 472 2795 non
504 2751 679 2807 vident,
714 2765 856 2808 neque
888 2751 1097 2807 audiunt,
1135 2764 1275 2806 neque
1316 2748 1534 2804 sentiunt,
1566 2747 1786 2802 laudasti3
1822 2761 1948 2803 porro

117 2813 283 2868 Deum,
311 2812 385 2868 qui
408 2812 544 2854 habet
568 2810 724 2853 flatum
746 2815 873 2853 tuum
898 2810 944 2853 in
966 2825 1100 2853 manu
1122 2824 1221 2865 sua,
1249 2814 1292 2852 et
1314 2822 1464 2852 omnes
1482 2807 1577 2850 vias
1603 2812 1722 2862 tuas,
1745 2820 1834 2849 non
1856 2805 1949 2861 glo-

116 2872 311 2915 rificasti.
343 2870 379 2897 24
405 2871 578 2914 Idcirco
616 2870 672 2912 ab
707 2883 755 2913 00
789 2870 948 2913 missus
981 2874 1047 2913 est
1079 2868 1293 2912 articulus
1329 2881 1485 2910 manus
1522 2881 1620 2922 quae
1653 2865 1830 2922 scripsit
1866 2865 1950 2908 hoc

117 2932 231 2987 quod
255 2936 488 2974 exaratum
510 2935 588 2973 est.

176 2990 213 3017 ⁹²⁵
240 2991 353 3033 Haec
387 2995 452 3033 est
485 2996 636 3032 autem
665 2989 881 3045 scriptura
911 3003 1009 3044 quae
1043 2987 1216 3043 digesta
1246 2990 1341 3030 est:
1371 2986 1524 3042 Mane,
1551 2985 1739 3040 Thecel,
1769 2985 1948 3028 Phares.

115 3049 152 3075 ²²⁶
183 3051 240 3092 Et
272 3051 368 3093 haec
407 3054 473 3093 est
507 3048 815 3106 interpretatio
852 3046 1078 3091 sermonis.
1115 3047 1247 3089 Mane
1278 3062 1286 3090 :
1323 3045 1574 3088 numeravit
1608 3045 1727 3087 Deus
1763 3057 1952 3100 regnum

117 3115 264 3166 tuum,
291 3115 334 3152 et
368 3108 610 3165 complevit
641 3108 766 3151 illud.
794 3106 829 3133 27
848 3106 1014 3150 Thecel
1035 3123 1043 3150 z
1069 3119 1289 3163 appensus
1315 3119 1361 3148 es
1390 3105 1437 3147 in
1466 3109 1651 3159 statera,
1675 3108 1719 3146 et
1742 3103 1951 3146 inventus

117 3183 162 3211 es
181 3169 326 3212 minus
347 3168 531 3213 habens.
551 3166 587 3194 ‘²8
607 3167 770 3211 Phares
792 3183 801 3210 ε
821 3166 1015 3209 divisum
1036 3170 1102 3209 est
1118 3178 1306 3221 regnum
1324 3169 1470 3220 tuum,
1490 3169 1533 3207 et
1551 3163 1707 3206 datum
1725 3167 1791 3206 est
1808 3161 1952 3204 Medis

117 3232 160 3271 et
184 3228 342 3271 Persis.

176 3286 212 3313 ‘2⁰
233 3289 378 3344 Tunc,
409 3287 593 3344 jubente
624 3300 747 3342 rege,
776 3285 958 3328 indutus
984 3289 1049 3327 est
1080 3284 1242 3327 Daniel
1266 3297 1479 3340 purpura,
1507 3287 1550 3326 et
1580 3279 1856 3325 circumdata
1887 3284 1952 3323 est

117 3351 294 3403 torques
318 3361 450 3390 aurea
477 3346 591 3390 collo
621 3346 737 3402 ejus,
766 3351 808 3388 et
837 3343 1128 3400 praedicatum
1157 3347 1223 3386 est
1256 3343 1310 3386 de
1335 3357 1384 3386 eo
1410 3341 1526 3398 quod
1550 3340 1732 3383 haberet
1758 3343 1952 3395 potesta-

117 3410 210 3449 tem
234 3406 390 3450 tertius
415 3405 460 3448 in
489 3419 626 3462 regno
660 3419 752 3448 suo.
776 3404 812 3430 30
840 3402 1008 3446 Eadem
1041 3407 1170 3446 nocte
1201 3401 1466 3445 interfectus
1500 3405 1566 3444 est
1599 3398 1839 3454 Baltassar,
1874 3412 1953 3441 rex

119 3465 369 3509 Chaldaeus.
396 3464 429 3491 31
458 3465 515 3507 Et
548 3464 708 3507 Darius
741 3463 898 3506 Medus
932 3461 1143 3505 successit
1171 3461 1219 3504 in
1247 3474 1456 3517 regnum,
1491 3472 1629 3502 annos
1662 3461 1792 3500 natus
1826 3470 1951 3500 sexa-

118 3523 245 3579 ginta
268 3524 389 3568 duos.

117 3668 165 3701 213
186 3668 264 3700 sup.
283 3668 338 3703 lv,
357 3670 402 3697 22.

2070 452 2206 485 Regium

1998 502 2001 504 “
2043 495 2224 526 consilium.

2081 1103 2194 1132 Daniel

2036 1147 2239 1181 scripturam

2036 1191 2120 1225 legit
2141 1195 2175 1220 et
2199 1192 2242 1219 in-

2028 1238 2241 1269 terpretatur.

2018 3293 2136 3323 Daniel
2158 3293 2260 3321 hotm—

2047 3341 2154 3372 ratur,
2171 3345 2228 3366 rex

2052 3381 2228 3411 occiditur:
