2456 3861
720 95 794 137 ΙΙΙ
830 95 942 137 Rlco.
978 94 1136 149 XXII,
1171 95 1333 137 32-54.
1857 93 1941 135 347

116 271 160 310 et
186 266 400 322 majorem
425 265 699 322 quempiam,
723 265 806 308 nisi
834 271 986 309 contra
1012 280 1161 321 regem
1192 265 1327 308 Israel
1361 264 1515 307 solum.
1543 263 1579 289 3²²
1604 264 1716 306 Cum
1748 277 1852 319 ergo
1879 262 1941 304 vi-

117 325 285 368 dissent-
316 324 538 382 principes
571 339 775 368 curruum
802 325 1041 381 Josaphat,
1068 323 1278 380 suspicati
1311 328 1415 366 sunt
1447 322 1562 379 quod
1594 323 1687 380 ipse
1721 326 1834 365 esset
1865 335 1941 364 rex

116 384 276 440 Israel,
303 390 348 427 et
373 383 541 439 impetu
564 384 687 426 facto
713 384 974 439 pugnabant
1000 389 1152 426 contra
1175 397 1288 426 eum.
1317 383 1374 425 Et
1407 381 1677 425 exclamavit
1710 380 1938 436 josaphat.

115 442 152 468 3²³
178 443 585 497 Intellexeruntque
609 442 828 499 principes
855 457 1057 485 curruum
1086 442 1199 498 quod
1228 457 1312 484 non
1339 447 1455 485 esset
1486 455 1562 484 rex
1597 440 1754 496 Israel,
1783 445 1826 482 et
1852 453 1942 482 ces-

114 508 325 544 saverunt
348 502 404 543 ab
431 516 493 544 eo.
517 501 552 527 ²³¹¹
579 501 659 543 Vir
679 506 828 543 autem
855 501 1033 556 quidam
1060 501 1248 544 tetendit
1280 515 1452 556 arcum,
1483 501 1527 542 in
1560 500 1778 543 incertum
1811 498 1945 554 sagit-

115 566 206 602 tam
227 559 433 614 dirigens,
450 566 494 603 et
512 574 614 602 casu
634 559 847 616 percussit
865 574 1014 614 regem
1032 560 1167 602 Israel
1185 560 1300 602 intcr
1319 560 1571 616 pulmonem
1591 563 1634 602 et
1651 557 1941 601 stomachum.

116 620 175 661 At
201 618 276 662 ille
302 618 417 661 dixit
441 618 609 674 aurigae
635 632 713 660 suo
745 634 754 660 z
780 618 916 661 Verte
942 633 1121 660 manum
1154 623 1298 673 tuam,
1326 623 1369 661 et
1402 618 1514 673 ejice
1538 633 1605 661 ine
1639 618 1692 661 de
1724 616 1942 671 exercitu,

91 677 216 732 -quia
249 678 444 733 graviter
478 677 732 720 vulneratus
767 691 876 719 sum.
912 676 948 702 3⁵
981 676 1277 718 Commissum
1315 681 1380 719 est
1414 691 1516 732 ergo
1551 676 1754 733 praelium
1791 675 1836 718 in
1874 675 1944 718 die

115 735 216 790 illa3
245 742 290 779 et
311 751 386 779 rex
414 736 551 778 Israel
574 735 723 778 stabat
747 735 793 777 in
824 749 950 777 curru
984 749 1060 777 suo
1095 740 1248 777 contra
1283 736 1431 790 Syros,
1466 741 1510 778 et
1542 741 1738 778 mortuus
1773 740 1838 778 est
1872 748 1943 777 ve-

114 809 251 853 spere.
281 795 470 838 Fluebat
494 799 643 837 autem
670 794 853 849 sanguis
878 793 1025 850 plagae
1053 793 1097 835 in
1123 794 1270 836 sinum
1298 808 1461 836 curruS.
1490 794 1525 819 3⁶
1560 796 1616 836 Et
1652 808 1795 850 praeco
1828 793 1943 836 inso-

114 854 210 897 nuit
233 854 279 896 in
302 853 507 897 universo
531 853 726 896 exercitu
748 857 985 908 antequam
1003 853 1066 895 sol
1090 853 1390 907 occumberet,
1418 852 1568 895 dicens
1591 866 1601 894 t
1638 852 1946 907 Unusquisque

113 918 359 956 revertatur
382 913 428 954 in
455 912 684 955 civitatem
706 917 749 955 et
775 911 819 954 in
845 917 1009 955 terram
1042 926 1179 956 suam.
1209 911 1244 938 3⁷
1267 912 1465 955 Mortuus
1501 916 1566 954 est
1591 916 1741 954 autem
1774 925 1871 966 rex,
1904 916 1945 953 et

114 972 310 1028 perlatus
335 977 403 1015 est
426 971 472 1013 in
498 971 768 1026 Samariam3
805 971 1158 1027 sepelieruntque
1190 985 1341 1026 regem
1373 970 1420 1013 in
1454 970 1672 1025 Samaria,
1700 970 1735 996 38
1761 975 1804 1013 et
1829 970 1947 1012 lave-

113 1036 216 1073 runt
241 1045 415 1074 currum
440 1030 487 1073 in
512 1030 684 1087 piscina
709 1030 941 1085 Samariae,
969 1035 1013 1073 et
1041 1030 1270 1073 linxerunt
1303 1044 1433 1073 canes
1468 1029 1731 1084 sanguinem
1759 1029 1876 1084 ejus,
1904 1034 1948 1071 ct

113 1089 309 1132 habenas
333 1090 556 1145 laverunt,
585 1089 714 1145 juxta
740 1089 924 1132 verbum
952 1089 1131 1132 Domini
1159 1088 1273 1145 quod
1296 1089 1467 1132 locutus
1490 1089 1650 1131 fuerat.

174 1148 210 1175 3³
233 1148 419 1205 Reliqua
443 1154 593 1192 autem
619 1163 871 1191 sermonum
903 1149 1082 1204 Achab,
1110 1152 1153 1191 et
1186 1148 1391 1191 universa
1424 1162 1521 1203 quae
1552 1147 1684 1203 fecit,
1716 1152 1759 1190 et
1793 1146 1947 1189 domus

115 1208 308 1251 eburnea
335 1223 466 1264 quam
503 1207 764 1263 aedificavit,
799 1212 1145 1263 cunctarumque
1177 1207 1354 1250 urbium
1387 1221 1494 1263 quas
1529 1206 1768 1261 exstruxit,
1803 1219 1948 1249 nonne

114 1267 212 1310 haec
235 1267 398 1324 scripta
424 1273 526 1310 sunt
555 1267 599 1309 in
637 1267 770 1309 Libro
796 1281 1047 1310 sermonum
1081 1267 1252 1310 dierum
1285 1281 1439 1322 regum
1465 1265 1638 1309 Israel?
1664 1265 1701 1292 40
1727 1264 1948 1309 Dormivit

114 1340 218 1382 ergo
245 1327 403 1369 Achab
430 1341 531 1369 cum
556 1326 755 1382 patribus
781 1325 898 1381 suis3
925 1331 967 1369 et
992 1326 1198 1382 regnavit
1231 1326 1467 1381 Ochozias,
1491 1325 1606 1368 filius
1636 1325 1754 1381 ejus,
1780 1338 1857 1381 pro
1884 1337 1946 1367 eo.

173 1385 206 1412 4¹
232 1386 451 1443 Josaphat
475 1399 598 1439 vero,
623 1385 738 1426 filius
764 1385 876 1440 Asa,
901 1399 1084 1440 regnare
1103 1389 1298 1441 coeperat
1315 1399 1444 1441 super
1467 1386 1494 1428 J
1500 1384 1634 1427 udam
1655 1398 1772 1426 anno
1795 1387 1950 1439 quarto

114 1445 294 1500 Achab,
317 1444 433 1500 regis
460 1443 612 1486 Israel.
647 1442 683 1469 4⁶²
708 1443 914 1499 Triginta
948 1444 1140 1499 quinque
1165 1458 1383 1487 annorum
1407 1448 1501 1486 erat
1524 1458 1625 1487 cum
1646 1457 1831 1498 regnare
1862 1456 1948 1484 coe-

114 1504 270 1561 pisset,
302 1509 346 1546 et
382 1502 544 1559 viginti
578 1502 771 1558 quinque
804 1503 933 1545 annis
967 1502 1173 1558 regnavit
1213 1502 1259 1544 in
1290 1502 1553 1546 Jerusalem.
1591 1503 1764 1544 Nomen
1795 1501 1950 1543 matris

114 1563 211 1619 ejus
237 1563 413 1618 Azuba,
440 1561 532 1604 filia
555 1560 685 1605 Salai.
720 1561 758 1588 43
783 1562 840 1604 Et
865 1561 1115 1604 ambulavit
1146 1561 1194 1604 in
1227 1562 1348 1605 omni
1378 1561 1450 1603 via
1475 1562 1588 1616 Asa,
1615 1560 1752 1617 patris
1785 1560 1874 1615 sui,
1908 1566 1949 1603 et

113 1636 201 1664 non
228 1621 471 1665 declinavit
503 1635 559 1664 ex
588 1635 658 1676 ea,
690 1621 889 1677 fecitque
922 1621 1037 1677 quod
1071 1626 1242 1664 rectum
1275 1625 1369 1664 erat
1400 1620 1448 1662 in
1482 1624 1720 1676 conspectu
1755 1619 1950 1662 Domini.

113 1680 150 1707 44
175 1682 496 1724 Verumtamen
523 1680 699 1723 excelsa
724 1694 812 1723 non
838 1680 1049 1735 abstulit3
1077 1680 1223 1723 adhuc
1251 1680 1369 1724 enim
1388 1679 1575 1736 populus
1595 1679 1889 1733 sacrificabat,
1909 1683 1951 1721 et

113 1740 323 1783 adolebat
354 1739 586 1782 incensum
617 1739 665 1781 in
693 1739 893 1785 excelsis.
926 1738 962 1766 ‘¹⁵
997 1740 1245 1795 Pacemque
1278 1739 1436 1782 habuit
1469 1739 1689 1795 Josaphat
1717 1752 1816 1780 cum
1849 1751 1952 1793 rege

113 1800 266 1844 Israel.

173 1858 210 1886 46
233 1859 420 1915 Reliqua
452 1864 602 1902 autem
639 1859 874 1903 verborum
907 1860 1146 1916 Josaphat,
1191 1865 1234 1903 et
1275 1874 1406 1916 opera
1443 1858 1540 1914 ejus
1577 1872 1674 1914 quae
1711 1857 1868 1913 gessit,
1911 1861 1952 1899 et

113 1918 288 1975 praelia,
316 1932 462 1961 nonne
485 1918 582 1961 haec
604 1918 769 1975 scripta
794 1924 897 1961 sunt
922 1918 967 1961 in
994 1919 1129 1962 Libro
1155 1919 1389 1962 verborum
1416 1918 1587 1961 dierum
1619 1931 1774 1973 regum
1800 1914 1951 1959 Juda‘?

114 1977 149 2003 4⁷
176 1977 261 2021 Sed
288 1983 332 2021 et
355 1977 563 2033 reliquias
589 1978 968 2034 effeminatorum,
994 1978 1067 2034 qui
1094 1983 1398 2022 remanserant
1423 1977 1467 2020 in
1495 1977 1650 2021 diebus
1679 1977 1791 2032 Asa,
1815 1974 1952 2032 patris

115 2036 232 2093 ejus,
258 2036 446 2080 abstulit
472 2036 525 2079 de
550 2041 679 2080 terra.
707 2037 742 2063 48
765 2038 858 2080 Nec
886 2042 980 2080 erat
1007 2043 1111 2081 tunc
1134 2052 1211 2081 rex
1239 2037 1507 2080 constitutus
1532 2036 1577 2078 in
1611 2035 1767 2078 Edorn.
1794 2034 1831 2061 49
1857 2035 1952 2076 Rex

114 2110 217 2139 vero
243 2096 462 2152 Josaphat
486 2096 657 2139 fecerat
683 2096 844 2139 classes
876 2097 922 2139 in
956 2097 1065 2140 mari
1101 2112 1200 2153 quae
1230 2097 1494 2152 navigarent
1526 2096 1571 2138 in
1606 2094 1744 2151 Ophir
1776 2099 1954 2150 propter

114 2169 270 2197 aurum
288 2172 296 2209 ς
321 2162 366 2197 et
384 2155 445 2197 ire
464 2169 551 2198 non
569 2160 819 2212 potuerunt,
840 2156 942 2212 quia
966 2156 1210 2199 confractae
1230 2161 1333 2199 sunt
1350 2156 1396 2198 in
1414 2155 1553 2198 Asion
1566 2153 1752 2199 -Gaber.
1776 2153 1812 2180 5⁰
1826 2153 1952 2195 Tunc

114 2214 178 2256 ait
201 2214 437 2270 Ochozias,
464 2214 580 2257 filius
603 2214 781 2270 Achab,
816 2215 872 2258 ad
908 2215 1128 2271 Josaphat
1158 2232 1166 2259 :
1201 2215 1384 2259 Vadant
1416 2214 1531 2257 servi
1565 2214 1651 2257 mei
1682 2227 1782 2255 cum
1817 2211 1952 2255 servis

115 2273 203 2316 tuis
224 2273 271 2315 in
296 2273 497 2317 navibus.
527 2275 584 2316 Et
609 2273 751 2317 noluit
785 2275 813 2318 J
818 2275 1017 2331 osaphat.
1045 2274 1078 2300 5¹
1108 2274 1416 2330 Dormivitque
1446 2274 1665 2330 Josaphat
1691 2286 1791 2315 cum
1817 2270 1950 2327 patri-

115 2332 197 2375 bus
230 2332 343 2388 suis,
376 2338 418 2376 et
451 2333 650 2389 sepultus
681 2338 746 2376 est
780 2348 882 2376 cum
915 2333 977 2376 eis
1009 2333 1057 2375 in
1091 2333 1273 2376 civitate
1299 2333 1469 2388 David,
1498 2333 1635 2390 patris
1669 2332 1761 2385 sui3
1797 2344 1949 2386 regna-

115 2391 267 2447 vitque
292 2393 467 2448 Jorani,
495 2392 611 2435 filius
637 2394 754 2449 ejus,
781 2407 859 2449 pro
884 2408 947 2437 eo.

176 2450 213 2477 5²
239 2451 453 2494 Ochozias
479 2457 650 2508 autem,
678 2452 794 2495 filius
821 2453 1000 2508 Achab,
1034 2467 1218 2508 regnare
1253 2458 1447 2509 coeperat
1480 2466 1608 2508 super
1641 2450 1779 2494 Israel
1804 2449 1851 2492 in
1878 2449 1952 2492 Sa-

117 2510 278 2566 maria,
311 2525 428 2554 anno
462 2511 651 2567 septimo
689 2511 860 2555 decimo
903 2512 1143 2568 Josaphat,
1178 2511 1295 2567 regis
1327 2511 1467 2567 Juda,
1501 2510 1792 2566 regnavitque
1825 2522 1954 2564 super

117 2569 256 2612 Israel
282 2569 452 2613 duobus
478 2570 620 2614 annis.
648 2570 685 2597 ⁵3
711 2573 768 2614 Et
793 2570 905 2614 fecit
926 2571 1093 2613 malum
1116 2571 1161 2612 in
1188 2575 1426 2627 conspectu
1459 2569 1658 2624 Domini,
1686 2574 1730 2612 et
1751 2567 1952 2610 ambula-

117 2628 182 2671 vit
207 2628 253 2670 in
278 2629 352 2672 via
377 2629 516 2686 patris
540 2630 607 2672 sui
634 2635 678 2673 et
704 2630 858 2673 matris
883 2645 997 2685 suae,
1024 2635 1068 2673 et
1091 2630 1138 2672 in
1164 2630 1237 2672 via
1273 2630 1532 2684 Jeroboam,
1567 2628 1646 2671 filii
1672 2627 1843 2682 Nabat,
1879 2625 1952 2682 qui

117 2701 301 2744 peccare
325 2688 436 2732 fecit
462 2689 615 2732 Israel.
643 2689 678 2716 54
705 2689 896 2733 Servivit
922 2704 1092 2745 quoque
1119 2689 1250 2745 Baal,
1278 2694 1321 2732 et
1353 2688 1556 2731 adoravit
1589 2702 1716 2743 eum3
1743 2690 1786 2730 et
1811 2685 1952 2728 irrita-

117 2746 182 2788 vit
206 2748 448 2790 Dominum
475 2749 620 2791 Deum
646 2749 805 2803 Israel,
831 2748 961 2804 juxta
988 2748 1136 2791 omnia
1162 2763 1260 2804 quae
1282 2748 1453 2791 fecerat
1478 2753 1602 2804 pater
1627 2746 1737 2802 ejus.

118 2892 166 2925 38]
187 2892 264 2933 Sup.
283 2893 385 2929 XXI,
404 2895 448 2923 19.

2025 1407 2248 1436 summarium

2091 1452 2186 1486 regni

2052 1496 2225 1529 Josaphat.

2061 2453 2222 2482 (jenozias

2018 2500 2138 2532 regnat
2161 2504 2260 2529 super

2083 2541 2196 2569 Israel.
