2423 3861
787 148 827 189 11
868 148 1017 189 Mnuu.
1055 148 1121 193 ll‘,
1159 147 1318 189 10-32’».

140 315 307 371 templi.
343 314 375 340 ¹⁰
402 316 523 359 Sicut
558 321 603 359 ct
636 317 810 372 Moyses
844 317 998 359 orabat
1034 317 1089 359 ad
1130 317 1385 372 Dominum,
1420 323 1464 359 et
1496 315 1725 358 descendit
1762 315 1876 371 ignis
1911 316 1964 358 (16

140 374 270 429 caelo,
305 380 346 416 et
378 375 651 431 consumpsit
685 376 1014 422 holocaustum:
1050 376 1112 417 sic
1146 382 1190 417 ct
1222 375 1427 417 Salomon
1463 374 1625 429 oravit,
1659 379 1704 417 et
1737 373 1966 416 descendit

141 432 256 486 ignis
282 433 336 475 de
361 434 492 489 caelo,
521 441 564 476 ct
590 435 862 490 consumpsit
893 435 1211 477 holocaustum.
1241 434 1267 460 ¹¹
1304 436 1356 476 let
1378 434 1492 476 dixit
1518 434 1693 490 Moyses
1715 449 1723 476 :
1756 433 1820 475 Eo
1849 433 1964 488 quod

140 505 226 534 non
249 491 308 534 sit
332 499 577 536 comestum
600 493 715 548 quod
741 499 836 536 erat
861 507 937 549 pro
959 500 1163 549 peccam,
1192 500 1503 548 consumptum
1526 500 1605 536 est.
1634 490 1669 518 ¹²
1687 491 1898 536 Similiter
1923 496 1968 534 et

139 549 345 593 Salomon
370 556 468 594 octo
488 551 642 594 diebus
666 551 908 594 celebravit
930 552 1270 594 dedicationem.

202 608 235 634 ¹3
256 609 571 653 inferebantur
587 617 736 653 autem
754 610 798 652 in
820 610 1190 665 descriptionibus
1208 615 1252 653 et
1275 611 1604 654 commentariis
1624 610 1851 654 Nehemiae
1870 610 1966 653 haec

138 668 322 718 eadem:
347 674 394 711 et
417 674 466 711 ut
499 677 756 712 construens
783 668 1100 711 bibliothecam
1133 669 1423 724 congregavit
1448 669 1503 712 de
1534 669 1788 725 regionibus
1811 669 1964 724 libros,

139 731 183 767 et
205 728 537 783 prophetarum,
561 734 606 771 et
631 727 798 779 David,
818 733 862 769 et
883 727 1092 783 epistolas
1134 740 1308 782 regum,
1333 733 1376 770 et
1399 727 1452 770 de
1475 728 1682 771 donariis.
1702 728 1736 755 ¹⁴
1756 726 1968 772 Similiter

138 792 288 829 autem
324 792 369 829 et
401 786 542 829 <ludas
575 801 626 829 ea
662 800 761 841 quie
796 785 1053 828 deciderant
1080 799 1158 841 per
1187 786 1378 840 bellum,
1412 787 1527 841 quod
1561 788 1688 831 nobis
1721 787 1989 841 acciderat,·

140 845 430 899 congregavit
459 845 630 900 omnia,
652 850 696 887 et
725 850 828 886 sunt
852 844 970 901 apud
1000 858 1090 887 nos.
1123 844 1153 869 *Γ*
1171 845 1215 888 Si
1248 858 1349 900 ergo
1377 845 1636 888 desideratis
1663 847 1780 901 haec,
1804 845 1968 889 mittite

140 903 211 957 qui
236 904 463 959 perferant
488 904 625 956 vobis.

202 961 235 988 ¹⁶
254 962 407 1005 Actnri
429 963 579 1018 itaque
601 963 974 1019 purificationem,
1002 962 1257 1018 scripsimus
1277 963 1427 1018 vobis,
1453 964 1564 1007 benc
1588 978 1692 1019 ergo
1716 964 1908 1019 facietis,
1933 965 1966 1006 si

138 1021 319 1075 egeritis
344 1021 422 1064 hos
448 1021 553 1064 dies.

200 1079 233 1106 ¹⁷
262 1081 381 1123 Deus
406 1087 576 1136 autem,
608 1081 681 1137 qui
715 1081 922 1124 liberavit
955 1082 1176 1138 populum·
1196 1096 1343 1136 suum,
1378 1088 1423 1125 et.
1452 1082 1648 1125 reddidit
1675 1082 1967 1126 hereditatem

139 1139 364 1188 omnibns,
399 1145 442 1182 et
475 1155 681 1196 regnum,
711 1146 755 1184 et
785 1141 1104 1197 sacerdotium,
1137 1146 1183 1184 et
1211 1141 1632 1196 sanctificationem,
1672 1141 1705 1168 ¹⁸
1729 1141 1845 1184 sicut
1874 1154 1970 1197 pro·

142 1198 261 1241 misit
288 1199 335 1241 in
364 1199 482 1255 lege,
509 1213 737 1256 speramus
762 1200 878 1255 quod
909 1200 997 1243 cito
1030 1200 1167 1243 nostri
1200 1198 1491 1254 miserebitur,
1520 1205 1565 1243 et
1598 1199 1887 1256 congregabit
1916 1200 1970 1243 de

139 1256 219 1300 sub
247 1257 358 1301 caelo
382 1258 427 1300 in
457 1258 602 1301 locum
630 1265 848 1304 sanctum.
875 1258 907 1284 ¹⁰
935 1259 1109 1315 Eripuit
1134 1259 1250 1302 enim
1279 1273 1358 1302 nos
1378 1259 1442 1302 -de
1474 1259 1649 1313 magnis
1674 1259 1905 1316 periculis,
1927 1264 1972 1301 et

139 1315 285 1359 locum
307 1318 527 1373 purgavit.

282 1469 445 1511 SE‹T''1'10
482 1469 543 1512 ΙΙ.
576 1495 634 1501 -
668 1470 900 1512 Hls'ronm
934 1469 1226 1523 JUDAEORUM,
1263 1481 1589 1512 REGNAN'rmus
1624 1470 1830 1513 Sutnuco

751 1548 807 1577 Er
840 1536 1087 1578 An'riocno
1122 1537 1367 1578 EPIPHANE

353 1678 374 1727 ς’
408 1674 440 1715 Ι.
466 1698 524 1704 —
557 1673 776 1727 Proefatio
809 1673 1002 1715 auctoris
1036 1673 1142 1715 libo-i
1174 1673 1351 1716 secu-mli
1384 1673 1760 1715 illachahworam.

197 1804 233 1831 ᾗ)
253 1805 318 1847 De
340 1804 367 1847 J
374 1803 460 1846 uda
480 1818 581 1846 vero
604 1803 888 1858 1116611611660,
913 1808 956 1846 et
981 1803 1196 1846 fratribus
1223 1803 1333 1860 ejus,
1357 1808 1402 1846 et
1424 1804 1478 1846 (16
1504 1803 1660 1859 templi
1684 1804 1835 1858 magni
1858 1804 1973 1859 puri-

139 1864 365 1918 ficatione,
396 1867 441 1905 et
466 1862 520 1905 de
545 1877 634 1905 arae
662 1861 970 1917 dedicatione,
1004 1862 1038 1888 '2¹
1065 1862 1143 1905 sed
1169 1867 1214 1905 et
1239 1860 1294 1905 de
1323 1861 1508 1919 praeliis,
1537 1877 1635 1918 quae
1662 1863 1886 1918 pertinent
1917 1862 1973 1905 ad

139 1923 413 1966 Antiochum
435 1922 669 1978 Nobilem,
690 1926 735 1965 et
755 1921 896 1964 filium
922 1922 1019 1978 ejus
1047 1923 1343 1978 Eupatorem3
1367 1920 1406 1946 *²²
1422 1927 1466 1964 et
1492 1921 1546 1964 de
1570 1921 1973 1964 illuminationibus

138 1996 236 2038 quae
258 1982 313 2025 de
342 1981 452 2025 caelo
474 1981 612 2024 factae
642 1987 745 2024 sunt
769 1981 826 2024 ad
853 1995 926 2024 eos
955 1981 1028 2038 qui
1058 1995 1136 2038 pro
1162 1981 1334 2024 Judaeis
1368 1981 1546 2024 fortiter
1571 1981 1795 2037 fecerunt,
1830 1981 1894 2023 ita
1926 1985 1974 2023 ut

140 2041 391 2084 universam
420 2041 668 2097 regionem,
693 2054 793 2083 611111
820 2041 950 2098 pauci
977 2045 1143 2096 essent,
1166 2039 1468 2096 vindicarent,
1495 2045 1538 2083 et
1562 2039 1799 2082 barbaram
1824 2039 1972 2082 multi-

140 2100 339 2143 tudinem
372 2100 606 2156 fugarent,
638 2098 677 2126 23
697 2106 740 2143 et
773 2099 1124 2143 famosissimum
1154 2100 1202 2142 in
1231 2106 1322 2142 tote
1357 2100 1459 2142 orbe
1493 2099 1709 2156 ternplum
1743 2113 1972 2156 recupera-

141 2165 257 2214 rent,
281 2165 325 2203 et
347 2159 576 2203 civitatem
599 2158 860 2215 liberarent,
888 2165 932 2202 et
953 2159 1095 2215 leges,
1122 2173 1220 2214 quae
1246 2157 1427 2202 abolitae
1454 2164 1599 2214 erant,
1623 2159 1970 2214 restituerentur,

144 2219 334 2262 Domino
351 2233 451 2262 cum
473 2218 594 2262 omni
616 2218 942 2274 tranquillitate
966 2217 1157 2274 propitio
1182 2218 1305 2260 facto
1327 2217 1442 2273 illis3
1463 2216 1499 2243 Ἡ
1517 2217 1710 2274 itemque
1733 2217 1788 2259 ab
1808 2217 1973 2261 Jasone

141 2278 355 2334 Cyrenaeo
380 2278 572 2333 quinque
597 2277 721 2320 libris
748 2278 1086 2334 comprehensa,
1113 2277 1384 2320 tentavimus
1410 2290 1489 2320 nos
1514 2290 1600 2319 uno
1628 2276 1851 2319 volumine
1876 2275 1972 2319 bre-

143 2349 274 2381 viare..

200 2397 237 2424 '²5
255 2398 596 2442 Considerantes
627 2399 744 2442 enim
772 2400 1104 2444 multitudinem
1134 2399 1366 2456 librorum,
1400 2406 1443 2444 et
1477 2400 1793 2443 difficultatem
1822 2398 1972 2442 volen-

141 2458 260 2500 tibus
303 2457 487 2514 aggredi
534 2458 810 2502 narrationes
849 2460 1157 2515 historiarum,
1200 2466 1377 2516 propter
1423 2459 1755 2503 multitudinem
1802 2472 1972 2513 rerum,

143 2515 178 2543 ³³⁶
203 2516 455 2560 curavimus
489 2516 743 2561 volentibus
777 2518 955 2574 quidem
987 2519 1156 2575 legere,
1189 2525 1236 2561 ut
1267 2524 1380 2562 esset
1408 2519 1548 2562 animi
1581 2517 1849 2572 oblectatio;
1884 2522 1974 2561 stu-

142 2576 276 2618 diosis
305 2589 430 2632 vero,
467 2582 518 2619 ut
544 2576 725 2620 facilius
755 2577 925 2634 possint
959 2579 1184 2621 memoriae
1220 2579 1561 2634 commendare3
1593 2576 1796 2621 omnibus
1825 2582 1975 2624 autem

145 2634 395 2691 legentibus
423 2635 591 2678 utilitas
615 2636 884 2680 conferatur.
908 2635 942 2662 '²⁷
963 2637 1021 2680 Et
1047 2637 1174 2680 nobis
1200 2638 1379 2694 quidem
1400 2637 1521 2696 ipsis,
1541 2637 1614 2694 qui
1639 2637 1721 2680 hoc
1748 2651 1856 2694 opus
1878 2635 1974 2679 bre-

144 2694 295 2737 viandi
333 2709 465 2738 661186
501 2695 796 2752 suscepimuS,
835 2711 921 2740 non
959 2697 1145 2741 facilem
1178 2696 1400 2749 laborem,
1435 2697 1572 2741 immo
1605 2710 1708 2740 vero
1745 2694 1975 2752 negotium

144 2753 323 2811 plenum
343 2753 598 2810 vigiliarum
621 2762 665 2797 et
687 2755 857 2799 sudoris
879 2757 1213 2813 assumpsimus.
1231 2756 1268 2784 28
1286 2751 1409 2801 Sicut
1433 2757 1479 2799 hi
1502 2757 1575 2813 qui
1598 2761 1851 2813 praeparant
1873 2768 1974 2797 con-

142 2813 331 2868 vivium‚
360 2820 404 2857 et
429 2820 633 2869 quaerunt
654 2815 840 2858 aliorum
868 2816 1089 2858 voluntati
1111 2831 1264 2874 parere
1293 2822 1472 2874 propter
1494 2816 1734 2858 multorum
1761 2813 1973 2870 gratiam,

142 2871 332 2916 libenter
357 2873 554 2917 laborem
579 2874 861 2918 sustinemus
889 2874 925 2900 '29
944 2874 1194 2919 Veritatem
1220 2876 1397 2932 quidem
1425 2875 1480 2919 (16
1505 2874 1692 2931 singulis
1721 2872 1975 2933 auctoribus

132 2932 456 2988 concedentes,
492 2933 576 2990 ipsi
610 2939 762 2977 autem
795 2934 1038 2978 secundum
1072 2935 1225 2978 datam
1261 2935 1455 2978 formam
1487 2933 1698 2981 brevitati
1731 2932 1974 2976 studentes.

143 2990 180 3017 3⁰
197 2991 320 3035 Sicut
337 2992 455 3035 enim
482 3007 610 3036 novae
638 2993 794 3036 domus
815 2993 1060 3038 architecto
1079 2993 1133 3037 de
1155 2994 1360 3037 universa
1377 2999 1600 3037 structura
1617 2991 1861 3037 curandum
1883 2995 1972 3042 est3

143 3050 182 3093 ei
209 3065 313 3094 vero
337 3051 411 3108 qui
437 3051 618 3108 pingere
653 3058 798 3106 curat,
825 3059 930 3108 quae‘
947 3057 1053 3110 apta
1081 3059 1183 3096 sunt
1212 3053 1269 3095 ad
1299 3058 1505 3096 ornatum
1534 3051 1806 3108 exquirenda
1837 3054 1972 3094 sunt:

144 3115 209 3157 ita
247 3115 563 3160 aestimandum
599 3122 667 3161 est
700 3123 745 3161 et
772 3117 819 3162 in
857 3118 997 3164 nobis.
1043 3116 1076 3144 3¹
1116 3115 1296 3160 Etenim
1340 3115 1621 3164 intellectum
1662 3110 1895 3171 colligere,
1931 3116 1975 3154 et
2024 3118 2033 3126 '

146 3173 351 3217 ordinare
390 3189 660 3230 sermonem,
707 3185 752 3222 et
799 3178 1012 3222 curiosius
1054 3180 1203 3234 partes
1241 3175 1441 3232 singulas
1480 3187 1676 3232 quasque
1711 3169 1971 3237 disquirere,

147 3231 341 3276 historiae
385 3236 593 3292 congruit
635 3239 834 3293 auctori;
881 3236 919 3264 32
962 3236 1229 3280 brevitatem
1281 3249 1385 3280 vero
1443 3233 1652 3279 dictionis
1705 3234 1886 3297 sectari,
1931 3232 1974 3274 et

148 3292 431 3337 executiones
470 3308 616 3339 rerum
658 3296 819 3350 vitare,
862 3295 1084 3339 brevianti
1126 3293 1463 3342 concedendum
1508 3298 1588 3337 est.
1630 3291 1667 3318 33
1704 3289 1826 3332 Hmc
1870 3301 1973 3343 ergo

148 3351 447 3395 narrationem
493 3354 758 3412 incipiemus
813 3372 821 3398 ε
880 3355 935 3398 (16
983 3352 1251 3412 praefatione
1302 3358 1479 3398 tantum
1531 3352 1698 3396 dixisse
1749 3346 1970 3399 sufficiat3

149 3409 335 3476 stultum
364 3412 531 3455 etenim
560 3419 628 3457 est
655 3419 758 3457 ante
793 3413 1024 3456 historiam
1055 3411 1248 3467 effluere,
1274 3411 1321 3454 in
1345 3413 1442 3470 ipsa
1473 3416 1625 3454 autem
1661 3406 1844 3452 historia
1874 3418 1972 3449 suc-

134 3481 283 3523 cingi.

152 3651 298 3686 10312ev.
316 3652 385 3690 IX,
402 3657 446 3682 24.
466 3657 501 3684 11
519 3657 593 3686 Par.
610 3657 693 3693 vlt,
713 3660 736 3685 1.
753 3671 789 3676 —
808 3657 855 3690 11]
876 3656 952 3683 Lev.
972 3654 1021 3690 X,
1041 3655 1132 3681 16-17.
1149 3668 1186 3673 ——
1204 3655 1251 3686 18]
1270 3653 1367 3681 Dcut.
1385 3652 1500 3688 XXX,
1517 3654 1574 3679 3-5.
1593 3650 1671 3683 Sup.
1690 3651 1724 3686 1,
1741 3651 1784 3680 29.

2047 616 2124 643 Hanc
2142 615 2265 644 eadent.

2061 658 2251 690 ‹musci-ints

2047 712 2063 730 ιι
2084 702 2243 731 Ν611611116

2068 748 2211 775 reuecta
2223 755 2240 774 :1

2107 792 2205 820 Juda.

2095 941 2219 966 lterum

2053 984 2092 1011 dc
2108 983 2261 1015 purinca-

2037 1027 2127 1056 tione
2150 1026 2277 1060 templi.

2069 1091 2246 1120 Conclusio

2079 1135 2239 1169 epistolae.

2071 1825 2254 1855 Argumen-

2077 1868 2150 1893 tum
2169 1865 2248 1894 scri-

2088 1911 2233 1939 bendum

2087 1954 2226 1982 exhibet

2087 2416 2239 2442 Formam

2078 2457 2249 2486 scribendi

2059 2502 2200 2536 exponit
2228 2504 2263 2531 et-

2051 2546 2273 2576 commendat.
