2423 3861
141 1326 298 1354 Hortatio

118 1372 157 1398 ad
185 1378 245 1398 con
252 1378 321 1399 vcr-

151 1414 287 1442 sionem.

110 2619 217 2649 Eques
235 2617 325 2646 inter

139 2664 293 2694 myrteta.

545 723 1334 823 PROPHETIA
1407 720 2111 820 ZACHARIAE

1261 948 1492 971 DW*‘4——

1011 1125 1637 1180 PRAEAMBULUM

473 1218 578 1260 CAP.
615 1218 649 1260 Ι.

420 1284 589 1494 {33⁵
615 1291 713 1340 ἐρ
736 1316 765 1346 N
801 1317 950 1346 mense
984 1308 1161 1358 octavo,
1188 1302 1234 1344 in
1264 1316 1381 1344 anno
1411 1302 1605 1345 secundo
1642 1301 1765 1344 Darii
1800 1301 1937 1357 regis,
1972 1302 2147 1345 factum
2182 1307 2247 1346 est

543 1393 553 1406 ι.
585 1343 715 1379 5³³
759 1363 944 1406 verbum
972 1361 1150 1405 Domini
1173 1361 1229 1404 ad
1252 1361 1534 1416 Zachariam,
1562 1361 1704 1403 filium
1727 1361 1973 1416 Barachiae,
1997 1361 2077 1403 filii
2100 1361 2245 1417 Addo,

608 1414 679 1480 Ὦ
759 1422 1045 1478 prophetam,
1089 1420 1239 1464 dicens
1278 1437 1286 1465 :
1328 1419 1345 1445 ⁵2
1378 1421 1525 1463 Iratus
1571 1425 1636 1463 est
1675 1419 1892 1463 Dominus
1932 1434 2063 1477 super
2099 1426 2246 1477 patres

644 1480 654 1489 '
760 1487 928 1524 vestros
954 1480 1199 1523 iracundia.
1230 1480 1247 1506 3
1273 1480 1332 1522 Et
1361 1480 1480 1523 dices
1511 1480 1567 1522 ad
1595 1494 1667 1522 eos
1694 1496 1702 1522 ε
1738 1479 1849 1522 Haec
1885 1479 1994 1522 dicit
2028 1479 2247 1523 Dominus

760 1540 1059 1583 exercituum:
1087 1539 1409 1583 Convertimini
1431 1539 1488 1582 ad
1512 1553 1594 1594 me,
1613 1539 1677 1581 ait
1705 1538 1920 1582 Dominus
1947 1539 2245 1595 exercituum,

407 1606 449 1642 et
486 1605 718 1642 convertar
755 1599 811 1642 ad
841 1613 939 1655 vos,
971 1599 1080 1642 dicit
1115 1598 1331 1642 Dominus
1362 1598 1651 1641 exercituum.
1678 1597 1695 1624 4
1722 1598 1788 1641 Ne
1821 1597 1917 1640 sitis
1952 1598 2067 1641 sicut
2099 1605 2245 1655 patres

406 1659 559 1714 vestri,
587 1659 643 1701 ad
671 1673 776 1714 quos
808 1658 1063 1701 clamabant
1088 1659 1314 1714 prophetae
1340 1658 1526 1714 priores,
1551 1657 1748 1700 dicentes
1769 1672 1776 1700 :
1813 1657 1925 1700 Haec
1957 1658 2066 1700 dicit
2092 1658 2243 1701 Domi-

406 1732 486 1760 nus
512 1718 786 1761 exercituum
810 1734 818 1761 :
845 1717 1165 1760 Convertimini
1193 1717 1246 1760 de
1271 1717 1354 1759 viis
1382 1717 1540 1759 vestris
1567 1716 1716 1771 malis,
1745 1721 1788 1758 et
1819 1716 1873 1759 de
1900 1717 2246 1772 cogitationibus

406 1777 562 1819 vestris
595 1777 824 1833 pessimis,
858 1782 900 1819 et
930 1791 1016 1819 non
1043 1776 1298 1832 audierunt,
1331 1791 1472 1832 neque
1503 1776 1789 1818 attenderunt
1814 1775 1871 1817 ad
1898 1790 1987 1829 me,
2017 1775 2127 1819 dicit
2157 1777 2246 1819 Do-

406 1836 565 1879 minus.
596 1836 612 1862 5
639 1837 791 1879 Patres
822 1836 956 1879 vestri
991 1836 1065 1878 ubi
1097 1836 1234 1879 sunt?
1265 1841 1308 1878 et
1336 1836 1566 1892 prophetae
1600 1834 1816 1890 numquid
1846 1835 1890 1876 in
1925 1835 2246 1891 sempiternum

405 1895 594 1938 vivent?
621 1896 638 1922 6
657 1897 978 1938 Verumtamen
1006 1895 1140 1938 verba
1169 1909 1285 1951 mea,
1307 1900 1349 1938 et
1375 1894 1577 1950 legitima
1605 1909 1724 1948 mea,
1749 1908 1845 1949 quae
1869 1894 2081 1936 mandavi
2108 1895 2246 1937 servis

406 1954 514 1997 meis
547 1955 793 2011 prophetis,
827 1954 1043 2010 numquid
1074 1969 1162 1997 non
1196 1954 1626 2010 comprehenderunt
1664 1958 1810 2010 patres
1844 1958 2035 2009 vestros,
2067 1959 2110 1997 et
2144 1968 2246 1997 con-

405 2014 517 2056 versi
562 2020 688 2070 sunt,
731 2019 774 2057 et
819 2013 1065 2057 dixerunt:
1108 2013 1231 2057 Sicut
1266 2013 1483 2069 cogitavit
1521 2013 1738 2056 Dominus
1779 2012 2055 2056 exercituum
2096 2014 2248 2057 facere

405 2072 529 2115 nobis
555 2074 798 2116 secundum
828 2073 923 2115 vias
952 2078 1148 2127 nostras,
1176 2078 1220 2115 et
1253 2072 1497 2116 secundum
1531 2071 1871 2115 adinventiones
1906 2077 2099 2128 nostras,
2134 2072 2247 2115 fecit

404 2131 566 2174 nobis?

583 1446 612 1490 a

955 2233 1209 2288 LIBER
1263 2233 1697 2288 VISIONUM

414 2363 608 2402 VARHS
650 2364 983 2404 VISIONIBUS
1027 2365 1293 2404 ISRAELIS
1337 2365 1483 2403 FATA
1526 2365 1757 2404 FUTURA
1799 2365 2227 2405 DECLARANTUR

603 2485 627 2542 ξ
661 2485 697 2527 Ι.
724 2511 782 2516 -—
814 2486 933 2528 Vz'sz'o
951 2487 1106 2541 prima
1128 2492 1167 2529 et
1191 2487 1380 2529 secunda
1396 2502 1410 2527 .·
1441 2485 1648 2530 Gentium
1665 2492 1860 2542 potestas
1885 2500 2043 2528 eversa.

460 2599 474 2625 7
494 2601 548 2642 In
575 2600 646 2643 die
671 2600 887 2656 vigesima
913 2607 955 2644 et
988 2606 1145 2657 quarta
1171 2600 1398 2645 undecimi
1428 2601 1592 2644 mensis
1618 2601 1799 2656 sabath,
1827 2600 1873 2643 in
1898 2615 2016 2643 anno
2048 2601 2243 2644 secundo

402 2659 546 2714 Darii,
573 2659 747 2702 factum
774 2665 839 2703 est
865 2660 1049 2703 verbum
1084 2660 1265 2704 Domini
1293 2660 1350 2703 ad
1384 2661 1665 2715 Zachariam,
1701 2659 1843 2702 filium
1881 2659 2131 2716 Barachiae,
2163 2659 2244 2702 filii

400 2718 551 2771 Addo,
579 2719 861 2775 prophetam,
885 2719 1035 2763 dicens
1058 2737 1066 2764 :

458 2777 474 2803 ⁵³
493 2777 599 2821 Vidi
629 2793 705 2834 per
733 2784 909 2822 noctem
931 2796 939 2823 ε
970 2785 1012 2822 et
1039 2794 1140 2823 ecce
1162 2780 1230 2822 vir
1257 2779 1500 2823 ascendens
1530 2795 1661 2837 super
1682 2795 1845 2837 equum
1873 2780 2046 2835 rufum,
2073 2785 2116 2822 et
2148 2779 2243 2836 ipse

402 2837 548 2880 stabat
572 2837 686 2880 inter
711 2843 922 2894 myrteta,
947 2854 1045 2895 quae
1069 2845 1195 2883 erant
1214 2839 1259 2882 in
1286 2839 1529 2896 profundo,
1553 2845 1597 2882 et
1621 2847 1721 2896 post
1738 2854 1839 2883 eum
1861 2839 1959 2895 equi
1985 2838 2087 2893 rufi,
2107 2838 2240 2893 varii,

402 2903 443 2939 et
468 2896 572 2939 albi.
593 2896 610 2922 9
626 2898 681 2939 Et
708 2897 798 2940 dixi
821 2915 829 2941 :
857 2897 971 2948 Quid
998 2904 1100 2941 sunt
1123 2899 1211 2955 isti,
1229 2898 1407 2942 domine
1437 2898 1530 2941 mi?
1556 2900 1612 2942 Et
1634 2899 1748 2942 dixit
1772 2899 1830 2942 ad
1856 2913 1926 2941 me
1954 2897 2140 2952 angelus
2167 2897 2241 2953 qui

402 2955 664 3010 loquebatur
684 2956 729 2998 in
756 2971 825 3000 me
848 2973 857 3001 z
885 2958 980 3014 Ego
1007 2958 1237 3002 ostendam
1264 2958 1345 3001 tibi
1376 2957 1482 3013 quid
1510 2958 1600 3001 sint
1633 2958 1744 3002 haec.
1773 2958 1809 2984 ¹⁰
1834 2959 1891 3001 Et
1919 2955 2145 3013 respondit
2174 2957 2242 2999 vir

403 3014 475 3069 qui
498 3014 646 3057 stabat
668 3014 782 3058 inter
804 3022 1005 3073 myrteta,
1027 3023 1070 3061 et
1092 3018 1206 3061 dixit
1225 3035 1233 3062 :
1254 3017 1338 3060 Isti
1362 3023 1466 3060 sunt
1491 3032 1597 3073 quos
1619 3017 1742 3061 misit
1766 3017 1981 3060 Dominus
2001 3021 2048 3058 ut
2070 3030 2241 3072 peram-

402 3072 557 3115 bulent
581 3078 756 3117 terram.
784 3075 816 3101 '¹¹
842 3077 899 3117 Et
923 3077 1245 3132 responderunt
1273 3076 1434 3133 angelo
1467 3076 1667 3132 Domini,
1695 3076 1770 3132 qui
1795 3076 1943 3118 stabat
1971 3075 2087 3118 inter
2124 3090 2241 3132 myr-

405 3137 514 3187 teta,
539 3138 581 3175 et
607 3132 839 3178 dixerunt:
867 3136 1279 3180 perambulavimus
1306 3142 1480 3192 terram,
1505 3142 1548 3179 et
1571 3150 1673 3179 ecce
1699 3135 1840 3179 omnis
1864 3140 1980 3178 terra
1996 3134 2238 3191 habitatur,

403 3196 447 3234 et
479 3191 679 3247 quiescit.
711 3191 743 3217 ¹⁸²
770 3194 826 3235 Et
859 3195 1084 3250 respondit
1115 3196 1301 3251 angelus
1333 3195 1536 3251 Domini,
1571 3200 1614 3239 et
1651 3195 1764 3238 dixit
1797 3211 1806 3238 :
1846 3194 2038 3238 Domine
2075 3194 2239 3237 exerci-

404 3256 549 3306 tuum,
580 3265 802 3307 usquequo
833 3258 879 3294 tu
906 3268 992 3296 non
1020 3254 1295 3298 misereberis
1321 3255 1592 3310 Jerusalem,
1624 3260 1667 3297 et
1700 3253 1876 3296 urbium
1903 3253 2044 3307 Juda,
2079 3252 2239 3308 quibus

402 3309 540 3353 iratus
574 3310 652 3353 es?
687 3311 777 3354 Iste
806 3311 901 3366 jam
934 3314 1284 3369 septuagesimus
1318 3329 1461 3357 annus
1495 3320 1573 3357 est.
1610 3313 1645 3339 ¹3
1672 3314 1728 3355 Et
1756 3312 1984 3369 respondit
2022 3312 2240 3355 Dominus

403 3369 561 3423 angelo
585 3369 658 3425 qui
682 3369 942 3426 loquebatur
965 3371 1010 3413 in
1034 3385 1103 3415 me
1128 3374 1262 3415 verba
1289 3373 1424 3429 bona,
1451 3373 1586 3416 verba
1614 3371 1920 3415 consolatoria.

468 3427 497 3453 Μ
518 3430 573 3470 Et
600 3428 711 3471 dixit
736 3430 792 3472 ad
820 3444 889 3472 me
918 3430 1103 3485 angelus
1134 3432 1207 3486 qui
1233 3432 1494 3488 loquebatur
1514 3432 1559 3474 in
1585 3445 1686 3474 me:
1713 3430 1888 3486 Clama,
1917 3430 2068 3474 dicens
2090 3448 2098 3475 :
2126 3432 2239 3474 Haec

406 3484 513 3527 dicit
541 3488 755 3530 Dominus
782 3489 1084 3533 exercituum:
1114 3490 1289 3534 Zelatus
1322 3506 1420 3533 sum
1446 3489 1695 3534 Jerusalem
1725 3495 1768 3532 et
1802 3489 1905 3532 Sion
1936 3490 2029 3533 zelo
2059 3504 2237 3545 magno.

405 3630 435 3661 3]
457 3630 497 3657 1³.
524 3630 623 3664 XXI,
643 3634 675 3658 12
697 3635 730 3659 ct
757 3632 890 3667 XXXI,
908 3636 924 3660 6
949 3636 982 3660 ct
1003 3633 1102 3666 XLV,
1121 3637 1163 3661 22.
1185 3635 1253 3662 Jer.
1274 3634 1347 3668 111,
1369 3636 1412 3661 12.
1435 3634 1488 3661 ΕΖ.
1509 3633 1646 3667 XVIII,
1663 3635 1699 3660 30
1716 3634 1750 3660 ot
1768 3632 1944 3668 XXXIII,
1964 3633 2007 3661 11.
2029 3633 2084 3661 OS.
2101 3633 2193 3668 XIV,
2207 3633 2236 3661 2.

404 3673 622 3707 ¹loel,11,12.
645 3676 854 3711 Mal.111,7.
875 3677 1056 3710 -1⁴]1nf.
1075 3678 1159 3705 VIII
1173 3698 1181 3712 ,
1198 3679 1224 3706 2.
