<?xml version="1.0" encoding="UTF-8"?>
<!DOCTYPE html PUBLIC "-//W3C//DTD XHTML 1.0 Transitional//EN"
    "http://www.w3.org/TR/xhtml1/DTD/xhtml1-transitional.dtd">
<html xmlns="http://www.w3.org/1999/xhtml" xml:lang="en" lang="en">
 <head>
  <title>
</title>
<meta http-equiv="Content-Type" content="text/html;charset=utf-8" />
  <meta name='ocr-system' content='tesseract 3.04.00' />
  <meta name='ocr-capabilities' content='ocr_page ocr_carea ocr_par ocr_line ocrx_word'/>
</head>
<body>
  <div class='ocr_page' id='page_1' title='image "./bibliasacrajuxta00fill_0568.png"; bbox 0 0 2423 3861; ppageno 0'>
   <div class='ocr_carea' id='block_1_1' title="bbox 135 1230 351 1266">
    <p class='ocr_par' dir='ltr' id='par_1_1' title="bbox 135 1230 351 1266">
     <span class='ocr_line' id='line_1_1' title="bbox 135 1230 351 1266; baseline 0.009 -6"><span class='ocrx_word' id='word_1_1' title='bbox 135 1230 193 1261; x_wconf 67' lang='lat' dir='ltr'>ria</span> <span class='ocrx_word' id='word_1_2' title='bbox 205 1232 351 1266; x_wconf 80' lang='lat' dir='ltr'>querela.</span> 
     </span>
    </p>
   </div>
   <div class='ocr_carea' id='block_1_2' title="bbox 123 1460 362 1623">
    <p class='ocr_par' dir='ltr' id='par_1_2' title="bbox 123 1460 362 1623">
     <span class='ocr_line' id='line_1_2' title="bbox 140 1460 353 1490; baseline 0 0"><span class='ocrx_word' id='word_1_3' title='bbox 140 1460 353 1490; x_wconf 76' lang='lat' dir='ltr'><strong>Describitur</strong></span> 
     </span>
     <span class='ocr_line' id='line_1_3' title="bbox 147 1505 342 1539; baseline 0.005 -6"><span class='ocrx_word' id='word_1_4' title='bbox 147 1505 342 1539; x_wconf 80' lang='lat' dir='ltr'>iniquorum</span> 
     </span>
     <span class='ocr_line' id='line_1_4' title="bbox 123 1550 362 1585; baseline 0.017 -8"><span class='ocrx_word' id='word_1_5' title='bbox 123 1550 253 1578; x_wconf 75' lang='lat' dir='ltr'>malitia</span> <span class='ocrx_word' id='word_1_6' title='bbox 283 1558 362 1585; x_wconf 78' lang='lat' dir='ltr'>erga</span> 
     </span>
     <span class='ocr_line' id='line_1_5' title="bbox 189 1595 297 1623; baseline 0 0"><span class='ocrx_word' id='word_1_7' title='bbox 189 1595 297 1623; x_wconf 88' lang='lat' dir='ltr'>Deum</span> 
     </span>
    </p>
   </div>
   <div class='ocr_carea' id='block_1_3' title="bbox 137 2062 350 2093">
    <p class='ocr_par' dir='ltr' id='par_1_3' title="bbox 137 2062 350 2093">
     <span class='ocr_line' id='line_1_6' title="bbox 137 2062 350 2093; baseline 0.014 -3"><span class='ocrx_word' id='word_1_8' title='bbox 137 2065 171 2091; x_wconf 79' lang='lat' dir='ltr'>et</span> <span class='ocrx_word' id='word_1_9' title='bbox 186 2062 350 2093; x_wconf 83' lang='lat' dir='ltr'>homines.</span> 
     </span>
    </p>
   </div>
   <div class='ocr_carea' id='block_1_4' title="bbox 141 2777 342 2855">
    <p class='ocr_par' dir='ltr' id='par_1_4' title="bbox 141 2777 342 2855">
     <span class='ocr_line' id='line_1_7' title="bbox 175 2777 308 2811; baseline 0.008 -6"><span class='ocrx_word' id='word_1_10' title='bbox 175 2777 308 2811; x_wconf 75' lang='lat' dir='ltr'>Urgens</span> 
     </span>
     <span class='ocr_line' id='line_1_8' title="bbox 141 2820 342 2855; baseline 0.01 -7"><span class='ocrx_word' id='word_1_11' title='bbox 141 2820 342 2855; x_wconf 80' lang='lat' dir='ltr'>deprecatio.</span> 
     </span>
    </p>
   </div>
   <div class='ocr_carea' id='block_1_5' title="bbox 118 3237 358 3355">
    <p class='ocr_par' dir='ltr' id='par_1_5' title="bbox 118 3237 358 3355">
     <span class='ocr_line' id='line_1_9' title="bbox 135 3237 337 3266; baseline 0.005 -1"><span class='ocrx_word' id='word_1_12' title='bbox 135 3237 175 3265; x_wconf 81' lang='lat' dir='ltr'>Se</span> <span class='ocrx_word' id='word_1_13' title='bbox 202 3237 337 3266; x_wconf 80' lang='lat' dir='ltr'>exaudi-</span> 
     </span>
     <span class='ocr_line' id='line_1_10' title="bbox 118 3282 358 3311; baseline 0.008 -2"><span class='ocrx_word' id='word_1_14' title='bbox 118 3285 190 3310; x_wconf 81' lang='lat' dir='ltr'>tum</span> <span class='ocrx_word' id='word_1_15' title='bbox 217 3282 358 3311; x_wconf 71' lang='lat' dir='ltr'>confidit</span> 
     </span>
     <span class='ocr_line' id='line_1_11' title="bbox 180 3330 303 3355; baseline 0 0"><span class='ocrx_word' id='word_1_16' title='bbox 180 3330 303 3355; x_wconf 88' lang='lat' dir='ltr'>orator.</span> 
     </span>
    </p>
   </div>
   <div class='ocr_carea' id='block_1_6' title="bbox 439 97 524 140">
    <p class='ocr_par' dir='ltr' id='par_1_6' title="bbox 439 97 524 140">
     <span class='ocr_line' id='line_1_12' title="bbox 439 97 524 140; baseline -0.012 0"><span class='ocrx_word' id='word_1_17' title='bbox 439 97 524 140; x_wconf 81' lang='lat'>552</span> 
     </span>
    </p>
   </div>
   <div class='ocr_carea' id='block_1_7' title="bbox 1203 99 1502 153">
    <p class='ocr_par' dir='ltr' id='par_1_7' title="bbox 1203 99 1502 153">
     <span class='ocr_line' id='line_1_13' title="bbox 1203 99 1502 153; baseline 0.003 -12"><span class='ocrx_word' id='word_1_18' title='bbox 1203 99 1277 142; x_wconf 48' lang='grc' dir='ltr'>ΡΞ.</span> <span class='ocrx_word' id='word_1_19' title='bbox 1312 100 1401 153; x_wconf 75' lang='lat' dir='ltr'>ix,</span> <span class='ocrx_word' id='word_1_20' title='bbox 1437 100 1502 142; x_wconf 88' lang='lat'>17.</span> 
     </span>
    </p>
   </div>
   <div class='ocr_carea' id='block_1_8' title="bbox 613 270 2164 981">
    <p class='ocr_par' dir='ltr' id='par_1_8' title="bbox 674 270 1518 327">
     <span class='ocr_line' id='line_1_14' title="bbox 674 270 1518 327; baseline 0 -13"><span class='ocrx_word' id='word_1_21' title='bbox 674 270 721 314; x_wconf 91' lang='lat' dir='ltr'>in</span> <span class='ocrx_word' id='word_1_22' title='bbox 747 271 904 327; x_wconf 87' lang='lat' dir='ltr'>laqueo</span> <span class='ocrx_word' id='word_1_23' title='bbox 928 271 1014 314; x_wconf 87' lang='lat' dir='ltr'>isto</span> <span class='ocrx_word' id='word_1_24' title='bbox 1040 286 1170 327; x_wconf 88' lang='lat' dir='ltr'>quem</span> <span class='ocrx_word' id='word_1_25' title='bbox 1191 272 1518 315; x_wconf 87' lang='lat' dir='ltr'>absconderunt</span> 
     </span>
    </p>

    <p class='ocr_par' dir='ltr' id='par_1_9' title="bbox 735 331 1458 387">
     <span class='ocr_line' id='line_1_15' title="bbox 735 331 1458 387; baseline -0.001 -14"><span class='ocrx_word' id='word_1_26' title='bbox 735 331 1078 387; x_wconf 87' lang='lat' dir='ltr'>comprehensus</span> <span class='ocrx_word' id='word_1_27' title='bbox 1103 336 1170 374; x_wconf 89' lang='lat' dir='ltr'>est</span> <span class='ocrx_word' id='word_1_28' title='bbox 1193 345 1270 387; x_wconf 97' lang='lat' dir='ltr'>pes</span> <span class='ocrx_word' id='word_1_29' title='bbox 1295 345 1458 374; x_wconf 83' lang='lat' dir='ltr'>corum.</span> 
     </span>
    </p>

    <p class='ocr_par' dir='ltr' id='par_1_10' title="bbox 617 389 2164 507">
     <span class='ocr_line' id='line_1_16' title="bbox 617 389 1626 446; baseline 0.001 -13"><span class='ocrx_word' id='word_1_30' title='bbox 617 389 651 416; x_wconf 78' lang='lat'>&#39;¹7</span> <span class='ocrx_word' id='word_1_31' title='bbox 670 390 970 444; x_wconf 88' lang='lat' dir='ltr'>Cognoscetur</span> <span class='ocrx_word' id='word_1_32' title='bbox 997 390 1213 434; x_wconf 85' lang='lat' dir='ltr'>Dominus</span> <span class='ocrx_word' id='word_1_33' title='bbox 1239 390 1408 446; x_wconf 81' lang='lat' dir='ltr'>judicia</span> <span class='ocrx_word' id='word_1_34' title='bbox 1433 390 1626 444; x_wconf 77' lang='lat' dir='ltr'>faciens3</span> 
     </span>
     <span class='ocr_line' id='line_1_17' title="bbox 742 449 2164 507; baseline 0.001 -15"><span class='ocrx_word' id='word_1_35' title='bbox 742 449 789 492; x_wconf 90' lang='lat' dir='ltr'>in</span> <span class='ocrx_word' id='word_1_36' title='bbox 811 449 1015 506; x_wconf 79' lang='lat' dir='ltr'>operibus</span> <span class='ocrx_word' id='word_1_37' title='bbox 1042 464 1254 492; x_wconf 87' lang='lat' dir='ltr'>manuum</span> <span class='ocrx_word' id='word_1_38' title='bbox 1280 464 1458 493; x_wconf 86' lang='lat' dir='ltr'>suarum</span> <span class='ocrx_word' id='word_1_39' title='bbox 1485 450 1828 507; x_wconf 80' lang='lat' dir='ltr'>comprehensus</span> <span class='ocrx_word' id='word_1_40' title='bbox 1855 453 1921 493; x_wconf 85' lang='lat' dir='ltr'>est</span> <span class='ocrx_word' id='word_1_41' title='bbox 1946 454 2164 506; x_wconf 82' lang='lat' dir='ltr'>peccator.</span> 
     </span>
    </p>

    <p class='ocr_par' dir='ltr' id='par_1_11' title="bbox 618 507 1718 624">
     <span class='ocr_line' id='line_1_18' title="bbox 618 507 1616 565; baseline 0 -13"><span class='ocrx_word' id='word_1_42' title='bbox 618 507 650 534; x_wconf 77' lang='lat'>¹8</span> <span class='ocrx_word' id='word_1_43' title='bbox 669 508 996 552; x_wconf 76' lang='lat' dir='ltr'>Convertamur</span> <span class='ocrx_word' id='word_1_44' title='bbox 1021 515 1274 565; x_wconf 71' lang='lat' dir='ltr'>peccatores</span> <span class='ocrx_word' id='word_1_45' title='bbox 1296 510 1341 551; x_wconf 92' lang='lat' dir='ltr'>in</span> <span class='ocrx_word' id='word_1_46' title='bbox 1369 509 1616 564; x_wconf 76' lang='lat' dir='ltr'>infernum,</span> 
     </span>
     <span class='ocr_line' id='line_1_19' title="bbox 733 569 1718 624; baseline -0.001 -13"><span class='ocrx_word' id='word_1_47' title='bbox 733 582 885 611; x_wconf 89' lang='lat' dir='ltr'>omnes</span> <span class='ocrx_word' id='word_1_48' title='bbox 908 573 1062 624; x_wconf 78' lang='lat' dir='ltr'>gentes</span> <span class='ocrx_word' id='word_1_49' title='bbox 1088 583 1186 624; x_wconf 77' lang='lat' dir='ltr'>quae</span> <span class='ocrx_word' id='word_1_50' title='bbox 1213 569 1535 611; x_wconf 80' lang='lat' dir='ltr'>obliviscuntur</span> <span class='ocrx_word' id='word_1_51' title='bbox 1561 571 1718 612; x_wconf 91' lang='lat' dir='ltr'>Deum.</span> 
     </span>
    </p>

    <p class='ocr_par' dir='ltr' id='par_1_12' title="bbox 616 626 1780 744">
     <span class='ocr_line' id='line_1_20' title="bbox 616 626 1780 685; baseline 0 -15"><span class='ocrx_word' id='word_1_52' title='bbox 616 626 650 653; x_wconf 81' lang='grc'>19</span> <span class='ocrx_word' id='word_1_53' title='bbox 668 627 887 678; x_wconf 82' lang='lat' dir='ltr'>Quoniam</span> <span class='ocrx_word' id='word_1_54' title='bbox 908 641 996 670; x_wconf 91' lang='lat' dir='ltr'>non</span> <span class='ocrx_word' id='word_1_55' title='bbox 1020 627 1067 670; x_wconf 92' lang='lat' dir='ltr'>in</span> <span class='ocrx_word' id='word_1_56' title='bbox 1088 628 1223 671; x_wconf 87' lang='lat' dir='ltr'>finem</span> <span class='ocrx_word' id='word_1_57' title='bbox 1249 628 1413 671; x_wconf 84' lang='lat' dir='ltr'>oblivio</span> <span class='ocrx_word' id='word_1_58' title='bbox 1437 629 1520 671; x_wconf 89' lang='lat' dir='ltr'>erit</span> <span class='ocrx_word' id='word_1_59' title='bbox 1545 628 1751 685; x_wconf 87' lang='lat' dir='ltr'>pauperis</span> <span class='ocrx_word' id='word_1_60' title='bbox 1771 645 1780 684; x_wconf 85' lang='lat'>3</span> 
     </span>
     <span class='ocr_line' id='line_1_21' title="bbox 733 687 1756 744; baseline 0 -15"><span class='ocrx_word' id='word_1_61' title='bbox 733 687 952 744; x_wconf 88' lang='lat' dir='ltr'>patientia</span> <span class='ocrx_word' id='word_1_62' title='bbox 974 701 1219 744; x_wconf 89' lang='lat' dir='ltr'>pauperum</span> <span class='ocrx_word' id='word_1_63' title='bbox 1244 702 1332 730; x_wconf 84' lang='lat' dir='ltr'>non</span> <span class='ocrx_word' id='word_1_64' title='bbox 1355 688 1516 744; x_wconf 76' lang='lat' dir='ltr'>peribit</span> <span class='ocrx_word' id='word_1_65' title='bbox 1542 689 1586 730; x_wconf 89' lang='lat' dir='ltr'>in</span> <span class='ocrx_word' id='word_1_66' title='bbox 1609 688 1756 730; x_wconf 88' lang='lat' dir='ltr'>finem.</span> 
     </span>
    </p>

    <p class='ocr_par' dir='ltr' id='par_1_13' title="bbox 613 745 1714 863">
     <span class='ocr_line' id='line_1_22' title="bbox 613 745 1714 802; baseline 0 -13"><span class='ocrx_word' id='word_1_67' title='bbox 613 745 650 773; x_wconf 71' lang='lat'>2⁰</span> <span class='ocrx_word' id='word_1_68' title='bbox 668 748 870 802; x_wconf 78' lang='lat' dir='ltr'>Exurge,</span> <span class='ocrx_word' id='word_1_69' title='bbox 901 747 1114 801; x_wconf 85' lang='lat' dir='ltr'>Domine3</span> <span class='ocrx_word' id='word_1_70' title='bbox 1144 761 1230 789; x_wconf 90' lang='lat' dir='ltr'>non</span> <span class='ocrx_word' id='word_1_71' title='bbox 1255 748 1531 790; x_wconf 79' lang='lat' dir='ltr'>confortetur</span> <span class='ocrx_word' id='word_1_72' title='bbox 1552 748 1714 790; x_wconf 89' lang='lat' dir='ltr'>homo:</span> 
     </span>
     <span class='ocr_line' id='line_1_23' title="bbox 731 806 1616 863; baseline 0.002 -15"><span class='ocrx_word' id='word_1_73' title='bbox 731 806 989 862; x_wconf 78' lang='lat' dir='ltr'>judicentur</span> <span class='ocrx_word' id='word_1_74' title='bbox 1010 812 1167 862; x_wconf 79' lang='lat' dir='ltr'>gentes</span> <span class='ocrx_word' id='word_1_75' title='bbox 1188 806 1235 848; x_wconf 91' lang='lat' dir='ltr'>in</span> <span class='ocrx_word' id='word_1_76' title='bbox 1262 814 1500 863; x_wconf 87' lang='lat' dir='ltr'>conspectu</span> <span class='ocrx_word' id='word_1_77' title='bbox 1527 813 1616 851; x_wconf 89' lang='lat' dir='ltr'>tuo.</span> 
     </span>
    </p>

    <p class='ocr_par' dir='ltr' id='par_1_14' title="bbox 613 864 1751 981">
     <span class='ocr_line' id='line_1_24' title="bbox 613 864 1751 924; baseline 0 -14"><span class='ocrx_word' id='word_1_78' title='bbox 613 864 646 892; x_wconf 74' lang='lat'>‘²¹</span> <span class='ocrx_word' id='word_1_79' title='bbox 668 866 919 922; x_wconf 78' lang='lat' dir='ltr'>Constitue,</span> <span class='ocrx_word' id='word_1_80' title='bbox 944 866 1155 922; x_wconf 84' lang='lat' dir='ltr'>Domine,</span> <span class='ocrx_word' id='word_1_81' title='bbox 1182 866 1485 921; x_wconf 70' lang='lat' dir='ltr'>legislatorem</span> <span class='ocrx_word' id='word_1_82' title='bbox 1507 882 1637 924; x_wconf 88' lang='lat' dir='ltr'>super</span> <span class='ocrx_word' id='word_1_83' title='bbox 1659 881 1751 923; x_wconf 89' lang='lat' dir='ltr'>eos,</span> 
     </span>
     <span class='ocr_line' id='line_1_25' title="bbox 730 924 1725 981; baseline 0.001 -13"><span class='ocrx_word' id='word_1_84' title='bbox 730 930 781 968; x_wconf 89' lang='lat' dir='ltr'>ut</span> <span class='ocrx_word' id='word_1_85' title='bbox 805 925 950 969; x_wconf 88' lang='lat' dir='ltr'>sciant</span> <span class='ocrx_word' id='word_1_86' title='bbox 971 930 1128 981; x_wconf 82' lang='lat' dir='ltr'>gentes</span> <span class='ocrx_word' id='word_1_87' title='bbox 1151 924 1363 980; x_wconf 89' lang='lat' dir='ltr'>quoniam</span> <span class='ocrx_word' id='word_1_88' title='bbox 1385 926 1586 969; x_wconf 88' lang='lat' dir='ltr'>homines</span> <span class='ocrx_word' id='word_1_89' title='bbox 1609 932 1725 969; x_wconf 86' lang='lat' dir='ltr'>sunt.</span> 
     </span>
    </p>
   </div>
   <div class='ocr_carea' id='block_1_9' title="bbox 663 1050 2042 1189">
    <p class='ocr_par' dir='ltr' id='par_1_15' title="bbox 663 1050 2042 1189">
     <span class='ocr_line' id='line_1_26' title="bbox 908 1050 1798 1087; baseline 0.003 -4"><span class='ocrx_word' id='word_1_90' title='bbox 908 1050 1141 1084; x_wconf 81' lang='lat' dir='ltr'><strong><em>PSALMUS</em></strong></span> <span class='ocrx_word' id='word_1_91' title='bbox 1168 1051 1207 1083; x_wconf 82' lang='lat' dir='ltr'><em>X</em></span> <span class='ocrx_word' id='word_1_92' title='bbox 1233 1050 1514 1085; x_wconf 78' lang='lat' dir='ltr'><strong><em>SECUNDUM</em></strong></span> <span class='ocrx_word' id='word_1_93' title='bbox 1543 1052 1798 1087; x_wconf 78' lang='lat' dir='ltr'><strong><em>HEBRAEOS</em></strong></span> 
     </span>
     <span class='ocr_line' id='line_1_27' title="bbox 663 1131 2042 1189; baseline 0.001 -15"><span class='ocrx_word' id='word_1_94' title='bbox 663 1132 755 1175; x_wconf 72' lang='lat' dir='ltr'>Dei</span> <span class='ocrx_word' id='word_1_95' title='bbox 785 1131 1050 1187; x_wconf 73' lang='lat' dir='ltr'>imploratur</span> <span class='ocrx_word' id='word_1_96' title='bbox 1081 1131 1303 1175; x_wconf 72' lang='lat' dir='ltr'>auaeilium</span> <span class='ocrx_word' id='word_1_97' title='bbox 1335 1138 1486 1175; x_wconf 79' lang='lat' dir='ltr'>contra</span> <span class='ocrx_word' id='word_1_98' title='bbox 1519 1133 1757 1189; x_wconf 74' lang='lat' dir='ltr'>impiorum</span> <span class='ocrx_word' id='word_1_99' title='bbox 1787 1132 2042 1176; x_wconf 78' lang='lat' dir='ltr'>audaciam.</span> 
     </span>
    </p>
   </div>
   <div class='ocr_carea' id='block_1_10' title="bbox 608 1217 2168 3549">
    <p class='ocr_par' dir='ltr' id='par_1_16' title="bbox 608 1217 2168 3549">
     <span class='ocr_line' id='line_1_28' title="bbox 634 1217 1548 1277; baseline 0.002 -15"><span class='ocrx_word' id='word_1_100' title='bbox 634 1217 648 1244; x_wconf 82' lang='grc'>1</span> <span class='ocrx_word' id='word_1_101' title='bbox 667 1219 730 1262; x_wconf 91' lang='lat' dir='ltr'>Ut</span> <span class='ocrx_word' id='word_1_102' title='bbox 756 1218 883 1274; x_wconf 88' lang='lat' dir='ltr'>quid,</span> <span class='ocrx_word' id='word_1_103' title='bbox 911 1219 1121 1276; x_wconf 89' lang='lat' dir='ltr'>Domine,</span> <span class='ocrx_word' id='word_1_104' title='bbox 1145 1220 1365 1264; x_wconf 79' lang='lat' dir='ltr'>recessisti</span> <span class='ocrx_word' id='word_1_105' title='bbox 1392 1221 1548 1277; x_wconf 88' lang='lat' dir='ltr'>longe,</span> 
     </span>
     <span class='ocr_line' id='line_1_29' title="bbox 733 1278 1868 1336; baseline 0.002 -15"><span class='ocrx_word' id='word_1_106' title='bbox 733 1278 924 1336; x_wconf 84' lang='lat' dir='ltr'>despicis</span> <span class='ocrx_word' id='word_1_107' title='bbox 946 1279 992 1321; x_wconf 91' lang='lat' dir='ltr'>in</span> <span class='ocrx_word' id='word_1_108' title='bbox 1019 1279 1447 1336; x_wconf 85' lang='lat' dir='ltr'>opportunitatibus,</span> <span class='ocrx_word' id='word_1_109' title='bbox 1474 1280 1521 1323; x_wconf 90' lang='lat' dir='ltr'>in</span> <span class='ocrx_word' id='word_1_110' title='bbox 1547 1279 1868 1323; x_wconf 80' lang='lat' dir='ltr'>tribulatione?</span> 
     </span>
     <span class='ocr_line' id='line_1_30' title="bbox 630 1335 1692 1397; baseline 0.003 -17"><span class='ocrx_word' id='word_1_111' title='bbox 630 1335 648 1362; x_wconf 67' lang='lat'>9</span> <span class='ocrx_word' id='word_1_112' title='bbox 668 1338 788 1381; x_wconf 92' lang='lat' dir='ltr'>Dum</span> <span class='ocrx_word' id='word_1_113' title='bbox 808 1338 1008 1395; x_wconf 86' lang='lat' dir='ltr'>superbit</span> <span class='ocrx_word' id='word_1_114' title='bbox 1027 1339 1214 1396; x_wconf 88' lang='lat' dir='ltr'>impius,</span> <span class='ocrx_word' id='word_1_115' title='bbox 1236 1340 1490 1383; x_wconf 86' lang='lat' dir='ltr'>incenditur</span> <span class='ocrx_word' id='word_1_116' title='bbox 1512 1354 1692 1397; x_wconf 87' lang='lat' dir='ltr'>pauper.</span> 
     </span>
     <span class='ocr_line' id='line_1_31' title="bbox 731 1398 1893 1455; baseline 0.001 -13"><span class='ocrx_word' id='word_1_117' title='bbox 731 1398 1177 1455; x_wconf 88' lang='lat' dir='ltr'>Comprehenduntur</span> <span class='ocrx_word' id='word_1_118' title='bbox 1201 1399 1248 1441; x_wconf 88' lang='lat' dir='ltr'>in</span> <span class='ocrx_word' id='word_1_119' title='bbox 1272 1399 1469 1442; x_wconf 88' lang='lat' dir='ltr'>consiliis</span> <span class='ocrx_word' id='word_1_120' title='bbox 1492 1399 1651 1455; x_wconf 89' lang='lat' dir='ltr'>quibus</span> <span class='ocrx_word' id='word_1_121' title='bbox 1677 1399 1893 1455; x_wconf 86' lang='lat' dir='ltr'>cogitant.</span> 
     </span>
     <span class='ocr_line' id='line_1_32' title="bbox 631 1456 2004 1515; baseline 0.002 -16"><span class='ocrx_word' id='word_1_122' title='bbox 631 1456 648 1483; x_wconf 80' lang='lat'>3</span> <span class='ocrx_word' id='word_1_123' title='bbox 665 1457 885 1508; x_wconf 84' lang='lat' dir='ltr'>Quoniam</span> <span class='ocrx_word' id='word_1_124' title='bbox 910 1457 1117 1501; x_wconf 86' lang='lat' dir='ltr'>laudatur</span> <span class='ocrx_word' id='word_1_125' title='bbox 1141 1465 1349 1515; x_wconf 90' lang='lat' dir='ltr'>peccator</span> <span class='ocrx_word' id='word_1_126' title='bbox 1373 1459 1419 1501; x_wconf 91' lang='lat' dir='ltr'>in</span> <span class='ocrx_word' id='word_1_127' title='bbox 1445 1458 1676 1502; x_wconf 85' lang='lat' dir='ltr'>desideriis</span> <span class='ocrx_word' id='word_1_128' title='bbox 1701 1458 1864 1502; x_wconf 85' lang='lat' dir='ltr'>animae</span> <span class='ocrx_word' id='word_1_129' title='bbox 1890 1472 2004 1515; x_wconf 84' lang='lat' dir='ltr'>suae,</span> 
     </span>
     <span class='ocr_line' id='line_1_33' title="bbox 731 1516 1288 1573; baseline 0.004 -14"><span class='ocrx_word' id='word_1_130' title='bbox 731 1522 774 1560; x_wconf 89' lang='lat' dir='ltr'>et</span> <span class='ocrx_word' id='word_1_131' title='bbox 797 1516 975 1573; x_wconf 87' lang='lat' dir='ltr'>iniquus</span> <span class='ocrx_word' id='word_1_132' title='bbox 997 1517 1288 1561; x_wconf 87' lang='lat' dir='ltr'>benedicitur.</span> 
     </span>
     <span class='ocr_line' id='line_1_34' title="bbox 629 1575 1497 1635; baseline 0.002 -15"><span class='ocrx_word' id='word_1_133' title='bbox 629 1575 648 1602; x_wconf 79' lang='lat'>4</span> <span class='ocrx_word' id='word_1_134' title='bbox 665 1576 967 1620; x_wconf 82' lang='lat' dir='ltr'>Exacerbavit</span> <span class='ocrx_word' id='word_1_135' title='bbox 994 1577 1237 1621; x_wconf 90' lang='lat' dir='ltr'>Dominum</span> <span class='ocrx_word' id='word_1_136' title='bbox 1262 1583 1469 1635; x_wconf 85' lang='lat' dir='ltr'>peccator</span> <span class='ocrx_word' id='word_1_137' title='bbox 1489 1597 1497 1635; x_wconf 81' lang='lat'><em>3</em></span> 
     </span>
     <span class='ocr_line' id='line_1_35' title="bbox 732 1635 1897 1696; baseline 0.003 -18"><span class='ocrx_word' id='word_1_138' title='bbox 732 1635 978 1679; x_wconf 88' lang='lat' dir='ltr'>secundum</span> <span class='ocrx_word' id='word_1_139' title='bbox 999 1637 1334 1681; x_wconf 88' lang='lat' dir='ltr'>multitudinem</span> <span class='ocrx_word' id='word_1_140' title='bbox 1359 1638 1437 1682; x_wconf 86' lang='lat' dir='ltr'>irae</span> <span class='ocrx_word' id='word_1_141' title='bbox 1459 1653 1573 1695; x_wconf 78' lang='lat' dir='ltr'>suae,</span> <span class='ocrx_word' id='word_1_142' title='bbox 1601 1653 1690 1682; x_wconf 89' lang='lat' dir='ltr'>non</span> <span class='ocrx_word' id='word_1_143' title='bbox 1716 1643 1897 1696; x_wconf 85' lang='lat' dir='ltr'>quaeret.</span> 
     </span>
     <span class='ocr_line' id='line_1_36' title="bbox 630 1695 1496 1754; baseline 0.003 -16"><span class='ocrx_word' id='word_1_144' title='bbox 630 1695 648 1722; x_wconf 82' lang='grc'>5</span> <span class='ocrx_word' id='word_1_145' title='bbox 669 1695 771 1739; x_wconf 84' lang='lat' dir='ltr'>Non</span> <span class='ocrx_word' id='word_1_146' title='bbox 797 1701 861 1739; x_wconf 87' lang='lat' dir='ltr'>est</span> <span class='ocrx_word' id='word_1_147' title='bbox 889 1697 1008 1739; x_wconf 89' lang='lat' dir='ltr'>Deus</span> <span class='ocrx_word' id='word_1_148' title='bbox 1033 1696 1081 1739; x_wconf 90' lang='lat' dir='ltr'>in</span> <span class='ocrx_word' id='word_1_149' title='bbox 1104 1703 1345 1754; x_wconf 86' lang='lat' dir='ltr'>conspectu</span> <span class='ocrx_word' id='word_1_150' title='bbox 1371 1699 1496 1754; x_wconf 73' lang='lat' dir='ltr'>ejus,</span> 
     </span>
     <span class='ocr_line' id='line_1_37' title="bbox 728 1755 1803 1815; baseline 0.005 -18"><span class='ocrx_word' id='word_1_151' title='bbox 728 1755 976 1811; x_wconf 75' lang='lat' dir='ltr'>inquinatae</span> <span class='ocrx_word' id='word_1_152' title='bbox 998 1761 1101 1799; x_wconf 90' lang='lat' dir='ltr'>sunt</span> <span class='ocrx_word' id='word_1_153' title='bbox 1126 1756 1212 1799; x_wconf 78' lang='lat' dir='ltr'>viae</span> <span class='ocrx_word' id='word_1_154' title='bbox 1238 1757 1358 1800; x_wconf 87' lang='lat' dir='ltr'>illius</span> <span class='ocrx_word' id='word_1_155' title='bbox 1380 1758 1427 1800; x_wconf 91' lang='lat' dir='ltr'>in</span> <span class='ocrx_word' id='word_1_156' title='bbox 1449 1758 1569 1801; x_wconf 91' lang='lat' dir='ltr'>omni</span> <span class='ocrx_word' id='word_1_157' title='bbox 1592 1763 1803 1815; x_wconf 85' lang='lat' dir='ltr'>tempore.</span> 
     </span>
     <span class='ocr_line' id='line_1_38' title="bbox 670 1815 1585 1873; baseline 0.003 -16"><span class='ocrx_word' id='word_1_158' title='bbox 670 1815 950 1858; x_wconf 77' lang='lat' dir='ltr'>Auferuntur</span> <span class='ocrx_word' id='word_1_159' title='bbox 971 1815 1141 1871; x_wconf 78' lang='lat' dir='ltr'>judicia</span> <span class='ocrx_word' id='word_1_160' title='bbox 1163 1822 1240 1859; x_wconf 90' lang='lat' dir='ltr'>tua</span> <span class='ocrx_word' id='word_1_161' title='bbox 1261 1832 1288 1859; x_wconf 87' lang='lat' dir='ltr'>a</span> <span class='ocrx_word' id='word_1_162' title='bbox 1313 1817 1433 1860; x_wconf 73' lang='lat' dir='ltr'>facie</span> <span class='ocrx_word' id='word_1_163' title='bbox 1460 1817 1556 1873; x_wconf 84' lang='lat' dir='ltr'>ejus</span> <span class='ocrx_word' id='word_1_164' title='bbox 1576 1835 1585 1871; x_wconf 80' lang='lat'>3</span> 
     </span>
     <span class='ocr_line' id='line_1_39' title="bbox 728 1874 1785 1922; baseline 0.007 -7"><span class='ocrx_word' id='word_1_165' title='bbox 728 1874 928 1917; x_wconf 90' lang='lat' dir='ltr'>omnium</span> <span class='ocrx_word' id='word_1_166' title='bbox 952 1874 1237 1918; x_wconf 90' lang='lat' dir='ltr'>inimicorum</span> <span class='ocrx_word' id='word_1_167' title='bbox 1261 1890 1441 1919; x_wconf 87' lang='lat' dir='ltr'>suorum</span> <span class='ocrx_word' id='word_1_168' title='bbox 1467 1877 1785 1922; x_wconf 86' lang='lat' dir='ltr'>dominabitur.</span> 
     </span>
     <span class='ocr_line' id='line_1_40' title="bbox 627 1932 1664 1980; baseline 0.004 -5"><span class='ocrx_word' id='word_1_169' title='bbox 627 1932 645 1958; x_wconf 66' lang='grc' dir='ltr'><strong><em>ὃ</em></strong></span> <span class='ocrx_word' id='word_1_170' title='bbox 663 1932 791 1976; x_wconf 83' lang='lat' dir='ltr'>Dixit</span> <span class='ocrx_word' id='word_1_171' title='bbox 816 1934 935 1977; x_wconf 90' lang='lat' dir='ltr'>enim</span> <span class='ocrx_word' id='word_1_172' title='bbox 959 1934 1006 1977; x_wconf 91' lang='lat' dir='ltr'>in</span> <span class='ocrx_word' id='word_1_173' title='bbox 1029 1935 1160 1979; x_wconf 89' lang='lat' dir='ltr'>corde</span> <span class='ocrx_word' id='word_1_174' title='bbox 1185 1950 1264 1979; x_wconf 88' lang='lat' dir='ltr'>suo</span> <span class='ocrx_word' id='word_1_175' title='bbox 1290 1953 1298 1980; x_wconf 91' lang='lat'><strong>:</strong></span> <span class='ocrx_word' id='word_1_176' title='bbox 1326 1937 1427 1979; x_wconf 89' lang='lat' dir='ltr'>Non</span> <span class='ocrx_word' id='word_1_177' title='bbox 1452 1937 1664 1980; x_wconf 88' lang='lat' dir='ltr'>movebor</span> 
     </span>
     <span class='ocr_line' id='line_1_41' title="bbox 726 1994 1795 2053; baseline 0.005 -17"><span class='ocrx_word' id='word_1_178' title='bbox 726 2008 752 2036; x_wconf 89' lang='lat' dir='ltr'>a</span> <span class='ocrx_word' id='word_1_179' title='bbox 777 1995 1064 2050; x_wconf 85' lang='lat' dir='ltr'>generatione</span> <span class='ocrx_word' id='word_1_180' title='bbox 1090 1994 1135 2038; x_wconf 95' lang='lat' dir='ltr'>in</span> <span class='ocrx_word' id='word_1_181' title='bbox 1161 1996 1515 2053; x_wconf 86' lang='lat' dir='ltr'>generationem,</span> <span class='ocrx_word' id='word_1_182' title='bbox 1543 1997 1638 2039; x_wconf 88' lang='lat' dir='ltr'>sine</span> <span class='ocrx_word' id='word_1_183' title='bbox 1663 1998 1795 2041; x_wconf 88' lang='lat' dir='ltr'>malo.</span> 
     </span>
     <span class='ocr_line' id='line_1_42' title="bbox 628 2051 2168 2116; baseline 0.006 -21"><span class='ocrx_word' id='word_1_184' title='bbox 628 2051 643 2077; x_wconf 74' lang='lat'><em>7</em></span> <span class='ocrx_word' id='word_1_185' title='bbox 662 2052 802 2109; x_wconf 81' lang='lat' dir='ltr'>Cujus</span> <span class='ocrx_word' id='word_1_186' title='bbox 825 2054 1141 2099; x_wconf 88' lang='lat' dir='ltr'>maledictione</span> <span class='ocrx_word' id='word_1_187' title='bbox 1163 2070 1210 2099; x_wconf 90' lang='lat' dir='ltr'>os</span> <span class='ocrx_word' id='word_1_188' title='bbox 1231 2055 1414 2112; x_wconf 91' lang='lat' dir='ltr'>plenum</span> <span class='ocrx_word' id='word_1_189' title='bbox 1439 2061 1526 2112; x_wconf 89' lang='lat' dir='ltr'>est,</span> <span class='ocrx_word' id='word_1_190' title='bbox 1555 2061 1598 2099; x_wconf 92' lang='lat' dir='ltr'>et</span> <span class='ocrx_word' id='word_1_191' title='bbox 1623 2056 1943 2115; x_wconf 83' lang='lat' dir='ltr'>amaritudine,</span> <span class='ocrx_word' id='word_1_192' title='bbox 1967 2064 2010 2103; x_wconf 90' lang='lat' dir='ltr'>et</span> <span class='ocrx_word' id='word_1_193' title='bbox 2037 2058 2168 2116; x_wconf 87' lang='lat' dir='ltr'>d010;</span> 
     </span>
     <span class='ocr_line' id='line_1_43' title="bbox 728 2113 1487 2171; baseline 0.004 -16"><span class='ocrx_word' id='word_1_194' title='bbox 728 2113 810 2156; x_wconf 91' lang='lat' dir='ltr'>sub</span> <span class='ocrx_word' id='word_1_195' title='bbox 836 2113 991 2170; x_wconf 89' lang='lat' dir='ltr'>lingua</span> <span class='ocrx_word' id='word_1_196' title='bbox 1013 2115 1110 2171; x_wconf 82' lang='lat' dir='ltr'>ejus</span> <span class='ocrx_word' id='word_1_197' title='bbox 1135 2115 1260 2159; x_wconf 90' lang='lat' dir='ltr'>labor</span> <span class='ocrx_word' id='word_1_198' title='bbox 1282 2120 1326 2159; x_wconf 86' lang='lat' dir='ltr'>et</span> <span class='ocrx_word' id='word_1_199' title='bbox 1352 2115 1487 2158; x_wconf 93' lang='lat' dir='ltr'>dolor.</span> 
     </span>
     <span class='ocr_line' id='line_1_44' title="bbox 626 2171 1734 2233; baseline 0.003 -18"><span class='ocrx_word' id='word_1_200' title='bbox 626 2171 644 2198; x_wconf 77' lang='lat'>8</span> <span class='ocrx_word' id='word_1_201' title='bbox 663 2172 794 2216; x_wconf 88' lang='lat' dir='ltr'>Sedet</span> <span class='ocrx_word' id='word_1_202' title='bbox 818 2173 865 2216; x_wconf 90' lang='lat' dir='ltr'>in</span> <span class='ocrx_word' id='word_1_203' title='bbox 885 2173 1061 2217; x_wconf 87' lang='lat' dir='ltr'>insidiis</span> <span class='ocrx_word' id='word_1_204' title='bbox 1087 2189 1187 2218; x_wconf 88' lang='lat' dir='ltr'>cum</span> <span class='ocrx_word' id='word_1_205' title='bbox 1215 2175 1430 2218; x_wconf 88' lang='lat' dir='ltr'>divitibus</span> <span class='ocrx_word' id='word_1_206' title='bbox 1455 2175 1501 2218; x_wconf 90' lang='lat' dir='ltr'>in</span> <span class='ocrx_word' id='word_1_207' title='bbox 1528 2175 1734 2233; x_wconf 86' lang='lat' dir='ltr'>occultis,</span> 
     </span>
     <span class='ocr_line' id='line_1_45' title="bbox 728 2233 1358 2278; baseline 0.005 -3"><span class='ocrx_word' id='word_1_208' title='bbox 728 2238 778 2276; x_wconf 88' lang='lat' dir='ltr'>ut</span> <span class='ocrx_word' id='word_1_209' title='bbox 797 2233 1038 2277; x_wconf 87' lang='lat' dir='ltr'>interficiat</span> <span class='ocrx_word' id='word_1_210' title='bbox 1061 2234 1358 2278; x_wconf 89' lang='lat' dir='ltr'>innocentem.</span> 
     </span>
     <span class='ocr_line' id='line_1_46' title="bbox 628 2291 1543 2353; baseline 0.004 -18"><span class='ocrx_word' id='word_1_211' title='bbox 628 2291 646 2318; x_wconf 83' lang='lat'>9</span> <span class='ocrx_word' id='word_1_212' title='bbox 663 2292 791 2336; x_wconf 91' lang='lat' dir='ltr'>Oculi</span> <span class='ocrx_word' id='word_1_213' title='bbox 814 2293 911 2349; x_wconf 82' lang='lat' dir='ltr'>ejus</span> <span class='ocrx_word' id='word_1_214' title='bbox 936 2293 981 2336; x_wconf 91' lang='lat' dir='ltr'>in</span> <span class='ocrx_word' id='word_1_215' title='bbox 1004 2309 1243 2352; x_wconf 88' lang='lat' dir='ltr'>pauperem</span> <span class='ocrx_word' id='word_1_216' title='bbox 1269 2296 1515 2353; x_wconf 89' lang='lat' dir='ltr'>respiciunt</span> <span class='ocrx_word' id='word_1_217' title='bbox 1534 2314 1543 2351; x_wconf 81' lang='lat'><em>3</em></span> 
     </span>
     <span class='ocr_line' id='line_1_47' title="bbox 726 2352 2010 2413; baseline 0.005 -19"><span class='ocrx_word' id='word_1_218' title='bbox 726 2352 965 2396; x_wconf 89' lang='lat' dir='ltr'>insidiatur</span> <span class='ocrx_word' id='word_1_219' title='bbox 988 2354 1035 2397; x_wconf 90' lang='lat' dir='ltr'>in</span> <span class='ocrx_word' id='word_1_220' title='bbox 1056 2354 1341 2412; x_wconf 88' lang='lat' dir='ltr'>abscondito,</span> <span class='ocrx_word' id='word_1_221' title='bbox 1368 2356 1495 2411; x_wconf 88' lang='lat' dir='ltr'>quasi</span> <span class='ocrx_word' id='word_1_222' title='bbox 1520 2355 1590 2399; x_wconf 92' lang='lat' dir='ltr'>leo</span> <span class='ocrx_word' id='word_1_223' title='bbox 1610 2355 1657 2398; x_wconf 91' lang='lat' dir='ltr'>in</span> <span class='ocrx_word' id='word_1_224' title='bbox 1679 2356 1892 2413; x_wconf 88' lang='lat' dir='ltr'>spelunca</span> <span class='ocrx_word' id='word_1_225' title='bbox 1917 2371 2010 2402; x_wconf 86' lang='lat' dir='ltr'>sua.</span> 
     </span>
     <span class='ocr_line' id='line_1_48' title="bbox 668 2412 1447 2472; baseline 0.006 -18"><span class='ocrx_word' id='word_1_226' title='bbox 668 2412 916 2455; x_wconf 87' lang='lat' dir='ltr'>Insidiatur</span> <span class='ocrx_word' id='word_1_227' title='bbox 937 2418 986 2456; x_wconf 93' lang='lat' dir='ltr'>ut</span> <span class='ocrx_word' id='word_1_228' title='bbox 1010 2414 1156 2471; x_wconf 90' lang='lat' dir='ltr'>rapiat</span> <span class='ocrx_word' id='word_1_229' title='bbox 1177 2430 1418 2472; x_wconf 89' lang='lat' dir='ltr'>pauperem</span> <span class='ocrx_word' id='word_1_230' title='bbox 1438 2433 1447 2470; x_wconf 92' lang='grc'><strong>;</strong></span> 
     </span>
     <span class='ocr_line' id='line_1_49' title="bbox 726 2475 1618 2530; baseline 0.006 -16"><span class='ocrx_word' id='word_1_231' title='bbox 726 2487 879 2529; x_wconf 89' lang='lat' dir='ltr'>rapere</span> <span class='ocrx_word' id='word_1_232' title='bbox 904 2487 1145 2530; x_wconf 90' lang='lat' dir='ltr'>pauperem</span> <span class='ocrx_word' id='word_1_233' title='bbox 1167 2475 1274 2518; x_wconf 91' lang='lat' dir='ltr'>dum</span> <span class='ocrx_word' id='word_1_234' title='bbox 1295 2475 1482 2518; x_wconf 85' lang='lat' dir='ltr'>attrahit</span> <span class='ocrx_word' id='word_1_235' title='bbox 1504 2490 1618 2519; x_wconf 90' lang='lat' dir='ltr'>eum.</span> 
     </span>
     <span class='ocr_line' id='line_1_50' title="bbox 610 2530 1443 2591; baseline 0.005 -17"><span class='ocrx_word' id='word_1_236' title='bbox 610 2530 644 2558; x_wconf 82' lang='lat'>¹⁰</span> <span class='ocrx_word' id='word_1_237' title='bbox 662 2532 717 2575; x_wconf 90' lang='lat' dir='ltr'>In</span> <span class='ocrx_word' id='word_1_238' title='bbox 742 2531 899 2588; x_wconf 90' lang='lat' dir='ltr'>laqueo</span> <span class='ocrx_word' id='word_1_239' title='bbox 925 2547 1005 2576; x_wconf 90' lang='lat' dir='ltr'>suo</span> <span class='ocrx_word' id='word_1_240' title='bbox 1030 2534 1289 2578; x_wconf 89' lang='lat' dir='ltr'>humiliabit</span> <span class='ocrx_word' id='word_1_241' title='bbox 1314 2549 1443 2591; x_wconf 83' lang='lat' dir='ltr'>eum3</span> 
     </span>
     <span class='ocr_line' id='line_1_51' title="bbox 725 2592 2137 2655; baseline 0.005 -21"><span class='ocrx_word' id='word_1_242' title='bbox 725 2592 964 2635; x_wconf 87' lang='lat' dir='ltr'>inclinabit</span> <span class='ocrx_word' id='word_1_243' title='bbox 989 2607 1054 2649; x_wconf 91' lang='lat' dir='ltr'>se,</span> <span class='ocrx_word' id='word_1_244' title='bbox 1083 2599 1127 2637; x_wconf 92' lang='lat' dir='ltr'>et</span> <span class='ocrx_word' id='word_1_245' title='bbox 1152 2594 1282 2638; x_wconf 89' lang='lat' dir='ltr'>cadet</span> <span class='ocrx_word' id='word_1_246' title='bbox 1307 2609 1409 2637; x_wconf 91' lang='lat' dir='ltr'>cum</span> <span class='ocrx_word' id='word_1_247' title='bbox 1435 2595 1689 2639; x_wconf 88' lang='lat' dir='ltr'>dominatus</span> <span class='ocrx_word' id='word_1_248' title='bbox 1715 2596 1853 2640; x_wconf 81' lang='lat' dir='ltr'>fuerit</span> <span class='ocrx_word' id='word_1_249' title='bbox 1878 2611 2137 2655; x_wconf 85' lang='lat' dir='ltr'>pauperum.</span> 
     </span>
     <span class='ocr_line' id='line_1_52' title="bbox 609 2650 1759 2711; baseline 0.003 -16"><span class='ocrx_word' id='word_1_250' title='bbox 609 2650 641 2677; x_wconf 85' lang='lat'>¹1</span> <span class='ocrx_word' id='word_1_251' title='bbox 663 2651 790 2695; x_wconf 79' lang='lat' dir='ltr'>Dixit</span> <span class='ocrx_word' id='word_1_252' title='bbox 811 2652 931 2695; x_wconf 90' lang='lat' dir='ltr'>enim</span> <span class='ocrx_word' id='word_1_253' title='bbox 952 2652 999 2695; x_wconf 91' lang='lat' dir='ltr'>in</span> <span class='ocrx_word' id='word_1_254' title='bbox 1025 2653 1156 2697; x_wconf 88' lang='lat' dir='ltr'>corde</span> <span class='ocrx_word' id='word_1_255' title='bbox 1181 2668 1259 2697; x_wconf 88' lang='lat' dir='ltr'>suo</span> <span class='ocrx_word' id='word_1_256' title='bbox 1281 2671 1289 2699; x_wconf 94' lang='lat'>:</span> <span class='ocrx_word' id='word_1_257' title='bbox 1317 2654 1492 2699; x_wconf 89' lang='lat' dir='ltr'>Oblitus</span> <span class='ocrx_word' id='word_1_258' title='bbox 1519 2660 1584 2699; x_wconf 90' lang='lat' dir='ltr'>est</span> <span class='ocrx_word' id='word_1_259' title='bbox 1611 2657 1729 2699; x_wconf 93' lang='lat' dir='ltr'>Deus</span> <span class='ocrx_word' id='word_1_260' title='bbox 1750 2674 1759 2711; x_wconf 82' lang='lat'>3</span> 
     </span>
     <span class='ocr_line' id='line_1_53' title="bbox 725 2712 1749 2770; baseline 0.005 -17"><span class='ocrx_word' id='word_1_261' title='bbox 725 2712 889 2754; x_wconf 91' lang='lat' dir='ltr'>avertit</span> <span class='ocrx_word' id='word_1_262' title='bbox 914 2712 1081 2756; x_wconf 79' lang='lat' dir='ltr'>faciem</span> <span class='ocrx_word' id='word_1_263' title='bbox 1106 2728 1251 2770; x_wconf 90' lang='lat' dir='ltr'>suam,</span> <span class='ocrx_word' id='word_1_264' title='bbox 1279 2729 1334 2757; x_wconf 91' lang='lat' dir='ltr'>ne</span> <span class='ocrx_word' id='word_1_265' title='bbox 1358 2715 1511 2757; x_wconf 90' lang='lat' dir='ltr'>videat</span> <span class='ocrx_word' id='word_1_266' title='bbox 1532 2714 1578 2757; x_wconf 88' lang='lat' dir='ltr'>in</span> <span class='ocrx_word' id='word_1_267' title='bbox 1603 2715 1749 2759; x_wconf 89' lang='lat' dir='ltr'>finem.</span> 
     </span>
     <span class='ocr_line' id='line_1_54' title="bbox 610 2770 1813 2831; baseline 0.004 -18"><span class='ocrx_word' id='word_1_268' title='bbox 610 2770 644 2797; x_wconf 66' lang='lat'>¹²⁷</span> <span class='ocrx_word' id='word_1_269' title='bbox 661 2772 862 2827; x_wconf 76' lang='lat' dir='ltr'>Exurge,</span> <span class='ocrx_word' id='word_1_270' title='bbox 891 2772 1081 2816; x_wconf 89' lang='lat' dir='ltr'>Domine</span> <span class='ocrx_word' id='word_1_271' title='bbox 1110 2774 1252 2829; x_wconf 89' lang='lat' dir='ltr'>Deus,</span> <span class='ocrx_word' id='word_1_272' title='bbox 1280 2774 1501 2817; x_wconf 83' lang='lat' dir='ltr'>exaltetur</span> <span class='ocrx_word' id='word_1_273' title='bbox 1526 2789 1682 2817; x_wconf 88' lang='lat' dir='ltr'>manus</span> <span class='ocrx_word' id='word_1_274' title='bbox 1708 2780 1813 2831; x_wconf 86' lang='lat' dir='ltr'>tua;</span> 
     </span>
     <span class='ocr_line' id='line_1_55' title="bbox 725 2830 1360 2891; baseline 0.009 -18"><span class='ocrx_word' id='word_1_275' title='bbox 725 2845 780 2874; x_wconf 90' lang='lat' dir='ltr'>ne</span> <span class='ocrx_word' id='word_1_276' title='bbox 802 2830 1078 2876; x_wconf 86' lang='lat' dir='ltr'>obliviscaris</span> <span class='ocrx_word' id='word_1_277' title='bbox 1100 2848 1360 2891; x_wconf 90' lang='lat' dir='ltr'>pauperum.</span> 
     </span>
     <span class='ocr_line' id='line_1_56' title="bbox 608 2890 1584 2950; baseline 0.006 -18"><span class='ocrx_word' id='word_1_278' title='bbox 608 2890 644 2917; x_wconf 80' lang='grc'>13</span> <span class='ocrx_word' id='word_1_279' title='bbox 662 2891 845 2947; x_wconf 86' lang='lat' dir='ltr'>Propter</span> <span class='ocrx_word' id='word_1_280' title='bbox 870 2891 976 2946; x_wconf 88' lang='lat' dir='ltr'>quid</span> <span class='ocrx_word' id='word_1_281' title='bbox 997 2891 1191 2936; x_wconf 84' lang='lat' dir='ltr'>irritavit</span> <span class='ocrx_word' id='word_1_282' title='bbox 1212 2894 1375 2950; x_wconf 89' lang='lat' dir='ltr'>impius</span> <span class='ocrx_word' id='word_1_283' title='bbox 1401 2896 1547 2938; x_wconf 91' lang='lat' dir='ltr'>Deum</span> <span class='ocrx_word' id='word_1_284' title='bbox 1562 2894 1584 2938; x_wconf 87' lang='lat'><strong>?</strong></span> 
     </span>
     <span class='ocr_line' id='line_1_57' title="bbox 726 2950 1708 3011; baseline 0.006 -19"><span class='ocrx_word' id='word_1_285' title='bbox 726 2950 841 2993; x_wconf 85' lang='lat' dir='ltr'>dixit</span> <span class='ocrx_word' id='word_1_286' title='bbox 866 2951 985 2994; x_wconf 87' lang='lat' dir='ltr'>enim</span> <span class='ocrx_word' id='word_1_287' title='bbox 1008 2951 1055 2994; x_wconf 90' lang='lat' dir='ltr'>in</span> <span class='ocrx_word' id='word_1_288' title='bbox 1081 2953 1212 2996; x_wconf 87' lang='lat' dir='ltr'>corde</span> <span class='ocrx_word' id='word_1_289' title='bbox 1236 2967 1314 2997; x_wconf 82' lang='lat' dir='ltr'>suo</span> <span class='ocrx_word' id='word_1_290' title='bbox 1341 2970 1349 2998; x_wconf 91' lang='lat'><strong>:</strong></span> <span class='ocrx_word' id='word_1_291' title='bbox 1377 2955 1477 2998; x_wconf 91' lang='lat' dir='ltr'>Non</span> <span class='ocrx_word' id='word_1_292' title='bbox 1502 2955 1708 3011; x_wconf 88' lang='lat' dir='ltr'>requiret.</span> 
     </span>
     <span class='ocr_line' id='line_1_58' title="bbox 610 3009 1927 3072; baseline 0.005 -20"><span class='ocrx_word' id='word_1_293' title='bbox 610 3009 643 3036; x_wconf 75' lang='lat'>¹4</span> <span class='ocrx_word' id='word_1_294' title='bbox 660 3010 820 3066; x_wconf 82' lang='lat' dir='ltr'>Vides,</span> <span class='ocrx_word' id='word_1_295' title='bbox 845 3010 1054 3066; x_wconf 89' lang='lat' dir='ltr'>quoniam</span> <span class='ocrx_word' id='word_1_296' title='bbox 1075 3017 1124 3055; x_wconf 90' lang='lat' dir='ltr'>tu</span> <span class='ocrx_word' id='word_1_297' title='bbox 1146 3012 1342 3057; x_wconf 89' lang='lat' dir='ltr'>laborem</span> <span class='ocrx_word' id='word_1_298' title='bbox 1365 3020 1408 3057; x_wconf 91' lang='lat' dir='ltr'>et</span> <span class='ocrx_word' id='word_1_299' title='bbox 1434 3013 1631 3058; x_wconf 90' lang='lat' dir='ltr'>dolorem</span> <span class='ocrx_word' id='word_1_300' title='bbox 1657 3014 1927 3072; x_wconf 86' lang='lat' dir='ltr'>consideras,</span> 
     </span>
     <span class='ocr_line' id='line_1_59' title="bbox 725 3070 1438 3118; baseline 0.008 -7"><span class='ocrx_word' id='word_1_301' title='bbox 725 3075 774 3112; x_wconf 91' lang='lat' dir='ltr'>ut</span> <span class='ocrx_word' id='word_1_302' title='bbox 800 3070 948 3113; x_wconf 85' lang='lat' dir='ltr'>tradas</span> <span class='ocrx_word' id='word_1_303' title='bbox 975 3085 1046 3114; x_wconf 88' lang='lat' dir='ltr'>eos</span> <span class='ocrx_word' id='word_1_304' title='bbox 1069 3071 1115 3114; x_wconf 88' lang='lat' dir='ltr'>in</span> <span class='ocrx_word' id='word_1_305' title='bbox 1141 3087 1299 3116; x_wconf 86' lang='lat' dir='ltr'>manus</span> <span class='ocrx_word' id='word_1_306' title='bbox 1325 3079 1438 3118; x_wconf 89' lang='lat' dir='ltr'>tuas.</span> 
     </span>
     <span class='ocr_line' id='line_1_60' title="bbox 666 3129 1339 3189; baseline 0.006 -17"><span class='ocrx_word' id='word_1_307' title='bbox 666 3129 769 3172; x_wconf 87' lang='lat' dir='ltr'>Tibi</span> <span class='ocrx_word' id='word_1_308' title='bbox 791 3129 1027 3173; x_wconf 87' lang='lat' dir='ltr'>derelictus</span> <span class='ocrx_word' id='word_1_309' title='bbox 1053 3137 1119 3175; x_wconf 91' lang='lat' dir='ltr'>est</span> <span class='ocrx_word' id='word_1_310' title='bbox 1144 3147 1339 3189; x_wconf 81' lang='lat' dir='ltr'>pauper3</span> 
     </span>
     <span class='ocr_line' id='line_1_61' title="bbox 727 3189 1325 3247; baseline 0.008 -17"><span class='ocrx_word' id='word_1_311' title='bbox 727 3189 923 3244; x_wconf 86' lang='lat' dir='ltr'>orphano</span> <span class='ocrx_word' id='word_1_312' title='bbox 948 3196 995 3232; x_wconf 86' lang='lat' dir='ltr'>tu</span> <span class='ocrx_word' id='word_1_313' title='bbox 1022 3191 1107 3233; x_wconf 89' lang='lat' dir='ltr'>eris</span> <span class='ocrx_word' id='word_1_314' title='bbox 1131 3191 1325 3247; x_wconf 86' lang='lat' dir='ltr'>adjutor.</span> 
     </span>
     <span class='ocr_line' id='line_1_62' title="bbox 610 3246 1683 3310; baseline 0.007 -19"><span class='ocrx_word' id='word_1_315' title='bbox 610 3246 644 3273; x_wconf 80' lang='lat'>¹5</span> <span class='ocrx_word' id='word_1_316' title='bbox 662 3248 848 3292; x_wconf 86' lang='lat' dir='ltr'>Contere</span> <span class='ocrx_word' id='word_1_317' title='bbox 871 3249 1102 3293; x_wconf 86' lang='lat' dir='ltr'>brachium</span> <span class='ocrx_word' id='word_1_318' title='bbox 1128 3253 1374 3307; x_wconf 84' lang='lat' dir='ltr'>peccatoris</span> <span class='ocrx_word' id='word_1_319' title='bbox 1400 3259 1445 3297; x_wconf 92' lang='lat' dir='ltr'>et</span> <span class='ocrx_word' id='word_1_320' title='bbox 1466 3254 1653 3310; x_wconf 86' lang='lat' dir='ltr'>maligni</span> <span class='ocrx_word' id='word_1_321' title='bbox 1674 3272 1683 3309; x_wconf 80' lang='lat'><em>3</em></span> 
     </span>
     <span class='ocr_line' id='line_1_63' title="bbox 726 3311 1834 3369; baseline 0.01 -20"><span class='ocrx_word' id='word_1_322' title='bbox 726 3314 945 3363; x_wconf 82' lang='lat' dir='ltr'>quaeretur</span> <span class='ocrx_word' id='word_1_323' title='bbox 965 3315 1200 3365; x_wconf 86' lang='lat' dir='ltr'>peccatum</span> <span class='ocrx_word' id='word_1_324' title='bbox 1222 3311 1362 3369; x_wconf 90' lang='lat' dir='ltr'>illius,</span> <span class='ocrx_word' id='word_1_325' title='bbox 1387 3318 1431 3356; x_wconf 90' lang='lat' dir='ltr'>et</span> <span class='ocrx_word' id='word_1_326' title='bbox 1455 3329 1543 3358; x_wconf 90' lang='lat' dir='ltr'>non</span> <span class='ocrx_word' id='word_1_327' title='bbox 1567 3314 1834 3361; x_wconf 84' lang='lat' dir='ltr'>invenietur.</span> 
     </span>
     <span class='ocr_line' id='line_1_64' title="bbox 608 3365 2033 3432; baseline 0.008 -24"><span class='ocrx_word' id='word_1_328' title='bbox 608 3365 644 3393; x_wconf 76' lang='lat'>¹⁶</span> <span class='ocrx_word' id='word_1_329' title='bbox 663 3367 879 3410; x_wconf 88' lang='lat' dir='ltr'>Dominus</span> <span class='ocrx_word' id='word_1_330' title='bbox 903 3369 1111 3424; x_wconf 86' lang='lat' dir='ltr'>regnabit</span> <span class='ocrx_word' id='word_1_331' title='bbox 1134 3370 1180 3413; x_wconf 87' lang='lat' dir='ltr'>in</span> <span class='ocrx_word' id='word_1_332' title='bbox 1207 3379 1442 3429; x_wconf 86' lang='lat' dir='ltr'>aeternum,</span> <span class='ocrx_word' id='word_1_333' title='bbox 1470 3380 1513 3417; x_wconf 89' lang='lat' dir='ltr'>et</span> <span class='ocrx_word' id='word_1_334' title='bbox 1536 3373 1583 3416; x_wconf 90' lang='lat' dir='ltr'>in</span> <span class='ocrx_word' id='word_1_335' title='bbox 1609 3374 1825 3418; x_wconf 75' lang='lat' dir='ltr'>saeculum</span> <span class='ocrx_word' id='word_1_336' title='bbox 1850 3375 2033 3432; x_wconf 81' lang='lat' dir='ltr'>saeouli3</span> 
     </span>
     <span class='ocr_line' id='line_1_65' title="bbox 726 3426 1525 3487; baseline 0.008 -17"><span class='ocrx_word' id='word_1_337' title='bbox 726 3426 948 3484; x_wconf 89' lang='lat' dir='ltr'>peribitis,</span> <span class='ocrx_word' id='word_1_338' title='bbox 975 3436 1150 3487; x_wconf 80' lang='lat' dir='ltr'>genteS,</span> <span class='ocrx_word' id='word_1_339' title='bbox 1179 3433 1233 3476; x_wconf 92' lang='lat' dir='ltr'>de</span> <span class='ocrx_word' id='word_1_340' title='bbox 1254 3438 1370 3476; x_wconf 89' lang='lat' dir='ltr'>terra</span> <span class='ocrx_word' id='word_1_341' title='bbox 1392 3433 1525 3476; x_wconf 86' lang='lat' dir='ltr'>illius.</span> 
     </span>
     <span class='ocr_line' id='line_1_66' title="bbox 608 3485 1738 3549; baseline 0.006 -20"><span class='ocrx_word' id='word_1_342' title='bbox 608 3485 642 3512; x_wconf 79' lang='lat'>&#39;¹⁷</span> <span class='ocrx_word' id='word_1_343' title='bbox 663 3486 942 3530; x_wconf 90' lang='lat' dir='ltr'>Desiderium</span> <span class='ocrx_word' id='word_1_344' title='bbox 967 3503 1212 3546; x_wconf 84' lang='lat' dir='ltr'>pauperum</span> <span class='ocrx_word' id='word_1_345' title='bbox 1237 3491 1467 3535; x_wconf 86' lang='lat' dir='ltr'>exaudivit</span> <span class='ocrx_word' id='word_1_346' title='bbox 1494 3492 1738 3549; x_wconf 83' lang='lat' dir='ltr'>Dominus3</span> 
     </span>
    </p>
   </div>
   <div class='ocr_carea' id='block_1_11' title="bbox 432 3634 968 3669">
    <p class='ocr_par' dir='ltr' id='par_1_17' title="bbox 432 3634 968 3669">
     <span class='ocr_line' id='line_1_67' title="bbox 432 3634 968 3669; baseline -0.004 -7"><span class='ocrx_word' id='word_1_347' title='bbox 432 3634 459 3668; x_wconf 75' lang='lat'>7]</span> <span class='ocrx_word' id='word_1_348' title='bbox 477 3634 530 3663; x_wconf 79' lang='lat' dir='ltr'>Ps.</span> <span class='ocrx_word' id='word_1_349' title='bbox 547 3634 653 3669; x_wconf 81' lang='lat' dir='ltr'>XIII,</span> <span class='ocrx_word' id='word_1_350' title='bbox 672 3637 698 3663; x_wconf 86' lang='lat'>3.</span> <span class='ocrx_word' id='word_1_351' title='bbox 721 3635 815 3662; x_wconf 84' lang='lat' dir='ltr'>Rom.</span> <span class='ocrx_word' id='word_1_352' title='bbox 837 3634 904 3663; x_wconf 79' lang='grc' dir='ltr'><strong>ΙΙΙ,</strong></span> <span class='ocrx_word' id='word_1_353' title='bbox 927 3635 968 3660; x_wconf 77' lang='grc'>14.</span> 
     </span>
    </p>
   </div>
  </div>
 </body>
</html>
