2456 3861
80 1138 216 1167 Divitiae

53 1182 217 1211 Salomoni
224 1189 249 1213 5,

101 2205 213 2239 Ipsius

52 2250 213 2284 majestas
227 2252 261 2277 et

77 2299 240 2327 potestas.

75 2980 252 3009 Conclusio

88 3023 241 3052 historiae

69 3068 264 3096 Salomonis.

329 124 413 167 416
997 121 1046 163 Π
1081 121 1192 163 PAR.
1227 121 1316 176 IX,
1352 123 1485 164 8-31.

331 300 375 337 et.
404 292 522 335 beati
557 291 671 333 servi
702 290 787 344 tui,
820 290 892 345 qui
919 290 1133 333 assistunt
1162 305 1310 334 coram
1335 298 1378 334 te
1409 292 1529 336 omni
1560 297 1781 348 tempore,
1808 296 1852 334 et
1875 292 2064 337 audiunt
2088 309 2161 338 sa-

330 351 545 408 pientiam
570 355 712 392 tuam.
757 349 773 375 ὃ
793 348 857 392 Sit
885 349 1101 392 Dominus
1125 351 1245 393 Deus
1266 355 1365 393 tuus
1391 351 1673 406 benedictus,
1704 351 1778 406 qui
1808 351 1949 394 Voluit
1976 357 2021 395 te
2046 354 2162 397 ordi-

331 424 434 452 nare
471 423 600 465 super
635 409 845 452 thronum
881 423 1028 464 suum,
1063 423 1214 464 regem
1250 410 1429 453 Domini
1469 410 1551 454 Dei
1585 411 1663 454 tui.
1702 409 1814 459 Quia
1851 410 2001 466 diligit
2042 413 2165 456 Deus

332 468 491 523 Israel,
530 473 574 511 et
606 468 704 510 vult
734 482 908 512 servare
943 482 1042 510 eum
1079 467 1126 510 in
1160 473 1393 525 aeternum,
1432 470 1597 512 idcirco
1631 469 1777 525 posuit·
1813 474 1858 513 te
1893 484 2025 527 super
2061 485 2164 515 eum

331 542 499 583 regem,
539 533 587 570 ut.
627 526 771 570 facias
806 527 977 583 judicia
1013 532 1146 583 atque
1186 527 1419 584 justitiam.
1455 529 1472 555 9
1500 529 1635 572 Dedit
1667 534 1818 572 autem
1849 529 1946 585 regi
1982 535 2165 574 centum

331 587 493 642 viginti
516 587 687 629 talenta
710 586 826 641 atu-i,
856 592 899 629 et
923 592 1125 630 aromata
1149 587 1291 630 multa
1321 588 1473 643 nimis,
1505 594 1548 631 et
1576 602 1775 644 gemmas
1806 588 2163 644 pretiosissimas.

332 647 433 689 Non
458 646 640 688 fuerunt
661 651 862 688 aromata
883 645 992 690 talia
1013 652 1062 689 ut
1086 646 1196 702 haec,
1220 661 1317 702 quae
1345 647 1468 691 dedit
1490 648 1646 703 regina
1670 648 1785 691 Saba
1806 647 1901 703 regi
1923 648 2165 694 Salomoni.

333 705 368 732 '1⁰
386 705 470 749 Sed
497 710 541 748 et
569 705 686 747 servi
712 705 873 748 Hiram
897 719 997 749 cum
1023 706 1160 749 servis
1191 706 1438 750 Salomonis
1467 708 1713 750 attulerunt
1739 721 1897 749 aurum
1924 707 1980 750 de
2011 709 2162 765 Ophir⁷

333 769 376 808 et
404 764 529 820 ligna
562 764 738 820 thyina,
777 769 821 807 et
853 779 1054 820 gemmas
1087 765 1454 821 pretiosissimas3
1496 766 1528 791 ‘¹¹
1562 766 1614 809 de
1644 767 1803 822 quibus
1836 767 1950 809 fecit
1976 781 2076 822 rex,
2110 768 2166 811 de

332 824 467 880 lignis
492 823 664 867 scilicet
689 824 878 880 thyinis,
906 824 1068 880 gradus
1093 824 1139 866 in
1163 825 1292 867 domo
1319 825 1521 881 Domini,
1552 832 1596 869 et
1621 826 1666 868 in
1699 826 1829 869 domo
1852 825 1997 882 regia,
2023 826 2166 869 citha-

331 897 402 926 ras
436 897 626 938 quoque,
658 889 704 927 et
733 883 943 939 psalteria
997 883 1265 928 cantoribus.
1301 885 1540 939 Nunquam
1567 885 1662 928 visa
1695 891 1797 928 sunt
1830 886 1875 928 in
1902 891 2018 928 terra
2046 886 2169 929 Juda

332 942 458 998 ligna
485 942 608 986 talia.
641 941 676 968 1⁹2
696 943 790 985 Rex
816 947 965 985 autem
990 943 1196 987 Salomon
1221 943 1345 987 dedit
1370 943 1538 999 reginae
1567 944 1681 988 Saba
1710 951 1867 987 cuncta
1892 959 1989 1000 quae
2012 945 2169 1000 voluit,

334 1006 378 1045 et
400 1016 499 1057 quae
526 1002 788 1058 postulavit,
816 1007 860 1044 et
885 1001 1026 1044 multo
1052 1001 1178 1061 plura
1206 1016 1338 1057 quam
1361 1002 1573 1046 attulerat.
1601 1004 1659 1046 ad
1690 1018 1790 1046 eum
1812 1022 1821 1059 3
1850 1019 1947 1060 quae
1970 1019 2169 1060 reversa,

333 1061 445 1104 abiit
467 1061 512 1104 in
534 1067 696 1104 terram
722 1075 847 1103 suam
874 1075 973 1103 cum
996 1061 1133 1103 servis
1155 1061 1257 1103 suis.

394 1120 429 1146 ¹3
459 1122 565 1163 Erat
600 1125 749 1162 autem
783 1119 954 1175 pondus
991 1120 1085 1162 auri
1120 1119 1235 1174 quod
1275 1119 1548 1162 afferebatur
1591 1121 1817 1164 Salomoni
1858 1136 1935 1177 per
1971 1123 2173 1178 singul-os

339 1192 500 1233 annos,
526 1185 737 1221 sexcenta
766 1181 1003 1234 sexaginta
1030 1193 1109 1221 sex
1134 1179 1305 1221 talenta
1335 1179 1451 1233 auri,
1490 1180 1523 1205 Η
1542 1185 1729 1235 excepta
1757 1194 1807 1222 ea
1833 1194 2008 1223 summa
2034 1195 2168 1236 quam

339 1237 476 1292 legati
495 1237 770 1281 diversarum
787 1237 1004 1294 gentium,
1017 1243 1060 1281 et
1078 1237 1378 1293 negotiatores
1395 1238 1557 1282 afferre
1576 1244 1914 1294 consueverant,
1926 1253 2170 1294 omnesque

337 1311 463 1352 reges
486 1297 678 1345 Arabiae,
704 1304 747 1340 et
766 1303 957 1354 satrapae
983 1304 1214 1353 terrarum,
1234 1299 1308 1354 qui
1328 1299 1669 1355 comportabant
1689 1313 1848 1340 aurum
1866 1304 1911 1341 et
1930 1303 2171 1354 argentum

336 1355 574 1400 Salomoni.
609 1355 644 1381 15
662 1355 789 1398 Fecit
815 1355 950 1410 igitur
974 1369 1053 1397 rex
1079 1354 1285 1398 Salomon
1318 1355 1530 1398 ducentas
1561 1356 1712 1398 hastas
1738 1371 1893 1399 aureas
1920 1357 1973 1399 de
1998 1371 2172 1399 summa

334 1420 645 1459 sexcentorum
667 1428 911 1468 aureorum,
940 1414 1013 1469 qui
1043 1415 1091 1456 in
1114 1413 1304 1470 singulis
1325 1415 1465 1457 hastis
1488 1415 1882 1472 expendebantur3
1914 1416 1948 1443 ¹6
1973 1421 2174 1458 trecenta

336 1489 506 1531 quoque
541 1480 666 1517 scuta
702 1487 835 1516 aurea
869 1479 1167 1516 trecentorum
1205 1488 1457 1530 aureorum,
1499 1475 1657 1530 quibus
1694 1475 1961 1531 tegebantur
1998 1475 2178 1531 singula

337 1539 492 1588 scuta3
528 1533 760 1590 posuitque
795 1547 845 1576 ea
879 1547 958 1575 rex
986 1532 1032 1575 in
1066 1532 1412 1575 armamentario
1446 1534 1562 1589 quod
1598 1539 1692 1577 erat
1726 1535 1946 1578 consitum
1979 1549 2173 1580 nemore.

341 1593 370 1619 ¹7
401 1593 525 1636 Fecit
559 1606 730 1648 quoque
766 1606 844 1635 rex
890 1591 1049 1634 solium
1089 1591 1330 1635 eburneum
1377 1593 1567 1649 grande,
1611 1598 1655 1636 et
1694 1594 1879 1637 vestivit
1919 1594 2032 1637 illud
2069 1607 2177 1637 auro

338 1652 641 1696 mundissimo.
677 1651 711 1677 ¹3
732 1651 820 1694 Sex
854 1665 1022 1707 quoque
1057 1651 1220 1706 gradus
1255 1651 1412 1706 quibus
1450 1653 1774 1696 ascendebatur
1813 1653 1870 1696 ad
1907 1653 2089 1708 solium,
2131 1658 2176 1696 et

338 1711 582 1755 scabellum
607 1724 808 1763 aureum,
836 1716 880 1753 et
910 1710 1137 1753 brachiola
1169 1710 1254 1753 duo
1307 1711 1590 1768 altrinsecus,
1628 1717 1673 1755 et
1698 1712 1806 1755 duos
1831 1713 1980 1756 leones
2006 1717 2177 1756 stantes

338 1771 467 1828 juxta
502 1769 749 1825 brachiola,
790 1769 824 1794 '19
846 1769 923 1812 sed
960 1776 1004 1812 et
1041 1769 1152 1813 alios
1191 1769 1425 1813 duodecim
1463 1771 1690 1815 leunculos
1727 1776 1896 1814 stantes
1933 1785 2062 1829 super
2096 1785 2177 1814 sex

339 1830 500 1886 gradus
540 1844 595 1872 ex
635 1834 819 1884 utraque
860 1834 1014 1884 parte3
1059 1843 1146 1871 non
1184 1829 1274 1872 fuit
1314 1830 1403 1872 tale
1450 1830 1610 1874 solium
1654 1831 1701 1874 in
1747 1831 1966 1873 universis
2011 1830 2174 1886 regnis.

340 1889 376 1916 ‘20
395 1888 553 1933 Omnia
588 1903 758 1944 quoque
792 1902 899 1930 vasa
929 1887 1123 1930 convivii
1153 1888 1270 1943 regis
1300 1893 1427 1930 erant
1456 1903 1610 1945 aurea,
1643 1896 1686 1932 et
1711 1904 1817 1933 vasa
1847 1890 2004 1933 domus
2037 1890 2178 1933 saltus

340 1949 501 1992 Libani
524 1963 578 1991 ex
600 1962 705 1990 auro
727 1947 990 2003 purissimo:
1020 1952 1253 2002 fingentum
1276 1947 1395 1990 enim
1417 1947 1462 1990 in
1490 1948 1644 1991 diebus
1669 1949 1759 1991 illis
1781 1963 1858 2005 pro
1884 1948 2026 1992 nihilo
2050 1963 2179 2005 repu-

340 2008 545 2060 tabatur3
583 2006 615 2032 '2¹
643 2007 862 2062 siquidem
895 2020 1031 2050 naves
1064 2005 1181 2061 regis
1218 2006 1345 2050 ibant
1382 2006 1428 2050 in
1465 2008 1646 2051 Tharsis
1680 2023 1781 2050 cum
1817 2008 1956 2051 servis
1995 2007 2179 2064 Hiram,

341 2067 476 2110 semel
505 2067 550 2109 in
584 2066 712 2108 annis
746 2065 886 2108 tribus
908 2083 916 2120 3
952 2070 996 2108 et
1030 2065 1294 2109 deferebant
1324 2066 1426 2109 inde
1451 2081 1607 2110 aurum
1634 2073 1678 2110 et
1700 2072 1958 2123 argentum,
1984 2071 2030 2110 et
2055 2067 2179 2123 ebur,

341 2131 385 2169 et
406 2126 577 2181 simias,
603 2130 646 2168 et
667 2139 816 2181 pavos

400 2184 436 2211 ‘22
454 2184 768 2241 Magnificatus
793 2189 858 2227 est
884 2184 1021 2240 igitur
1049 2184 1256 2228 Salomon
1277 2200 1406 2243 super
1425 2201 1578 2231 omnes
1595 2201 1722 2242 reges
1740 2192 1869 2230 terrae
1886 2202 1980 2243 prae
2007 2185 2183 2230 divitiis

343 2252 385 2289 et
410 2244 578 2301 gloria3
607 2242 644 2270 23
662 2257 900 2299 omnesque
925 2258 1053 2299 reges
1080 2249 1296 2288 terrarum
1328 2246 1642 2288 desiderabant
1675 2246 1826 2289 videre
1855 2246 2024 2289 faciem
2057 2246 2179 2290 Salo—

343 2304 504 2359 monis,
536 2309 584 2346 ut
612 2303 819 2346 audirent
851 2303 1119 2359 sapientiam
1154 2318 1285 2359 quam
1322 2305 1503 2348 dederat
1535 2307 1654 2348 Deus
1683 2306 1731 2348 in
1761 2306 1891 2349 corde
1926 2305 2053 2362 ejus3
2080 2304 2119 2332 24
2135 2310 2182 2349 et

343 2363 607 2408 deferebant
643 2362 684 2405 ei
716 2377 920 2418 munera,
961 2377 1069 2406 vasa
1101 2369 1314 2418 argentea
1349 2371 1393 2408 et
1425 2379 1580 2421 aurea,
1610 2370 1655 2408 et
1683 2370 1829 2408 vestes
1841 2379 1856 2421 ‚·
1886 2370 1930 2408 et
1962 2379 2108 2420 arma,
2134 2369 2182 2407 et

343 2433 561 2477 aromata,
597 2436 748 2477 equos,
781 2427 825 2464 et
850 2422 993 2464 mulos
1022 2436 1098 2478 per
1127 2422 1325 2478 singulos
1347 2438 1500 2467 annos.
1524 2423 1560 2451 25
1580 2424 1755 2467 Habuit
1775 2438 1946 2479 quoque
1969 2423 2182 2467 Salomon

344 2482 640 2538 quadraginta
665 2481 808 2523 millia
833 2495 1044 2536 equorum
1074 2481 1119 2523 in
1149 2482 1356 2539 stabulis,
1389 2489 1433 2526 et
1466 2498 1671 2526 curruum
1697 2484 1980 2539 equitumque
2016 2483 2179 2526 duode-

344 2542 432 2584 cim
454 2541 624 2596 millia3
653 2540 968 2596 constituitque
995 2555 1069 2583 eos
1095 2541 1140 2583 in
1163 2541 1346 2585 urbibus
1369 2543 1705 2599 quadrigarum,
1733 2547 1776 2585 et
1804 2542 1881 2584 ubi
1911 2547 2006 2585 erat
2029 2556 2106 2585 rex
2132 2541 2178 2584 in

345 2600 607 2644 Jerusalem.
639 2599 675 2626 ⁵26
694 2600 905 2642 Exercuit
934 2600 1070 2642 etiam
1103 2606 1371 2657 potestatem
1406 2617 1536 2659 super
1569 2607 1751 2645 cunctos
1779 2615 1905 2657 reges
1937 2616 1964 2643 a
1996 2600 2180 2644 flumine

345 2660 571 2716 Euphrate
624 2674 760 2715 usque
809 2659 866 2702 ad
921 2664 1085 2702 terram
1142 2660 1532 2719 Philisthinorum,
1589 2667 1632 2705 et
1681 2675 1817 2716 usque
1861 2661 1918 2704 ad
1966 2660 2179 2704 terminos

345 2719 549 2776 AEgypti.
600 2717 635 2744 2⁷
665 2719 945 2774 Tantamque
993 2719 1168 2776 copiam
1212 2720 1404 2776 praebuit
1443 2721 1618 2778 argenti
1665 2721 1712 2763 in
1758 2720 2007 2764 Jerusalem
2051 2719 2179 2776 quasi

346 2778 567 2836 lapidum,
591 2784 635 2822 et
660 2779 890 2823 cedrorum
923 2785 1098 2825 tantam
1129 2779 1465 2823 multitudinem
1491 2779 1615 2824 velut
1643 2792 1973 2837 sycomororum
1995 2792 2093 2837 quae
2117 2777 2190 2836 gi·

348 2844 542 2895 gnuntur
573 2838 621 2881 in
653 2839 988 2896 campestribus,
1027 2839 1065 2866 ‘¹³⁸
1095 2840 1446 2886 Adducebantur
1479 2848 1629 2887 autem
1669 2841 1710 2885 ei
1746 2840 1845 2897 equi
1884 2842 1938 2884 de
1977 2842 2179 2898 AEgypto

348 2898 604 2954 cunctisque
628 2898 895 2954 regionibus.

407 2955 444 2982 29
463 2957 650 3013 Reliqua
674 2962 825 3000 autem
851 2972 1033 3015 operum
1056 2960 1317 3017 Salomonis,
1343 2962 1539 3020 priorum
1564 2966 1609 3005 et
1634 2961 1989 3016 novissimorum,
2012 2959 2180 3016 scripta

348 3021 451 3059 sunt
480 3015 525 3057 in
554 3016 701 3059 verbis
727 3017 908 3060 Nathan
940 3019 1192 3076 prophetae,
1227 3026 1271 3064 et
1302 3021 1349 3064 in
1378 3021 1503 3064 libris
1529 3020 1660 3064 Ahiae
1684 3019 1902 3075 Silonitis,
1931 3019 1979 3062 in
2008 3017 2180 3062 visione

349 3089 518 3132 quoque
566 3075 696 3118 Addo
730 3074 960 3131 videntis,
1006 3084 1159 3121 contra
1201 3080 1462 3137 Jeroboam,
1503 3080 1645 3124 filium
1684 3079 1849 3123 Nabat.
1885 3077 1924 3105 3⁰
1957 3077 2187 3134 Regnavit.

349 3139 498 3178 autem
532 3133 740 3177 Salomon
776 3133 822 3175 in
859 3135 1110 3179 Jerusalem
1143 3152 1274 3195 super
1306 3154 1484 3183 omnem
1518 3139 1656 3184 Israel
1689 3137 1988 3196 quadraginta
2019 3135 2178 3192 annis;

350 3193 384 3220 3¹
405 3192 701 3250 dormivitque
726 3207 827 3235 curn
849 3194 1049 3250 patribus
1075 3197 1184 3252 suis,
1217 3203 1262 3241 et
1286 3199 1556 3256 sepelierunt
1585 3211 1687 3242 eum
1710 3198 1758 3241 in
1791 3196 1974 3241 civitate
2000 3194 2183 3252 David;

349 3252 642 3311 regnavitque
668 3251 888 3308 Roboam‚
914 3252 1031 3296 filius
1056 3254 1174 3311 ejus,
1196 3270 1274 3312 pro
1298 3271 1362 3303 eo,
