2456 3861
710 179 856 222 DEUT.
889 178 980 233 XI,
1014 178 1069 222 25
1102 204 1160 210 —
1190 179 1303 234 XII,
1343 179 1406 222 15.
1889 180 1971 222 173

152 349 389 395 calcaverit
411 363 485 405 pes
508 354 662 403 vester,
682 354 825 392 vester
846 348 940 392 erit.
965 349 1003 390 A
1027 348 1218 403 deserto,
1241 353 1283 391 et
1304 362 1330 390 a
1354 348 1544 403 Libano,
1563 362 1589 390 a
1611 347 1792 391 flumine
1810 362 1971 403 magno

152 409 377 465 Euphrate
398 422 535 463 usque
555 407 612 450 ad
636 421 754 450 mare
780 406 1053 450 occidentale
1076 412 1202 449 erunt
1225 407 1400 449 termini
1426 406 1571 450 vestri.
1598 405 1634 433 95
1655 406 1814 449 Ν1111110
1836 406 1972 448 stabit

151 473 302 511 contra
324 481 425 520 vos3
451 472 658 509 terrorem
680 471 875 508 vestrum
905 472 947 508 et
976 465 1262 508 formidinem
1292 465 1416 508 dabit
1446 465 1661 508 Dominus
1690 466 1807 508 Deus
1829 471 1974 508 vester

150 540 279 582 super
300 539 476 568 omnem
505 530 666 568 terram
693 539 824 580 quam
855 524 1066 566 calcaturi
1096 524 1220 579 estis,
1251 523 1366 566 sicut
1395 524 1566 567 locutus
1596 529 1661 568 est
1685 523 1822 566 vobis.
1846 522 1882 550 96
1905 524 1972 566 En

181 598 343 640 ropono
386 584 432 626 in
478 588 714 639 conspectu
757 588 900 625 vestro
939 581 1068 625 hodie
1105 582 1458 626 benedictionem
1496 588 1538 626 et
1576 582 1972 626 maledictionem:

150 642 185 669 '⁷
209 642 587 696 benedictionem,
621 641 657 683 si
693 640 946 683 obedieritis
979 640 1201 682 mandatis
1236 641 1415 683 Domini
1452 641 1532 685 Dei
1566 641 1720 696 vestri,
1756 655 1853 697 quae
1891 655 1973 697 ego

150 702 280 744 hodie
321 700 529 757 praecipio
566 699 723 751 vobis;
763 698 798 724 2⁸
828 698 1212 754 maledictionem,
1252 699 1289 740 si
1331 713 1417 742 non
1455 700 1709 743 obedieritis
1751 699 1972 743 mandatis

152 760 330 804 Domini
355 759 436 802 Dei
458 758 612 813 vestri,
639 757 715 800 sed
737 756 1003 799 recesseritis
1027 756 1080 799 de
1101 757 1194 811 via,
1219 771 1351 812 quam
1374 771 1454 812 ego
1482 772 1598 801 nunc
1620 759 1803 802 ostendo
1825 758 1970 814 vobis,

149 825 192 862 et
212 817 547 861 ambulaveritis
569 821 668 872 post
689 815 792 858 deos
814 815 1002 868 alienos,
1027 829 1133 870 quos
1154 815 1384 870 ignoratis.

207 876 244 903 99
269 877 381 920 Cum
414 888 517 918 vero
548 874 842 917 introduxerit
880 879 922 916 te
956 873 1173 916 Dominus
1205 875 1323 916 Deus
1357 879 1457 916 tuus
1487 875 1532 917 in
1564 880 1726 918 terram
1754 876 1811 919 ad
1841 890 1974 932 quam

149 935 294 992 pergis
316 933 628 987 habitandam,
660 946 794 990 pones
824 931 1179 975 benedictionem
1208 946 1338 988 super
1369 938 1565 976 montem
1591 935 1808 990 Garizim,
1839 935 1972 978 male-

149 994 391 1036 dictionem
418 1006 548 1048 super
577 997 772 1034 montem
804 990 1032 1046 Ηο1101,30
1050 990 1123 1046 qui
1152 996 1256 1033 sunt
1288 996 1408 1033 trans
1435 992 1697 1047 Jordanem,
1728 999 1826 1049 post
1855 993 1975 1035 viam

149 1067 247 1108 quae
271 1052 414 1108 vergit
442 1051 499 1094 ad
525 1051 630 1093 solis
660 1050 935 1104 occubitum,
966 1050 1012 1092 in
1043 1055 1157 1092 terra
1187 1049 1452 1105 Chananaei,
1476 1050 1549 1105 qui
1583 1051 1757 1094 habitat
1785 1052 1831 1094 in
1858 1065 1975 1094 cam-

149 1110 366 1168 pestribus
397 1116 549 1153 contra
579 1109 838 1165 Galgalam,
874 1123 972 1164 quae
1002 1114 1067 1152 est
1096 1108 1224 1164 juxta
1255 1108 1419 1151 vallem
1447 1109 1705 1153 tendentem
1734 1115 1777 1153 et
1808 1110 1975 1152 intran-

149 1176 238 1213 tem
272 1169 438 1226 procul.
473 1168 506 1195 3¹
530 1169 621 1211 Vos
659 1168 778 1212 enim
817 1167 1063 1210 transibitis
1101 1168 1364 1222 Jordanem,
1405 1173 1453 1210 ut
1489 1168 1751 1224 possideatis
1789 1174 1974 1223 terram,

149 1243 282 1285 quam
304 1228 521 1271 Dominus
545 1228 664 1270 Deus
685 1232 830 1270 vester
853 1226 1034 1269 daturus
1064 1231 1130 1269 est
1152 1226 1302 1281 vobis,
1334 1231 1382 1268 ut
1411 1226 1613 1271 habeatis
1643 1233 1686 1271 et
1715 1227 1976 1284 possideatis

148 1288 286 1331 illam.

207 1345 244 1372 39
262 1346 423 1390 Videte
453 1360 556 1402 ergo
586 1351 636 1389 ut
666 1345 890 1402 impleatis
914 1345 1183 1389 ceremonias
1217 1350 1349 1401 atque
1382 1345 1572 1401 judicia,
1605 1360 1702 1402 (11100
1733 1360 1814 1402 ego
1848 1344 1979 1388 hodie

150 1419 312 1462 ponam
332 1405 379 1447 in
405 1409 642 1461 conspectu
665 1410 825 1447 vestro.
1613 1406 1617 1410 '

611 1531 811 1574 8110110
854 1532 1016 1574 11.-
1056 1533 1315 1574 EPITOME
1356 1544 1514 1575 111010

761 1647 785 1704 ξ
819 1647 855 1690 Ι.
888 1673 948 1679 -—
977 1648 1066 1691 Jus
1096 1648 1363 1704 religiosum.

209 1756 316 1800 CAP.
342 1755 451 1799 XII.
471 1781 527 1788 —
545 1754 559 1780 ¹
577 1755 690 1797 Haec
711 1760 814 1797 sunt
836 1761 1058 1812 praecepta
1081 1761 1213 1812 atque
1234 1756 1425 1812 judicia,
1447 1770 1545 1812 quae
1569 1756 1718 1800 facere
1742 1756 1911 1800 debetis
1932 1756 1979 1800 in

149 1821 286 1871 terra,
318 1829 452 1871 quam
478 1813 695 1857 Dominus
719 1815 838 1857 Deus
861 1820 1037 1871 patrum
1059 1820 1235 1858 tuorum
1257 1815 1439 1858 daturus
1462 1820 1528 1858 est
1551 1815 1654 1872 tibi,
1683 1820 1732 1858 ut
1754 1816 1978 1872 possideas

150 1889 247 1918 eam
273 1873 443 1917 cunctis
470 1873 625 1916 diebus
648 1872 806 1929 quibus
829 1888 959 1930 super
978 1875 1165 1916 humum
1186 1874 1414 1930 gradieris.

207 1932 225 1958 9
247 1932 498 1977 Subvertite
527 1932 675 1976 omnia
705 1932 822 1988 loca,
852 1933 899 1975 in
929 1933 1087 1989 quibus
1122 1934 1352 1977 coluerunt
1385 1939 1564 1990 gentes,
1596 1949 1703 1990 quas
1737 1935 1977 1992 possessuri

149 1993 274 2048 estis,
298 1992 401 2036 deos
422 2005 522 2035 suos
544 2006 674 2048 super
695 1998 865 2035 montes
889 1992 1108 2049 excelsos,
1139 1998 1182 2036 et
1208 1993 1363 2049 colles,
1394 1998 1437 2036 et
1466 1993 1617 2037 subter
1646 2008 1775 2037 omne
1805 1994 1979 2051 lignum

149 2052 423 2095 frondosum.
458 2051 476 2077 3
506 2050 730 2107 Dissipate
762 2066 860 2094 aras
893 2066 1064 2108 eorum,
1099 2057 1142 2095 et
1180 2052 1451 2108 confringite
1487 2058 1676 2109 statuas,
1716 2053 1838 2096 lucos
1873 2054 1978 2109 igne

149 2110 415 2166 comburite,
439 2115 482 2153 et
509 2109 630 2153 idola
653 2110 964 2165 comminuite3
997 2111 1238 2168 disperdite
1266 2112 1447 2154 nomina
1477 2126 1627 2156 00111111
1653 2112 1707 2155 (10
1736 2112 1844 2156 10010
1873 2113 1976 2156 11110.

208 2169 225 2196 4
243 2170 344 2213 Non
372 2169 551 2212 facietis
579 2169 643 2211 ita
674 2169 864 2213 Domino
896 2171 989 2214 Deo
1015 2176 1185 2226 vestr03
1210 2171 1226 2197 5
1244 2170 1320 2214 sed
1348 2170 1406 2213 ad
1436 2171 1602 2227 locum,
1634 2185 1765 2227 quem
1795 2172 1977 2228 elegerit

151 2229 367 2273 Dominus
399 2230 519 2271 Deus
541 2233 686 2271 vester
707 2228 761 2272 de
790 2229 961 2272 cunctis
991 2229 1192 2273 tribubus
1216 2229 1392 2285 vestriS,
1416 2236 1464 2273 ut
1494 2236 1629 2287 ponat
1659 2245 1819 2274 nomen
1849 2245 1977 2274 suum

148 2288 232 2343 ibi,
256 2292 299 2331 et
319 2287 492 2330 habitet
509 2287 555 2329 in
578 2301 648 2343 eo,
670 2287 883 2343 venietis;
908 2289 926 2315 ⁶
944 2293 986 2332 et
1009 2288 1204 2332 offeretis
1224 2290 1272 2332 in
1292 2289 1389 2332 loco
1410 2290 1487 2333 illo
1510 2290 1768 2333 holocausta
1790 2296 1832 2333 et
1850 2290 1978 2333 victi-

150 2362 243 2390 mas
277 2351 468 2402 vestras,
508 2347 704 2389 decimas
741 2351 784 2389 et
819 2347 1039 2404 primitias
1076 2362 1290 2391 manuum
1326 2354 1593 2405 vestrarum,
1633 2355 1675 2392 et
1707 2355 1810 2392 vota
1846 2355 1978 2405 atque

150 2406 352 2462 donaria,
386 2405 682 2462 primogenita
716 2405 850 2449 boum
885 2411 928 2449 01
965 2406 1128 2450 ovium.
1163 2406 1178 2433 7
1202 2409 1259 2450 Et
1292 2408 1532 2451 comedetis
1565 2409 1627 2451 ibi
1659 2409 1706 2451 in
1741 2414 1977 2465 conspectu

151 2465 331 2509 Domini
355 2464 436 2508 Dei
459 2465 615 2520 vestri,
641 2479 693 2508 ac
723 2465 989 2508 laetabimini
1017 2466 1063 2508 in
1095 2467 1286 2522 cunctis,
1317 2467 1375 2510 ad
1404 2481 1502 2523 quae
1532 2467 1741 2511 miseritis
1774 2481 1976 2523 manum,

149 2539 227 2568 vos
248 2529 292 2568 et
313 2524 469 2567 domus
495 2529 675 2580 vestrae,
701 2524 748 2567 in
778 2524 936 2580 quibus
967 2525 1243 2569 benedixerit
1272 2526 1398 2569 vobis
1431 2526 1647 2569 Dominus
1680 2527 1798 2569 Deus
1819 2531 1976 2570 vester.

150 2584 167 2611 8
185 2585 285 2628 Non
309 2582 488 2627 facietis
512 2582 575 2626 ibi
602 2598 700 2639 quae
730 2598 808 2627 nos
841 2583 912 2626 hic
946 2584 1139 2627 facimus
1168 2585 1320 2641 hodie,
1350 2585 1516 2641 singuli
1546 2585 1661 2641 quod
1691 2585 1774 2627 sibi
1808 2590 1978 2628 rectum

151 2643 337 2686 videtur.
360 2642 377 2668 9
395 2643 549 2698 Neque
578 2642 697 2686 enim
730 2657 867 2698 usque
894 2643 940 2685 in
971 2657 1164 2699 praesens
1194 2650 1368 2700 tempus
1391 2643 1574 2687 venistis
1601 2644 1658 2687 ad
1691 2644 1909 2699 requiem,
1935 2651 1978 2688 et

150 2702 491 2759 possessionem,
512 2716 645 2757 quam
668 2702 884 2745 Dominus
909 2704 1028 2746 Deus
1050 2708 1193 2746 vester
1216 2703 1398 2746 daturus
1421 2708 1486 2746 est
1504 2703 1643 2746 vobis.
1664 2702 1977 2746 1οΤ101101ὒ1110

151 2761 412 2817 Jordanem,
435 2766 478 2804 et
498 2761 761 2803 habitabitis
783 2761 828 2803 in
851 2767 985 2816 terra,
1011 2776 1143 2818 quam
1167 2762 1383 2805 Dominus
1408 2763 1526 2805 Deus
1544 2768 1688 2805 vester
1710 2762 1891 2805 daturus
1913 2768 1978 2806 est

149 2820 295 2876 vobis,
329 2824 378 2862 ut
409 2820 695 2876 requiescatis
729 2835 755 2863 a
789 2820 959 2863 cunctis
996 2821 1196 2864 hostibus
1230 2836 1306 2878 per
1339 2821 1594 2876 circuitum,
1623 2827 1666 2864 et
1693 2821 1860 2877 absque
1889 2821 1979 2864 ullo

150 2880 307 2923 timore
339 2879 551 2923 habitetis
578 2878 610 2905 ¹¹
629 2879 676 2921 in
713 2879 811 2923 1000
845 2894 975 2935 (1110111
1009 2880 1192 2936 elegerit
1228 2880 1444 2924 Dominus
1484 2882 1602 2924 Deus
1635 2885 1799 2937 vester,
1838 2885 1886 2923 ut
1922 2881 1979 2923 sit

150 2953 311 2982 nomen
333 2938 429 2994 ejus
450 2938 497 2981 in
518 2953 582 2982 eo.
606 2938 721 2982 Illuc
749 2939 917 2994 onmia,
942 2953 1039 2995 quae
1070 2940 1302 2997 praecipio,
1333 2939 1591 2995 conferetis,
1623 2940 1901 2995 holocausta,
1937 2945 1978 2982 et

150 2997 337 3053 hostias,
359 3011 412 3040 ac
435 2997 650 3053 decimas,
674 3003 716 3041 et
738 2998 957 3055 primitias
984 3013 1195 3041 manuum
1217 3004 1483 3054 vestrarum,
1508 3004 1550 3042 et
1580 2999 1794 3054 quidquid
1824 2998 1979 3055 praeci-

150 3071 288 3113 puum
309 3062 374 3099 est
394 3056 442 3099 in
465 3056 741 3113 muneribus,
766 3072 863 3113 quae
886 3058 1104 3101 vovebitis
1128 3058 1333 3102 Domino.
1358 3056 1393 3084 19
1415 3058 1485 3101 Ibi
1514 3058 1805 3114 epulabimini
1832 3072 1979 3100 coram

154 3115 343 3158 Domino
367 3117 461 3159 Deo
483 3121 649 3172 vestro,
672 3130 748 3159 vos
772 3122 815 3160 et
837 3116 915 3159 filii
937 3131 989 3160 ac
1012 3117 1116 3160 filiae
1139 3122 1319 3173 vestrae,
1346 3117 1509 3160 famuli
1531 3123 1574 3160 et
1603 3117 1814 3173 famulae,
1847 3121 1980 3172 atque

152 3174 306 3217 lew'tes
330 3174 403 3230 qui
427 3175 474 3217 in
496 3174 678 3218 urbibus
701 3176 858 3219 vestris
890 3181 1210 3232 commoratur,
1239 3191 1380 3232 neque
1410 3176 1529 3220 enim
1553 3176 1688 3219 habet
1716 3176 1852 3218 aliam
1882 3189 1976 3231 par-

151 3238 243 3276 tem
264 3239 308 3276 et
335 3234 657 3290 possessionem
685 3235 801 3278 inter
821 3249 912 3279 vos.
938 3235 973 3262 ¹3
990 3236 1109 3279 Cave
1134 3250 1189 3279 ne
1212 3235 1373 3279 offeras
1402 3236 1659 3279 holocausta
1681 3240 1757 3277 tua
1786 3234 1831 3276 in
1858 3233 1977 3277 omni

152 3291 267 3348 1000,
295 3306 425 3347 (1110111
446 3292 634 3348 111ᾶο110;
660 3293 695 3320 ¹4
712 3294 789 3337 sed
810 3294 857 3336 in
879 3309 949 3350 eo,
973 3309 1103 3350 quem
1124 3295 1308 3351 elegerit
1332 3294 1570 3348 Dominus,
1598 3294 1644 3336 in
1667 3307 1753 3335 una
1782 3292 1978 3335 tribuum

153 3355 329 3393 tuarum
346 3351 504 3395 offeres
529 3352 717 3409 hostias,
741 3358 784 3396 et
805 3353 945 3397 facies
968 3368 1258 3410 quaecumque
1280 3353 1490 3410 praecipio
1516 3353 1612 3396 tibi.

213 3409 248 3436 ¹5
268 3410 343 3455 Sin
363 3416 515 3454 autem
537 3412 766 3456 comedere
786 3412 995 3468 volueris,
1020 3419 1062 3457 et
1084 3418 1127 3457 10
1149 3427 1246 3456 esus
1269 3413 1469 3455 carnium
1491 3411 1788 3465 delectaverit,
1813 3409 1976 3464 occide,

155 3472 198 3511 et
219 3469 398 3513 comede
419 3469 548 3525 juxta
569 3470 923 3515 benedictionem
947 3472 1127 3516 Domini
1152 3472 1233 3516 Dei
1256 3472 1340 3527 tui,
1364 3485 1497 3526 quam
1526 3470 1647 3513 dedit
1677 3469 1757 3511 tibi
1788 3469 1834 3511 in
1860 3467 1978 3510 urbi-

154 3525 236 3569 bus
257 3527 370 3571 tuis:
389 3529 482 3572 sive
502 3529 785 3572 immundum
805 3531 955 3586 fuerit,
979 3531 1061 3574 hoc
1083 3536 1161 3586 est,
1185 3530 1459 3573 maculatum
1481 3535 1523 3572 et
1545 3528 1714 3581 debile3
1739 3527 1831 3570 sive
1853 3541 1979 3568 mun-

157 3672 186 3704 3]
212 3672 289 3704 Sup.
311 3672 398 3708 VII,
421 3677 466 3702 25.
497 3674 532 3702 11
555 3674 663 3703 Mach.
685 3675 834 3710 X11,40.

2055 879 2262 912 Praeceptum

2039 922 2077 950 (10
2104 922 2172 950 ritu
2198 924 2280 951 bene

2092 969 2126 994 et
2144 967 2228 995 male

2078 1010 2243 1043 precandi.

2069 1358 2257 1388 Conclusio.

2071 1768 2265 1797 Exordium.

2082 1948 2251 1976 Idolorum

2117 1991 2214 2020 atriis

2061 2036 2247 2065 destructis
2258 2057 2266 2071 ‚

2080 2176 2194 2204 cultus
2214 2176 2246 2203 in

2055 2226 2121 2247 uno
2140 2222 2272 2247 tantuin

2130 2264 2203 2292 loco

2055 2307 2284 2336 celebrandus.
