2456 3861
754 138 892 179 Es'ru.
929 137 981 191 V,
1015 138 1041 179 ‘2
1074 163 1132 169 ——
1164 137 1252 191 VI,
1289 137 1355 180 10.
1885 139 1968 181 497

146 308 316 352 domus.
342 307 360 333 2
382 308 580 362 Cumque
599 305 784 348 vidisset
819 305 977 347 Esther
1008 306 1208 359 reginam
1238 311 1451 359 stantem,
1484 305 1652 362 placuit
1685 305 1822 348 oculis
1852 306 1968 362 ejus,

145 373 188 410 et
214 367 414 409 extendit
437 371 587 409 eontra
609 378 708 407 eam
733 363 905 418 virgam
930 379 1130 419 auream,
1157 379 1288 420 quam
1317 365 1495 408 tenebat
1529 379 1675 407 manu.
1703 365 1808 414 Quae
1846 379 1970 408 acce-

144 425 274 479 dens,
299 425 496 467 osculata
518 428 583 467 est
600 422 903 466 summitatem
930 423 1068 477 virgae
1092 423 1213 478 ejus,
1241 424 1258 449 ²3
1283 423 1482 478 dixitque
1503 423 1560 466 ad
1587 437 1684 466 eam
1709 437 1787 465 rex
1816 440 1824 466 :
1857 423 1971 473 Quid

142 484 235 536 vis,
260 484 420 527 Esther
444 481 627 538 regina?
654 481 760 531 Quae
788 487 852 523 est
878 481 1033 537 petitio
1052 482 1156 525 tua?
1177 482 1326 524 Etiam
1351 482 1386 523 si
1406 482 1641 524 dimidiam
1659 488 1829 538 partem
1847 482 1971 537 regni

143 543 341 599 petieriS,
372 542 550 585 dabitur
573 540 669 583 tibi.
696 540 714 566 4
739 540 900 582 Atina
925 540 1151 596 respoudit
1181 557 1190 583 :
1217 541 1260 584 Si
1290 541 1382 595 regi
1416 541 1582 597 placet,
1609 541 1789 584 obsecro
1815 546 1862 583 ut
1900 555 1971 584 ve-

146 601 239 643 nias
262 601 319 643 ad
346 616 415 644 me
441 600 591 656 hodie,
619 604 662 642 et
685 600 832 641 Amau
856 604 1024 653 tecum,
1050 598 1106 640 ad
1134 599 1388 641 convivium
1416 600 1532 655 quod
1555 600 1721 656 paravi.
1747 600 1765 627 ⁵
1791 600 1969 643 Statim-

143 673 226 715 que
250 674 327 702 rex
360 677 370 703 ;
396 661 578 714 Vocate,
602 657 766 713 inquit,
793 657 879 700 cito
906 658 1074 712 Aman,
1102 662 1150 699 ut
1176 657 1334 700 Esther
1356 658 1532 701 obediat
1558 659 1790 702 voluntati.

200 718 430 761 Venerunt
450 718 603 774 itaque
624 731 700 760 rex
725 721 768 760 et
793 717 941 758 Aman
966 716 1022 758 ad
1045 716 1312 771 convivium,
1332 716 1447 772 quod
1466 717 1527 759 cis
1549 718 1700 772 regina
1725 723 1970 774 paraverat.

143 777 160 804 ὁ
185 777 398 832 Dixitque
431 777 471 820 ei
502 791 601 833 re1,
633 781 868 833 postquam
901 775 1056 817 vinum
1085 774 1258 817 biberat
1290 774 1570 818 abundanter
1599 776 1744 826 :Quid
1777 777 1890 833 petis
1924 782 1972 820 ut

142 835 269 878 detiu·
295 836 397 891 tibi,
423 842 469 880 et
491 850 567 893 pro
594 849 678 890 qua
703 848 749 877 re
774 834 1003 891 postulas?
1028 833 1178 876 Etiam
1202 833 1240 876 si
1267 833 1500 876 dimidiam
1530 840 1701 890 partem
1726 836 1850 891 regni
1886 836 1970 880 mei

142 895 340 950 petieris,
365 894 638 952 impetrabis.
662 893 676 919 ⁷
703 893 786 937 Cui
813 893 1039 950 respondit
1070 893 1229 935 Esther
1257 909 1266 936 ε
1300 893 1464 936 Petitio
1489 907 1586 936 mea
1617 899 1660 936 et
1691 908 1841 949 preces
1869 901 1972 938 sunt

139 953 238 995 istae
268 970 277 997 ε
303 953 320 980 3
342 954 378 997 si
399 953 548 997 inveni
570 953 617 995 111
643 957 883 1009 conspectu
903 952 1020 1007 regis
1047 952 1264 1008 gratiam,
1288 956 1333 994 et
1356 951 1393 994 si
1413 952 1507 1007 regi
1525 952 1671 1008 placet
1698 957 1744 995 ut
1763 953 1836 995 det
1862 954 1971 997 mihi

141 1013 256 1067 quod
283 1013 478 1069 postulo,
504 1017 547 1055 et
568 1026 715 1055 meam
739 1011 924 1068 impleat
952 1011 1238 1068 petitionem,
1266 1011 1416 1054 veniat
1440 1025 1518 1054 rex
1551 1015 1593 1054 et
1618 1011 1766 1053 Aman
1787 1013 1842 1055 ad
1870 1027 1970 1056 con-

140 1070 312 1114 vivium
337 1072 452 1127 quod
473 1071 625 1128 paravi
652 1071 734 1126 eis,
763 1075 805 1114 et
827 1084 922 1113 0130
947 1070 1144 1127 aperiam
1169 1070 1263 1126 regi
1285 1070 1563 1113 voluntatem
1589 1084 1748 1113 meam.

202 1130 218 1156 ⁰
245 1132 459 1186 Egressus
484 1135 549 1173 est
573 1130 724 1186 itaque
747 1130 824 1173 illo
849 1129 920 1172 die
949 1129 1097 1172 Aman
1127 1129 1258 1172 1301110
1292 1134 1335 1172 01
1367 1128 1539 1184 313001;
1574 1144 1762 1185 cumque
1787 1129 1973 1173 vidisset

138 1190 473 1233 Mardochaeum
498 1189 723 1233 sedentem
747 1194 851 1232 ante
875 1189 994 1232 fores
1020 1188 1198 1245 palatii,
1224 1193 1267 1232 et
1287 1203 1376 1232 non
1401 1189 1545 1232 solum
1570 1203 1657 1231 11011
1681 1189 1974 1232 assurrexisse

141 1248 246 1303 sibi,
273 1249 350 1292 sed
371 1263 452 1292 nec
479 1254 649 1291 motum
676 1248 856 1304 quidem
882 1247 935 1290 de
960 1247 1056 1290 loco
1082 1248 1287 1290 sessionis
1306 1262 1418 1302 suae,
1444 1247 1704 1303 indignatus
1728 1253 1793 1291 est
1814 1247 1970 1303 valde3

144 1307 177 1334 ¹0
202 1313 246 1350 et
271 1307 551 1350 dissimulata
578 1307 656 1363 ira,
683 1322 882 1350 reversus
903 1307 950 1349 in
977 1306 1157 1349 domum
1190 1321 1338 1361 suam,
1367 1307 1630 1350 convocavit
1655 1307 1712 1350 ad
1733 1321 1779 1350 se
1804 1307 1972 1351 31111000

140 1381 262 1422 suos,
288 1372 331 1410 et
355 1367 485 1410 Zares
510 1381 694 1410 uxorem
719 1381 876 1422 suam3
912 1366 940 1392 ¹¹
969 1372 1012 1409 et
1045 1366 1249 1422 exposuit
1286 1366 1375 1408 illis
1408 1366 1766 1421 magnitudinem
1795 1366 1972 1409 divitia-

139 1440 237 1468 rum
273 1440 473 1481 suarum,
507 1425 787 1481 filiorumque
819 1425 1017 1481 turbam,
1059 1430 1102 1467 et
1135 1430 1301 1480 quanta
1335 1439 1437 1468 eum
1473 1424 1614 1480 gloria
1655 1439 1784 1481 super
1821 1439 1972 1469 omnes

140 1485 359 1541 principes
387 1489 431 1527 et
451 1498 598 1527 servos
624 1498 726 1527 suos
751 1499 827 1527 rex
850 1483 1081 1527 elevasset.
1105 1483 1141 1510 ‘¹2
1164 1485 1221 1526 Et
1242 1489 1341 1541 post
1361 1484 1460 1527 haec
1481 1483 1545 1525 ait
1576 1500 1585 1526 :
1613 1484 1784 1540 Regina
1803 1498 1972 1540 quoque

140 1544 300 1587 Esther
323 1543 496 1586 nullum
520 1542 660 1585 alium
684 1543 861 1586 vocavit
884 1543 941 1585 ad
965 1542 1220 1586 convivium
1255 1557 1357 1585 011111
1379 1557 1507 1598 rege,
1538 1548 1698 1599 praeter
1730 1557 1820 1599 me,
1853 1544 1973 1600 apud

137 1617 272 1658 quam
305 1603 440 1646 etiam
473 1616 569 1645 0130
603 1616 705 1645 cum
734 1616 838 1658 rege
870 1616 1106 1658 pransurus
1140 1617 1263 1657 sum3
1304 1602 1340 1629 ¹3
1365 1607 1408 1645 et
1446 1617 1547 1645 cum
1580 1602 1677 1645 haec
1714 1602 1863 1646 omnia
1896 1603 1972 1645 ha-

138 1661 288 1717 beam,
315 1661 426 1704 nihil
451 1675 520 1704 me
546 1661 709 1704 habere
730 1666 858 1718 put0‚
887 1660 1099 1716 quamdiu
1131 1661 1282 1704 videro
1313 1661 1648 1704 Mardochae-um
1673 1661 1886 1704 Judaeum
1907 1676 1971 1705 se-

138 1719 317 1764 dentem
348 1726 452 1764 ante
483 1721 602 1764 fores
631 1721 789 1777 regias.
830 1719 864 1746 '¹4
899 1720 1324 1777 Responderuntque
1360 1721 1398 1764 ei
1439 1721 1590 1775 Zares,
1627 1735 1739 1764 uxor
1778 1721 1895 1778 ejus,
1931 1726 1974 1765 et

139 1779 272 1823 ceteri
304 1779 438 1823 amici
469 1796 478 1823 ε
512 1781 541 1823 J
546 1780 630 1823 ube
663 1780 809 1836 parari
836 1779 1059 1823 excelsam
1088 1780 1283 1835 trabem,
1310 1780 1550 1823 habentem
1571 1779 1823 1823 altitudinis
1849 1781 1973 1836 quin-

139 1839 352 1894 quaginta
393 1839 587 1896 cubitos,
624 1844 670 1883 et
704 1839 776 1882 dic
810 1853 942 1882 mane
978 1839 1072 1895 regi
1102 1844 1152 1881 ut
1182 1838 1465 1896 appendatur
1495 1853 1625 1896 super
1662 1853 1760 1882 eam
1797 1839 1973 1883 Mardo-

139 1897 311 1952 chaeus3
341 1903 383 1941 et
405 1898 468 1941 010
493 1899 578 1942 ibis
605 1913 707 1942 cum
731 1913 835 1955 rege
859 1898 991 1941 laetus
1016 1898 1074 1941 ad
1096 1898 1366 1941 convivium.
1395 1898 1570 1941 Placuit
1592 1898 1631 1941 01
1651 1897 1908 1955 consilium,
1930 1903 1974 1942 et

136 1956 270 2013 jussit
296 1957 519 2000 excelsam
545 1958 689 2015 parari
714 1972 902 2001 01000111.

682 2119 901 2176 PARS
949 2120 1439 2177 POSTERIOR

511 2251 727 2290 JUDAEI
776 2251 1211 2292 ERIPIUNTUR
1259 2252 1602 2292 PERICULO

775 2373 797 2425 ἓ
819 2371 855 2413 Ι.
879 2396 937 2403 —-
962 2371 1147 2414 Eversio
1173 2371 1336 2416 Aman.

199 2487 305 2531 CAP.
332 2487 413 2529 VI.
441 2512 498 2520 -—
524 2485 538 2511 1
565 2486 754 2529 Noctem
778 2485 904 2527 illam
926 2485 1054 2528 duxit
1074 2500 1152 2529 rex
1174 2486 1446 2539 insomnem,
1469 2485 1687 2541 jussitque
1713 2485 1797 2528 sibi
1822 2485 1971 2528 afferri

138 2547 345 2590 historias
372 2551 415 2589 et
437 2545 621 2588 annales
647 2545 842 2601 priorum
868 2549 1130 2601 temporum.
1158 2545 1265 2594 Quae
1292 2559 1394 2587 cum
1414 2544 1492 2586 1110
1525 2549 1742 2600 praesente
1775 2544 1972 2599 legeren-

139 2612 230 2660 tur,
257 2605 274 2631 ”2
296 2610 480 2648 ventum
506 2610 572 2647 est
593 2604 650 2647 ad
671 2603 800 2646 illum
822 2603 990 2658 locum,
1017 2604 1092 2646 ubi
1118 2603 1333 2659 seriptum
1360 2609 1453 2646 erat
1479 2603 1699 2658 quomodo
1723 2603 1971 2646 nuntiasset

138 2664 447 2708 Mardochaeus
467 2663 654 2707 insidias
678 2663 916 2719 Bagathan
940 2668 984 2705 et
1000 2663 1188 2718 Thares,
1209 2662 1511 2705 eunuchorum
1524 2696 1535 2717 ,
1550 2676 1701 2717 regem
1727 2662 1970 2705 Assuerum

137 2724 346 2781 jugulare
379 2723 668 2780 cupientium.
698 2722 716 2748 3
739 2721 863 2772 Quod
890 2735 993 2764 cum
1022 2721 1220 2764 audisset
1240 2735 1337 2776 rest,
1363 2721 1427 2764 ait
1452 2718 1467 2765 :¹
1487 2720 1623 2776 Quid,
1645 2735 1723 2778 pro
1753 2721 1837 2764 hac
1862 2721 1969 2777 fide,

138 2783 314 2827 honoris
340 2797 392 2826 30
417 2782 591 2839 praemii
616 2781 926 2825 Mardochaeus
953 2785 1215 2823 consecutus
1247 2781 1345 2823 est?
1381 2780 1600 2823 Dixerunt
1633 2780 1816 2824 eiservi
1849 2780 1970 2824 illius

138 2858 190 2886 ac
213 2842 404 2885 ministri
439 2859 447 2886 :
473 2842 599 2885 Nihil
637 2841 816 2885 omnino
844 2839 1058 2883 mercedis
1083 2839 1269 2896 accepit.
1300 2839 1317 2866 4
1337 2839 1586 2895 Statimque
1618 2854 1695 2883 rex
1719 2856 1728 2883 :
1751 2840 1856 2890 Quis
1883 2846 1967 2896 est,

136 2901 306 2958 inquit,
328 2901 375 2944 111
397 2900 542 2944 atrio?
575 2902 725 2944 Aman
754 2900 915 2957 quippe
950 2898 1134 2941 interius
1162 2898 1324 2941 atrium
1357 2898 1513 2942 domus
1540 2898 1677 2954 regiae
1704 2899 1967 2955 intraverat,

138 2968 188 3004 ut
216 2965 472 3016 suggereret
507 2960 623 3016 regi,
650 2966 693 3003 et
718 2959 892 3016 juberet
917 2952 1252 3001 Mardochaeum
1283 2957 1412 3013 affigi
1443 2957 1645 3014 patibulo
1677 2958 1793 3013 quod
1829 2958 1869 3001 ei
1897 2958 1968 3000 fu-

138 3025 232 3063 erat
250 3025 560 3076 praeparatum.
581 3020 598 3046 5
613 3019 950 3076 Responderunt
972 3017 1120 3074 pueri:
1139 3017 1288 3060 Aman
1306 3022 1394 3060 stat
1414 3016 1462 3059 in
1483 3017 1612 3060 atrio.
1635 3017 1847 3073 Dixitque
1865 3031 1941 3061 rex
1959 3034 1968 3061 :

137 3079 192 3123 In
228 3079 439 3122 rediatur.

196 3093 439 3194 ssgCumque
464 3144 580 3183 esset
604 3139 849 3195 ingressus,
876 3138 940 3180 ait
964 3136 1030 3179 illi
1061 3153 1069 3180 :
1091 3136 1206 3188 Quid
1231 3136 1362 3180 debet
1387 3135 1480 3180 fieri
1507 3135 1599 3179 viro
1630 3151 1761 3192 quem
1789 3151 1867 3180 rex
1892 3137 1968 3180 110-

138 3211 293 3240 1101310
315 3197 571 3241 desiderat?
598 3198 810 3254 Cogitans
836 3202 987 3240 autem
1013 3196 1062 3238 in
1088 3195 1217 3239 corde
1241 3210 1319 3239 suo
1344 3196 1515 3250 Amaia,
1545 3200 1590 3238 et
1617 3200 1826 3252 reputans
1852 3196 1968 3252 quod

139 3255 312 3298 nullum
336 3256 478 3300 alium
500 3272 598 3313 rex,
622 3258 708 3301 nisi
733 3272 803 3311 se,
830 3255 964 3299 vellet
985 3256 1220 3311 honorare,
1246 3254 1262 3281 7
1278 3255 1507 3312 respondit
1533 3271 1541 3298 :
1569 3255 1720 3297 Homo
1742 3269 1873 3310 quem
1890 3269 1967 3298 rex

139 3315 353 3359 honorare
374 3316 498 3373 cupit
523 3316 543 3343 ⁸
566 3316 700 3360 debet
719 3316 846 3359 indui
869 3314 1066 3358 vestibus
1088 3314 1243 3370 regiis,
1274 3319 1319 3357 et
1341 3313 1512 3371 imponi
1536 3328 1668 3370 super
1691 3328 1874 3370 equum,
1893 3314 1966 3370 qui

139 3374 195 3417 de
216 3374 326 3417 sella
355 3376 475 3431 regis
505 3381 591 3432 est,
618 3381 662 3419 et
699 3375 899 3432 accipere
931 3373 1106 3429 regium
1133 3373 1339 3417 diadema
1374 3387 1505 3430 super
1537 3378 1669 3429 caput
1701 3387 1854 3428 suum;
1881 3372 1899 3398 9
1923 3378 1966 3416 et

138 3433 308 3490 primus
331 3434 386 3478 de
404 3435 538 3491 regiis
564 3435 838 3492 principibus
863 3447 916 3476 ac
940 3433 1141 3488 tyrannis
1173 3437 1322 3476 teneat
1353 3446 1516 3488 equum
1544 3432 1663 3488 ejus,
1688 3437 1732 3475 et
1764 3446 1842 3488 per
1872 3431 1964 3489 pla-

140 3500 260 3536 team
283 3493 478 3537 civitatis
502 3494 716 3538 incedens
741 3493 924 3548 clamet,
955 3497 999 3535 et
1031 3491 1151 3535 dicat
1169 3500 1194 3535 ':
1225 3491 1299 3535 Sic
1327 3491 1616 3535 honorabitur
1647 3505 1966 3547 quemcumque

141 3551 331 3595 voluerit
357 3567 435 3597 rex
466 3553 695 3597 1101101310.
722 3552 758 3579 ¹⁰
787 3552 999 3607 Dixitque
1031 3551 1072 3594 ei
1099 3565 1176 3594 rex
1208 3567 1217 3595 ε
1250 3550 1459 3605 Εο011113;
1494 3555 1537 3593 01
1568 3555 1746 3606 sumpta
1777 3549 1892 3593 stola
1923 3555 1967 3594 01

141 3624 272 3668 equo,
294 3611 394 3668 fac,
413 3618 464 3656 ut
489 3612 664 3658 locutus
688 3625 755 3668 00,
771 3610 1055 3654 Mardochaeo
1075 3609 1256 3666 Judaeo,
1278 3609 1352 3665 qui
1377 3609 1501 3653 sedet
1524 3614 1627 3652 ante
1650 3609 1770 3652 foros
1794 3609 1965 3666 palatii.

1703 3687 1757 3730 32

2079 731 2247 758 Assuerus

2079 776 2114 802 et
2141 775 2245 801 Aman

2071 819 2111 846 ad
2128 817 2254 851 reginae

2065 861 2268 891 convivium.

2055 1138 2160 1164 Aman
2176 1135 2274 1170 jubet

2100 1187 2234 1208 crucem

2111 1224 2219 1258 parari

2054 1269 2086 1296 M
2091 1268 2273 1297 ardochaeo.

2044 2493 2129 2527 Rex,
2143 2492 2285 2521 audiens

2102 2537 2231 2565 Mardo-

2058 2581 2186 2609 chaeum
2204 2581 2270 2610 sibi

2043 2624 2148 2654 sabuti
2164 2624 2284 2662 fuisse,

2054 3144 2147 3173 illum
2166 3143 2265 3179 jubet

2074 3187 2242 3219 honorari.
