2423 3861
772 134 905 177 Eum..
942 133 1010 187 Π,
1044 134 1070 175 5
1102 159 1160 163 -
1196 132 1289 179 ιη,
1324 132 1362 173 4.
1898 130 1982 174 699

154 307 285 351 ficavi
307 321 440 363 opera
458 321 569 363 mea,
595 306 812 350 {edificavi
832 305 939 348 mihi
960 305 1124 361 domos,
1144 309 1187 348 et
1205 303 1405 361 plantavi
1424 303 1573 346 vineas
1591 320 1599 357 ;
1624 301 1641 328 ‘⁵
1658 301 1747 344 feci
1770 301 1917 343 hortos
1940 305 1983 343 et

153 366 374 423 pomaria,
416 372 460 410 et
505 365 681 410 consevi
720 380 769 408 ea
808 364 957 408 cuncti
998 364 1170 419 generis
1208 363 1462 417 arboribus;
1506 362 1523 388 ⁶
1555 367 1598 405 et
1639 359 1836 404 exstruxi
1873 358 1982 401 mihi

153 425 348 482 piscinas
380 440 616 482 aquarum,
647 430 696 467 ut
723 424 953 479 irrigarem
983 424 1139 466 silvam
1172 422 1393 475 lignorum
1430 420 1801 476 germinantium3
1837 418 1852 444 ⁷
1885 432 1983 475 pos-

153 484 247 528 sedi
274 499 422 541 servos
447 491 492 529 et
515 484 722 538 ancillas,
750 483 1023 538 multamque
1054 482 1277 524 familiam
1308 481 1465 537 habui,
1499 485 1702 523 armenta
1726 492 1917 535 quoque,
1941 482 1984 520 et

154 558 339 600 magnos
372 545 521 587 ovium
555 558 733 600 greges,
764 542 878 584 ultra
912 556 1064 585 omnes
1090 541 1162 597 qui
1193 542 1376 583 fuerunt
1404 547 1508 584 ante
1538 555 1606 583 me
1636 539 1681 581 in
1707 537 1982 591 Jerusalem

154 604 171 629 ⁸
193 604 453 647 coacervavi
480 603 588 647 mihi
617 608 853 659 argentum
883 606 927 644 et
959 616 1135 653 aurum,
1170 605 1214 642 ct
1246 600 1518 642 substantias
1547 613 1701 654 regum
1731 612 1783 640 ac
1809 596 1984 654 provin-

155 662 348 717 ciarum;
372 664 462 707 feci
485 663 593 706 mihi
616 668 817 705 cantores
839 666 881 703 et
907 660 1194 713 cantatrices,
1222 664 1264 701 et
1295 659 1478 701 delicias
1510 658 1699 701 filiorum
1731 656 1983 710 hominum,

154 723 363 778 scyphos,
387 728 431 765 et
453 736 602 765 urceos
627 721 673 764 in
698 719 943 763 ministerio
965 719 1022 761 ad
1044 718 1149 760 vina
1175 717 1405 760 fundenda
1423 734 1432 771 3
1453 718 1470 743 ‘³
1492 724 1536 760 et
1560 730 1864 774 supergressus
1889 729 1986 758 sum

155 781 310 837 opibus
333 796 485 825 omnes
507 782 580 838 qui
606 785 709 824 ante
732 794 801 823 me
823 779 1008 822 fuerunt
1029 777 1074 819 in
1097 777 1347 820 Jerusalem
1378 791 1387 819 :
1410 776 1628 833 sapientia
1650 789 1820 831 quoque
1843 788 1986 832 perse-

155 841 326 883 veravit
358 855 546 885 mecum.
575 841 607 868 ¹⁰
640 841 698 884 Et
735 838 884 883 omnia
913 852 1012 894 quae
1042 836 1405 880 desideraverunt
1437 835 1552 878 oculi
1586 835 1672 877 mei
1705 849 1791 878 non
1824 833 1986 890 negavi

153 899 235 952 eis,
263 914 344 943 nec
366 900 571 956 prohibui
595 915 668 944 cor
691 913 839 942 meum
864 897 970 954 quin
992 896 1115 940 omni
1143 895 1373 951 voluptate
1399 895 1640 949 frueretur,
1675 899 1719 936 et
1745 893 1986 937 oblectaret

153 972 199 1002 se
225 959 269 1000 in
292 959 360 1001 his
384 973 481 1016 quae
504 973 884 1016 praeparaveram3
907 961 951 1000 et
971 956 1087 999 hanc
1115 960 1237 998 ratus
1267 968 1365 997 sum
1398 959 1569 1009 partem
1601 968 1745 996 meam
1778 953 1813 995 si
1845 957 1989 995 uterer

153 1017 304 1062 labore
329 1032 440 1062 meo.
470 1019 500 1045 ¹¹
525 1019 723 1074 Cumque
745 1032 814 1061 me
838 1015 1155 1060 convertissem
1176 1014 1233 1057 ad
1264 1013 1468 1056 universa
1502 1026 1633 1068 opera
1654 1026 1752 1067 quae
1786 1012 1988 1054 fecerant

153 1091 312 1120 manus
334 1092 467 1133 meae,
491 1083 535 1121 et
555 1078 612 1121 ad
633 1078 805 1120 labores
831 1076 876 1119 in
902 1075 1060 1132 quibus
1081 1076 1249 1117 frustra
1278 1072 1563 1126 sudaveram,
1596 1071 1688 1113 vidi
1713 1071 1758 1113 in
1785 1070 1988 1113 omnibus

153 1137 403 1180 vanitatem
428 1143 472 1180 et
497 1137 784 1180 afflictionem
809 1135 968 1191 animi,
993 1139 1036 1178 et
1060 1133 1172 1177 nihil
1193 1146 1451 1190 permanere
1473 1131 1554 1174 sub
1576 1130 1680 1174 sole.

217 1195 250 1222 ¹2
275 1196 480 1239 Transivi
522 1197 578 1239 ad
613 1195 1004 1252 contemplandam
1042 1193 1330 1251 sapientiam,
1361 1205 1632 1246 erroresque,
1668 1194 1712 1232 et
1737 1187 1986 1232 stultitiam.

154 1255 268 1306 Quid
293 1261 379 1311 est,
408 1256 610 1312 inquam,
644 1256 797 1309 homo,
825 1260 874 1297 ut
905 1254 1028 1310 sequi
1059 1253 1200 1310 possit
1230 1265 1401 1308 regem,
1436 1251 1655 1293 factorem
1685 1248 1842 1291 suum?
1870 1248 1906 1274 ¹3
1932 1250 1988 1291 Et

153 1315 246 1357 vidi
273 1315 390 1371 quod
416 1320 593 1358 tantum
618 1314 890 1372 praecederet
910 1312 1128 1371 sapientia
1154 1311 1413 1366 stultitiam,
1437 1314 1654 1366 quantum
1681 1308 1832 1350 differt
1865 1308 1942 1350 lux
1962 1322 1988 1349 a

153 1374 362 1419 tenebris.
389 1374 424 1401 '¹4
447 1375 669 1431 Sapientis
691 1372 808 1417 oculi
832 1373 880 1416 in
906 1372 1052 1429 capite
1078 1372 1199 1428 ejus;
1227 1370 1388 1414 stultus
1413 1369 1460 1412 in
1481 1367 1676 1412 tenebris
1699 1367 1924 1422 ambulat3
1945 1372 1987 1410 et

154 1433 290 1476 didici
317 1434 433 1489 quod
467 1448 579 1476 unus
609 1433 835 1488 utriusque
873 1437 987 1475 esset
1015 1431 1235 1474 interitus,
1271 1430 1307 1456 ¹⁵
1332 1431 1390 1473 Et
1419 1428 1511 1472 dixi
1541 1428 1587 1470 in
1617 1427 1746 1470 corde
1781 1441 1878 1469 meo
1907 1441 1914 1468 :
1944 1425 1988 1469 Si

153 1507 265 1535 unus
291 1498 336 1536 et
357 1491 484 1535 stulti
506 1498 550 1536 et
575 1506 699 1535 meus
725 1506 907 1534 occasus
929 1491 1031 1546 erit,
1059 1490 1165 1546 quid
1191 1490 1302 1532 mihi
1327 1489 1504 1546 prodest
1537 1486 1664 1543 quod,
1683 1486 1899 1542 majorem
1921 1500 1988 1528 sa-

152 1551 333 1608 pientiae
371 1550 475 1594 dedi
516 1551 724 1607 operam?
759 1551 1040 1605 Locutusque
1073 1564 1174 1592 cum
1207 1554 1357 1592 mente
1389 1562 1508 1604 mea,
1539 1544 1837 1589 animadverti
1874 1544 1989 1600 quod

152 1611 236 1654 hoc
258 1624 433 1667 quoque
457 1615 573 1654 esset
596 1610 788 1653 vanitas.
806 1609 841 1635 ’16
856 1610 957 1652 Non
983 1608 1103 1652 enim
1125 1608 1208 1651 erit
1234 1607 1448 1651 memoria
1472 1605 1685 1662 sapientis
1712 1604 1916 1647 similiter
1941 1609 1988 1646 ut

152 1669 279 1713 stulti
299 1670 346 1712 in
368 1674 651 1727 perpetuum,
680 1675 723 1712 et
745 1669 898 1711 futura
923 1673 1123 1725 tempora
1146 1667 1369 1711 oblivione
1393 1671 1554 1709 cuncta
1574 1665 1739 1722 pariter
1761 1663 1960 1721 operient
1978 1679 1988 1707 t

152 1729 338 1772 moritur
359 1729 515 1773 doctus
540 1728 747 1772 similiter
769 1732 818 1770 ut
845 1727 1066 1771 indoctus.
1100 1726 1134 1753 ¹⁷
1162 1728 1221 1770 Et
1244 1726 1410 1769 idcirco
1438 1725 1598 1768 taeduit
1625 1739 1696 1767 me
1725 1723 1831 1766 vitae
1856 1737 1987 1777 meae,

152 1788 380 1832 videntem
402 1789 521 1831 mala
542 1788 750 1832 universa
775 1801 869 1830 esse
894 1787 974 1829 sub
1000 1787 1111 1842 sole,
1136 1791 1179 1829 et
1198 1791 1357 1828 cuncta
1376 1784 1622 1827 vanitatem
1641 1789 1685 1826 et
1706 1782 1989 1826 afflictionem

152 1848 346 1904 spiritus.

215 1907 251 1934 18
278 1910 444 1952 Rursus
467 1909 714 1953 detestatus
737 1923 833 1951 sum
856 1921 1032 1951 omnem
1053 1906 1320 1950 industriam
1345 1920 1517 1959 meam,
1553 1918 1638 1960 qua
1674 1903 1754 1947 sub
1780 1902 1870 1946 sole
1900 1907 1990 1945 stu-

155 1967 403 2011 diosissime
436 1968 658 2024 laboravi,
698 1967 932 2010 habiturus
959 1966 1169 2010 heredem
1201 1970 1301 2023 post
1330 1979 1422 2021 me,
1458 1964 1494 1990 ¹9
1515 1978 1647 2020 quem
1667 1963 1822 2018 ignoro
1844 1966 1990 2004 utrum

154 2027 331 2083 sapiens
356 2042 414 2070 an
436 2027 598 2071 stultus
622 2028 802 2071 futurus
824 2026 903 2082 sit,
931 2030 974 2069 et
1007 2025 1310 2069 dominabitur
1330 2025 1377 2067 in
1408 2023 1633 2067 laboribus
1665 2021 1796 2077 meis,
1831 2021 1990 2077 quibus

155 2086 369 2130 desudavi
392 2091 438 2130 et
462 2087 679 2130 sollicitus
704 2086 797 2140 fui3
826 2091 870 2129 et
892 2090 958 2129 est
979 2085 1221 2142 quidquam
1242 2089 1335 2127 tam
1360 2083 1555 2126 vanum?
1582 2081 1618 2108 ²0
1645 2081 1776 2126 Unde
1798 2080 1988 2136 cessavi,

154 2145 517 2202 renuntiavitque
553 2160 627 2189 cor
658 2160 808 2189 meum
848 2145 965 2187 ultra
1005 2144 1206 2187 laborare
1235 2144 1316 2187 sub
1359 2143 1463 2186 sole.
1505 2141 1539 2168 2¹
1570 2142 1686 2183 Nam
1733 2155 1833 2183 cum
1877 2139 1990 2182 alius

155 2204 329 2249 laboret
353 2206 398 2248 in
424 2205 665 2262 sapientia,
695 2210 738 2248 et
761 2204 982 2260 doctrina,
1009 2209 1053 2247 et
1077 2203 1395 2258 sollicitudine,
1430 2201 1598 2245 homini
1634 2200 1773 2244 otioso
1803 2198 1991 2254 quaesita

157 2264 359 2307 dimittit.
387 2265 446 2308 Et
466 2265 550 2308 hoc
576 2279 681 2321 ergo
708 2264 882 2306 vanitas
915 2268 960 2306 et
983 2278 1199 2319 magnum
1227 2262 1409 2305 malum.
1441 2260 1478 2286 ‘2⁹2
1502 2259 1616 2310 Quid
1646 2259 1763 2302 enim
1796 2257 1991 2315 proderit

155 2323 325 2367 homini
356 2323 411 2368 de
439 2324 645 2368 universo
674 2323 824 2366 labore
853 2337 952 2380 suo,
987 2328 1031 2366 et
1063 2321 1302 2365 afflictione
1330 2321 1530 2378 spiritus,
1558 2334 1643 2375 qua
1671 2318 1752 2361 sub
1782 2317 1873 2361 sole
1894 2331 1991 2359 cru-

157 2383 300 2426 ciatus
325 2383 425 2427 est?
452 2382 489 2410 23
511 2383 671 2427 Cuncti
697 2383 790 2426 dies
820 2383 917 2438 ejus
944 2381 1168 2426 doloribus
1198 2387 1241 2425 et
1276 2380 1482 2424 aerumnis
1508 2378 1628 2436 pleni
1662 2382 1784 2433 sunt,
1808 2390 1890 2420 nec
1914 2390 1992 2433 per

156 2447 335 2486 noctem
358 2448 507 2487 mente
531 2442 781 2499 requiescit.
806 2443 864 2484 Et
888 2442 972 2484 hoc
997 2455 1143 2484 nonne
1167 2441 1344 2484 vanitas
1371 2439 1469 2483 est?
1572 2439 1576 2442 ⁴

217 2501 255 2528 24
279 2503 439 2546 Nonne
464 2503 622 2546 melius
648 2508 715 2546 est
740 2501 969 2544 comedere
991 2505 1036 2543 et
1059 2500 1231 2556 bibere,
1255 2506 1298 2543 et
1320 2499 1550 2542 ostendere
1575 2498 1737 2540 animae
1759 2511 1850 2539 suae
1875 2495 1992 2540 bona

158 2561 212 2605 de
240 2562 468 2605 laboribus
509 2561 633 2605 suis?
676 2563 733 2604 Et
773 2561 857 2603 hoc
892 2560 947 2603 de
983 2574 1118 2602 manu
1153 2559 1237 2602 Dei
1270 2564 1349 2602 est.
1383 2557 1420 2584 2³
1449 2557 1553 2608 Quis
1585 2557 1650 2600 ita
1684 2555 1916 2600 devorabit
1949 2560 1993 2599 et

158 2621 330 2665 deliciis
363 2621 515 2665 affluet
550 2627 598 2664 ut
632 2620 750 2677 ego?
795 2619 832 2646 ²⁶
869 2618 1056 2662 Homini
1095 2618 1210 2662 bono
1242 2619 1290 2661 in
1327 2622 1573 2674 conspectu·
1604 2631 1682 2659 suo
1716 2615 1840 2659 dedit
1873 2616 1993 2658 Deus

158 2681 446 2738 sapientiam,
473 2685 518 2725 et
542 2680 799 2735 scientiam,
826 2684 870 2723 et
891 2678 1122 2732 laetitiam3
1146 2677 1369 2734 peccatori
1392 2682 1542 2720 autem
1564 2676 1687 2720 dedit
1708 2674 1993 2718 afflictionem

158 2745 203 2783 et
243 2755 396 2784 curam
428 2740 715 2797 superfluam,
754 2745 802 2782 ut
831 2738 990 2793 addat,
1029 2742 1073 2780 et
1106 2742 1366 2793 congreget,
1398 2741 1440 2779 et
1473 2735 1622 2779 tradat
1654 2735 1694 2778 ei
1720 2734 1794 2791 qui
1824 2733 1994 2791 placuit

159 2800 278 2855 Deo;
303 2800 380 2843 sed
403 2805 446 2844 et
470 2801 554 2844 hoc
578 2799 756 2842 vanitas
779 2803 858 2854 est,
885 2802 929 2840 et
951 2811 1076 2840 cassa
1101 2796 1354 2839 sollicitudo
1381 2795 1554 2838 mentis.
1575 2840 1579 2844 ,

250 2923 413 2966 Saeuo
447 2922 512 2966 Π.
541 2949 600 2953 -
633 2922 776 2964 Homo
812 2932 1021 2963 PROPRns
1057 2930 1312 2962 CONATIBUS
1347 2928 1493 2960 IMPAR
1528 2929 1609 2959 1381
1644 2929 1906 2960 FELICITATl

925 2997 1232 3034 ACQUIRENDAE

212 3097 445 3199 SARIIII.
466 3124 527 3130 —
547 3097 561 3124 ¹
590 3097 749 3141 Omnia
772 3102 946 3152 tempus
973 3094 1159 3150 habent,
1187 3098 1231 3137 et
1252 3092 1342 3139 suis
1364 3093 1519 3151 spatiis
1537 3097 1769 3136 transeunt
1791 3093 1997 3137 universa

160 3170 211 3199 su
265 3170 329 3199 cae
352 3170 389 3201 ο.

359 3214 378 3241 ²
393 3218 587 3274 Tempus
613 3216 847 3271 nascendi,
872 3220 916 3259 et
940 3219 1116 3271 tempus
1141 3213 1381 3268 moriendi3

458 3282 633 3334 tempus
657 3275 912 3334 plant-andi,
939 3279 983 3317 et
1008 3279 1182 3330 tempus
1204 3272 1422 3317 evellendi
1450 3271 1565 3329 quod
1591 3271 1845 3329 plantatum
1870 3276 1950 3315 est.

360 3334 587 3392 3Tempus
614 3335 868 3389 occidendi,
892 3338 936 3377 et
961 3338 1134 3389 tempus
1160 3332 1372 3388 sanandi3

458 3400 634 3452 tempus
657 3393 935 3447 destruendi,
960 3398 1003 3435 et
1026 3397 1199 3449 tempus
1227 3391 1492 3443 aedificandi.

360 3452 379 3479 4
395 3454 589 3511 Tempus
606 3454 761 3508 flendi,
790 3459 833 3496 et
858 3458 1033 3508 tempus
1057 3451 1256 3507 ridendi3

460 3518 635 3570 tempus
656 3512 922 3570 plangendi,
950 3516 994 3554 et
1019 3516 1193 3567 tempus
1218 3511 1425 3555 saltandi.

166 3660 215 3694 14]
237 3660 335 3688 Prov.
352 3660 464 3695 XVII,
480 3663 524 3688 24.
551 3660 616 3687 Inf.
635 3659 730 3689 VIII,
750 3662 773 3686 1.

2082 1197 2179 1225 Idem.
2193 1197 2268 1226 finis

2065 1240 2228 1274 sapientis
2246 1244 2279 1269 et

2073 1284 2276 1319 insipientis.

2108 1913 2247 1942 vanitas

2089 1957 2262 1986 laborandi

2074 2009 2132 2035 pro
2157 2002 2281 2030 herede

2108 2046 2247 2075 incerto.

2121 2494 2243 2520 Tamen

2098 2537 2263 2565 bonorum

2074 2580 2288 2610 terrestrium

2058 2625 2181 2654 fruitio
2198 2633 2217 2654 a
2234 2626 2304 2653 Deo

2096 2669 2264 2704 provenit,

2123 3091 2247 3118 Rerurst

2081 3141 2200 3162 cursus
2220 3141 2283 3161 nrm

2099 3178 2221 3211 pendet
2249 3185 2267 3205 a

2078 3225 2195 3251 nostra
2208 3221 2294 3250 ordi-

2108 3266 2266 3300 natione;
