2456 3861
181 969 264 1003 Ejus
283 976 349 997 ine-

162 1013 266 1041 moria
286 1012 365 1041 filiis

163 1057 368 1085 inculcanda.

178 1789 353 1818 Chananaei

189 1833 347 1862 extermi-

165 1878 265 1906 nandi
277 1900 283 1913 ,
308 1886 366 1906 scu

195 1922 334 1951 vitandi.

186 3154 356 3189 Quomodo

151 3198 391 3227 benedicentur

169 3241 373 3270 obedientes.

456 136 540 179 168
1018 136 1165 178 DEUT.
1200 136 1290 190 vr,
1327 136 1380 177 14
1413 161 1470 168 —
1502 135 1619 190 vn,
1655 137 1720 178 13.

454 306 583 349 domo
621 304 858 348 servitutis.
899 304 1140 347 Dominum
1174 305 1320 346 Deum
1352 309 1478 346 tuum
1511 304 1709 360 timebis,
1740 310 1783 348 et
1811 305 1878 348 illi
1908 306 1988 349 soli
2018 307 2200 363 servies,
2230 320 2283 350 ac

453 379 530 421 per
558 378 718 407 nomen
747 363 867 405 illius
895 362 1079 418 jurabis.
1107 362 1142 388 ¹¹
1160 363 1261 405 Non
1285 362 1408 405 ibitis
1435 368 1534 420 post
1559 363 1661 406 deos
1687 363 1855 406 alienos
1889 370 2149 408 cunctarum
2178 379 2284 422 gen-

453 423 585 478 tium,
621 437 718 478 quae
751 421 798 463 in
832 421 1020 464 circuitu
1056 426 1197 464 vestro
1230 426 1353 477 sunt,
1389 421 1424 448 ¹5
1453 422 1662 478 quoniam
1697 423 1816 465 Deus
1851 423 2101 480 aemulator,
2132 424 2284 468 Domi-

453 496 534 524 nus
577 482 696 524 Deus
742 486 843 522 tuus
880 479 926 521 in
968 480 1113 523 medio
1158 480 1247 534 tui3
1291 481 1524 536 nequando
1564 481 1782 524 irascatur
1819 482 1944 525 furor
1985 483 2166 526 Domini
2202 483 2284 527 Dei

452 539 517 582 tui
552 545 703 583 contra
736 544 799 594 te,
835 544 878 582 et
910 539 1087 582 auferat
1120 544 1163 582 te
1196 539 1250 583 de
1282 539 1513 596 superficie
1543 545 1684 583 terrae.
1713 540 1749 567 16
1778 541 1879 584 Non
1909 541 2102 584 tentabis
2131 543 2283 586 Domi-

451 613 559 641 num
601 599 745 641 Deum
784 603 931 653 tuum,
974 597 1090 641 sicut
1129 599 1311 642 tentasti
1351 599 1398 641 in
1431 599 1527 642 loco
1568 599 1841 643 tentationis.
1877 599 1911 626 ¹⁷
1950 600 2132 644 Custodi
2173 616 2286 658 prae-

452 663 579 714 cepta
612 656 794 700 Domini
826 656 908 700 Dei
939 657 1024 713 tui,
1055 671 1108 700 ac
1136 658 1393 701 testimonia
1422 664 1465 702 et
1497 659 1767 702 ceremonias
1798 673 1906 715 quas
1935 659 2148 716 praecepit
2177 660 2283 715 tibi;

455 716 487 742 18
516 720 559 759 et
590 715 669 758 fac
701 716 816 772 quod
850 715 1067 772 placitum
1100 722 1166 760 est
1206 722 1250 760 et
1289 717 1455 761 bonum
1494 717 1541 760 in
1582 723 1821 775 conspectu
1856 718 2060 774 Domini,
2094 724 2144 761 ut
2175 719 2288 763 bene

451 774 509 817 sit
539 774 643 831 tibi,
679 780 721 818 et
752 774 977 831 ingressus
1011 775 1236 832 possideas
1269 782 1430 820 terram
1464 777 1700 834 optimam,
1735 777 1789 820 de
1823 792 1909 834 qua
1937 777 2106 833 juravit
2135 777 2288 821 Domi-

450 848 532 876 nus
572 834 773 890 patribus
813 834 922 890 tuiS,
958 834 993 860 ¹9
1022 840 1070 878 ut
1103 835 1268 878 deleret
1308 850 1459 879 omnes
1499 836 1704 879 inimicos
1738 842 1836 880 tuos
1878 851 2027 880 coram
2068 841 2132 893 te,
2174 836 2289 879 sicut

450 893 624 936 locutus
657 898 736 937 est.

510 951 546 978 90
571 952 770 1008 Cumque
798 953 1139 1009 interrogaverit
1167 959 1210 998 te
1240 955 1357 998 filius
1386 960 1486 998 tuus
1517 970 1633 1012 craS,
1665 956 1815 1000 dicens
1841 973 1850 1000 :
1877 955 1992 1007 Quid
2016 955 2103 998 sibi
2132 955 2289 999 volunt

450 1011 705 1055 testimonia
738 1012 856 1068 haec,
891 1017 934 1055 et
967 1013 1250 1069 ceremoniae,
1285 1019 1417 1069 atque
1453 1014 1643 1071 judicia,
1687 1030 1786 1071 quae
1821 1015 2034 1072 praecepit
2070 1015 2287 1058 Dominus

451 1072 569 1114 Deus
606 1077 753 1114 noster
785 1071 942 1114 nobis?
984 1071 1018 1097 91
1050 1071 1170 1115 dices
1211 1073 1249 1115 ei
1283 1089 1291 1116 :
1324 1073 1448 1116 Servi
1490 1087 1664 1116 eramus
1699 1074 1942 1117 Pharaonis
1981 1073 2028 1116 in
2063 1074 2284 1131 AEgypto,

450 1135 494 1173 et
526 1129 682 1173 eduxit
706 1145 784 1173 nos
807 1130 1024 1173 Dominus
1048 1131 1101 1174 de
1122 1132 1324 1188 AEgypto
1346 1131 1393 1174 in
1416 1147 1550 1175 manu
1575 1133 1708 1188 forti,
1729 1132 1767 1159 99
1780 1133 1978 1189 fecitque
2002 1133 2132 1189 signa
2156 1138 2288 1189 atque

450 1189 652 1246 prodigia
694 1203 857 1245 magna
887 1194 929 1232 et
958 1189 1149 1246 pessima
1185 1190 1231 1233 in
1271 1191 1472 1247 AEgypto
1507 1197 1658 1235 contra
1701 1193 1998 1248 Pharaonem,
2037 1197 2080 1235 et
2112 1206 2289 1235 omnem

451 1249 631 1291 domum
664 1248 804 1304 illius,
838 1248 884 1290 in
919 1255 1156 1306 conspectu
1186 1255 1359 1306 nostro,
1391 1249 1428 1277 93
1453 1255 1496 1294 et
1521 1250 1676 1294 eduxit
1697 1266 1775 1295 nos
1804 1251 1921 1307 inde,
1948 1256 1997 1294 ut
2024 1251 2288 1294 introductis

451 1307 575 1350 daret
604 1313 785 1363 terram,
817 1321 947 1364 super
975 1322 1061 1364 qua
1101 1309 1269 1364 juravit
1308 1309 1508 1366 patribus
1541 1310 1715 1354 nostris.
1750 1310 1787 1337 94
1817 1310 2122 1367 Praecepitque
2161 1310 2288 1354 nobis

453 1366 690 1422 Dominus,
732 1373 780 1409 ut
819 1367 1042 1410 faciamus
1084 1368 1232 1411 omnia
1272 1369 1474 1425 legitima
1514 1370 1639 1426 haec,
1681 1376 1725 1414 et
1765 1370 2003 1413 timeamus
2046 1369 2290 1413 Dominum

453 1426 593 1469 Deum
618 1432 837 1481 nostrum,
872 1432 921 1468 ut
950 1426 1061 1471 bene
1094 1427 1152 1469 sit
1183 1428 1310 1471 nobis
1344 1429 1514 1472 cunctis
1541 1429 1696 1473 diebus
1729 1430 1836 1473 vitae
1862 1435 2045 1485 nostrae,
2075 1429 2192 1472 sicut
2223 1433 2289 1473 est

450 1484 594 1528 hodie.
629 1484 665 1511 95
696 1485 878 1541 Eritque
910 1486 1047 1529 nostri
1082 1486 1351 1543 misericors,
1388 1488 1425 1530 si
1467 1488 1805 1532 custodierimus
1840 1495 1883 1532 et
1915 1489 2155 1532 fecerimus
2197 1502 2287 1532 om-

450 1543 524 1586 nia
565 1550 788 1601 praecepta
829 1545 925 1600 ejus
959 1559 1107 1588 coram
1137 1546 1329 1589 Domino
1365 1548 1458 1590 Deo
1488 1553 1657 1604 nostro,
1683 1548 1799 1591 sicut
1828 1547 2060 1590 mandavit
2088 1547 2230 1592 nobis.

911 1670 932 1723 ἕ
951 1668 1041 1710 ΙΙΙ.
1062 1694 1118 1700 —-
1136 1669 1207 1712 De
1225 1671 1533 1725 exstirpatione
1550 1670 1826 1715 idololatriae.

511 1783 618 1827 CAP.
653 1784 762 1827 VII.
797 1810 855 1816 ——
890 1783 902 1809 ¹
935 1784 1047 1826 Cum
1086 1784 1382 1828 introduxerit
1416 1790 1460 1828 te
1501 1785 1718 1828 Dominus
1761 1786 1880 1829 Deus
1913 1791 2015 1828 tuus
2047 1785 2094 1828 in
2127 1790 2289 1828 terram

453 1857 584 1898 quam
614 1857 891 1899 possessurus
920 1842 1186 1899 ingrederis,
1214 1849 1257 1887 et
1295 1844 1508 1887 deleverit
1537 1850 1690 1899 gentes
1723 1845 1886 1887 multas
1918 1859 2066 1887 coram
2098 1849 2162 1899 te,
2199 1845 2288 1887 He-

452 1902 640 1958 thaeum,
676 1907 719 1945 et
753 1903 1062 1959 Gergesaeum‚
1098 1908 1141 1945 et
1174 1903 1507 1960 Amorrhaeum,
1543 1903 1869 1960 Chananaeum,
1904 1908 1947 1947 et
1983 1903 2289 1959 Pherezaeum,

452 1966 495 2004 et
530 1962 772 2017 Hevaeum,
804 1968 847 2005 et
876 1962 1158 2018 Jebusaeum‚
1190 1968 1360 2019 septem
1388 1968 1543 2018 gentes
1573 1962 1713 2005 multo
1743 1962 1926 2018 majoris
1955 1962 2126 2005 numeri
2157 1976 2290 2018 quam

452 2026 499 2062 tu
533 2035 599 2075 es,
638 2026 681 2064 et
710 2021 976 2064 robustiores
1017 2026 1084 2075 te3
1128 2020 1145 2047 9
1175 2021 1495 2078 tradideritque
1537 2036 1610 2065 eas
1641 2022 1858 2065 Dominus
1890 2022 2009 2065 Deus
2039 2027 2140 2064 tuus
2184 2021 2288 2078 tibi,

452 2081 670 2137 percuties
704 2095 777 2124 eas
810 2094 947 2136 usque
979 2080 1037 2123 ad
1068 2080 1431 2125 internecionem.
1466 2082 1567 2125 Non
1599 2081 1734 2124 inibis
1769 2096 1870 2124 cum
1908 2081 1970 2124 eis
2003 2081 2174 2137 foedus,
2209 2094 2290 2124 nec

452 2139 728 2183 misereberis
762 2155 933 2196 earum,
965 2140 982 2167 3
1007 2155 1148 2196 neque
1173 2140 1363 2183 sociabis
1390 2155 1492 2183 cum
1518 2141 1579 2184 eis
1606 2140 1831 2197 conjugia.
1858 2140 2023 2183 Filiam
2048 2146 2173 2183 tuam
2201 2154 2290 2183 non

453 2199 579 2242 dabis
613 2199 703 2243 filio
744 2201 861 2257 ejus,
896 2214 977 2244 nec
1010 2200 1150 2242 filiam
1183 2200 1304 2243 illius
1345 2200 1537 2257 accipies
1572 2199 1663 2244 filio
1700 2206 1799 2254 tu03
1835 2199 1853 2226 4
1881 2199 1984 2256 quia
2024 2199 2205 2243 seducet
2240 2199 2289 2241 fi-

453 2258 564 2301 lium
597 2264 744 2315 tuum,
782 2274 837 2302 ne
873 2264 1082 2316 sequatur
1122 2274 1212 2315 me,
1247 2265 1291 2302 et
1324 2265 1372 2302 ut
1413 2259 1556 2315 magis
1590 2259 1754 2302 serviat
1788 2259 1872 2302 diis
1912 2259 2083 2302 alienis.
2122 2259 2288 2302 Irasce-

453 2322 609 2373 turque
637 2319 762 2362 furor
791 2319 994 2374 Domini,
1022 2324 1065 2362 et
1096 2319 1262 2363 delebit
1291 2325 1334 2362 te
1364 2319 1466 2362 cito.
1493 2319 1510 2345 5
1539 2319 1654 2369 Quin
1684 2318 1830 2376 potius
1863 2319 1959 2362 haec
1988 2318 2166 2361 facietis
2192 2317 2254 2361 eis
2279 2334 2288 2362 :

452 2391 550 2420 aras
596 2392 747 2421 eorum
787 2378 1050 2433 subvertite,
1093 2384 1135 2422 et
1177 2379 1447 2434 confringite
1487 2383 1677 2435 statuas,
1719 2378 1928 2434 lucosque
1967 2377 2203 2432 succidite,
2246 2382 2290 2420 et

454 2436 680 2493 sculptilia
721 2437 989 2492 comburite3
1025 2438 1043 2464 6
1080 2438 1184 2494 quia
1223 2437 1411 2494 populus
1451 2442 1630 2480 sanctus
1672 2452 1717 2481 es
1760 2436 1951 2480 Domino
1979 2438 2071 2480 Deo
2111 2441 2200 2479 tuo.
2227 2436 2290 2479 Te

454 2495 590 2552 elegit
624 2497 840 2540 Dominus
876 2498 995 2540 Deus
1028 2503 1150 2553 tuus,
1185 2503 1234 2540 ut
1266 2497 1325 2540 sis
1359 2497 1397 2540 ei
1431 2497 1619 2554 populus
1653 2496 1888 2553 peculiaris
1921 2496 1975 2539 de
2009 2495 2180 2538 cunctis
2214 2509 2289 2552 po-

455 2555 569 2612 pulis
603 2555 677 2611 qui
711 2561 813 2599 sunt
845 2571 975 2614 super
1008 2563 1183 2600 terram.
1220 2556 1234 2583 7
1266 2557 1366 2600 Non
1408 2556 1510 2612 quia
1555 2561 1738 2599 cunctas
1779 2561 1932 2611 gentes
1973 2568 2155 2598 numero
2193 2554 2288 2596 vin-

456 2614 643 2671 cebatis,
678 2615 804 2658 vobis
837 2615 1018 2672 junctus
1053 2621 1119 2659 est
1154 2616 1392 2670 Dominus,
1427 2621 1471 2659 et
1504 2615 1639 2671 elegit
1671 2629 1769 2671 vos,
1812 2629 1912 2657 cum
1946 2614 2152 2658 omnibus
2192 2613 2289 2657 sitis

455 2673 628 2730 populis
665 2674 917 2731 pauciores3
954 2675 971 2702 8
1003 2675 1080 2719 sed
1113 2675 1216 2732 quia
1250 2675 1408 2718 dilexit
1440 2689 1518 2718 vos
1553 2674 1789 2730 Dominus,
1820 2679 1864 2717 et
1895 2673 2137 2716 custodivit
2169 2672 2288 2728 jura-

455 2737 676 2788 mentum,
714 2734 830 2790 quod
863 2735 1030 2791 juravit
1063 2735 1263 2791 patribus
1296 2734 1477 2789 vestris3
1522 2734 1764 2789 eduxitque
1796 2747 1873 2776 vos
1909 2732 1955 2775 in
1990 2747 2125 2775 manu
2158 2731 2287 2787 forti,

456 2797 499 2834 et
527 2791 715 2836 redemit
744 2793 797 2836 de
827 2793 958 2837 domo
987 2794 1233 2850 servitutis,
1265 2794 1319 2837 de
1349 2808 1483 2836 manu
1515 2792 1778 2848 Pharaonis,
1808 2792 1925 2848 regis
1955 2790 2160 2849 AEgypti.
2191 2790 2208 2817 9
2233 2792 2289 2834 Et

455 2850 587 2906 scies,
623 2851 725 2907 quia
759 2853 977 2896 Dominus
1013 2854 1132 2896 Deus
1165 2858 1287 2909 tuus,
1324 2853 1419 2910 ipse
1451 2858 1518 2896 est
1552 2853 1670 2895 Deus
1706 2851 1836 2894 fortis
1870 2857 1913 2894 et
1946 2851 2110 2906 fidelis,
2145 2854 2287 2893 custo-

456 2909 580 2952 diens
617 2917 797 2966 pactum
832 2918 874 2955 et
916 2912 1266 2955 misericordiam
1307 2911 1598 2968 diligentibus
1633 2926 1698 2967 se,
1738 2916 1781 2954 et
1822 2910 1890 2953 his
1918 2910 1991 2966 qui
2033 2909 2290 2953 custodiunt

455 2974 679 3025 praecepta
709 2971 817 3026 ejus,
845 2971 891 3014 in
918 2971 1041 3014 mille
1063 2971 1394 3027 generationes3
1426 2971 1462 2998 ¹0
1488 2977 1531 3015 et
1555 2971 1742 3014 reddens
1768 2969 2021 3013 odientibus
2046 2983 2093 3013 se
2121 2968 2288 3022 statim,

454 3027 518 3070 ita
550 3034 599 3071 ut
628 3028 854 3085 disperdat
883 3044 975 3087 eos,
1011 3035 1055 3073 et
1087 3030 1203 3073 ultra
1236 3045 1324 3074 non
1353 3030 1553 3086 differat,
1584 3029 1782 3086 protinus
1813 3029 1874 3072 eis
1904 3028 2140 3072 restituens
2174 3027 2289 3083 quod

456 3093 690 3130 merentur.

516 3145 549 3171 ¹¹
577 3146 759 3190 Custodi
786 3161 890 3203 ergo
917 3155 1137 3205 praecepta
1156 3154 1200 3193 et
1225 3149 1496 3193 ceremonias
1521 3155 1655 3205 atque
1682 3148 1865 3204 judicia,
1893 3162 1993 3203 quae
2019 3161 2101 3203 ego
2127 3146 2290 3189 mando

455 3204 538 3248 tibi
568 3205 699 3249 hodie
732 3211 780 3248 ut
809 3207 965 3250 facias.
997 3207 1032 3233 19
1059 3208 1105 3251 Si
1130 3213 1363 3264 postquam
1389 3207 1582 3251 audieris
1607 3208 1704 3250 haec
1732 3207 1922 3262 judicia,
1951 3205 2211 3249 custodieris
2238 3219 2290 3248 ea

456 3270 500 3308 et
532 3264 714 3320 feceris,
750 3265 970 3309 custodiet
1002 3272 1045 3309 et
1078 3267 1297 3310 Dominus
1331 3268 1451 3311 Deus
1488 3272 1590 3310 tuus
1623 3272 1802 3323 pactum
1839 3266 1943 3321 tibi,
1974 3272 2017 3309 et
2046 3264 2290 3308 misericor-

457 3323 578 3366 diam
612 3338 745 3379 quam
777 3324 945 3380 juravit
978 3326 1176 3381 patribus
1206 3326 1308 3368 tuis.
1340 3325 1375 3353 ¹3
1405 3328 1462 3369 Et
1491 3326 1649 3382 diliget
1677 3332 1720 3368 te
1755 3339 1807 3367 ac
1842 3323 2180 3381 multiplicabit,
2216 3323 2288 3366 be-

458 3382 719 3438 nedicetque
747 3383 915 3426 fructui
948 3384 1114 3427 ventris
1144 3385 1229 3440 tui,
1268 3392 1312 3428 et
1344 3385 1512 3428 fructui
1550 3391 1679 3428 terrae
1712 3389 1821 3439 tuoe,
1856 3384 2082 3426 frumento
2115 3388 2192 3425 tuo
2223 3387 2291 3424 at-

461 3554 506 3586 16]
525 3553 719 3588 Matt11.1V‚
737 3557 761 3582 τ.
784 3554 863 3581 Luc.
880 3553 936 3587 IV,
956 3556 998 3581 12.
1014 3568 1050 3573 -
1073 3554 1100 3587 1]
1125 3555 1186 3582 Ex.
1213 3555 1345 3588 xxm,
1360 3558 1394 3583 23
1408 3558 1442 3583 et
1460 3555 1626 3589 xxx111,
1647 3557 1672 3582 2.
1691 3569 1725 3574 -
1747 3554 1776 3587 2]
1796 3555 1856 3582 nx.
1875 3554 2009 3588 xxm,
2026 3555 2062 3581 32
2078 3555 2113 3581 et
2131 3552 2290 3584 xxxiv,

461 3600 552 3625 15-16.
571 3612 603 3616 —-
621 3598 651 3631 3]
678 3599 738 3625 nx.
764 3598 923 3632 xxxw,
945 3601 988 3626 16.
1008 3612 1041 3617 —
1065 3598 1095 3631 5]
1115 3599 1174 3625 Ex.
1197 3598 1336 3632 xx111,
1362 3601 1407 3627 24.
1432 3599 1495 3626 ruf.
1517 3598 1604 3632 xil,
1629 3601 1647 3625 3
1668 3600 1702 3624 et
1727 3596 1826 3631 XVI,
1843 3599 1887 3625 21.
1905 3611 1941 3616 -
1966 3597 1995 3630 6]
2021 3596 2085 3624 int.
2105 3597 2198 3631 xm,
2218 3599 2234 3623 2
2254 3597 2292 3624 et

460 3641 588 3675 xxm,
606 3644 647 3669 18.
