2456 3861
839 137 953 178 cm.
988 135 1165 189 xxxi,
1199 136 1332 178 4-30.
1940 134 1991 174 31

178 306 368 352 Domino
394 321 404 350 ι
435 307 669 349 Reverterc
697 306 739 347 in
766 311 928 348 terram
953 311 1127 362 patrum
1154 310 1347 359 tuorum,
1368 309 1413 347 et
1437 304 1492 346 ad
1511 303 1840 359 generationem
1860 309 1995 359 tuam,

172 379 334 421 eroque
359 370 531 419 te0um3
559 365 574 391 1
594 363 733 419 misit,
753 370 797 407 et
819 365 996 407 vocavit
1020 364 1184 407 Rachel
1207 370 1251 407 et
1274 363 1401 406 Liam
1426 362 1470 405 in
1496 377 1671 418 agrum,
1691 362 1765 404 ubi
1787 362 1998 418 pascebat

175 438 332 481 greges
353 441 362 479 3
385 424 401 450 ⁵
435 423 634 479 dixitque
668 423 729 466 eis
759 440 767 466 :
806 423 946 466 Video
979 423 1143 465 faciem
1178 423 1315 479 patris
1348 422 1505 477 vestri,
1543 421 1657 476 quod
1692 435 1778 463 non
1811 421 1869 463 sit
1893 435 1998 476 erga

175 498 245 526 me
270 483 384 526 sicut
409 482 502 526 heri
528 489 572 526 et
597 482 939 537 nudiustertius3
975 483 1093 525 Deus
1118 487 1266 524 autem
1293 481 1430 537 patris
1455 480 1541 523 mei
1567 479 1656 522 fuit
1680 493 1880 533 mecun13
1913 479 1930 505 ὓ
1955 485 1999 522 et

175 542 283 598 ipsae
309 543 447 584 nostis
473 541 588 597 quod
613 541 718 584 totis
743 541 910 583 viribus
936 540 1044 583 meis
1070 540 1296 583 servierim
1321 539 1434 596 patri
1462 544 1619 582 vestro.
1653 538 1668 564 ⁷
1695 538 1779 582 Sed
1805 543 1849 580 et
1874 543 2000 593 pater

173 606 321 644 vester
350 600 641 644 circumvenit
673 614 763 654 me,
790 605 834 641 et
868 599 1058 641 mutavit
1090 599 1338 641 mercedem
1373 613 1514 641 meam
1551 598 1702 641 11000111
1728 596 1927 651 ν1011)118;
1956 601 2000 639 et

173 665 326 702 tamen
352 675 438 703 non
464 659 633 702 dimisit
654 673 755 701 eum
778 659 897 700 Deus
922 662 970 699 ut
996 662 1172 699 noceret
1197 657 1319 699 mihi.
1350 658 1366 683 ⁸
1394 657 1436 700 Si
1466 657 1641 712 quando
1668 656 1781 699 dixit
1808 671 1816 699 :
1852 656 1998 698 Varia(³

172 724 304 761 erunt
330 718 552 761 mercedes
577 722 686 772 tuae,
713 715 948 772 pariebant
974 729 1125 758 omnes
1151 728 1254 757 oves
1288 715 1432 758 varios
1466 716 1584 757 fetus
1605 733 1613 770 3
1649 714 1824 771 quando
1849 728 1952 757 vero
1977 729 2000 758 e

175 777 394 820 contrario
427 776 491 819 ait
520 792 528 819 ε
570 776 686 818 Alba
723 789 906 830 quaeque
939 774 1131 830 accipies
1165 788 1241 829 pro
1275 774 1497 828 mercede,
1531 788 1679 816 omnes
1717 787 1872 829 greges
1897 773 2000 815 alba

176 840 451 891 pepererunt.
490 834 507 860 9
533 835 739 889 Tulitque
778 834 897 876 Deus
933 832 1230 875 substantiam
1269 833 1406 888 patris
1443 833 1598 887 vestri,
1634 838 1677 875 et
1717 833 1839 875 dedit
1876 832 1998 875 mihi.

180 894 212 919 ¹⁰
246 895 484 949 Postquam
524 893 641 936 enim
683 897 920 948 conceptus
958 891 1106 935 ovium
1148 896 1323 947 tempus
1362 891 1624 945 advenerat,
1667 891 1812 933 levavi
1854 891 2000 933 oculos

176 966 315 1008 meos,
342 958 386 995 et
410 952 503 995 vidi
526 951 571 994 in
596 952 761 994 somnis
787 951 1077 994 ascendentes
1107 964 1250 992 mares
1275 963 1405 1006 super
1430 949 1644 1003 feminas,
1670 949 1814 991 varios
1840 954 1884 991 et
1910 963 2000 990 ma-

166 1012 357 1067 -culosos,
377 1019 420 1055 et
444 1012 717 1055 diversorum
741 1011 950 1054 colorum.
975 1011 1002 1036 ¹¹
1022 1009 1235 1065 Dixitque
1256 1009 1444 1065 angelus
1468 1008 1550 1052 Dei
1573 1008 1630 1052 ad
1652 1023 1723 1052 me
1741 1008 1787 1050 in
1808 1010 2001 1052 somnis:

175 1074 340 1117 Jacob!
371 1075 428 1116 Et
454 1087 536 1130 ego
561 1072 767 1130 respondi
797 1089 805 1117 :
842 1071 1027 1116 Adsum.
1060 1070 1095 1096 ¹'2
1121 1070 1202 1121 Qui
1225 1069 1288 1113 ait
1318 1086 1326 1113 z
1363 1071 1485 1113 Leva
1510 1069 1658 1112 0011108
1687 1074 1805 1124 tuos,
1829 1073 1872 1111 et
1898 1069 1998 1111 vide

173 1133 400 1176 universos
425 1132 644 1175 masculos
666 1131 957 1175 ascendentes
982 1144 1111 1186 super
1141 1129 1355 1185 feminas,
1380 1129 1543 1183 varios,
1571 1127 1837 1183 maculosos,
1867 1133 1998 1182 atque

172 1206 404 1248 respersos,
434 1191 538 1235 Vidi
563 1191 683 1234 enim
709 1190 857 1234 omnia
882 1204 979 1245 quae
1004 1189 1116 1232 fecit
1148 1188 1230 1231 tibi
1265 1188 1433 1231 Laban.
1473 1187 1505 1213 13
1528 1188 1623 1243 Ego
1649 1201 1745 1229 sum
1772 1187 1890 1229 Deus
1918 1187 1998 1228 Be-

172 1252 287 1306 thel,
313 1251 389 1293 ubi
423 1250 590 1293 unxisti
622 1250 836 1306 lapidem,
872 1255 917 1292 et-
949 1253 1102 1292 votum
1134 1247 1297 1290 vovisti
1329 1246 1452 1290 mihi.
1479 1247 1610 1289 Nune
1642 1259 1745 1301 ergo
1778 1259 1928 1301 surge,
1955 1250 2000 1287 et

173 1310 382 1366 egredere
408 1310 461 1353 de
487 1314 603 1352 terra
627 1309 731 1364 hac,
760 1313 982 1351 ievertens
1009 1307 1054 1349 111
1084 1312 1247 1349 terram
1272 1306 1521 1348 nativitatis
1546 1311 1649 1350 tuae.
1686 1304 1720 1330 14
1748 1303 1999 1360 Responde-

173 1375 360 1424 runtque
388 1368 554 1412 Rachel
581 1373 624 1410 et
649 1368 731 1410 Lia
754 1385 762 1411 :
791 1366 1016 1422 Numquid
1043 1366 1256 1408 habemus
1281 1364 1446 1408 residui
1471 1364 1711 1420 quidquam
1737 1363 1782 1406 in
1807 1363 1998 1406 faculta—

174 1428 291 1470 tibus
316 1433 360 1470 et
383 1427 630 1471 hereditate
656 1427 812 1469 domus
836 1425 974 1482 patris
997 1424 1166 1468 nostri?
1193 1424 1228 1450 ¹5
1251 1425 1408 1467 Nonne
1434 1424 1557 1479 quasi
1583 1423 1752 1466 alienas
1776 1421 1996 1479 reputavit

172 1501 272 1542 nos,
299 1492 343 1530 et
375 1486 597 1541 vendidit,
627 1485 906 1540 comeditque
931 1484 1122 1540 pretium
1157 1482 1391 1525 nostrum?
1428 1482 1462 1508 ’16
1490 1482 1573 1526 Sed
1609 1483 1728 1524 Deus
1759 1482 1863 1523 tulit
1896 1495 1999 1538 opes

167 1546 310 1603 patris
347 1545 505 1601 nostri,
544 1550 588 1588 et
621 1559 694 1587 eas
731 1543 916 1587 tradidit
952 1542 1099 1598 nobis,
1135 1557 1187 1585 ac
1226 1542 1328 1584 filiis
1355 1542 1543 1596 nostris3
1578 1541 1692 1583 unde
1727 1540 1875 1583 omnia
1900 1555 1998 1596 quae

168 1604 383 1661 praecepit
407 1604 489 1647 tibi
516 1605 654 1659 Deus,
681 1603 769 1647 fac.

233 1663 266 1690 ¹⁷
294 1664 490 1707 Surrexit
519 1663 668 1718 itaque
694 1662 857 1719 Jacob,
885 1667 930 1705 et
954 1661 1172 1718 impositis
1204 1659 1354 1703 liberis
1388 1674 1440 1702 ac
1467 1658 1733 1715 conjugibus
1757 1658 1847 1701 suis
1872 1673 2001 1714 super

165 1723 383 1779 camelos,
411 1722 535 1765 abiit.
564 1722 598 1748 ¹8
624 1721 832 1777 Tulitque
859 1735 1034 1764 omnem
1060 1720 1357 1763 substantiam
1380 1733 1525 1774 suam,
1545 1723 1589 1760 et
1614 1732 1790 1774 greges,
1811 1722 1855 1761 et
1877 1718 2000 1772 quid-

171 1782 276 1838 quid
298 1782 344 1824 in
369 1781 694 1838 Mesopotamia
724 1780 1009 1836 acquisierat,
1037 1794 1226 1836 pergens
1251 1779 1307 1821 ad
1334 1778 1462 1820 Isaac
1493 1782 1665 1833 patrem
1690 1791 1817 1819 suum
1846 1776 1892 1818 in
1917 1782 2001 1819 ter-

166 1855 266 1883 ram
291 1841 518 1885 Chanaan.

231 1900 267 1926 19
293 1901 358 1943 ΕΟ
391 1905 588 1957 tempore
621 1899 733 1942 ierat
766 1899 922 1942 Laban
955 1899 1011 1942 ad
1043 1898 1292 1941 tondendas
1326 1912 1449 1953 oves,
1476 1901 1521 1940 et
1555 1894 1722 1938 Rachel
1755 1895 1905 1938 furata
1937 1900 2003 1938 est

170 1959 292 2002 idola
327 1960 466 2018 patris
503 1959 584 2006 sui,
619 1958 656 1985 2⁰
681 1958 921 2013 Noluitque
956 1957 1098 2001 Jacob
1133 1956 1333 2000 confiteri
1367 1970 1515 1999 socero
1548 1968 1624 1997 suo
1659 1954 1774 2010 quod
1810 1955 2000 2010 fugeret.
2050 1973 2052 1975 ·

166 2018 206 2044 '2¹
235 2019 431 2075 Cumque
463 2018 648 2062 abiisset
680 2023 774 2060 tam
798 2017 892 2074 ipse
918 2031 1049 2072 quam
1085 2017 1234 2059 omnia
1267 2031 1363 2072 quae
1388 2015 1499 2071 juris
1531 2014 1598 2057 sui
1632 2018 1777 2069 erant,
1804 2012 1849 2056 et
1872 2027 2003 2056 amne

171 2078 431 2121 transmisso
453 2083 656 2135 pergeret
683 2082 836 2120 contra
866 2085 1064 2119 montem
1089 2075 1284 2131 Galaad,
1319 2074 1357 2100 2⁹²
1379 2074 1632 2116 nuntiatum
1657 2077 1724 2115 est
1750 2073 1906 2115 Laban
1932 2072 2002 2115 die

171 2137 304 2180 tertio
329 2137 444 2192 quod
477 2138 655 2193 fugeret
687 2135 842 2179 Jacob.
878 2132 915 2162 ⁹3
940 2135 1042 2191 Qui,
1078 2135 1315 2191 assumptis
1356 2133 1569 2176 fratribus
1602 2132 1711 2187 suis,
1749 2137 2004 2188 persecutus

174 2201 240 2239 est
265 2210 366 2239 eum
391 2195 544 2239 diebus
569 2200 768 2252 septem3
807 2200 852 2238 et
885 2194 1220 2251 comprehendit
1257 2208 1356 2237 011111
1382 2193 1428 2234 111
1461 2196 1609 2235 monte
1645 2191 1830 2234 Galaad.
1865 2190 1902 2216 24
1928 2190 2003 2234 Vi-

174 2255 324 2310 ditque
361 2255 407 2297 in
443 2255 608 2298 somnis
642 2254 865 2297 dicentem
903 2254 986 2296 sibi
1021 2254 1162 2296 Deum
1195 2270 1203 2297 :
1245 2253 1362 2296 Cave
1396 2266 1450 2295 ne
1484 2251 1724 2307 quidquam
1756 2264 1908 2306 aspere
1942 2249 2003 2292 10-

166 2314 320 2370 -quaris
346 2320 500 2357 contra
525 2314 681 2358 Jacob.

233 2372 269 2400 2⁵
287 2374 477 2429 Jamque
503 2373 645 2417 Jacob
672 2373 934 2416 extenderat
958 2373 1004 2415 in
1029 2378 1179 2416 monte
1205 2372 1567 2426 tabernaculum3
1596 2384 1782 2425 cumque
1805 2369 1879 2412 ille
1902 2383 2003 2411 con-

164 2438 350 2476 secutus
386 2433 547 2476 fuisset
579 2448 679 2476 eum
713 2446 813 2475 cum
846 2432 1060 2474 fratribus
1094 2431 1204 2487 suis,
1239 2431 1284 2473 in
1323 2431 1478 2474 eodem
1514 2435 1663 2473 monte
1701 2429 1874 2472 Galaad
1908 2428 2004 2470 fixit

175 2492 427 2536 tentorium.
454 2491 490 2518 '²⁶
516 2494 575 2535 Et
601 2491 715 2535 dixit
738 2491 796 2534 ad
823 2491 965 2534 Jacob
997 2506 1005 2534 :
1039 2491 1180 2541 Quare
1206 2491 1269 2532 ita
1301 2489 1453 2546 egisti,
1481 2494 1528 2532 ut
1560 2490 1674 2532 clam
1707 2502 1777 2530 me
1802 2487 2003 2542 abigeres

167 2551 289 2594 :filias
313 2566 436 2594 meas
461 2552 585 2607 quasi
611 2551 812 2608 captivas
845 2549 1028 2606 gladio?
1063 2548 1098 2575 27
1125 2550 1212 2593 Cur
1243 2549 1477 2605 ignorante
1510 2562 1581 2590 me
1613 2547 1768 2602 fugere
1802 2546 2002 2601 voluisti,

176 2624 257 2654 1100
290 2610 487 2654 indicare
521 2610 650 2666 mihi,
679 2615 727 2652 ut
760 2623 1043 2667 prosequerer
1075 2613 1118 2651 te
1153 2622 1253 2651 cum
1286 2607 1469 2664 gaudio,
1504 2612 1548 2649 et
1580 2605 1787 2661 canticis,
1814 2610 1858 2647 et
1890 2610 2003 2661 tym-

175 2670 323 2726 panis,
351 2675 394 2713 et
432 2669 649 2713 citharis?
687 2668 723 2696 28
750 2669 850 2711 Non
887 2682 933 2711 es
968 2682 1123 2724 passus
1160 2672 1209 2709 ut
1241 2667 1461 2710 oscularer
1492 2665 1605 2708 filios
1637 2678 1757 2707 meos
1790 2669 1835 2706 et
1859 2663 2000 2718 filias,-

166 2729 310 2772 :stulte
355 2734 559 2786 operatus
595 2743 667 2784 es3
706 2733 751 2771 et
786 2741 903 2770 1111110
940 2727 1119 2783 quidem
1156 2725 1193 2752 ⁵29
1224 2726 1346 2768 valet
1377 2739 1534 2767 manus
1574 2739 1674 2766 mea
1705 2723 1887 2766 reddere
1921 2723 2004 2765 tibi

176 2788 372 2844 malum3
400 2788 476 2831 sed
505 2790 622 2831 Deus
647 2787 785 2844 patris
811 2786 946 2829 vestri
971 2786 1065 2829 heri
1091 2785 1204 2828 dixit
1228 2784 1337 2828 mihi
1361 2800 1370 2828 :
1412 2785 1529 2828 Cave
1556 2798 1610 2826 110
1637 2782 1825 2838 loquaris
1852 2788 2006 2825 contra

177 2847 319 2890 Jacob
345 2847 586 2903 quidquam
611 2847 774 2890 durius.
809 2845 846 2872 3⁰
871 2846 1000 2901 Esto,
1026 2845 1082 2888 ad
1115 2850 1214 2888 tuos
1240 2844 1302 2887 ire
1336 2843 1566 2900 cupiebas,
1593 2847 1637 2885 et
1669 2841 1886 2884 desiderio
1912 2846 2004 2884 erat

177 2906 260 2949 tibi
286 2906 440 2950 domus
473 2906 611 2963 patris
643 2905 736 2961 tui,
766 2920 841 2948 cur
873 2905 1047 2947 furatus
1084 2918 1129 2947 08
1164 2904 1268 2947 deos
1297 2902 1454 2946 meos?
1488 2902 1521 2928 ³¹
1552 2900 1796 2957 Respondit
1821 2900 1963 2943 Jacob
1993 2916 2002 2943 :

168 2965 301 3015 Quod
337 2965 476 3008 inscio
512 2971 555 3008 te
591 2965 819 3022 profectus
855 2979 971 3020 sum,
1006 2963 1135 3006 timui
1171 2977 1226 3006 110
1262 2962 1480 3005 violenter
1512 2961 1710 3004 auferres
1745 2959 1859 3002 filias
1891 2965 2003 3002 tuas.

176 3023 214 3050 3'2
239 3025 364 3075 Quod
388 3030 537 3068 autem
570 3024 680 3067 furti
713 3039 783 3067 me
809 3023 976 3079 arguis,
1004 3022 1121 3079 apud
1154 3035 1474 3078 quemcumque
1507 3019 1730 3063 inveneris
1756 3019 1860 3061 deos
1885 3024 2003 3073 tuos,

178 3089 359 3126 necetur
400 3098 548 3126 coram
587 3083 800 3126 fratribus
845 3082 1018 3127 nostris,
1061 3082 1265 3125 Scrutare
1305 3080 1517 3136 quidquid
1565 3084 1738 3122 tuorum
1778 3077 1895 3134 apud
1935 3091 2005 3119 me

176 3143 421 3199 inveneris,
459 3149 503 3186 et
538 3143 678 3186 aufer.
718 3143 830 3185 Haec
868 3141 1039 3197 dicens,
1077 3140 1314 3196 ignorabat
1349 3139 1465 3194 quod
1504 3137 1670 3181 Rachel
1705 3137 1856 3179 furata
1892 3140 2006 3178 esset

177 3202 310 3245 idola.
337 3201 374 3228 33
393 3203 624 3258 Ingressus
650 3202 798 3257 itaque
825 3201 980 3244 Laban
998 3199 1336 3243 tabernaculum
1358 3198 1500 3241 Jacob
1519 3203 1563 3240 et
1582 3197 1695 3252 Liae,
1715 3200 1759 3238 et
1781 3195 2004 3250 utriusque

178 3261 383 3317 famulae,
407 3275 495 3304 non
521 3261 706 3306 invenit.
732 3262 927 3316 Cumque
953 3259 1163 3302 intrasset
1187 3258 1428 3301 tentorium
1455 3256 1682 3311 Rachelis,
1715 3254 1752 3280 34
1776 3254 1854 3296 illa
1879 3253 2004 3296 festi-

179 3334 290 3362 nans
312 3321 546 3363 abscondit
570 3320 689 3363 idola
711 3320 861 3363 subter
886 3324 1130 3362 stramenta
1155 3317 1335 3373 cameli,
1362 3321 1406 3360 et
1430 3316 1545 3359 sedit
1571 3316 1780 3370 desuper3
1808 3318 2004 3355 scrutan-

181 3379 300 3434 tique
326 3394 455 3422 omne
480 3379 740 3435 tentorium,
767 3385 811 3422 et
837 3378 946 3420 nihil
971 3377 1238 3432 invenienti,
1273 3377 1310 3403 35
1334 3375 1398 3418 ait
1428 3391 1436 3418 ε
1471 3376 1538 3418 Νο
1563 3374 1778 3416 irascatur
1803 3371 2006 3414 dominus

181 3452 324 3494 1110118,
354 3438 469 3494 quod
496 3453 643 3481 coram
667 3444 710 3481 te
732 3452 959 3493 assurgere
989 3451 1176 3492 nequeo,
1204 3436 1307 3491 quia
1335 3435 1466 3490 juxta
1491 3431 1854 3476 consuetudinem
1874 3429 2004 3472 femi-

183 3510 337 3539 narum
373 3512 490 3540 nunc
526 3497 690 3540 accidit
725 3497 848 3540 mihi.
890 3496 962 3540 Sic
999 3496 1151 3539 delusa
1183 3494 1436 3537 sollicitudo
1469 3490 1707 3547 quaerentis
1741 3494 1819 3532 est.
1858 3488 1895 3514 36
1918 3488 2003 3530 Tu-

185 3640 232 3673 13]
248 3639 324 3672 Sup.
342 3641 511 3676 XXVIII,
533 3644 577 3669 18.
595 3655 631 3661 —
646 3642 694 3674 29]
714 3641 778 3669 Ins.
801 3640 967 3674 XLVIII,
989 3642 1030 3667 16.

2066 1666 2213 1698 ipsemet
2240 1663 2305 1692 dis-

2123 1716 2250 1737 cessus.

2133 1899 2245 1925 Laban

2094 1947 2285 1974 insequitur

2130 1986 2246 2014 Jacob.

2069 2371 2192 2399 Foedus
2221 2369 2310 2397 inter

2134 2415 2241 2443 Jacob

2101 2461 2135 2486 et
2153 2459 2276 2486 Laban.
