2423 3861
734 126 807 168 Ps.
842 124 929 177 IX,
966 123 1018 166 18
1057 147 1108 154 -
1140 120 1257 173 XII,
1292 119 1328 160 1.
1856 105 1943 151 553

418 297 787 358 praeparationem
813 294 955 337 cordis
981 306 1130 336 eorum
1155 289 1328 332 audivit
1352 286 1470 330 auris
1496 290 1592 340 tua,

305 361 339 387 ¹8
357 359 556 417 judicare
581 354 750 414 pupillo
776 359 820 397 et
845 352 1023 406 humili,

420 422 470 460 ut
493 430 579 460 non
604 417 801 471 apponat
826 412 941 454 ultra
966 409 1250 465 magnificare
1275 420 1321 449 se
1348 408 1478 448 homo
1502 415 1632 459 super
1656 405 1830 443 terram.

897 511 1111 553 PSALMUS
1144 508 1185 550 X

656 600 864 656 Pewfecta
895 599 940 640 in
972 597 1068 639 Deo
1094 596 1212 651 justo
1234 594 1420 649 fiducia.

189 694 202 721 ¹
224 696 277 738 In
299 694 452 748 finem,
477 689 679 735 Psalmus
706 685 867 730 David.

326 772 343 799 ”²
361 773 415 816 In
443 769 633 815 Domino
658 765 830 811 confido
851 782 860 820 3
888 761 1106 820 quomodo
1132 759 1281 803 dicitis
1306 758 1469 801 animae
1496 769 1632 799 meae:

425 827 711 883 Transmigra
734 826 780 868 in
806 828 1002 867 montem
1028 821 1143 863 sicut
1168 818 1349 875 passer?

328 890 345 917 3
364 889 572 946 quonia-m
593 900 696 930 ecce
720 888 973 942 peccatores
996 878 1281 922 intenderunt
1305 889 1485 927 arcum3

428 950 694 1006 paraverunt
718 943 906 999 sagittas
931 954 1032 984 suas
1057 939 1103 981 in
1129 937 1353 993 pharetra,

429 1013 478 1050 ut
498 1006 713 1062 sagittent
736 1003 782 1045 in
806 1002 988 1044 obscuro
1014 1003 1155 1041 rectos
1181 995 1310 1038 corde
1330 1012 1339 1049 3

329 1068 346 1095 4
364 1067 573 1124 quoniam
599 1078 696 1120 quae
721 1060 948 1119 perfecisti
976 1058 1316 1107 dest1·uxe1·unt;

430 1126 576 1182 justus
601 1128 751 1166 autem
776 1119 880 1176 quid
906 1117 1052 1161 fecit?

333 1186 350 1213 5
372 1184 588 1229 Dominus
612 1183 659 1225 in
684 1180 851 1236 templo
876 1182 1030 1220 sancto
1055 1189 1152 1229 suo;

434 1243 650 1287 Dominus
675 1240 721 1283 in
747 1239 856 1283 caelo
882 1237 1006 1280 sedes
1028 1235 1139 1291 ejus.

374 1303 501 1348 Oculi
527 1302 624 1357 ejus
644 1300 691 1342 in
718 1310 957 1355 pauperem
982 1293 1252 1351 respiciunt,

433 1361 658 1418 palpebrae
682 1358 779 1413 ejus
803 1357 1081 1410 interrogant
1101 1352 1214 1394 filios
1236 1349 1478 1393 hominum.

334 1423 353 1450 ‘⁵
370 1420 586 1464 Dominus
611 1418 858 1470 interrogat
883 1414 1054 1469 justum
1081 1416 1125 1454 et
1149 1409 1337 1465 impium
1358 1426 1366 1463 3

434 1479 506 1535 qui
527 1481 678 1520 autem
701 1474 850 1529 diligit
874 1471 1156 1527 iniquitatem
1180 1467 1272 1511 odit
1297 1468 1495 1509 animam
1520 1480 1658 1509 suam.

336 1539 352 1566 ⁷
370 1538 500 1581 Pluet
524 1550 654 1591 super
678 1537 932 1590 peccatores
958 1531 1137 1584 laqueos
1157 1545 1166 1582 ς

434 1595 552 1652 ignis
578 1600 622 1637 et
646 1592 841 1648 sulphur,
868 1595 912 1633 et
935 1588 1114 1645 spiritus
1140 1585 1452 1642 procellarum,
1476 1598 1577 1640 pars
1604 1581 1755 1624 calicis
1777 1595 1939 1624 eorum.

335 1657 354 1685 8
370 1655 589 1707 Quoniam
614 1653 758 1709 justus
786 1649 1023 1703 Dominus,
1047 1651 1091 1689 et
1116 1644 1312 1701 justitias
1338 1643 1526 1698 dilexit3

438 1713 696 1770 aequitatem
721 1709 836 1752 vidit
860 1707 1009 1750 vultus
1030 1705 1140 1761 ejus.

901 1810 1118 1851 PSALMUS
1150 1806 1218 1848 XI

332 1904 483 1949 Oratio
507 1916 594 1959 pro
625 1898 910 1957 imploranda
941 1911 1018 1952 ope
1050 1895 1204 1938 divina
1237 1898 1387 1935 contra
1419 1892 1558 1934 hostes
1576 1873 1577 1877 ¹
1582 1895 1789 1947 potentes.

207 1991 290 2035 ¹ln
316 1991 472 2046 finem,
497 2003 576 2046 pro
601 1993 780 2043 octava,
804 1984 1008 2028 Psalmus
1036 1980 1197 2026 David.

341 2070 359 2097 2
377 2070 558 2114 Salvum
582 2083 654 2112 me
677 2067 775 2121 fac,
804 2065 1015 2120 Domine,
1039 2062 1250 2118 quoniam
1276 2059 1446 2102 defecit
1471 2062 1671 2112 sanctus,

442 2128 651 2185 quoniam
676 2126 909 2170 diminutae
934 2128 1037 2167 sunt
1057 2121 1269 2165 verit-ates
1294 2133 1320 2161 a
1341 2117 1444 2160 filiis
1469 2116 1710 2160 hominum.

344 2188 362 2216 3
378 2190 508 2232 Vana
531 2186 669 2230 locuti
695 2189 799 2228 sunt
818 2182 1118 2238 unusquisque
1141 2180 1198 2222 ad
1224 2177 1472 2235 proximum
1501 2189 1657 2230 suum3

443 2247 564 2290 labia
586 2246 758 2300 dolosa,
785 2243 831 2286 in
853 2242 982 2286 corde
1008 2246 1052 2284 et
1078 2239 1207 2282 corde
1228 2236 1367 2281 locuti
1392 2239 1507 2278 sunt.

343 2307 363 2335 ¹¹
381 2306 621 2363 Disperdat
646 2303 864 2348 Dominus
889 2301 1094 2344 universa
1118 2297 1239 2340 labia
1265 2296 1437 2350 dolosa,

445 2372 489 2410 et
512 2365 716 2421 linguam
741 2360 1090 2417 magniloquam.

345 2427 364 2454 5
379 2425 462 2477 Qui
487 2425 695 2468 dixerunt
721 2439 729 2467 :
756 2421 979 2476 Linguam
1003 2422 1201 2460 nostram
1227 2412 1645 2470 magnificabimus3

446 2484 567 2527 labia
591 2487 740 2526 nostra
766 2496 793 2523 a
818 2479 944 2523 nobis
970 2482 1085 2520 sunt.

448 2543 554 2594 Quis
579 2547 728 2585 noster
754 2539 959 2583 dominus
984 2535 1083 2580 est?

349 2604 369 2632 ‘³
385 2605 569 2660 Propter
593 2600 818 2644 miseriam
842 2598 1046 2654 inopum,
1074 2599 1119 2637 et
1143 2591 1361 2649 gemitum
1385 2604 1649 2647 pauperum,

449 2676 567 2705 nunc
589 2674 825 2716 exurgam,
850 2656 960 2700 dicit
987 2653 1217 2698 Dominus.

391 2723 562 2766 Ponam
582 2720 630 2762 in
651 2717 835 2762 salutari
855 2734 866 2772 ;

451 2779 718 2823 fiducialiter
741 2791 875 2833 agam
898 2776 946 2818 in
972 2789 1036 2818 eo.

352 2840 368 2868 ⁷
386 2839 574 2895 Eloquia
601 2837 804 2893 Domini,
834 2834 1009 2891 eloquia
1034 2836 1156 2875 casta
1176 2847 1185 2885 3
1209 2833 1445 2885 argentum
1468 2827 1574 2883 igne
1600 2824 1926 2879 examinatum,

451 2899 688 2956 probatum
713 2902 863 2951 terrae,
890 2897 1128 2952 purgatum
1154 2887 1421 2945 septuplum.

352 2958 371 2986 8
387 2959 474 3014 Tu,
500 2957 713 3012 Domine,
736 2954 934 2999 servabis
957 2966 1055 3007 nos,

454 3022 499 3061 et
523 3015 744 3059 custodies
768 3028 849 3057 nos
874 3028 900 3055 a
925 3009 1211 3068 generatione
1233 3007 1317 3049 hac
1340 3006 1388 3049 in
1415 3009 1643 3048 aeternum.

318 3121 320 3123 ,
356 3076 375 3103 ⁹
391 3078 446 3120 In
468 3075 656 3119 circuitu
679 3073 806 3130 impii
829 3071 1075 3115 ambulant.

457 3134 711 3179 Secundum
737 3131 1023 3176 altitudinem
1048 3134 1172 3170 tuam
1198 3123 1506 3182 multiplicasti
1533 3121 1646 3164 filios
1670 3120 1914 3163 hominum.

903 3232 1116 3274 PSALMUS
1147 3227 1242 3270 XII
1260 3252 1263 3254 >

657 3321 924 3364 Postulatur
958 3316 1158 3361 liberatio
1190 3314 1248 3357 ab
1281 3313 1489 3356 hostibus.

223 3410 237 3437 ¹
257 3411 312 3454 In
336 3410 491 3466 finem,
519 3409 723 3452 Psalmus
747 3407 908 3451 David.

461 3490 720 3545 Usquequo,
748 3486 959 3541 Domine,
987 3481 1259 3527 oblivisceris
1285 3493 1355 3522 me
1378 3478 1425 3520 in
1450 3475 1616 3519 finem?

170 3639 222 3671 10,
239 3637 269 3670 5]
288 3636 372 3664 Hah.
395 3636 429 3663 11
442 3655 450 3670 ‚
467 3637 511 3662 20.
527 3649 563 3654 —
584 3636 638 3667 11,
657 3634 684 3666 7]
704 3633 801 3660 Prov.
821 3629 932 3662 XXX,
960 3632 986 3657 5.

2068 681 2210 710 Titulus.

2040 761 2116 787 Vox
2133 756 2243 787 carnis

2033 801 2253 836 desperantis.

2065 1166 2139 1193 Vox
2156 1163 2235 1192 fidei

2085 1209 2120 1238 in
2148 1210 2216 1237 Deo

2083 1259 2219 1282 securae.

2091 1981 2236 2011 Titulus.

2074 2060 2260 2089 Invocatur

2082 2103 2143 2133 Dei
2156 2103 2252 2132 auxi—

2115 2149 2198 2177 lium
2210 2169 2217 2184 ‚

2086 2194 2252 2221 malorum

2080 2237 2255 2270 impietate

2080 2280 2259 2313 descripta.

2066 2590 2284 2620 Promittitur

2094 2634 2250 2664 divinum

2087 2678 2265 2709 auxilium.

2109 3393 2252 3422 Titulus.

2117 3465 2249 3494 Psaltes

2061 3507 2279 3542 conqueritur
2291 3512 2300 3540 3
