2456 3861
685 129 770 171 dor,
804 128 944 182 xm,
981 130 1032 173 19
1067 155 1125 160 -
1156 127 1279 182 xrv,
1317 126 1382 169 15.
1858 123 1943 168 517

305 299 337 326 ¹9
355 300 458 351 Quis
483 305 549 344 est
573 298 645 354 qui
666 298 889 354 judicetur
911 297 1115 342 mecum?

419 359 582 402 Veniat
609 373 618 401 ε
644 370 777 412 quare
798 362 948 400 tacens
975 356 1233 399 consumor?

302 417 338 444 '2⁰
356 418 453 461 Duo
475 421 648 461 tantum
671 429 726 459 ne
750 415 894 458 facias
917 415 1045 468 mihi,

419 482 462 520 et
483 482 586 519 tunc
608 489 634 516 a
658 474 777 518 facie
799 479 874 517 tua
896 489 981 517 non
1005 474 1251 517 abscondar
1282 491 1290 518 :

302 534 334 561 ‘²¹
356 536 538 578 Manum
559 539 681 578 tuam
704 533 835 588 longe
860 533 935 576 fac
957 548 983 575 a
1007 548 1098 587 me,

420 599 463 637 et
483 593 675 637 formido
697 597 774 635 tua
799 606 884 635 non
908 606 978 635 me
1000 598 1173 638 terreat.

303 652 338 678 ‘2⁹²
358 654 479 696 Voca
505 666 595 707 me,
617 656 660 695 et
685 665 766 707 ego
791 651 1063 708 respondebo
1086 651 1165 693 tibi
1187 669 1196 706 3

421 717 497 755 aut
519 716 634 755 certe
659 711 832 767 loquar,
859 715 902 753 et
923 715 969 752 tu
991 710 1206 766 responde
1231 709 1354 753 mihi.

304 769 340 796 '²³
357 770 550 822 Quantas
576 770 718 814 habeo
741 769 998 825 iniquitates
1023 773 1067 812 et
1092 774 1293 826 peccata,

425 830 595 875 scelera
615 843 714 873 mea
735 834 778 873 et
803 828 967 872 delicta
988 828 1170 872 ostende
1196 827 1318 871 mihi.

304 888 339 915 2²
357 889 443 933 Cur
466 889 630 933 faciem
654 894 778 931 tuam
803 887 1058 943 abscondis,

421 954 464 992 et
484 948 710 992 arbitraris
734 962 805 991 me
828 947 1059 990 inimicum
1084 946 1239 990 tuum?

305 1007 340 1034 ‘²5
358 1007 521 1052 Contra
545 1007 726 1064 folium,
750 1006 866 1063 quod
887 1011 1019 1050 vento
1044 1005 1233 1062 rapitur,
1261 1005 1455 1049 ostendis
1481 1003 1726 1061 potentiam
1750 1006 1893 1058 tuam,

422 1072 464 1110 et
489 1067 698 1124 stipulam
720 1067 886 1109 siccam
910 1065 1205 1122 persequeris;

305 1124 341 1152 ²⁰
357 1125 512 1169 scribis
538 1127 655 1169 enim
682 1132 835 1169 contra
859 1139 930 1168 me
954 1123 1297 1178 amaritudines,

422 1190 465 1228 et
483 1198 738 1228 consumere
763 1199 833 1228 me
854 1185 921 1227 vis
942 1183 1136 1241 peccatis
1158 1181 1470 1226 adolescentiae
1492 1195 1616 1225 meae.

306 1243 340 1269 ‘2⁷
360 1243 549 1288 Posuisti
574 1245 620 1287 in
647 1258 780 1287 nervo
802 1243 959 1301 pedem
981 1257 1151 1298 meum,

423 1307 466 1346 et
492 1303 735 1347 observasti
761 1317 912 1346 omnes
937 1302 1117 1345 semitas
1144 1316 1285 1357 meas,
1347 1312 1351 1317 '

424 1366 467 1405 et
492 1362 682 1418 vestigia
703 1362 866 1419 pedum
893 1375 1089 1404 meorum
1116 1359 1425 1415 considerasti,

307 1419 342 1447 2³
360 1420 433 1477 qui
459 1421 582 1476 quasi
609 1421 794 1478 putredo
820 1419 1144 1463 consumendus
1170 1434 1288 1473 sum,

424 1485 467 1523 et
493 1480 615 1535 quasi
640 1480 956 1523 vestimentum
978 1477 1092 1533 quod
1120 1477 1364 1520 comeditur
1386 1492 1412 1519 a
1436 1477 1569 1520 tinea.

189 1538 294 1582 CAP.
316 1539 443 1582 XIV.
465 1564 525 1571 —
550 1538 562 1564 ¹
588 1539 757 1594 Homo,
780 1543 910 1580 natus
937 1538 990 1580 de
1016 1536 1219 1591 muliere,
1245 1536 1367 1579 brevi
1393 1535 1547 1578 vivens
1573 1539 1787 1591 tempore,

424 1597 616 1654 repletur
640 1597 791 1640 multis
816 1596 1017 1640 miseriis.

325 1655 342 1682 ‘²
358 1656 440 1708 Qui
463 1655 586 1712 quasi
610 1655 690 1700 flos
716 1656 939 1712 egreditur
964 1661 1007 1699 et
1028 1655 1288 1710 conteritur,

425 1720 468 1759 et
492 1715 614 1772 fugit
638 1715 760 1759 velut
781 1715 963 1769 umbra,
987 1720 1030 1758 et
1057 1728 1283 1770 nunquam
1308 1713 1355 1755 in
1387 1711 1542 1755 eodem
1570 1716 1689 1755 statu
1718 1715 1959 1768 permanet.

326 1775 343 1801 ³
360 1776 418 1818 Et
442 1775 628 1831 dignum
654 1774 778 1818 ducis
798 1789 928 1832 super
951 1773 1261 1830 hujuscemodi
1284 1771 1452 1829 aperire
1479 1771 1625 1814 oculos
1651 1776 1769 1825 tuos,

300 1878 303 1881 .
425 1840 468 1878 et
492 1833 711 1878 adducere
737 1848 838 1878 eum
858 1840 1006 1877 tecum
1030 1833 1077 1875 in
1098 1830 1351 1889 judicium?
1387 1873 1389 1875 .

326 1892 342 1920 4
360 1893 464 1944 Quis
487 1898 632 1949 potest
652 1893 802 1937 facere
823 1892 1040 1936 mundum
1063 1892 1116 1935 de
1140 1890 1370 1934 immundo
1399 1894 1663 1946 conceptum
1685 1889 1880 1933 semine?

424 1952 584 1996 Nonne
604 1957 652 1995 tu
673 1953 747 2008 qui
768 1952 885 1995 solus
912 1951 992 1995 es?

329 2011 345 2037 ⁵
364 2012 525 2054 Breves
546 2011 637 2054 dies
658 2011 850 2054 hominis
872 2016 999 2067 sunt,

427 2084 633 2114 numerus
658 2071 876 2114 mensium
902 2070 999 2126 ejus
1020 2070 1138 2127 apud
1163 2074 1206 2112 te
1231 2074 1324 2124 est3

429 2128 696 2172 constituisti
718 2130 928 2173 terminos
954 2130 1070 2185 ejus,
1094 2128 1168 2184 qui
1193 2127 1407 2185 praeteriri
1434 2140 1521 2169 non
1544 2130 1763 2182 poterunt.

328 2187 346 2214 ὃ
365 2188 537 2231 Recede
559 2188 788 2244 paululum
809 2188 865 2231 ab
892 2202 962 2243 eo,
989 2194 1039 2231 ut
1063 2188 1282 2243 quiescat,

429 2246 567 2290 donec
595 2252 746 2304 optata
768 2247 943 2303 veniat,
965 2247 1080 2290 sicut
1102 2245 1384 2301 mercenarii,
1411 2244 1502 2287 dies
1529 2243 1638 2299 ejus.

331 2304 346 2331 '¹
365 2305 560 2361 Lignum
582 2305 718 2350 habet
743 2321 863 2363 spen]
885 2323 895 2362 3

430 2365 466 2407 si
492 2364 727 2421 praecisum
748 2365 908 2421 fuerit,
935 2380 1107 2408 rursum
1129 2364 1333 2419 virescit,

429 2429 472 2467 et
497 2424 608 2466 rami
630 2424 726 2480 ejus
748 2424 982 2481 pullulant.

331 2482 348 2509 ⁸
366 2482 408 2527 Si
434 2483 628 2526 senuerit
648 2483 695 2525 in
716 2489 831 2526 terra
850 2483 978 2526 radix
1004 2484 1121 2540 ejus,

431 2547 474 2585 et
497 2542 541 2584 in
569 2541 749 2599 pulvere
774 2547 995 2586 emortuus
1017 2543 1156 2586 fuerit
1181 2547 1359 2586 truncus
1380 2541 1519 2597 illius,

333 2600 350 2627 ⁹
365 2601 422 2644 ad
449 2601 627 2645 odorem
652 2616 778 2657 aquae
805 2601 1094 2657 germinabit,

431 2666 474 2704 et
498 2661 637 2704 faciet
663 2675 858 2715 comam,
881 2660 1005 2716 quasi
1031 2674 1132 2703 cum
1153 2659 1344 2716 primum
1369 2659 1620 2717 plantatum
1646 2661 1725 2703 est.

316 2718 349 2746 ¹0
367 2719 514 2762 Homo
539 2734 642 2763 vero
670 2734 769 2762 cum
796 2725 992 2762 mortuus
1013 2719 1171 2774 fuerit,
1194 2723 1236 2761 et
1258 2719 1469 2773 nudatus,

430 2783 563 2834 atque
589 2784 894 2835 consumptus,
922 2778 1018 2833 ubi,
1047 2792 1214 2833 quaeso,
1242 2778 1336 2822 est?

315 2836 348 2862 ¹¹
368 2836 594 2888 Quomodo
619 2838 655 2880 si
677 2838 886 2882 recedant
903 2851 1030 2893 aquae
1057 2837 1110 2880 de
1136 2836 1267 2892 mari,

432 2902 475 2939 et
497 2895 658 2940 fluvius
683 2897 973 2940 vacuefactus
996 2901 1194 2950 arescat;

315 2952 350 2980 ¹2
366 2954 430 2997 sic
454 2955 608 3012 homo,
632 2970 733 2999 cum
755 2955 1002 3011 dormierit,
1025 2969 1113 2998 non
1137 2959 1359 3011 resurget,

433 3014 573 3058 donec
595 3020 811 3059 atteratur
832 3015 1013 3069 caelum,
1040 3028 1126 3057 non
1150 3014 1400 3071 evigilabit,

432 3087 512 3117 nec
540 3080 775 3130 consurget
802 3074 854 3117 de
876 3087 1029 3116 somno
1054 3087 1145 3117 suo.

318 3131 352 3159 ¹3
368 3131 472 3184 Quis
495 3133 604 3176 mihi
629 3134 712 3177 hoc
731 3133 917 3187 tribuat,
940 3138 988 3175 ut
1007 3132 1053 3175 in
1077 3132 1253 3176 inferno
1279 3137 1483 3190 protegas
1509 3147 1600 3188 me,

433 3197 476 3235 et
502 3192 749 3236 abscondas
774 3206 865 3247 me,
890 3192 1028 3235 donec
1054 3197 1326 3248 pertranseat
1348 3192 1472 3235 furor
1496 3197 1610 3246 tuus,

435 3256 478 3294 et
504 3252 745 3295 constituas
771 3251 878 3296 mihi
905 3256 1077 3307 tempus
1097 3251 1143 3293 in
1168 3265 1252 3307 quo
1273 3251 1512 3295 recorderis
1536 3249 1653 3294 mei?

318 3307 353 3335 ¹4
371 3309 584 3366 Putasne,
609 3317 807 3354 mortuus
829 3311 959 3353 homo
980 3324 1151 3352 rursum
1172 3310 1328 3354 vivat?

435 3369 615 3413 Cunctis
640 3370 794 3413 diebus
821 3368 978 3425 quibus
1004 3383 1119 3412 nunc
1144 3369 1307 3425 milito,
1331 3375 1516 3426 expecto

435 3428 573 3472 donec
599 3428 750 3472 veniat
774 3428 1026 3472 immutatio
1051 3443 1161 3471 mea.

322 3486 355 3513 ¹⁵
371 3486 565 3530 Vocabis
591 3502 686 3543 me,
713 3494 756 3531 et
778 3502 858 3543 ego
883 3487 1155 3542 respondebo
1176 3487 1282 3542 tibi‚;

152 3637 183 3671 2]
199 3637 276 3670 Sup.
294 3637 396 3670 VIII,
413 3640 439 3665 9.
459 3638 513 3666 PS.
530 3637 694 3672 CXLIII,
711 3639 740 3681 4.>
754 3652 790 3657 -
807 3638 836 3670 4]
855 3636 907 3664 ΡΞ.
927 3636 961 3670 L,
978 3639 1003 3664 4.

2017 772 2115 801 modo
2152 773 2252 805 Deus,

2076 823 2203 845 memor

2062 861 2215 888 liumanae

2063 903 2206 932 miseriae
2216 924 2222 938 ,

2045 947 2237 976 misericors

2039 991 2241 1021 inveniatur.

2074 1895 2231 1924 nominis

2104 1941 2198 1974 origo

2056 1985 2227 2014 immunda
2237 2005 2244 2020 ‚

2049 2029 2120 2058 vita
2138 2027 2252 2056 brevis

2065 2079 2099 2103 et
2116 2080 2237 2102 amara.

2049 3137 2078 3166 A
2098 3136 2253 3170 sepulcro

2049 3187 2116 3210 non
2132 3182 2186 3209 est
2207 3187 2255 3209 re-

2048 3225 2143 3254 ditus
2155 3246 2162 3260 ,
2178 3232 2254 3258 spes

2045 3271 2257 3298 mortuorum

2100 3313 2202 3342 nulla.
