2456 3861
707 132 816 177 σου.
849 132 974 187 XIV,
1012 135 1064 177 16
1096 160 1155 166 -
1186 134 1285 190 xv,
1322 134 1389 178 16.
1876 136 1961 179 239

125 305 177 348 *ei
203 308 251 346 ut
270 302 440 346 indicet
459 301 542 344 tibi
564 300 668 358 quid
687 303 910 358 significet
931 303 1171 360 problema.
1199 304 1322 354 Quod
1345 304 1380 345 si
1401 305 1552 347 facere
1571 308 1787 360 nolueris,
1812 308 1959 348 incen-

126 363 289 406 demus
311 367 374 417 te,
399 366 443 403 et
470 360 649 403 domum
668 360 807 417 patris
827 362 919 416 tui3
941 375 1000 404 an
1028 362 1190 405 idcirco
1208 363 1399 405 vocastis
1420 376 1498 405 nos
1512 362 1571 405 ad
1589 364 1768 419 nuptias
1792 369 1839 406 ut
1863 377 1962 420 spo-

135 420 339 464 liaretis?
363 420 399 446 ¹⁶
425 420 529 470 Quae
550 419 771 462 fundebat
794 421 912 477 apud
937 422 1120 465 Samson
1146 421 1389 477 lacrymas,
1419 426 1463 464 et
1485 421 1748 478 querebatur
1770 422 1922 466 dicens
1952 440 1962 468 ς

125 479 279 523 ‘Odisti
313 492 406 534 me,
437 484 482 521 et
513 492 601 522 non
631 479 811 535 diligis3
846 479 1010 522 idcirco
1036 479 1291 536 problema,
1321 480 1438 535 quod
1467 481 1732 537 proposuisti
1759 480 1859 524 filiis
1889 495 1963 539 po-

133 538 225 594 puli
248 538 356 589 mei,
382 550 469 580 non
492 537 559 580 vis
584 537 693 580 mihi
719 551 950 594 exponere.
980 542 1040 581 At
1066 539 1140 581 ille
1165 539 1392 595 respondit
1423 555 1431 582 :
1474 540 1594 582 Patri
1624 553 1722 583 meo
1754 546 1800 583 et
1830 540 1963 584 matri

131 596 253 640 nolui
287 596 452 652 dicere,
494 603 540 639 et
574 596 656 638 tibi
690 596 885 639 indicare
918 597 1107 652 potero?
1141 597 1175 623 ¹⁷
1208 599 1384 653 Septem
1416 598 1553 653 igitur
1585 598 1740 642 diebus
1769 599 1964 642 convivii

130 655 269 698 fiebat
290 662 394 698 ante
416 668 541 707 eum;
564 653 833 710 tandemque
855 654 927 697 dic
953 655 1163 711 septi-mo,
1191 670 1291 698 cuni
1317 657 1356 698 ei
1378 663 1497 699 esset
1522 658 1723 712 molesta,
1745 658 1962 715 exposuit.

128 713 240 763 Quae
266 714 419 757 stat-im
445 713 661 755 indicavit
679 712 855 755 civibus
877 713 979 756 suis,
1007 714 1042 739 ¹⁸
1066 714 1124 756 Et
1148 714 1213 755 illi
1242 714 1452 757 dixerunt
1476 715 1516 758 ei
1548 716 1617 759 die
1647 717 1836 773 septimo
1861 722 1964 760 ante

124 773 237 816 :solis
265 771 517 815 occubitum
547 786 556 813 :

807 831 921 882 Quid
947 831 1119 874 dulcius
1142 832 1293 887 melle,

777 891 836 933 Et
855 889 960 947 quid
978 890 1139 933 fortius
1161 891 1287 933 leone
1303 890 1324 933 ‘3

182 950 271 1001 Qui
293 950 358 993 ait
373 949 434 994 ad
452 963 529 994 eos
557 967 568 994 ε

664 1008 709 1052 Si
733 1022 822 1053 non
847 1009 1055 1052 arassetis
1077 1009 1123 1052 in
1144 1009 1287 1053 vitula
1309 1023 1432 1066 mea,

562 1066 664 1111 Non
687 1067 970 1111 invenissetis
999 1069 1345 1125 propositionem
1371 1082 1530 1113 meam.

189 1128 227 1155 ¹⁹
248 1129 382 1172 Irruit
415 1128 564 1183 itaque
596 1127 643 1169 in
670 1140 775 1171 eum
802 1127 984 1184 spiritus
1015 1127 1214 1184 Domini,
1251 1128 1565 1184 descenditque
1598 1128 1891 1185 Ascalonem,
1919 1134 1967 1172 vet

125 1188 345 1246 percussit
366 1186 426 1230 ibi
459 1186 646 1242 triginta
670 1187 810 1242 viros,
835 1198 1020 1242 quorum
1046 1187 1221 1230 ablatas
1246 1192 1392 1230 vestes
1414 1187 1540 1230 dedit
1564 1185 1617 1229 iis
1639 1187 1711 1242 qui
1738 1187 1967 1244 problema

126 1247 382 1297 solverant;
411 1245 634 1302 iratusque
661 1245 813 1302 nimis,
836 1244 1040 1288 ascendit
1062 1246 1109 1289 in
1136 1245 1317 1289 domum
1334 1247 1473 1303 patris
1497 1246 1578 1289 sui.
1606 1245 1643 1272 2⁰
1670 1246 1792 1290 Uxor
1816 1252 1966 1290 autem

123 1307 228 1362 ejus
246 1306 423 1362 accepit
448 1304 658 1348 maritum
680 1318 817 1347 unum
841 1304 896 1347 de
921 1305 1077 1348 amicis
1099 1306 1197 1361 ejus
1216 1310 1263 1348 et
1286 1303 1512 1362 pronubis

189 1366 296 1410 CAP.
323 1365 422 1408 XV,
446 1389 503 1397 --
534 1364 549 1390 ¹¹
574 1363 680 1407 Post
711 1364 1038 1420 aliquantulum
1064 1370 1216 1408 autem
1245 1365 1481 1421 temporis,
1515 1379 1620 1408 cum
1654 1365 1747 1408 dies
1775 1364 1964 1408 triticeae

121 1424 284 1468 messis
310 1425 546 1480 instarent,
573 1424 698 1467 venit
717 1424 924 1478 Samson,
952 1424 1142 1467 invisere
1176 1424 1331 1466 volens
1360 1438 1544 1467 uxorem
1567 1438 1716 1480 suam,
1737 1429 1784 1467 et
1812 1424 1966 1467 attulit

121 1483 169 1526 ei
190 1483 371 1527 haedum
382 1483 440 1526 de
452 1482 612 1539 capris.
628 1483 826 1538 Cumque
851 1482 1105 1525 cubiculum
1124 1483 1222 1538 ejus
1240 1482 1369 1526 solito
1384 1483 1521 1526 vellet
1543 1483 1720 1538 intrare,
1739 1482 1967 1539 prohibuit

119 1556 230 1585 eum
256 1548 385 1599 pater
418 1540 564 1598 illius,
601 1541 755 1584 dicens
785 1557 794 1587 :
829 1539 847 1567 ²
872 1541 1034 1584 Putavi
1071 1542 1187 1598 quod
1224 1542 1390 1585 odisses
1422 1555 1548 1598 eam,
1585 1547 1631 1585 et
1666 1541 1767 1584 ideo
1799 1540 1966 1585 tradidi

119 1601 253 1644 illam
278 1601 423 1644 amico
444 1606 520 1644 tuo
540 1619 549 1656 ;
569 1601 650 1645 sed
672 1601 809 1644 habet
826 1614 1043 1658 sororem,
1071 1615 1169 1657 quae
1193 1600 1343 1657 J'uniOr
1364 1605 1413 1644 et
1435 1600 1660 1657 pulchrior
1681 1600 1763 1643 illa
1788 1605 1874 1657 est,
1907 1601 1967 1644 sit

128 1660 210 1703 tibi
235 1673 313 1717 pro
335 1674 388 1704 ea
407 1673 530 1706 uxor.
562 1660 580 1688 3
598 1660 682 1704 Cui
708 1661 895 1705 Samson
925 1660 1156 1717 respondit
1183 1677 1191 1704 :
1230 1660 1301 1703 Ab
1331 1660 1415 1703 hac
1437 1658 1627 1711 dienon
1653 1660 1736 1703 erit
1765 1660 1895 1717 culpa
1917 1660 1965 1703 in

126 1733 198 1764 me
223 1726 378 1763 contra
413 1719 715 1777 Philisthaeos,
746 1719 915 1763 faci-am
948 1720 1067 1762 enim
1094 1718 1222 1763 vobis
1255 1720 1389 1763 mala.
1423 1719 1440 1746 4
1465 1719 1752 1775 Perrexitque
1779 1724 1826 1762 et
1845 1719 1966 1776 cepit

124 1785 350 1823 trecentas
369 1779 552 1836 vulpes,
576 1779 832 1835 caudasque
853 1792 1007 1822 earum
1032 1779 1182 1835 J’unxit
1201 1779 1259 1822 ad
1282 1777 1475 1835 caudas,
1507 1784 1555 1822 et
1578 1778 1704 1822 faces
1735 1778 1894 1835 ligavit
1919 1778 1965 1821 in

124 1839 300 1895 medio;
324 1839 342 1866 ⁵
358 1852 471 1896 quas
496 1838 600 1895 igne
626 1838 921 1894 succe-ndens,
942 1838 1114 1881 dimisit
1134 1844 1184 1881 ut
1203 1839 1290 1881 huc
1314 1837 1507 1894 illucque
1527 1838 1835 1882 discum-erent.
1855 1837 1964 1888 Quae

121 1899 282 1942 statim
303 1903 592 1956 perrexerunt
612 1897 660 1940 in
681 1903 857 1954 segetes
881 1897 1266 1941 Philisthinorum.
1295 1897 1467 1948 Quibus
1498 1897 1742 1953 succensis,
1777 1903 1822 1940 et
1846 1911 1964 1940 com-

121 1964 314 2016 ·portatae
339 1957 434 2014 jam
466 1957 645 2014 fruges,
682 1962 729 2001 et
759 1956 906 2000 adhuc
938 1961 1108 2000 stantes
1134 1956 1180 1999 in
1215 1957 1401 2014 stipula,
1433 1961 1727 2000 coneiematae
1758 1961 1884 2011 sunt,
1919 1956 1966 1999 in

120 2023 324 2073 tantum,
351 2021 401 2060 ut
417 2017 576 2060 vineas
608 2030 781 2073 quoque
809 2021 855 2059 et
885 2016 1053 2060 oliveta
1084 2015 1265 2059 flamma
1297 2021 1588 2060 consumeret.
1617 2016 1636 2042 ⁶
1662 2015 1964 2072 Dixeruntque

117 2075 403 2120 ‘philisthiim
433 2091 444 2121 z
470 2076 576 2127 Quis
599 2075 711 2119 fecit
735 2076 851 2118 hanc
883 2075 1011 2119 rem?
1042 2075 1213 2127 Quibus
1243 2075 1414 2118 dictum
1437 2080 1507 2119 est
1537 2093 1546 2120 :
1581 2075 1790 2131 Samson,
1829 2087 1966 2131 gener

115 2135 462 2192 'Thamnathaei,
487 2136 594 2192 quia
614 2135 718 2179 tulit
740 2148 922 2179 uxorem
946 2135 1066 2191 eJ'us,
1089 2140 1138 2178 et
1154 2134 1288 2178 alteri
1312 2135 1520 2191 tradidit,
1542 2135 1641 2178 haee
1658 2139 1864 2191 operatus
1880 2139 1962 2179 est.

116 2195 525 2251 .Ascenderuntque
550 2192 844 2250 Philisthiim‚
875 2199 924 2238 et
957 2195 1297 2237 combusserunt
1325 2198 1419 2237 tarn
1451 2194 1684 2237 mulierem
1720 2206 1852 2250 quam
1886 2206 1962 2250 pa-

115 2260 241 2298 trem
265 2254 377 2310 ejus.
401 2253 416 2281 ⁷
438 2254 610 2304 Quibus
635 2254 700 2296 ait
722 2254 906 2298 Samson
928 2270 937 2298 ε
961 2253 1089 2297 Licet
1110 2253 1207 2296 haec
1228 2253 1448 2309 feceritis,
1475 2258 1626 2296 tamen
1648 2252 1794 2295 adhuc
1811 2266 1867 2295 ex
1888 2265 1962 2295 vo-

114 2313 196 2365 this
243 2319 452 2370 expetam
490 2313 729 2369 ultionem,
762 2318 810 2356 et
842 2318 950 2356 tunc
989 2313 1228 2368 quiescam.
1270 2311 1287 2339 8
1320 2312 1630 2368 Percussitque
1670 2325 1744 2355 eos
1788 2311 1962 2368 ingenti

117 2372 282 2430 plaga,
303 2373 368 2416 ita
393 2377 462 2428 ut,
489 2378 739 2430 stu-pentes,
759 2385 911 2415 suram
936 2371 1100 2414 femori
1124 2371 1416 2428 imponerent.
1453 2372 1512 2415 Et
1533 2369 1807 2415 descendens
1836 2370 1961 2413 habi-

119 2433 242 2475 ·tavit
262 2432 309 2475 in
332 2432 546 2490 spelunca
570 2437 710 2488 petrae
738 2433 884 2476 Etam.

186 2491 205 2518 ⁹
222 2490 368 2548 Igitur
393 2491 683 2534 ascendentes
710 2489 984 2534 Philisthiim
1010 2491 1057 2533 in
1082 2495 1246 2533 terram
1280 2491 1309 2533 J
1312 2490 1419 2546 uda,
1447 2489 1888 2536 castrametatisunt
1915 2489 1960 2532 in

127 2551 224 2595 loco
249 2550 323 2607 qui
351 2555 506 2608 postea
526 2555 711 2593 vocatus
733 2554 799 2593 est
822 2550 980 2606 Lechi,
1003 2549 1049 2592 id
1076 2555 1162 2606 est,
1191 2546 1398 2605 Maxilla,
1424 2548 1501 2591 ubi
1526 2562 1676 2592 eorum
1703 2548 1872 2592 effusus
1895 2553 1960 2591 est

125 2610 362 2654 exercitus.
393 2609 430 2636 ¹⁰
456 2609 762 2666 Dixeruntque
785 2609 843 2652 ad
868 2621 943 2652 eos
972 2608 1027 2652 de
1053 2608 1175 2651 tribu
1200 2607 1321 2652 Juda
1345 2623 1356 2652 :
1392 2608 1480 2652 Cur
1506 2607 1774 2650 ascendistis
1800 2607 1958 2650 adver-

122 2681 226 2713 sum
248 2669 362 2714 nos?
387 2669 472 2720 Qui
489 2669 813 2726 responderunt
840 2686 850 2713 :
886 2669 950 2712 Ut
974 2666 1165 2724 ligemus
1192 2668 1377 2712 Samson
1402 2666 1627 2721 venimus,
1654 2672 1701 2710 et
1721 2665 1957 2710 reddamus

122 2729 168 2772 ei
198 2741 296 2785 quae
326 2728 372 2771 in
401 2742 480 2772 nos
510 2733 714 2784 operatus
745 2733 824 2772 est.
856 2727 888 2754 ¹¹
911 2727 1245 2770 Descenderunt
1267 2739 1374 2783 ergo
1401 2726 1487 2769 tria
1513 2725 1658 2768 millia
1675 2725 1874 2769 virorum
1903 2724 1958 2768 de

122 2789 268 2845 duda,
299 2787 356 2832 ad
389 2800 570 2845 specum
601 2787 740 2831 silicis
776 2789 928 2842 Etam,
965 2786 1259 2842 dixeruntque
1296 2785 1354 2829 ad
1393 2786 1581 2830 Samson
1614 2801 1624 2828 :
1657 2784 1813 2828 Nescis
1841 2784 1957 2840 quod

127 2845 403 2891 Philisthiim
431 2847 652 2904 imperent
675 2846 836 2890 nobis?
863 2859 996 2902 quare
1025 2845 1108 2888 hoc
1132 2845 1282 2889 facere
1311 2843 1529 2888 voluisti?
1559 2843 1729 2895 Quibus
1757 2843 1834 2887 ille
1852 2843 1921 2887 ait
1946 2859 1955 2886 :

124 2907 252 2951 Sicut
281 2905 490 2950 fecerunt
523 2906 654 2962 mihi,
696 2905 759 2950 sic
796 2906 888 2949 feci
919 2905 999 2948 eis.
1035 2903 1071 2930 ¹2
1097 2904 1280 2961 Ligare,
1307 2903 1539 2960 inquiunt,
1575 2908 1619 2946 tc
1654 2903 1879 2959 venimus,
1914 2908 1958 2946 et

125 2965 301 3010 tradere
329 2965 376 3009 in
404 2978 562 3009 manus
591 2964 973 3009 Philisthinorum.
1007 2963 1172 3015 Quibus
1197 2963 1387 3007 Samson
1414 2978 1425 3007 t
1449 2964 1628 3019 Jurate,
1650 2961 1735 3019 ait,
1763 2967 1807 3006 et
1827 2975 1956 3019 spon-

122 3025 230 3069 dete
262 3025 373 3068 mihi
404 3024 521 3081 quod
550 3036 639 3068 non
669 3024 883 3068 occidatis
910 3036 996 3067 me.
1026 3022 1064 3049 ¹³
1091 3023 1347 3067 Dixerunt:
1374 3022 1475 3066 Non
1504 3027 1548 3066 te
1579 3022 1852 3076 occidemus,
1880 3021 1956 3064 sed

125 3084 330 3128 vinctum
347 3084 590 3128 ‘trademus
618 3084 978 3140 Ligavemntque
1001 3095 1103 3126 eum
1120 3080 1296 3126 duobus
1321 3082 1449 3126 novis
1468 3081 1667 3130 funibus,
1692 3086 1739 3124 et
1761 3081 1957 3124 tulerunt

124 3157 230 3187 eum
261 3144 316 3187 de
346 3147 474 3200 petra
506 3145 652 3189 Etam.
687 3142 720 3169 ¹4
742 3143 829 3194 Qui
863 3155 964 3185 cum
996 3141 1191 3185 venisset
1236 3141 1295 3186 ad
1339 3141 1487 3185 locum
1520 3140 1742 3196 Maxillae,
1775 3144 1820 3183 et
1854 3139 1956 3182 Phi-

129 3203 318 3246 listhiim
350 3202 652 3246 vociferantes
685 3201 978 3246 occurrissent
1007 3200 1073 3257 ei,
1108 3200 1237 3244 irruit
1259 3200 1442 3258 spiritus
1468 3199 1649 3243 Domini
1674 3199 1721 3242 in
1754 3212 1875 3254 eum,
1912 3202 1955 3241 et

123 3262 244 3305 sicut
262 3261 409 3305 solent
430 3261 489 3305 ad
510 3261 689 3305 odorem
705 3261 823 3318 ignis
848 3260 940 3302 lina
960 3259 1176 3316 consumi,
1199 3258 1265 3303 ita
1288 3259 1470 3303 vincula
1492 3259 1653 3315 quibus
1675 3256 1839 3314 ligatus
1861 3261 1952 3300 erat

123 3319 344 3378 dissipata
367 3326 472 3364 sunt
494 3325 540 3364 et
564 3320 722 3364 soluta.
753 3320 788 3347 ¹⁵
814 3320 1141 3375 Inventamque
1166 3318 1418 3375 maxillam,
1449 3318 1496 3361 id
1529 3322 1616 3374 est,
1649 3315 1956 3360 mandibulam

118 3379 263 3437 asini,
288 3392 388 3436 quae
410 3379 614 3437 jacebat,
638 3379 875 3437 arripienS,
898 3378 1126 3422 interfecit
1149 3377 1197 3420 in
1222 3391 1274 3421 ea
1298 3376 1423 3421 mille
1448 3377 1578 3421 viros.
1606 3375 1643 3403 ¹⁶
1662 3376 1719 3418 Et
1740 3375 1807 3418 ait
1835 3391 1845 3419 ε

831 3438 886 3480 In
910 3435 1095 3480 maxilla
1118 3437 1254 3493 asini,

671 3497 719 3541 in
745 3495 1006 3540 mandibula
1028 3496 1140 3553 pulli
1160 3496 1407 3552 asinarum,

908 3555 1054 3599 delevi
1077 3569 1173 3612 eos,

760 3622 805 3659 et
826 3614 1021 3672 percussi
1046 3614 1170 3658 mille
1192 3613 1323 3658 viros.

2030 1386 2170 1421 segetes
2198 1386 2274 1418 Phi-

2052 1430 2248 1480 listinorum

2074 1482 2228 1506 incensae.

2057 2489 2149 2519 Mille
2165 2498 2239 2524 pro-

2044 2534 2145 2576 strati
2174 2542 2250 2565 cum

2095 2578 2198 2600 asmae

2073 2614 2220 2645 maxilla.
