2391 3861
145 1648 271 1676 Paulus

104 1692 139 1720 in
157 1690 310 1720 Athenis·

125 2471 239 2498 sermo
258 2470 290 2499 in

118 2515 301 2548 Areopago.

399 162 509 203 1234
1073 159 1183 200 onr.
1219 158 1377 211 xvn,
1413 159 1545 202 4-3-2.

394 344 619 386 resurgere
651 344 677 371 a
710 329 917 382 mortuis3
947 334 990 371 et
1016 328 1116 384 quia
1149 328 1221 370 hic
1252 340 1317 371 est
1343 329 1368 370 J
1375 342 1473 370 esus
1496 328 1716 384 Christus,
1741 342 1870 383 quem
1892 343 1975 384 ego
2003 331 2219 374 annuntio

394 389 531 434 vobis.
560 388 576 414 1
596 390 651 430 Et
677 387 857 443 quidam
884 402 938 430 ex
961 387 1022 430 eis
1050 387 1351 441 crediderunt,
1379 392 1422 429 et
1446 386 1649 442 adjuncti
1672 392 1775 429 sunt
1799 388 1935 431 Paulo
1961 393 2004 431 et
2028 388 2154 444 Silae,
2177 396 2220 433 et

395 448 447 491 de
481 447 726 490 colentibus
760 446 1087 502 gentilibusque
1124 445 1361 488 multitudo
1395 460 1579 501 magna,
1615 450 1656 488 et
1691 445 1897 489 mulieres
1933 446 2104 490 nobiles
2133 463 2220 491 non

393 521 559 563 paucae.
587 507 603 532 5
629 505 831 549 Zelantes
861 510 1009 548 autem
1036 506 1207 561 Judaei,
1233 510 1595 560 assumentesque
1621 504 1675 547 de
1700 505 1835 560 vulgo
1864 505 1977 548 viros
2007 507 2219 561 quosdam

394 566 553 620 malos,
580 571 622 607 et
645 565 772 607 turba
801 565 946 620 facta,
971 565 1306 608 concitaverunt
1333 563 1587 618 civitatem3
1615 570 1660 606 et
1684 564 1941 607 assistentes
1967 564 2117 607 domui
2145 566 2221 607 Ja-

393 624 523 676 sonis,
543 624 801 679 quaerebant
824 638 895 666 eos
918 624 1155 680 producere
1177 624 1223 665 in
1242 623 1469 679 populum.
1490 623 1507 649 ὓ
1523 624 1580 665 Et
1602 637 1702 666 cum
1726 637 1815 666 non
1836 623 2113 667 invenissent
2135 639 2220 680 eos,

392 683 629 726 trahebant
651 683 864 725 Jasonem
886 688 929 726 et
954 683 1167 738 quosdam
1189 683 1351 725 fratres
1380 682 1437 725 ad
1465 682 1685 739 principes
1709 682 1927 738 civitatis,
1952 682 2221 728 clamantes:

393 742 609 793 Quoniam
646 742 713 797 hi,
752 742 824 797 qui
867 743 1020 785 urbem
1063 742 1311 796 concitant,
1350 747 1392 784 et
1432 742 1518 784 huc
1560 747 1796 797 venerunt,
1835 741 1850 768 7
1881 756 1988 797 quos
2030 742 2224 799 suscepit

392 802 551 857 Jason,
577 806 619 844 et
641 801 686 843 hi
709 815 859 844 omnes
883 808 1035 845 contra
1061 801 1236 844 decreta
1262 801 1448 844 (saesaris
1474 801 1663 856 faciunt,
1690 816 1837 857 regem
1861 801 2000 844 alium
2024 801 2222 844 dicentes

392 874 504 915 esse,
544 861 712 903 ι10811111.
746 860 764 886 3
793 860 1141 904 Concitaverunt
1173 869 1323 903 autem
1356 860 1552 917 plebem,
1588 866 1631 903 et
1663 861 1885 917 principes
1917 860 2113 903 civitatis
2147 875 2222 903 au-

392 918 562 963 dientes
584 920 694 963 haec.
722 919 739 945 9
758 921 815 962 Et
839 925 1025 976 accepta
1053 920 1363 963 satisfactione
1388 935 1413 962 a
1436 920 1602 963 Jasone
1631 925 1676 962 et
1700 935 1727 962 a
1756 920 1933 975 ceteris,
1962 919 2224 963 dimiserunt

391 993 476 1022 eos.
503 978 537 1005 ¹0
556 980 732 1022 Fratres
754 993 858 1022 vero
884 979 1122 1023 confestim
1149 993 1224 1035 per
1250 985 1427 1022 noctem
1453 978 1716 1022 dimiserunt
1738 979 1927 1022 Paulum
1953 984 1996 1022 et
2019 979 2154 1023 Silam
2177 978 2223 1021 in

393 1038 608 1081 Beroeam.

449 1097 532 1148 Qui
556 1112 656 1140 cum
678 1098 924 1152 venissent,
951 1097 995 1139 in
1022 1112 1299 1155 synagogam
1329 1098 1592 1141 -Judaeorum
1620 1097 1899 1141 introierunt.
1932 1097 1964 1124 11
1985 1098 2048 1140 Hi
2073 1103 2224 1141 autem

391 1162 516 1200 erant
543 1157 780 1200 nobiliores
813 1171 963 1200 eorum
995 1157 1069 1213 qui
1102 1163 1205 1200 sunt
1237 1157 1589 1212 Thessalonicae,
1620 1157 1694 1213 qui
1727 1162 2015 1214 susceperunt
2039 1157 2225 1199 verbum

391 1231 490 1260 cum
523 1216 643 1259 omni
671 1216 908 1271 aviditate,
937 1217 1134 1271 quotidie
1164 1223 1412 1260 scrutantes
1443 1216 1712 1273 Scripturas,
1735 1216 1771 1259 si
1801 1217 1897 1259 haec
1927 1216 1990 1259 ita
2015 1231 2061 1260 se
2090 1217 2224 1259 habe-

389 1283 499 1319 rent.
541 1274 575 1301 ¹2
609 1277 666 1318 Et
702 1275 830 1318 multi
869 1275 1046 1331 quidem
1085 1276 1367 1319 crediderunt
1403 1291 1456 1319 ex
1495 1276 1581 1331 eis,
1624 1281 1667 1319 et
1712 1276 1946 1319 mulierum
1987 1276 2224 1332 gentilium

390 1335 686 1390 honestarum,
711 1340 753 1378 et
775 1335 858 1377 viri
880 1349 968 1378 non
990 1335 1134 1392 pauci.
1158 1335 1191 1362 ¹3
1209 1337 1319 1380 Cum
1341 1341 1492 1378 autem
1512 1335 1824 1391 cognovissent
1845 1335 1890 1377 in
1909 1334 2225 1378 Thessalonica

390 1394 560 1450 Judaei‚
588 1395 691 1450 quia
715 1400 760 1437 et
787 1395 957 1437 Beroeae
981 1395 1272 1451 praedicatum
1301 1402 1367 1438 est
1388 1409 1414 1437 a
1438 1395 1576 1437 Paulo
1602 1394 1787 1437 verbum
1812 1394 1916 1450 Dei,
1940 1400 2157 1438 venerunt
2181 1399 2225 1437 et

388 1454 508 1509 illuc,
528 1459 859 1497 commoventes
884 1459 928 1496 et
953 1454 1181 1498 turbantes
1207 1454 1556 1498 multitudinem.
1582 1453 1616 1480 '¹4
1636 1454 1882 1509 Stat-imque
1903 1459 2009 1497 tunc
2035 1453 2226 1496 Paulum

391 1513 652 1556 dimiserunt
684 1514 867 1568 fratres,
903 1518 951 1555 ut
983 1513 1066 1557 iret
1099 1528 1236 1570 usque
1273 1514 1330 1556 ad
1368 1528 1517 1569 mare3
1553 1513 1668 1557 Silas
1702 1518 1853 1557 autem
1890 1519 1934 1556 et
1966 1513 2225 1556 Timotheus

389 1577 696 1616 remanserunt
723 1573 799 1615 ibi.

453 1632 486 1658 ¹5
508 1632 590 1683 Qui
622 1638 770 1675 autem
805 1633 1085 1677 deducebant
1120 1633 1330 1687 Paulum,
1362 1633 1660 1689 perduxerunt
1695 1648 1796 1677 eum
1832 1647 1967 1688 usque
1993 1633 2223 1688 Athenas3

391 1697 434 1735 et
455 1697 639 1748 accepto
663 1691 874 1735 mandato
896 1692 952 1735 ab
975 1707 1024 1735 eo
1047 1692 1104 1735 ad
1128 1692 1266 1735 Silam
1293 1699 1335 1736 et
1358 1693 1662 1748 Timotheum,
1690 1698 1738 1735 ut
1768 1707 1900 1748 quam
1927 1692 2126 1735 celeriter
2151 1707 2223 1736 ve-

392 1751 537 1794 nirent
563 1751 619 1794 ad
644 1750 796 1806 illum,
829 1751 1018 1808 profecti
1048 1758 1164 1794 sunt.
1200 1751 1232 1777 16
1260 1752 1423 1795 Paulus
1453 1758 1601 1796 autem
1636 1767 1737 1794 cum
1766 1752 1958 1795 Athenis
1987 1766 2060 1794 eos
2094 1766 2222 1808 expe—

393 1815 544 1864 ctaret,
567 1810 840 1853 incitabatur
857 1811 1036 1868 spiritus
1059 1811 1156 1867 ejus
1177 1811 1223 1853 in
1248 1812 1357 1868 ipso,
1380 1811 1535 1854 videns
1558 1811 1824 1854 idololatriae
1848 1811 2047 1854 deditam
2070 1811 2224 1853 civita-

392 1874 495 1913 tem.
527 1869 561 1895 ‘¹⁷
583 1870 854 1926 Disputabat
881 1870 1017 1926 igitur
1048 1870 1095 1912 in
1128 1885 1358 1927 synagoga
1388 1885 1489 1913 cum
1516 1871 1689 1913 Judaeis
1724 1876 1768 1913 et
1801 1870 2073 1926 colentibus,
2109 1874 2153 1913 et
2181 1869 2226 1912 in

392 1929 511 1985 foro,
546 1943 623 1985 per
647 1943 799 1972 omnes
831 1930 944 1984 dies,
971 1930 1027 1972 ad
1062 1944 1135 1972 eos
1165 1930 1239 1985 qui
1273 1930 1471 1973 aderant.
1496 1930 1530 1956 18
1553 1930 1743 1980 Quidam
1768 1937 1917 1972 autem
1944 1929 2153 1985 Epicurei
2184 1935 2227 1972 et

394 1989 530 2032 Stoici
568 1988 818 2045 philosophi
852 1989 1129 2032 disserebant
1159 2003 1259 2031 cum
1297 2003 1377 2041 eo;
1411 1994 1454 2032 et
1487 1989 1668 2044 quidam
1704 1988 1947 2032 dicebant:
1983 1989 2096 2039 Qud
2130 1989 2227 2032 vult

393 2047 731 2091 seminiverbius
758 2048 829 2091 hic
863 2048 1044 2091 dicere?
1069 2048 1161 2090 Alii
1186 2062 1288 2091 vero
1311 2065 1319 2092 ε
1346 2049 1575 2091 Novorum
1602 2047 1923 2091 daemoniorum
1949 2048 2125 2091 videtur
2149 2063 2226 2091 an-

393 2107 619 2150 nuntiator
659 2121 783 2162 esse3
827 2107 929 2163 quia
971 2109 1124 2151 Jesum
1168 2115 1211 2150 et
1248 2108 1613 2150 resurrectionem
1652 2108 1952 2150 annuntiabat
1992 2107 2067 2150 eis.
2104 2107 2140 2133 ’19
2169 2108 2227 2150 Et

392 2167 716 2223 apprehensum
750 2181 850 2210 eum
879 2167 934 2210 ad
970 2168 1255 2223 Areopagum
1291 2167 1528 2219 duxerunt,
1574 2167 1772 2210 dicentes
1799 2184 1807 2210 ε
1842 2167 2083 2210 Possumus
2116 2167 2227 2210 scire

394 2241 490 2282 quae
525 2231 591 2269 est
619 2226 717 2268 haec
747 2240 880 2281 nova,
916 2241 1014 2282 quae
1044 2241 1070 2269 a
1104 2238 1147 2269 te
1177 2226 1350 2281 dicitur,
1383 2226 1620 2270 doctrina?
1651 2225 1688 2252 ‘²⁰
1706 2227 1834 2269 Nova
1868 2226 1983 2269 enim
2021 2226 2227 2282 quaedam

393 2285 533 2328 infers
570 2286 749 2328 auribus
787 2286 971 2341 nostris3
1011 2286 1214 2329 volumus
1257 2300 1360 2342 ergo
1402 2287 1513 2329 scire
1551 2286 1764 2342 quidnam
1800 2285 1943 2329 velint
1982 2286 2077 2329 haec
2119 2300 2225 2329 esse.

394 2344 427 2371 21
447 2345 743 2388 Athenienses
769 2350 918 2388 autem
945 2360 1119 2400 omnes,
1143 2352 1185 2388 et
1207 2346 1394 2388 advenae
1417 2345 1626 2402 hospites,
1649 2345 1706 2388 ad
1728 2345 1840 2388 nihil
1862 2345 1984 2388 aliud
2005 2346 2228 2388 vacabant

393 2404 477 2447 nisi
504 2410 580 2447 aut
603 2404 767 2460 dicere,
794 2410 873 2447 aut
893 2405 1045 2447 audire
1066 2405 1234 2460 aliquid
1260 2405 1375 2447 novi.

453 2462 489 2490 ‘²⁸2
509 2465 636 2508 Stans
670 2469 820 2506 autem
847 2464 1012 2506 Paulus
1038 2464 1084 2506 in
1111 2464 1257 2507 medio
1283 2464 1528 2520 Areopagi,
1561 2464 1624 2507 ait
1646 2481 1654 2508 :
1678 2464 1776 2507 Viri
1800 2464 2116 2518 Athenienses,
2151 2478 2228 2520 per

394 2523 544 2567 omnia
566 2523 689 2579 quasi
715 2523 1090 2579 superstitiosores
1117 2538 1194 2566 vos
1217 2523 1359 2569 video.
1387 2522 1424 2549 ‘²3
1448 2523 1709 2567 Praeteriens
1744 2523 1884 2579 enim,
1913 2528 1956 2566 et
1985 2523 2141 2566 videns
2171 2523 2227 2566 si-

394 2582 592 2625 mulacra
617 2587 784 2637 vestra,
807 2582 958 2625 inveni
984 2587 1026 2626 et
1052 2597 1172 2625 aram
1198 2583 1244 2625 in
1271 2597 1356 2638 qua
1381 2583 1597 2640 scriptum
1623 2589 1718 2626 erat
1743 2600 1752 2627 ε
1778 2583 1940 2639 Ignoto
1969 2584 2075 2626 Deo.
2103 2582 2227 2633 Quod

395 2656 497 2697 ergo
521 2642 774 2697 ignorantes
805 2642 970 2698 colitis,
1005 2642 1087 2685 1100
1119 2657 1199 2698 ego
1225 2643 1441 2685 annuntio
1466 2642 1605 2686 vobis.
1634 2641 1669 2668 2⁴
1691 2644 1832 2698 Deus,
1859 2641 1933 2698 qui
1962 2639 2076 2685 fecit
2101 2656 2227 2684 mun—

396 2701 500 2743 dum
523 2706 565 2744 et
593 2700 739 2743 omnia
762 2715 860 2757 quae
885 2701 930 2743 in
958 2715 1007 2744 eo
1033 2707 1148 2757 sunt,
1172 2702 1243 2744 hic
1268 2702 1367 2744 caeli
1393 2706 1436 2745 et
1461 2706 1589 2745 terrae
1613 2716 1715 2745 cum
1737 2702 1795 2745 sit
1818 2701 2051 2756 Dominus,
2073 2715 2160 2744 non
2181 2701 2226 2744 in

396 2759 668 2802 manufactis
707 2760 885 2816 templis
923 2760 1122 2815 habitat3
1159 2760 1195 2787 ‘25
1225 2775 1304 2803 nec
1343 2761 1546 2804 manibus
1584 2761 1789 2804 humanis
1827 2760 1987 2804 colitur
2021 2760 2227 2816 indigens

394 2819 563 2874 aliquo,
588 2833 688 2861 cum
709 2819 804 2875 ipse
826 2819 900 2863 det
922 2820 1127 2863 omnibus
1149 2821 1299 2875 vitam,
1323 2826 1366 2863 et
1390 2820 1747 2877 inspirationem,
1771 2826 1815 2864 et
1838 2820 1998 2865 omnia.
2027 2819 2064 2846 ‘²⁶
2081 2819 2225 2862 Fecit-

396 2892 477 2934 que
511 2892 566 2921 ex
600 2893 687 2921 uno
723 2893 852 2922 omne
885 2893 1024 2935 genus
1060 2879 1290 2922 homiuum
1324 2879 1574 2923 inhabitare
1611 2894 1741 2936 super
1773 2879 2027 2923 universam
2060 2878 2226 2921 faciem

396 2943 543 2993 terrae,
569 2937 782 2980 definiens
804 2943 972 2980 statuta
994 2944 1213 2995 tempora,
1237 2946 1280 2982 et
1302 2939 1512 2982 terminos
1538 2939 1827 2983 habitationis
1858 2952 2028 2993 eorum,
2055 2936 2090 2963 ‘²⁷
2109 2951 2223 2992 quae-

395 3010 488 3039 rere
512 2997 669 3052 Deum,
693 2997 728 3039 si
752 2996 868 3039 forte
893 3002 1133 3040 attrectent
1159 3012 1273 3053 eum,
1300 3004 1378 3041 aut
1402 2998 1648 3054 inveniant,
1668 2998 1871 3054 quamvis
1900 3011 1987 3041 non
2010 2996 2141 3052 longe
2169 2996 2222 3039 sit

396 3055 452 3097 ab
474 3069 735 3111 unoquoque
757 3061 970 3099 nostrum.
997 3055 1106 3099 '281n
1134 3057 1229 3113 ipso
1257 3057 1374 3100 enim
1396 3057 1609 3113 vivimus,
1637 3063 1680 3101 et
1709 3071 1949 3112 movemur,
1977 3061 2021 3099 et
2045 3069 2194 3098 sumus
2210 3073 2227 3110 ·,.

396 3113 510 3157 sicut
550 3120 593 3158 et
626 3115 807 3170 quidam
840 3121 1085 3159 vestrorum
1126 3122 1354 3172 poetarum
1392 3116 1598 3160 dixerunt
1627 3133 1635 3161 :
1671 3117 1817 3173 Ipsius
1850 3115 1967 3160 enim
2006 3119 2050 3158 et
2085 3128 2225 3170 genus

396 3188 559 3216 sumus.
586 3173 623 3199 ‘²⁰
642 3174 792 3217 Genus
819 3189 920 3230 ergo
948 3189 1049 3218 cum
1077 3175 1352 3231 simusDei,
1383 3190 1470 3219 non
1501 3176 1712 3220 debemus
1743 3175 1963 3219 aestimare
1987 3188 2114 3229 auro,
2148 3179 2226 3217 aut

396 3238 600 3289 argento,
637 3238 716 3275 aut
755 3233 915 3290 lapidi,
951 3234 1190 3291 sculpturae
1227 3235 1334 3279 artis
1368 3240 1410 3278 et
1447 3235 1730 3291 cogitationis
1762 3233 1972 3288 hominis,
2010 3232 2225 3276 Divinum

397 3306 491 3335 esse
524 3292 683 3336 simile.
717 3291 754 3319 3⁰
786 3294 840 3335 Et
877 3297 1075 3350 tempora
1110 3294 1287 3350 quidem
1325 3294 1458 3350 hujus
1496 3294 1760 3350 ignorantiae
1797 3292 2044 3349 despiciens
2083 3293 2222 3349 Deus,

398 3364 515 3394 nunc
547 3351 785 3394 annuntiat
817 3352 1070 3395 hominibus
1105 3358 1153 3395 ut
1186 3367 1337 3396 omnes
1370 3353 1533 3409 ubique
1573 3352 1880 3410 poenitentiam
1913 3356 2080 3407 agant3
2117 3351 2150 3377 ³¹
2174 3366 2225 3396 eo

398 3409 513 3464 quod
544 3410 700 3453 statuit
726 3411 843 3454 diem
868 3411 913 3453 in
940 3425 1025 3467 quo
1053 3411 1330 3467 judicaturus
1361 3418 1427 3456 est
1456 3412 1605 3455 orbem
1633 3413 1679 3453 in
1713 3411 1942 3466 aequitate,
1975 3410 2023 3453 in
2052 3411 2146 3454 viro
2178 3411 2224 3454 in

399 3481 483 3522 quo
504 3469 680 3525 statuit,
708 3469 839 3513 fidem
864 3471 1067 3526 praebens
1093 3470 1318 3527 omnibus,
1347 3471 1565 3514 suscitans
1591 3485 1691 3514 eum
1715 3484 1742 3512 a
1764 3470 1961 3513 mortuis.

458 3525 494 3552 3'2
520 3527 631 3570 Cum
663 3528 890 3572 audissent
922 3534 1071 3573 autem
1105 3530 1468 3573 resun·ectio1ieni
1506 3534 1798 3584 mortuorum,
1829 3528 2011 3584 quidam
2045 3529 2224 3587 quidem

401 3672 448 3704 24]
466 3672 542 3700 Gen.
563 3674 724 3707 1,1.sup.
745 3674 882 3708 V11‚48.
