2391 3861
597 130 735 172 Aroe.
770 127 901 182 xxl,
939 127 991 170 10
1023 150 1080 159 -
1113 125 1272 180 XXII,
1309 124 1376 167 10.
1788 121 1899 165 1365

76 312 311 355 sponsam,
335 312 519 342 uxorem
543 297 677 353 Agni.
707 296 741 324 ¹⁰
760 298 816 340 Et
835 296 1017 340 sustulit
1041 309 1111 339 me
1139 295 1186 338 in
1213 294 1371 351 spiritu
1396 293 1442 337 in
1468 298 1663 336 montem
1689 306 1900 347 magnum

79 362 125 400 et
156 357 318 413 altum,
349 361 399 400 et
417 355 612 401 ostendit.
643 355 753 399 mihi
777 355 1007 399 civitatem
1035 359 1238 397 sanctam
1263 351 1535 406 Jerusalem,
1559 349 1901 394 descendentem

82 414 136 458 de
158 415 268 459 caclo
295 430 322 458 a
350 416 463 471 Deo,
493 413 525 441 ¹¹
545 414 783 458 habentem
813 413 1062 456 claritatem
1090 412 1193 468 Dei,
1220 417 1265 455 et
1290 411 1440 454 lumen
1468 409 1566 466 ejus
1591 408 1736 452 simile
1761 407 1900 464 lapidi

81 474 270 530 pretioso
295 478 509 529 tanquam
538 473 678 530 lapidi
705 472 914 529 jaspidis,
937 472 1053 514 sicut
1077 470 1351 527 crystallum.
1379 468 1414 495 ¹⁹²
1432 468 1490 512 Et
1510 467 1705 512 habebat
1727 481 1901 510 murum

82 547 295 588 magnum
323 538 366 575 et
389 532 552 587 altum,
577 531 813 575 habentem
842 536 988 587 portas
1013 529 1272 582 duodecim,
1295 528 1402 572 etin
1427 527 1566 584 portis
1586 525 1768 582 angelos
1794 525 1895 568 duo-

81 591 246 646 decim,
273 596 318 634 et
337 589 518 633 nomina
542 590 776 646 inscripta,
803 603 898 645 quae
917 594 1020 631 sunt
1041 587 1221 631 nomina
1239 586 1474 631 duodecim
1493 585 1688 629 tribuum
1713 584 1901 628 filiorum

80 649 232 692 Israel.
262 648 298 676 ¹3
314 648 385 692 Ab
411 649 582 692 oriente:
603 653 742 705 portae
773 652 881 701 tres,
908 653 954 690 et
975 647 1036 689 ab.
1062 646 1267 702 aquilone
1294 651 1430 702 portae
1462 650 1568 700 tres,
1597 649 1640 688 et
1671 643 1728 686 ab
1753 649 1901 686 austro

78 713 217 764 portaee
250 712 362 762 tres,
395 712 438 750 et
470 708 529 750 ab
557 720 716 751 occasu
748 710 888 762 portae
922 711 1021 749 tres.
1056 705 1091 731 ¹²
1118 706 1174 747 Et
1204 718 1357 747 murus
1386 702 1581 746 civitatis
1605 702 1773 746 habens
1799 701 1900 745 fun-

74 765 289 808 damenta
321 765 577 821 duodecim,
612 770 656 809 et
683 765 731 808 in
751 764 860 822 ipsis
881 763 1115 807 duodecim
1141 762 1321 806 nomina
1347 761 1581 806 duodecim
1603 761 1901 817 apostolorum

74 823 212 880 Agni.

139 882 173 910 ¹5
192 884 250 927 Et
270 882 345 938 qui
374 883 635 939 loquebatur
664 895 858 938 mecum,
886 881 1080 925 habebat
1108 894 1360 924 mensuram
1384 878 1676 923 arundineam
1699 892 1899 934 auream,

76 947 126 985 ut
150 941 380 985 metiretur
405 942 655 995 civitat-cm,
682 947 725 983 et
747 946 894 997 portas
916 940 1039 996 ejuS,
1060 945 1104 983 et
1128 953 1316 983 murum.
1345 937 1383 966 ¹⁶
1399 939 1456 981 Et
1481 938 1638 982 civitas
1663 937 1710 980 in
1735 936 1902 994 quadro

78 1001 220 1057 posita
251 1005 338 1055 est,
369 1006 412 1044 et
442 1000 673 1056 longitudo
695 1000 791 1055 ejus
817 1004 943 1042 tanta
965 1004 1032 1042 est
1055 1004 1221 1054 quanta
1248 1003 1290 1041 et
1319 996 1536 1050 latitudo;
1569 1002 1612 1040 et
1637 1010 1813 1039 mensus
1836 1001 1901 1039 est

75 1059 308 1103 civitatem
333 1059 390 1103 de
412 1059 628 1102 arundine
648 1073 781 1102 aurea
799 1073 875 1115 per
892 1057 1038 1101 stadia
1059 1057 1294 1100 duodecim
1318 1055 1460 1099 millia
1476 1073 1491 1110 ;ἲ
1510 1060 1553 1098 et
1578 1054 1832 1111 longitudo,
1858 1059 1902 1098 et

75 1118 289 1174 altitudo,
325 1123 368 1162 et
404 1118 592 1161 latitudo
631 1118 728 1173 ejus
762 1117 951 1174 aequalia
983 1121 1099 1161 sunt.
1136 1115 1169 1142 ¹⁷
1197 1116 1261 1159 Et<
1288 1129 1465 1158 mensus
1499 1119 1566 1158 est
1596 1127 1771 1156 murum
1804 1113 1900 1169 ejus

77 1182 257 1221 centum
297 1177 594 1233 quadraginta
639 1182 825 1233 quatuor
865 1175 1113 1219 cubitorum
1125 1210 1139 1231 „
1180 1188 1386 1218 mensura
1431 1172 1644 1228 hominiS,
1693 1186 1792 1228 quae
1836 1178 1902 1215 est

76 1236 240 1292 angeli.
272 1235 305 1264 ¹⁸
324 1237 382 1280 Et
407 1242 501 1280 erat
529 1241 751 1280 structura
775 1236 890 1278 muri
915 1235 1013 1291 ejus
1042 1249 1102 1278 ex.
1130 1234 1280 1291 lapide
1304 1232 1508 1290 jaspide;
1538 1232 1636 1288 ipsa
1661 1245 1764 1274 vero
1794 1230 1900 1275 civi-

77 1299 156 1350 tas,
184 1309 340 1338 aurum
363 1295 578 1337 mundum
600 1295 745 1338 simile
772 1294 883 1337 vitro
909 1293 1086 1336 mundo.
1112 1293 1148 1319 ¹⁹
1168 1294 1224 1336 Et
1248 1292 1548 1335 fundamenta
1566 1290 1678 1333 muri
1705 1289 1901 1334 civitatis

75 1354 196 1398 omni
226 1354 373 1411 lapide
399 1354 589 1410 pretioso
615 1360 781 1397 ornata.
809 1353 1171 1397 Fundamentum
1194 1351 1407 1409 primum,
1440 1349 1608 1407 jaspis;
1635 1348 1899 1404 secundum,

74 1413 310 1469 sapphirus
331 1431 341 1468 3
381 1413 583 1468 tertium,
623 1412 966 1467 chalcedonius;
1003 1417 1230 1467 quartum,
1271 1409 1562 1466 smaragdus3
1603 1407 1640 1434 20
1673 1407 1898 1463 quintum,

75 1472 327 1528 sardonyx;
354 1478 544 1526 sextum,
571 1471 769 1525 sardius3
798 1471 1049 1527 septimum,
1073 1469 1369 1526 chrysolithus
1390 1486 1398 1522 ;
1427 1473 1650 1522 octavum,
1675 1466 1870 1522 beryllus
1891 1484 1900 1521 3

75 1545 262 1586 nonum,
309 1531 508 1586 topazius
529 1548 538 1585 ;
582 1530 825 1583 decimum,
869 1530 1210 1585 chrysoprasus;
1255 1527 1561 1581 undecimum,
1603 1525 1897 1582 hyacinthus3

75 1589 410 1644 duodecimum,
440 1589 732 1644 amethystus.
768 1587 801 1614 2¹
831 1590 888 1631 Et
917 1588 1150 1631 duodecim
1188 1593 1347 1644 portae,
1379 1585 1612 1629 duodecim
1647 1584 1900 1639 margaritae

74 1653 197 1704 sunt,
232 1662 309 1704 per
340 1647 570 1702 singulas3
603 1652 646 1689 et
678 1647 867 1702 singulae
900 1652 1040 1702 portae
1074 1652 1201 1688 erant
1233 1660 1287 1688 ex
1323 1645 1510 1700 singulis
1541 1643 1823 1699 margaritis3
1859 1648 1902 1686 et

72 1707 223 1763 platea
248 1706 442 1749 civitatis
468 1720 625 1748 aurum
649 1705 884 1760 mundum,
906 1710 1121 1760 tanquam
1142 1705 1306 1747 vitrum
1329 1700 1620 1760 perlucidum.
1755 1707 1760 1713 '

132 1764 170 1791 ‘2²
188 1767 244 1808 Et
270 1765 486 1822 templum
516 1779 604 1807 non
629 1764 722 1806 vidi
751 1764 798 1806 in
827 1778 879 1806 ea
908 1780 917 1807 :
945 1763 1161 1806 Dominus
1195 1763 1314 1806 enim
1341 1764 1458 1804 Deus
1486 1761 1764 1817 omnipotens
1793 1765 1902 1804 tem-

72 1825 197 1882 plum
229 1824 349 1867 illius
382 1830 467 1879 est,
502 1828 546 1867 et
578 1824 746 1879 Agnus.
771 1822 808 1849 ⁶23
834 1824 891 1865 Et
925 1822 1082 1865 civitas
1112 1837 1199 1865 non
1234 1826 1336 1877 eget
1368 1820 1480 1874 sole,
1514 1834 1656 1876 neque
1692 1819 1819 1875 luna,
1855 1824 1904 1862 ut

74 1885 253 1928 luceant
283 1883 330 1926 in
363 1897 415 1926 ea
451 1900 460 1927 z
494 1897 599 1925 nam
633 1882 811 1925 claritas
848 1881 930 1925 Dei
962 1881 1236 1924 illuminavit
1269 1895 1388 1935 eam,
1422 1884 1466 1923 et
1494 1878 1675 1922 lucerna
1708 1879 1804 1934 ejus
1837 1885 1903 1922 est

75 1944 244 1999 Agnus.
272 1941 308 1968 24
329 1943 384 1985 Et
408 1941 704 1984 ambulabunt
727 1946 882 1997 gentes
906 1941 952 1983 in
979 1940 1145 1984 lumine
1174 1940 1291 1996 ejus,
1323 1945 1366 1982 et
1398 1953 1523 1994 reges
1556 1943 1683 1981 terrae
1713 1937 1902 1981 afferent

76 2002 263 2058 gloriam
289 2016 414 2044 suam
440 2007 484 2044 et
515 2001 726 2043 honorem
751 2000 798 2042 in
823 2000 960 2042 illam.
993 1999 1029 2026 ⁹²5
1049 2000 1107 2042 Et
1130 2006 1268 2056 portae
1295 1999 1393 2054 ejus
1426 2012 1514 2040 nou
1540 1996 1803 2040 claudentur
1827 2011 1904 2053 per

76 2061 208 2116 diem,
236 2075 323 2104 nox
349 2060 465 2104 enim
491 2074 578 2103 non
604 2060 686 2103 erit
707 2059 812 2102 illic.
839 2058 875 2086 ²⁶
894 2060 952 2101 Et
976 2058 1167 2102 afferent
1191 2058 1379 2114 gloriam
1404 2062 1447 2100 et
1468 2057 1679 2100 honorem
1702 2056 1903 2112 gentium

74 2120 120 2163 in
139 2120 277 2163 illam.
301 2119 335 2146 2⁷
356 2120 454 2162 Non
474 2119 661 2161 intrabit
678 2119 723 2160 in
742 2133 840 2161 eam
857 2118 1036 2173 aliquod
1060 2117 1410 2173 coinquinatum,
1430 2121 1508 2158 aut
1524 2115 1903 2158 abominationem

74 2179 248 2222 faciens
267 2184 310 2222 et
335 2178 639 2234 mendacium,
663 2178 748 2220 nisi
774 2177 848 2234 qui
870 2177 1023 2234 scripti
1049 2183 1152 2220 sunt
1177 2178 1221 2218 in
1249 2176 1360 2219 libro
1386 2175 1490 2218 vitae
1512 2174 1646 2230 Agni.

134 2238 240 2281 CAP.
266 2238 419 2281 XXII.
446 2263 503 2269 —
527 2236 538 2263 ¹
559 2237 618 2279 Et
643 2236 835 2280 ostendit
861 2237 969 2279 mihi
991 2235 1176 2279 fluvium
1200 2250 1328 2291 aquae
1354 2235 1474 2289 vitae,
1501 2234 1785 2290 splendidum
1807 2238 1903 2276 tan-

75 2312 209 2354 quam
239 2297 519 2354 crystallum,
550 2296 863 2353 procedentem
889 2295 943 2339 de
968 2295 1071 2340 sede
1106 2295 1190 2338 Dei
1223 2301 1267 2338 et
1293 2293 1427 2350 Agni.
1454 2293 1472 2319 2
1490 2294 1543 2336 In
1570 2293 1715 2336 medio
1742 2293 1903 2350 plateae

76 2357 185 2412 ejus,
201 2362 245 2399 et
263 2370 317 2399 ex
335 2362 519 2412 utraque
540 2363 666 2412 parte
687 2355 885 2398 fluminis
904 2355 1076 2411 lignum
1095 2354 1215 2409 vitae,
1237 2353 1430 2396 afferens
1456 2353 1630 2395 fructus
1654 2352 1902 2408 duodecim,

75 2429 152 2472 per
174 2429 347 2458 menses
372 2414 570 2471 singulos
603 2415 791 2457 reddens
821 2414 1019 2457 fructum
1044 2428 1197 2468 suum,
1228 2419 1272 2456 et
1296 2412 1409 2455 folia
1434 2411 1547 2468 ligni
1573 2412 1630 2454 ad
1663 2411 1904 2458 sanitatem

75 2474 290 2530 gentium.
319 2474 336 2500 3
355 2475 411 2517 Et
433 2488 562 2517 omne
586 2473 876 2516 maledictum
896 2487 987 2516 non
1003 2473 1086 2516 erit
1104 2472 1322 2529 amplius;
1350 2472 1427 2515 sed
1453 2471 1577 2514 sedes
1605 2471 1686 2514 Dei
1714 2476 1756 2513 et
1781 2470 1903 2526 Agni

76 2533 122 2575 in
158 2533 236 2575 illa
269 2539 418 2588 erunt,
453 2539 496 2576 et
528 2533 642 2575 servi
676 2533 772 2588 ejus
805 2532 998 2576 servient
1028 2532 1113 2575 illi.
1144 2532 1162 2558 4
1188 2533 1245 2574 Et
1270 2531 1485 2574 videbunt
1518 2531 1686 2573 faciem
1712 2530 1830 2585 ejus,
1860 2534 1904 2572 et

76 2606 236 2635 nomen
265 2593 362 2649 ejus
391 2592 436 2634 in
461 2592 685 2635 frontibus
712 2606 879 2635 eorum.
902 2592 920 2618 ⁵
939 2592 996 2636 Et
1021 2605 1110 2634 nox
1135 2591 1251 2634 ultra
1284 2605 1372 2633 non
1399 2590 1501 2645 erit,
1528 2595 1571 2632 et
1596 2604 1683 2633 non
1709 2589 1904 2644 egebunt

76 2651 242 2694 lumine
267 2651 473 2705 lucernae,
501 2665 641 2707 neque
667 2651 834 2694 lumine
859 2651 976 2705 solis,
1001 2650 1211 2706 quoniam
1239 2648 1457 2693 Dominus
1485 2649 1605 2692 Deus
1629 2646 1905 2691 illuminabit

74 2710 195 2765 illos,
222 2715 264 2753 et
289 2711 540 2766 regnabunt
564 2711 611 2753 in
633 2710 797 2753 saecula
823 2710 1100 2752 saeculorum.

778 2865 1202 2922 EPILOGUS

137 3002 155 3029 6
172 3003 230 3044 Et
255 3001 368 3044 dixit
386 3001 495 3044 mihi
522 3018 529 3045 :
554 3003 666 3045 Haec
691 3002 826 3045 verba
852 3002 1111 3045 fidelissima
1128 3006 1292 3045 suntet
1314 3016 1417 3044 vera
1437 3017 1445 3055 3
1475 3006 1519 3044 et
1545 3000 1761 3044 Dominus
1785 3001 1903 3044 Deus

78 3060 311 3117 spirituum
348 3061 662 3117 prophetarum
691 3061 811 3103 misit
845 3062 1055 3117 angelum
1093 3076 1222 3103 suum
1251 3059 1482 3103 ostendere
1511 3059 1648 3102 servis
1681 3059 1771 3101 suis
1806 3073 1904 3114 quae

78 3125 249 3175 oportet
282 3120 373 3162 fieri
408 3120 509 3162 cito.
547 3119 562 3145 ⁷
590 3121 647 3162 Et
683 3133 785 3163 ecce
817 3121 946 3163 venio
978 3120 1201 3163 velociter.
1231 3120 1394 3163 Beatus
1432 3118 1507 3174 qui
1543 3117 1736 3161 custodit
1769 3118 1902 3160 verba

78 3178 321 3235 prophetiae
347 3178 448 3220 libri
473 3179 618 3234 hujus.

138 3236 155 3263 ⁸
182 3238 239 3280 Et
264 3252 344 3293 ego
373 3238 590 3293 Joannes,
625 3238 698 3294 qui
730 3238 882 3281 audivi
915 3244 959 3282 et
991 3239 1082 3293 vidi
1112 3239 1223 3281 haec.
1258 3240 1315 3281 Et
1347 3243 1580 3295 postquam
1612 3236 1834 3278 audissem
1860 3240 1904 3278 et

78 3295 303 3351 vidissem,
330 3297 468 3340 cecidi
495 3302 543 3339 ut
567 3296 797 3340 adorarem
815 3303 918 3341 ante
937 3298 1070 3354 pedes
1093 3297 1242 3353 angeli
1265 3297 1338 3352 qui
1363 3297 1471 3339 mihi
1492 3297 1590 3338 haec
1612 3294 1900 3349 ostendebat3

80 3353 99 3380 ⁹
116 3362 158 3397 et
181 3354 296 3398 dixit
316 3356 425 3398 mihi
460 3373 468 3399 :
495 3356 609 3399 Vide
639 3370 694 3398 ne
727 3357 918 3412 feceris3
946 3371 1180 3400 conservus
1211 3356 1330 3399 enim
1355 3361 1455 3398 tuus
1481 3369 1599 3408 sum,
1636 3359 1677 3396 et
1710 3354 1902 3396 fratrum

82 3417 254 3456 tuorum
285 3415 617 3472 prophetarum,
646 3421 688 3458 et
716 3430 865 3459 eorum
895 3416 966 3472 qui
992 3421 1169 3459 servant
1194 3416 1328 3458 verba
1353 3413 1595 3472 prophetiza
1621 3412 1721 3455 libri
1755 3412 1901 3468 hujus.

82 3473 223 3516 Deum
261 3473 410 3517 adora.
451 3474 484 3500 ¹⁰
511 3475 567 3517 Et
601 3474 709 3517 dicit
750 3475 857 3517 mihi
903 3491 911 3518 :
953 3475 1020 3518 Ne
1057 3474 1302 3530 signaveris
1343 3473 1479 3516 verba
1516 3471 1762 3527 prophetiae
1800 3470 1903 3514 libri

73 3620 130 3654 >231
147 3619 191 3648 rs.
207 3619 279 3656 Lx,
298 3622 341 3648 19.
355 3635 393 3639 -
408 3622 456 3654 25]
475 3622 517 3649 rs.
536 3621 606 3655 Lx,
624 3624 716 3649 11.—
732 3621 762 3653 5]
781 3620 824 3647 15.
842 3619 911 3653 Lx,
929 3622 973 3646 (ιο.

1995 3004 2183 3038 Ρτορυεῐῂο

1999 3048 2176 3076 veritatein

2003 3095 2175 3121 testantur

2012 3137 2164 3172 angehoe.

2004 3235 2169 3270 Joannes,
