2423 3861
807 135 955 175 Ficum.
991 134 1078 186 VI,
1117 133 1142 174 8
1156 133 1250 174 -34.
1852 127 1935 169 737

315 306 332 333 ⁸
355 308 435 349 Est
460 305 577 349 enim
603 304 771 347 amicus
796 303 1038 345 secundum
1068 308 1239 358 tempus
1265 315 1412 354 suum,

413 370 457 408 et
482 379 566 407 non
593 361 868 419 permanebit
890 361 934 402 in
962 361 1032 403 die
1059 359 1370 403 tribulationis,

314 424 332 450 ⁰
357 426 409 467 Et
435 428 501 465 est.
525 422 692 465 amicus
717 420 790 476 qui
816 419 1086 462 convertitur
1110 419 1165 461 ad
1192 417 1495 469 inimicitiam,

415 488 457 524 et
483 487 550 525 est
573 480 741 523 amicus
766 479 838 534 qui
866 478 1014 520 odium
1041 484 1085 520 et
1110 478 1253 520 rixam
1279 483 1323 519 ct
1349 476 1543 519 convitia
1570 473 1828 519 denudabit.

300 540 333 566 ¹⁰
358 542 436 582 Est,
459 546 608 583 autem
635 538 804 581 amicus
829 537 972 578 socius
1000 551 1185 591 molisio,

414 608 457 642 et
479 614 563 641 non
592 596 866 655 permanebit
892 595 935 637 in
962 595 1032 638 die
1059 595 1349 640 necessitatis.

298 659 327 685 ¹¹
350 659 532 702 Amicus
558 658 592 700 si
620 654 910 713 permanserit
935 656 1066 709 fixus,
1091 654 1172 696 erit
1198 654 1278 696 tibi
1305 652 1429 708 quasi
1457 650 1712 707 coaequalis,

415 724 459 761 et
483 717 527 759 in
555 715 808 760 domesticis
835 714 921 757 tuis
947 712 1213 755 fiducialiter
1238 718 1355 767 aget.

296 776 332 802 ¹2
353 777 396 819 Si
420 774 721 818 humiliaverit
741 788 787 817 se
813 778 966 816 contra
991 778 1054 827 te,

414 842 458 878 et
482 850 509 877 a
533 834 651 877 facie
674 839 749 876 tua
773 831 1054 875 absconderit
1079 845 1144 886 se,

416 894 670 937 unanimem
695 891 879 935 habebis
904 889 1149 933 amicitiam
1174 890 1350 931 bonam.

299 954 332 980 ¹3
354 954 424 996 Ab
451 952 641 995 inimicis
667 951 753 994 tuis
778 965 1002 1007 separare,

415 1018 460 1056 et
483 1012 539 1054 ab
567 1011 722 1053 amicis
744 1010 831 1052 tuis
856 1010 1051 1053 attende.

298 1071 332 1098 ¹⁴
355 1071 539 1114 Amicus
562 1070 703 1113 fidelis
729 1069 944 1126 protectio
968 1069 1098 1111 fortis
1118 1086 1126 1123 3

413 1131 487 1186 qui
512 1135 662 1172 autem
686 1128 859 1171 invenit
881 1128 1008 1170 illum
1034 1126 1205 1170 invenit
1230 1126 1498 1169 thesaurum.

300 1189 333 1216 ¹⁵
354 1190 513 1233 Amico
538 1188 658 1231 fideli
683 1187 805 1229 nulla
831 1193 895 1230 est
917 1187 1210 1243 comparatio,
1655 1181 1787 1239 [fidei
1811 1180 1944 1223 illius.

414 1254 458 1292 et
480 1263 566 1291 non
589 1252 655 1290 est
680 1246 817 1301 digna
842 1245 1101 1302 ponderatio
1127 1245 1222 1288 auri
1248 1250 1291 1288 et
1319 1242 1494 1299 argenti
1522 1247 1673 1284 contra
1699 1239 1945 1283 bonitatem

301 1307 333 1334 ¹⁶
355 1307 539 1351 Amicus
565 1305 706 1348 fidelis
732 1305 1107 1348 medicamentum
1133 1305 1239 1347 vitae
1265 1309 1309 1346 et
1333 1299 1683 1345 immortalitatis
1706 1316 1715 1353 ;

415 1372 459 1410 et
483 1366 557 1422 qui
582 1369 785 1407 metuunt
809 1364 1050 1406 Dominum
1075 1363 1306 1406 invenient
1329 1361 1470 1404 illum.

300 1425 330 1451 ¹⁷
353 1426 434 1476 Qui
461 1425 589 1468 timet
616 1425 759 1465 Deum
785 1437 907 1477 aeque
933 1422 1116 1465 habebit
1141 1421 1389 1464 amicitiam
1413 1420 1596 1474 bonam,

414 1483 622 1539 quoniam
650 1481 892 1524 secundum
917 1481 1044 1523 illum
1070 1480 1152 1523 erit
1176 1481 1345 1522 amicus
1369 1478 1502 1521 illius.

296 1543 331 1570 18
354 1543 454 1596 Fili,
478 1557 504 1584 a
528 1542 761 1597 juventute
782 1545 860 1582 tua
882 1540 1036 1595 excipe
1063 1539 1332 1593 doctrinam,

412 1606 456 1644 et
476 1615 612 1656 usque
638 1599 694 1641 ad
721 1612 853 1640 canos
875 1598 1075 1640 invenies
1100 1597 1380 1653 sapientiam.

294 1660 331 1687 ¹9
351 1660 485 1712 Quasi
505 1660 544 1702 is
569 1659 642 1715 qui
667 1664 765 1700 arat
790 1663 834 1700 ct
858 1657 1050 1700 seminat
1071 1657 1233 1699 accede
1258 1656 1315 1698 ad
1340 1671 1458 1713 eam,

412 1725 457 1763 et
477 1719 643 1762 sustine
668 1717 806 1760 bonos
831 1717 1003 1759 fructus
1028 1716 1161 1759 illius.

295 1779 332 1807 2⁰
353 1780 407 1823 In
434 1793 562 1835 opere
585 1777 703 1821 enim
726 1776 865 1832 ipsius
887 1776 1097 1831 exiguum
1123 1775 1367 1831 laborabis,

415 1844 458 1881 et
483 1838 569 1881 cito
595 1837 698 1880 edes
721 1835 775 1878 de
801 1835 1160 1891 generationibus
1185 1835 1319 1878 illius.

294 1897 328 1924 2¹
351 1898 494 1948 Quam
517 1911 673 1953 aspera
698 1901 764 1938 est
789 1895 978 1937 nimium
999 1894 1217 1951 sapientia
1242 1894 1435 1936 indoctis
1459 1894 1740 1937 hominibus!

415 1962 457 2000 et
482 1971 570 1999 non
592 1954 870 2012 permanebit
894 1954 940 1996 in
965 1954 1043 1996 illa
1071 1968 1236 1997 excors.

297 2015 335 2042 22
355 2016 487 2066 Quasi
513 2014 675 2071 lapidis
696 2014 837 2056 virtus
863 2013 1065 2070 probatio
1091 2013 1174 2055 erit
1197 2013 1245 2055 in
1269 2013 1383 2067 illis;

414 2080 458 2118 et
478 2089 566 2117 non
588 2073 935 2117 demorabuntur
956 2072 1172 2129 projicere
1196 2071 1335 2115 illam.

297 2134 334 2161 23
355 2133 583 2190 Sapientia
604 2132 723 2176 enim
749 2132 962 2175 doctrinae
988 2131 1231 2174 secundum
1256 2145 1416 2173 nomen
1444 2135 1509 2173 est
1534 2129 1652 2186 ejus,

416 2198 460 2236 et
481 2207 568 2236 non
592 2197 658 2235 est
682 2191 833 2234 multis
859 2190 1125 2244 manifesta3

358 2253 516 2309 quibus
541 2257 692 2294 autem
717 2251 897 2307 cognita
919 2254 1004 2306 est,

417 2316 649 2369 permanet
674 2324 810 2366 usque
831 2309 889 2352 ad
915 2314 1201 2366 conspectum
1223 2309 1318 2354 Dei.

297 2372 334 2399 Ἡ
353 2372 493 2427 Audi,
516 2370 600 2427 fili,
629 2375 672 2414 et
697 2369 849 2425 accipe
872 2368 1106 2412 consilium
1131 2368 1404 2423 intellectus,

414 2438 457 2475 et
479 2445 534 2474 ne
552 2430 740 2486 abjicias
767 2428 1001 2471 consilium
1027 2442 1188 2470 meum,

297 2489 334 2517 25
355 2491 500 2547 Injice
521 2490 682 2546 pedem
704 2494 828 2531 tuum
853 2487 899 2530 in
925 2487 1161 2543 compedes
1185 2486 1325 2542 illius,

414 2555 458 2593 et
480 2550 527 2592 in
548 2554 725 2604 torques
746 2547 867 2589 illius
893 2546 1057 2589 collum
1082 2551 1220 2590 tuum.

295 2608 333 2636 26
356 2610 535 2666 Subjice
559 2609 793 2650 humerum
819 2612 965 2656 tuum,
995 2610 1039 2648 et
1063 2610 1189 2661 porta
1210 2605 1354 2659 illam,

416 2674 459 2712 et
484 2683 539 2712 ne
561 2666 775 2710 acedieris
801 2665 991 2708 vinculis
1017 2665 1126 2720 ejus.

295 2728 331 2755 2⁷
350 2730 404 2772 In
431 2727 550 2770 omni
574 2726 724 2769 animo
747 2731 823 2768 tuo
849 2724 1011 2767 accede
1036 2723 1092 2766 ad
1113 2724 1259 2779 illam,

415 2793 458 2831 et
481 2787 529 2829 in
555 2786 673 2829 omni
700 2784 862 2827 virtute
885 2789 961 2826 tua
984 2797 1195 2826 conserva
1220 2783 1314 2825 vias
1337 2783 1444 2839 ejus

297 2847 333 2874 28
355 2846 586 2902 Investiga
607 2845 753 2899 illam,
777 2849 820 2886 et
847 2841 1210 2885 manifestabitur
1233 2841 1340 2896 tibi3

415 2912 458 2949 et
481 2905 712 2949 continens
736 2905 905 2958 tactus,
932 2915 987 2944 ne
1010 2900 1288 2956 derelinquas
1315 2914 1412 2943 eam
1434 2917 1442 2944 ε

297 2966 334 2993 29
352 2966 399 3009 in
425 2964 676 3008 novissimis
704 2962 822 3005 enim
842 2960 1042 3003 invenies
1063 2959 1260 3015 requiem
1280 2960 1326 3002 in
1353 2974 1422 3015 ea,

417 3030 461 3068 et
487 3028 767 3067 convertetur
790 3020 872 3063 tibi
897 3019 944 3062 in
970 3018 1327 3062 oblectationem.

297 3084 334 3112 3⁰
355 3085 414 3127 Et
431 3089 559 3127 erunt
576 3082 658 3125 tibi
677 3079 910 3137 compedes
929 3079 1027 3134 ejus
1051 3077 1097 3120 in
1115 3078 1436 3134 protectionem
1453 3078 1731 3123 fortitudinis
1757 3084 1800 3122 et
1822 3077 1948 3121 bases

417 3149 462 3186 et
485 3148 662 3197 torques
687 3140 807 3183 illius
832 3139 878 3180 in
905 3138 1065 3181 stolam
1091 3137 1268 3193 gloriae3
1728 3136 1925 3194 [virtutis
1934 3170 1946 3193 ‚

297 3202 332 3230 3¹
356 3203 486 3246 decor
511 3201 628 3245 enim
654 3200 761 3242 vitae
787 3203 852 3241 est
877 3198 923 3239 in
947 3196 1045 3252 illa,

416 3267 460 3304 et
485 3259 663 3303 vincula
684 3258 805 3301 illius
827 3256 1066 3312 alligat-ura
1088 3256 1306 3306 salutaris.

296 3319 334 3347 32
356 3321 524 3365 Stolam
549 3319 703 3376 gloriae
728 3317 885 3360 indues
913 3330 1031 3371 eam,

418 3385 462 3423 et
483 3393 689 3422 coronam
712 3374 1022 3433 gratulationis
1047 3390 1314 3432 superpones
1340 3375 1434 3418 tibi.

297 3438 336 3466 33
355 3439 464 3493 Fili,
487 3438 524 3481 si
545 3436 788 3480 attenderis
814 3434 944 3489 mihi,
971 3434 1136 3488 disces3

416 3504 461 3541 et
485 3497 521 3540 si
546 3493 950 3539 accommodaveris
975 3493 1175 3537 animum
1199 3500 1346 3550 tuum,
1369 3494 1544 3551 sapiens
1569 3493 1667 3536 eris.

298 3554 337 3582 ³4
358 3556 403 3600 Si
425 3554 708 3599 inclinaveris
730 3567 881 3596 aurem
908 3557 1050 3608 tuam,
1077 3552 1270 3610 excipies
1297 3553 1567 3607 doctrinam;

416 3620 461 3658 et
484 3613 520 3657 si
547 3613 752 3657 dilexeris
775 3611 947 3667 audire,
975 3611 1150 3668 sapiens
1176 3612 1273 3654 eris.

1689 3695 1765 3738 47⁷

2026 1537 2186 1566 Hortatio
2204 1537 2245 1565 ad

2037 1581 2238 1614 sapientiam

2048 1624 2221 1658 acquiren-

2015 1670 2136 1705 dam‚et
2149 1669 2256 1702 ipsius

2055 1715 2220 1742 bonorum

2041 1756 2234 1790 descriptio,
