2423 3861
659 152 733 195 Ez.
769 152 999 205 XXVIII,
1038 154 1090 195 18
1123 179 1179 185 —
1212 153 1390 207 XXIX,
1429 153 1492 195 15.
1903 154 1984 195 951

161 323 327 378 projeci
355 329 423 374 10;
451 329 553 366 ante
583 323 747 366 faciem
778 338 931 379 regum
957 324 1057 366 dedi
1084 330 1126 367 te
1154 329 1201 366 ut
1226 329 1454 367 cernerent
1479 328 1536 367 te.
1570 322 1602 349 ¹⁸
1622 323 1675 365 ln
1702 322 1989 366 multitudine

109 378 111 381 ’
160 381 444 437 iniquitatum
470 389 664 436 tuarum,
688 388 732 425 et
759 383 994 438 iniquitate
1029 382 1344 437 negotiationis
1374 387 1483 437 tuae,
1515 381 1711 439 polluisti
1741 381 1989 423 sanctifica-

159 440 323 483 tionem
349 447 468 483 tuam
487 459 495 495 3
521 441 761 498 producam
784 455 887 497 ergo
904 442 1055 498 ignem
1078 442 1132 485 de
1155 442 1299 485 medio
1318 442 1396 497 tui,
1418 441 1489 497 qui
1515 440 1718 485 comedat
1736 445 1791 494 te,
1814 444 1858 483 et
1876 439 1990 482 dabo

160 504 202 541 te
224 500 269 542 in
289 501 481 544 cinerem
507 515 637 556 super
663 506 844 556 terram,
874 501 920 543 in
947 505 1185 558 conspectu
1212 501 1408 544 omnium
1430 500 1679 543 videntium
1701 505 1757 543 te.
1778 498 1813 525 ¹⁹
1828 499 1990 542 Omnes

158 559 231 613 qui
257 559 448 602 viderint
470 566 513 602 te
538 559 583 602 in
605 559 834 616 gentibus,
858 560 1168 617 obstupescent
1193 575 1323 616 super
1344 566 1410 614 te3
1436 559 1563 602 nihili
1586 560 1735 602 factus
1757 573 1816 614 es,
1838 562 1882 601 et
1902 572 1990 600 non

157 618 243 660 eris
270 618 315 660 in
341 624 615 675 perpetuum.

218 676 255 704 ‘²0
283 678 339 720 Et
372 679 521 721 factus
555 683 620 722 est
653 693 794 722 sermo
830 679 1009 722 Domini
1042 679 1098 722 ad
1128 694 1218 735 me,
1246 679 1428 723 dicens:
1455 678 1487 705 ²¹
1510 678 1596 721 Fili
1631 678 1843 734 hominis,
1877 692 1990 734 pone

158 736 324 780 faciem
362 742 485 780 tuam
519 742 671 780 contra
705 738 934 793 Sidonem,
965 742 1008 780 et
1040 738 1324 795 prophetabis
1359 738 1412 781 de
1446 752 1509 781 ea.
1541 737 1577 763 2²
1605 739 1660 780 Et
1689 738 1808 781 dices
1835 754 1844 782 :
1876 738 1990 780 Haec

159 795 268 839 dicit
294 797 509 839 Dominus
537 797 680 840 Deus:
707 798 822 840 Ecce
847 810 930 853 ego
950 797 1007 839 ad
1029 802 1092 853 te,
1110 797 1268 852 Sidon,
1292 803 1335 840 et
1360 797 1640 853 glorificabor
1661 797 1707 839 in
1729 796 1874 840 medio
1896 797 1987 850 tui;

158 860 201 897 et
233 855 376 898 scient
401 855 503 911 quia
538 870 619 910 ego
651 856 889 909 Dominus,
921 869 1021 898 cum
1051 856 1199 899 fecero
1227 856 1274 898 in
1304 870 1353 899 ea
1387 856 1575 911 judicia,
1611 861 1654 899 et
1686 856 1989 898 sanctificatus

158 913 285 957 fuero
316 915 363 956 in
401 929 465 957 ea.
500 913 537 941 ‘²3
564 916 621 957 Et
655 914 899 958 immittam
937 915 976 958 ei
1013 915 1335 971 pestilentiam,
1370 920 1414 958 et
1449 915 1714 970 sanguinem
1747 914 1793 956 in
1831 914 1988 971 plateis

158 973 279 1028 ejus3
307 978 350 1016 et
376 979 580 1017 corruent
609 974 835 1017 interfecti
861 973 906 1016 in
933 974 1079 1017 medio
1100 974 1198 1030 ejus
1220 974 1371 1030 gladio
1393 988 1469 1030 per
1495 973 1749 1028 circuitum,
1776 978 1820 1016 et
1849 973 1989 1016 scient

157 1031 259 1086 quia
285 1045 367 1088 ego
396 1033 626 1076 Dominus.
650 1031 686 1059 ”²⁴
706 1034 762 1075 Et
787 1046 873 1075 non
897 1033 979 1075 erit
1004 1033 1120 1075 ultra
1143 1033 1294 1076 domui
1320 1032 1459 1076 Israel
1485 1032 1807 1076 offendiculum
1830 1032 1988 1074 amari-

158 1090 344 1147 tudinis,
377 1096 420 1135 et
453 1092 581 1148 spina
607 1092 800 1135 dolorem
827 1091 1024 1135 inferens
1048 1092 1242 1148 undique
1270 1106 1347 1149 per
1374 1091 1608 1135 circuitum
1639 1105 1787 1134 eorum
1814 1091 1887 1146 qui
1914 1091 1990 1133 ad-

156 1155 387 1192 versantur
412 1150 474 1193 eis
495 1168 504 1206 3
532 1156 577 1194 et
598 1151 740 1194 scient
761 1150 863 1206 quia
889 1165 970 1207 ego
995 1151 1211 1194 Dominus
1236 1152 1369 1194 Deus.

215 1207 252 1235 ”25
275 1209 388 1252 Haec
415 1209 526 1252 dicit
551 1210 769 1253 Dominus
804 1211 922 1253 Deus
951 1227 959 1254 ε
986 1210 1172 1260 Quando
1201 1224 1528 1266 congregavero
1559 1209 1738 1253 domum
1770 1209 1909 1253 Israel
1936 1209 1989 1252 de

155 1268 329 1325 populis
362 1268 408 1311 in
444 1269 603 1325 quibus
637 1269 822 1326 dispersi
855 1275 978 1324 sunt,
1013 1269 1325 1312 sanctificabor
1355 1269 1402 1311 in
1432 1269 1494 1312 eis
1525 1283 1673 1312 coram
1705 1268 1912 1324 gentibus
1947 1274 1989 1311 et

155 1327 424 1371 habitabunt
445 1328 492 1370 in
513 1333 628 1372 terra
651 1343 749 1384 sua,
777 1342 911 1384 quam
937 1328 1039 1371 dedi
1061 1342 1188 1371 servo
1213 1343 1311 1372 meo
1336 1328 1504 1383 Jacob3
1528 1327 1565 1354 ‘26
1583 1334 1627 1371 et
1651 1327 1918 1371 habitabunt
1942 1328 1988 1370 in

154 1400 205 1429 ea
230 1387 371 1431 securi
390 1403 398 1431 ε
421 1392 465 1430 et
488 1387 774 1430 aedificabunt
797 1387 970 1443 domos,
991 1392 1034 1430 et
1055 1387 1323 1444 plantabunt
1341 1387 1516 1443 vineas,
1536 1392 1580 1430 et
1602 1387 1869 1429 habitabunt
1887 1401 1988 1430 con-

154 1445 352 1502 fidenter,
375 1460 476 1489 cum
498 1447 648 1490 fecero
672 1445 843 1502 judicia
862 1446 908 1488 in
927 1447 1132 1489 omnibus
1151 1447 1223 1501 qui
1241 1446 1534 1489 adversantur
1552 1445 1614 1489 eis
1632 1460 1709 1502 per
1727 1445 1959 1488 circuitum
1975 1462 1984 1499 3

154 1510 196 1546 et
221 1505 363 1547 scient
385 1505 488 1560 quia
515 1519 596 1560 ego
623 1504 840 1547 Dominus
865 1506 982 1547 Deus
1010 1518 1173 1547 eorum.

629 1626 653 1682 ξ
688 1626 778 1668 ΙΙΙ.
811 1651 870 1656 -
908 1625 1132 1668 Vaticim'a
1168 1626 1213 1667 in
1246 1625 1513 1680 AEyyptum.

212 1740 318 1784 CAP.
344 1741 516 1784 XXIX.
538 1766 598 1774 —
626 1740 712 1783 1111
737 1754 854 1783 anno
876 1740 1067 1795 decimo,
1096 1739 1269 1783 decimo
1300 1754 1468 1794 mense,
1499 1739 1735 1783 undecima
1765 1740 1836 1783 die
1870 1754 1987 1783 men·

150 1799 230 1855 sis,
257 1799 433 1842 factum
458 1805 524 1843 est
548 1799 735 1843 verbum
765 1799 948 1842 Domini
972 1799 1029 1842 ad
1059 1813 1150 1855 me,
1179 1799 1330 1842 dicens
1357 1815 1365 1843 :
1389 1797 1406 1824 2
1424 1799 1512 1841 Fili
1541 1799 1755 1853 hominis,
1781 1813 1895 1854 pone
1920 1799 1989 1841 fa-

151 1858 266 1902 ciem
293 1863 420 1902 tuam
456 1863 609 1907 contra
642 1859 940 1912 Pharaonem,
967 1872 1118 1914 regem
1146 1858 1359 1915 AEgypti,
1386 1862 1431 1901 et
1455 1858 1741 1915 prophetabis
1767 1858 1821 1900 de
1847 1872 1919 1914 eo,
1947 1864 1990 1900 et

151 1917 205 1961 de
226 1919 429 1975 AEgypto
450 1918 669 1962 universa.
693 1918 711 1944 3
729 1919 940 1974 Loquere,
961 1923 1004 1961 et
1025 1918 1170 1961 dices:
1195 1918 1310 1960 Haec
1333 1917 1441 1961 dicit
1465 1917 1680 1960 Dominus
1707 1918 1826 1960 Deus
1845 1932 1854 1959 z
1874 1919 1989 1960 Ecce

152 1991 232 2032 ego
253 1977 311 2020 ad
333 1983 396 2033 te,
422 1978 614 2033 Pharao,
640 1992 719 2020 rex
740 1977 952 2034 AEgypti,
980 1977 1112 2020 draco
1138 1991 1321 2033 magne,
1346 1976 1420 2033 qui
1443 1976 1579 2019 cubas
1603 1976 1649 2018 in
1671 1976 1818 2019 medio
1843 1976 1988 2018 flumi-

151 2051 258 2078 num
287 2041 484 2093 tuorum,
512 2042 555 2080 et
585 2037 727 2081 dicis:
759 2038 884 2080 Meus
917 2042 983 2080 est
1015 2036 1197 2092 fluvius,
1233 2042 1276 2079 et
1306 2050 1387 2092 ego
1419 2035 1511 2079 feci
1544 2035 1869 2091 memetipsum.
1892 2034 1909 2061 4
1932 2036 1989 2077 Et

151 2110 313 2152 ponam
345 2096 526 2139 frenum
556 2096 604 2138 in
630 2096 827 2139 maxillis
852 2096 961 2151 tuis,
989 2100 1032 2140 et
1060 2095 1356 2151 agglutinabo
1384 2095 1526 2152 pisces
1552 2094 1786 2137 fluminum
1811 2099 1986 2138 tuorum

151 2155 347 2210 squamis
379 2155 488 2211 tuis,
519 2160 562 2198 et
595 2155 828 2199 extraham
857 2160 900 2198 te
930 2155 983 2198 de
1018 2155 1161 2198 medio
1201 2154 1435 2197 fluminum
1472 2158 1668 2208 tuorum,
1710 2157 1754 2196 et
1793 2153 1985 2196 universi

151 2214 293 2270 pisces
328 2214 393 2257 tui
425 2214 622 2270 squamis
652 2214 741 2257 tuis
774 2214 1082 2257 adhaerebunt.
1113 2214 1130 2240 5
1157 2215 1213 2256 Et
1246 2213 1481 2270 projiciam
1510 2218 1553 2255 te
1583 2213 1630 2254 in
1668 2211 1909 2267 desertum,
1945 2217 1987 2255 et

152 2287 303 2316 omnes
324 2273 468 2329 pisces
490 2273 687 2316 fluminis
710 2273 798 2327 tui;
820 2287 950 2329 super
970 2273 1138 2316 faciem
1158 2277 1288 2315 terrae
1311 2272 1454 2327 cades,
1477 2286 1565 2314 11011
1589 2271 1826 2326 colligeris,
1846 2285 1987 2327 neque

153 2332 518 2388 congregaberis;
546 2332 700 2376 bestiis
725 2337 854 2375 terrae
885 2337 929 2375 et
961 2331 1220 2375 volatilibus
1254 2331 1352 2374 caeli
1380 2331 1482 2374 dedi
1510 2335 1554 2373 te
1579 2330 1636 2373 ad
1668 2330 1984 2373 devorandum,

152 2392 170 2417 6
192 2393 249 2434 Et
282 2391 425 2434 scient
459 2405 611 2434 omnes
643 2391 918 2434 habitatores
942 2391 1132 2448 AEgypti
1163 2391 1266 2447 quia
1294 2405 1376 2446 ego
1407 2390 1645 2445 Dominus,
1676 2403 1753 2445 pro
1787 2403 1836 2432 eo
1870 2390 1986 2445 quod

151 2450 279 2493 fuisti
302 2451 487 2493 baculus
505 2450 774 2493 arundineus
793 2450 945 2494 domui
963 2450 1102 2493 Israel
1118 2467 1126 2505 3
1148 2450 1162 2476 ⁷
1178 2450 1354 2506 quando
1371 2449 1757 2506 apprehenderunt
1774 2453 1818 2491 te
1836 2463 1984 2502 manu,

152 2515 194 2552 et
221 2510 478 2553 confractus
505 2524 570 2566 es,
595 2515 638 2552 et
660 2509 865 2553 lacerasti
888 2524 1066 2553 omnem
1087 2509 1321 2552 humerum
1343 2523 1517 2564 eorum3
1542 2513 1585 2552 et
1608 2507 1905 2550 innitentibus
1923 2507 1986 2550 eis

151 2583 282 2625 super
301 2574 345 2612 te
372 2569 670 2612 comminutus
696 2583 761 2625 es,
785 2574 828 2612 et
851 2568 1093 2612 dissolvisti
1120 2582 1272 2612 omnes
1295 2582 1421 2612 renes
1447 2582 1610 2611 eorum.

210 2628 227 2654 8
246 2629 483 2685 Propterea
508 2629 605 2670 haec
628 2627 738 2671 dicit
760 2627 979 2671 Dominus
1005 2629 1125 2671 Deus
1147 2644 1155 2672 :
1182 2628 1299 2671 Ecce
1321 2641 1402 2683 ego
1426 2627 1648 2670 adducam
1669 2641 1799 2685 super
1822 2631 1867 2671 te
1891 2626 1984 2683 gla-

152 2687 294 2743 dium,
322 2693 365 2730 et
386 2687 653 2731 interficiam
679 2687 733 2730 de
758 2692 801 2730 te
829 2687 1056 2730 hominem
1082 2692 1124 2730 et
1145 2687 1411 2743 jumentum.
1434 2686 1451 2712 9
1470 2687 1527 2729 Et
1551 2687 1633 2730 erit
1655 2691 1771 2730 terra
1795 2686 1985 2743 AEgypti

151 2746 197 2789 in
223 2746 445 2790 desertum
472 2752 514 2790 et
543 2746 589 2789 in
618 2746 930 2802 solitudinem3
959 2750 1002 2790 et
1027 2746 1168 2789 scient
1193 2746 1296 2802 quia
1318 2760 1400 2801 ego
1422 2745 1662 2801 Dominus,
1684 2760 1762 2803 pro
1793 2760 1842 2789 eo
1869 2745 1984 2801 quod

151 2806 315 2849 dixeris
339 2823 347 2850 :
375 2805 561 2849 Fluvius
588 2820 711 2849 meus
738 2810 825 2860 est,
852 2810 895 2848 et
917 2819 997 2862 ego
1023 2805 1114 2849 feci
1145 2820 1259 2849 eum,
1283 2804 1318 2831 10
1336 2805 1510 2848 Idcirco
1535 2819 1636 2848 ecce
1658 2805 1822 2861 egoad
1847 2809 1912 2857 te,
1943 2810 1985 2847 et

150 2865 207 2908 ad
232 2865 418 2908 flumina
444 2870 545 2919 tua;
583 2865 784 2921 daboque
818 2870 979 2908 terram
1007 2864 1198 2921 AEgypti
1226 2864 1272 2907 in
1302 2863 1584 2919 solitudines,
1618 2864 1769 2920 gladio
1800 2863 1984 2920 dissipa-

151 2930 264 2981 tam,
287 2939 313 2967 a
342 2930 460 2968 turre
494 2925 681 2981 Syenes,
712 2938 849 2980 usque
881 2923 938 2966 ad
972 2924 1184 2967 terminos
1216 2923 1477 2980 AEthiopiae.
1504 2922 1537 2949 ¹1
1566 2924 1666 2966 Non
1699 2923 1985 2980 pertransibit

151 2998 250 3026 eam
271 2998 348 3041 pes
373 2984 592 3040 hominis,
619 2998 761 3040 neque
787 2997 863 3040 pes
885 2983 1074 3039 jumenti
1097 2982 1324 3038 gradietur
1344 2982 1390 3024 in
1412 2997 1484 3038 ea,
1515 2987 1559 3026 et
1592 2996 1680 3026 non
1709 2982 1986 3025 habitabitur

151 3043 447 3099 quadraginta
476 3043 619 3089 annis.
649 3042 685 3069 ¹2
703 3042 918 3098 Daboque
944 3047 1107 3086 terram
1134 3041 1322 3099 AEgypti
1348 3041 1568 3085 desertam
1597 3041 1643 3084 in
1673 3041 1820 3085 medio
1850 3047 1984 3084 terra-

150 3116 248 3144 rum
270 3101 565 3159 desertarum,
590 3107 633 3146 et
660 3102 866 3145 civitates
889 3101 986 3157 ejus
1007 3101 1055 3143 in
1080 3101 1226 3144 medio
1252 3100 1428 3143 urbium
1448 3101 1770 3157 subversarum,
1791 3105 1835 3144 et
1857 3106 1984 3144 eruut

152 3160 364 3205 desolatae
388 3162 686 3218 quadraginta
707 3160 862 3217 annis3
887 3166 930 3204 et
956 3160 1208 3217 dispergam
1233 3159 1473 3217 AEgyptios
1497 3160 1544 3203 in
1565 3160 1788 3216 nationes,
1815 3165 1858 3203 et
1879 3174 1984 3202 ven-

151 3219 289 3264 tilabo
312 3235 385 3264 eos
407 3221 452 3264 in
474 3228 626 3266 terras.

211 3279 247 3306 ¹3
272 3279 385 3330 Quia
417 3281 515 3324 haec
548 3281 657 3324 dicit
693 3280 910 3324 Dominus
945 3281 1064 3323 Deus
1091 3296 1099 3324 :
1133 3280 1240 3323 Post
1272 3280 1405 3323 finem
1438 3280 1732 3337 quadraginta
1766 3294 1984 3323 annorum

152 3339 433 3395 congregabo
454 3341 708 3398 AEgyptum
728 3341 780 3384 de
799 3339 971 3397 populis
993 3338 1038 3382 in
1061 3339 1219 3395 quibus
1237 3339 1423 3397 dispersi
1440 3340 1633 3383 fuerant.
1649 3338 1684 3365 ¹4
1700 3340 1757 3382 Et
1774 3338 1983 3382 reducam

152 3397 462 3454 captivitatem
479 3400 685 3456 AEgypti,
706 3405 748 3443 et
774 3398 1001 3443 collocabo
1024 3412 1096 3442 eos
1121 3398 1166 3441 in
1191 3403 1307 3442 terra
1329 3399 1589 3454 Phathures,
1607 3399 1654 3441 in
1679 3403 1795 3442 terra
1820 3397 1983 3440 nativi-

152 3456 256 3499 tatis
278 3471 392 3514 suae‚
411 3464 454 3502 et
477 3464 606 3503 erunt
633 3459 695 3502 ibi
718 3459 765 3502 in
787 3472 973 3515 regnum
994 3457 1176 3501 humile.
1197 3457 1232 3485 ¹5
1250 3459 1374 3502 Inter
1395 3463 1540 3502 cetera
1560 3472 1697 3514 regna
1719 3457 1801 3500 erit
1822 3456 1983 3500 humil-

152 3514 280 3571 lima,
303 3522 347 3560 et
367 3531 456 3560 non
482 3518 731 3562 elevabitur
756 3518 872 3560 ultra
901 3530 1030 3574 super
1059 3516 1280 3568 nationes,
1307 3523 1351 3561 et
1374 3516 1639 3559 imminuam
1668 3530 1741 3560 eos
1766 3530 1820 3560 110
1843 3515 1982 3573 impe-

151 3660 182 3693 o]
206 3660 250 3688 15.
270 3660 430 3698 xxxw,
446 3665 472 3690 e.

2086 687 2263 716 Oraculunr

2120 734 2238 759 contra

2093 774 2255 803 Sidonem.

2144 1220 2204 1250 Det

2085 1264 2263 1293 consilium

2083 1309 2122 1336 de
2142 1309 2264 1336 Isracle

2066 1351 2288 1380 restituendo.

2087 1748 2265 1778 Oraculum

2100 1793 2256 1826 primum.

2066 1840 2098 1866 1⁰
2112 1839 2284 1872 Allegoria

2070 1881 2280 1916 proponitur.

2052 2634 2084 2659 20
2101 2631 2293 2665 Explicatis)

2084 2675 2263 2709 allegoriae.

2068 3293 2101 3318 30
2120 3291 2273 3323 Regnum

2101 3335 2239 3368 AEsrnti

2064 3377 2278 3412 restituetur,

2077 3423 2135 3451 sed
2152 3421 2243 3451 minu
2250 3432 2264 3450 s

2104 3468 2235 3500 pot-ens.
