<?xml version="1.0" encoding="UTF-8"?>
<!DOCTYPE html PUBLIC "-//W3C//DTD XHTML 1.0 Transitional//EN"
    "http://www.w3.org/TR/xhtml1/DTD/xhtml1-transitional.dtd">
<html xmlns="http://www.w3.org/1999/xhtml" xml:lang="en" lang="en">
 <head>
  <title>
</title>
<meta http-equiv="Content-Type" content="text/html;charset=utf-8" />
  <meta name='ocr-system' content='tesseract 3.04.00' />
  <meta name='ocr-capabilities' content='ocr_page ocr_carea ocr_par ocr_line ocrx_word'/>
</head>
<body>
  <div class='ocr_page' id='page_1' title='image "./bibliasacrajuxta00fill_0352.png"; bbox 0 0 2456 3861; ppageno 0'>
   <div class='ocr_carea' id='block_1_1' title="bbox 511 152 1808 207">
    <p class='ocr_par' dir='ltr' id='par_1_1' title="bbox 511 152 1808 207">
     <span class='ocr_line' id='line_1_1' title="bbox 511 152 1808 207; baseline 0.002 -13"><span class='ocrx_word' id='word_1_1' title='bbox 511 153 593 195; x_wconf 70' lang='lat'>336</span> <span class='ocrx_word' id='word_1_2' title='bbox 1042 152 1117 194; x_wconf 86' lang='lat'>111</span> <span class='ocrx_word' id='word_1_3' title='bbox 1154 153 1266 194; x_wconf 72' lang='lat' dir='ltr'><strong>REG.</strong></span> <span class='ocrx_word' id='word_1_4' title='bbox 1301 152 1426 207; x_wconf 64' lang='grc' dir='ltr'>ΧΠ,</span> <span class='ocrx_word' id='word_1_5' title='bbox 1463 153 1515 195; x_wconf 84' lang='lat'>15</span> <span class='ocrx_word' id='word_1_6' title='bbox 1548 178 1607 185; x_wconf 87' lang='lat'>-</span> <span class='ocrx_word' id='word_1_7' title='bbox 1638 154 1736 207; x_wconf 80' lang='lat' dir='ltr'>XV,</span> <span class='ocrx_word' id='word_1_8' title='bbox 1770 155 1808 196; x_wconf 82' lang='lat' dir='ltr'>s.</span> 
     </span>
    </p>
   </div>
   <div class='ocr_carea' id='block_1_2' title="bbox 2155 260 2350 267">
    <p class='ocr_par' dir='ltr' id='par_1_2' title="bbox 2155 260 2350 267">
     <span class='ocr_line' id='line_1_2' title="bbox 2155 260 2350 267; baseline 0 3594"><span class='ocrx_word' id='word_1_9' title='bbox 2155 260 2350 267; x_wconf 95' lang='lat' dir='ltr'> </span> 
     </span>
    </p>
   </div>
   <div class='ocr_carea' id='block_1_3' title="bbox 227 319 2361 2398">
    <p class='ocr_par' dir='ltr' id='par_1_3' title="bbox 507 319 2346 613">
     <span class='ocr_line' id='line_1_3' title="bbox 508 319 2343 379; baseline 0.002 -16"><span class='ocrx_word' id='word_1_10' title='bbox 508 322 552 364; x_wconf 82' lang='lat' dir='ltr'>in</span> <span class='ocrx_word' id='word_1_11' title='bbox 581 322 662 363; x_wconf 77' lang='lat' dir='ltr'>hac</span> <span class='ocrx_word' id='word_1_12' title='bbox 689 320 759 362; x_wconf 90' lang='lat' dir='ltr'>die</span> <span class='ocrx_word' id='word_1_13' title='bbox 781 325 824 362; x_wconf 90' lang='lat' dir='ltr'>et</span> <span class='ocrx_word' id='word_1_14' title='bbox 844 320 890 361; x_wconf 90' lang='lat' dir='ltr'>in</span> <span class='ocrx_word' id='word_1_15' title='bbox 917 320 998 362; x_wconf 91' lang='lat' dir='ltr'>hoc</span> <span class='ocrx_word' id='word_1_16' title='bbox 1025 325 1246 375; x_wconf 77' lang='lat' dir='ltr'>tempore3</span> <span class='ocrx_word' id='word_1_17' title='bbox 1283 319 1316 346; x_wconf 80' lang='lat'>¹5</span> <span class='ocrx_word' id='word_1_18' title='bbox 1337 325 1380 363; x_wconf 88' lang='lat' dir='ltr'>et</span> <span class='ocrx_word' id='word_1_19' title='bbox 1409 320 1626 376; x_wconf 76' lang='lat' dir='ltr'>percutiet</span> <span class='ocrx_word' id='word_1_20' title='bbox 1658 321 1876 363; x_wconf 86' lang='lat' dir='ltr'>Dominus</span> <span class='ocrx_word' id='word_1_21' title='bbox 1900 322 2020 364; x_wconf 89' lang='lat' dir='ltr'>Deus</span> <span class='ocrx_word' id='word_1_22' title='bbox 2043 322 2202 379; x_wconf 71' lang='lat' dir='ltr'>Israel,</span> <span class='ocrx_word' id='word_1_23' title='bbox 2230 324 2343 367; x_wconf 87' lang='lat' dir='ltr'>sicut</span> 
     </span>
     <span class='ocr_line' id='line_1_4' title="bbox 511 378 2343 438; baseline 0.002 -17"><span class='ocrx_word' id='word_1_24' title='bbox 511 379 673 421; x_wconf 73' lang='lat' dir='ltr'>moveri</span> <span class='ocrx_word' id='word_1_25' title='bbox 705 378 814 421; x_wconf 88' lang='lat' dir='ltr'>solet</span> <span class='ocrx_word' id='word_1_26' title='bbox 843 378 1012 420; x_wconf 87' lang='lat' dir='ltr'>arundo</span> <span class='ocrx_word' id='word_1_27' title='bbox 1046 378 1090 420; x_wconf 88' lang='lat' dir='ltr'>in</span> <span class='ocrx_word' id='word_1_28' title='bbox 1119 393 1254 434; x_wconf 83' lang='lat' dir='ltr'>aqua,</span> <span class='ocrx_word' id='word_1_29' title='bbox 1289 384 1332 422; x_wconf 90' lang='lat' dir='ltr'>et</span> <span class='ocrx_word' id='word_1_30' title='bbox 1361 379 1522 422; x_wconf 77' lang='lat' dir='ltr'>evellet</span> <span class='ocrx_word' id='word_1_31' title='bbox 1552 379 1691 422; x_wconf 76' lang='lat' dir='ltr'>Israel</span> <span class='ocrx_word' id='word_1_32' title='bbox 1722 379 1775 422; x_wconf 90' lang='lat' dir='ltr'>de</span> <span class='ocrx_word' id='word_1_33' title='bbox 1804 384 1919 422; x_wconf 85' lang='lat' dir='ltr'>terra</span> <span class='ocrx_word' id='word_1_34' title='bbox 1949 380 2066 422; x_wconf 89' lang='lat' dir='ltr'>bona</span> <span class='ocrx_word' id='word_1_35' title='bbox 2094 381 2178 424; x_wconf 86' lang='lat' dir='ltr'>hac</span> <span class='ocrx_word' id='word_1_36' title='bbox 2211 397 2343 438; x_wconf 85' lang='lat' dir='ltr'>quam</span> 
     </span>
     <span class='ocr_line' id='line_1_5' title="bbox 509 437 2344 494; baseline 0.003 -15"><span class='ocrx_word' id='word_1_37' title='bbox 509 438 630 481; x_wconf 81' lang='lat' dir='ltr'>dedit</span> <span class='ocrx_word' id='word_1_38' title='bbox 657 437 854 493; x_wconf 87' lang='lat' dir='ltr'>patribus</span> <span class='ocrx_word' id='word_1_39' title='bbox 885 451 1056 492; x_wconf 85' lang='lat' dir='ltr'>eorum,</span> <span class='ocrx_word' id='word_1_40' title='bbox 1092 443 1134 481; x_wconf 88' lang='lat' dir='ltr'>et</span> <span class='ocrx_word' id='word_1_41' title='bbox 1161 438 1399 481; x_wconf 81' lang='lat' dir='ltr'>ventilabit</span> <span class='ocrx_word' id='word_1_42' title='bbox 1428 452 1500 481; x_wconf 89' lang='lat' dir='ltr'>eos</span> <span class='ocrx_word' id='word_1_43' title='bbox 1530 444 1652 481; x_wconf 89' lang='lat' dir='ltr'>trans</span> <span class='ocrx_word' id='word_1_44' title='bbox 1681 437 1869 494; x_wconf 87' lang='lat' dir='ltr'>flumen,</span> <span class='ocrx_word' id='word_1_45' title='bbox 1897 439 1998 494; x_wconf 89' lang='lat' dir='ltr'>quia</span> <span class='ocrx_word' id='word_1_46' title='bbox 2031 439 2236 482; x_wconf 86' lang='lat' dir='ltr'>fecerunt</span> <span class='ocrx_word' id='word_1_47' title='bbox 2260 441 2344 484; x_wconf 91' lang='lat' dir='ltr'>sibi</span> 
     </span>
     <span class='ocr_line' id='line_1_6' title="bbox 509 496 2346 555; baseline 0.002 -17"><span class='ocrx_word' id='word_1_48' title='bbox 509 498 628 539; x_wconf 87' lang='lat' dir='ltr'>lucos</span> <span class='ocrx_word' id='word_1_49' title='bbox 654 502 699 538; x_wconf 91' lang='lat' dir='ltr'>ut</span> <span class='ocrx_word' id='word_1_50' title='bbox 720 496 943 539; x_wconf 87' lang='lat' dir='ltr'>irritarent</span> <span class='ocrx_word' id='word_1_51' title='bbox 971 497 1224 540; x_wconf 88' lang='lat' dir='ltr'>Dominum.</span> <span class='ocrx_word' id='word_1_52' title='bbox 1251 496 1286 523; x_wconf 72' lang='lat'>¹⁶</span> <span class='ocrx_word' id='word_1_53' title='bbox 1309 499 1365 539; x_wconf 87' lang='lat' dir='ltr'>Et</span> <span class='ocrx_word' id='word_1_54' title='bbox 1386 497 1532 540; x_wconf 89' lang='lat' dir='ltr'>tradet</span> <span class='ocrx_word' id='word_1_55' title='bbox 1556 497 1773 540; x_wconf 83' lang='lat' dir='ltr'>Dominus</span> <span class='ocrx_word' id='word_1_56' title='bbox 1801 498 1940 541; x_wconf 89' lang='lat' dir='ltr'>Israel</span> <span class='ocrx_word' id='word_1_57' title='bbox 1962 503 2139 555; x_wconf 88' lang='lat' dir='ltr'>propter</span> <span class='ocrx_word' id='word_1_58' title='bbox 2163 504 2346 555; x_wconf 88' lang='lat' dir='ltr'>peccata</span> 
     </span>
     <span class='ocr_line' id='line_1_7' title="bbox 507 555 1708 613; baseline 0.001 -15"><span class='ocrx_word' id='word_1_59' title='bbox 507 556 767 607; x_wconf 42' lang='lat' dir='ltr'>‚Jeroboann</span> <span class='ocrx_word' id='word_1_60' title='bbox 794 555 868 611; x_wconf 90' lang='lat' dir='ltr'>qui</span> <span class='ocrx_word' id='word_1_61' title='bbox 892 556 1114 612; x_wconf 83' lang='lat' dir='ltr'>peccavit,</span> <span class='ocrx_word' id='word_1_62' title='bbox 1142 562 1185 599; x_wconf 86' lang='lat' dir='ltr'>et</span> <span class='ocrx_word' id='word_1_63' title='bbox 1211 571 1393 613; x_wconf 83' lang='lat' dir='ltr'>peccare</span> <span class='ocrx_word' id='word_1_64' title='bbox 1418 556 1529 599; x_wconf 89' lang='lat' dir='ltr'>fecit</span> <span class='ocrx_word' id='word_1_65' title='bbox 1555 557 1708 600; x_wconf 87' lang='lat' dir='ltr'>Israel.</span> 
     </span>
    </p>

    <p class='ocr_par' dir='ltr' id='par_1_4' title="bbox 508 615 2349 851">
     <span class='ocr_line' id='line_1_8' title="bbox 570 615 2348 673; baseline 0.002 -15"><span class='ocrx_word' id='word_1_66' title='bbox 570 615 601 641; x_wconf 82' lang='lat'>¹⁷</span> <span class='ocrx_word' id='word_1_67' title='bbox 625 615 823 659; x_wconf 81' lang='lat' dir='ltr'>Surrexit</span> <span class='ocrx_word' id='word_1_68' title='bbox 843 615 994 671; x_wconf 85' lang='lat' dir='ltr'>itaque</span> <span class='ocrx_word' id='word_1_69' title='bbox 1019 629 1129 658; x_wconf 81' lang='lat' dir='ltr'>uxor</span> <span class='ocrx_word' id='word_1_70' title='bbox 1154 616 1414 672; x_wconf 77' lang='lat' dir='ltr'>Jeroboam,</span> <span class='ocrx_word' id='word_1_71' title='bbox 1435 621 1478 659; x_wconf 90' lang='lat' dir='ltr'>et</span> <span class='ocrx_word' id='word_1_72' title='bbox 1502 616 1634 672; x_wconf 89' lang='lat' dir='ltr'>abiit,</span> <span class='ocrx_word' id='word_1_73' title='bbox 1659 621 1702 659; x_wconf 90' lang='lat' dir='ltr'>et</span> <span class='ocrx_word' id='word_1_74' title='bbox 1724 616 1847 659; x_wconf 88' lang='lat' dir='ltr'>venit</span> <span class='ocrx_word' id='word_1_75' title='bbox 1873 616 1921 659; x_wconf 89' lang='lat' dir='ltr'>in</span> <span class='ocrx_word' id='word_1_76' title='bbox 1943 617 2134 672; x_wconf 84' lang='lat' dir='ltr'>Thersa3</span> <span class='ocrx_word' id='word_1_77' title='bbox 2161 632 2348 673; x_wconf 91' lang='lat' dir='ltr'>cumque</span> 
     </span>
     <span class='ocr_line' id='line_1_9' title="bbox 508 674 2346 732; baseline 0.001 -15"><span class='ocrx_word' id='word_1_78' title='bbox 508 675 585 717; x_wconf 87' lang='lat' dir='ltr'>illa</span> <span class='ocrx_word' id='word_1_79' title='bbox 610 675 915 730; x_wconf 82' lang='lat' dir='ltr'>ingrederetur</span> <span class='ocrx_word' id='word_1_80' title='bbox 947 674 1083 718; x_wconf 87' lang='lat' dir='ltr'>limen</span> <span class='ocrx_word' id='word_1_81' title='bbox 1115 675 1293 730; x_wconf 90' lang='lat' dir='ltr'>domus,</span> <span class='ocrx_word' id='word_1_82' title='bbox 1316 690 1424 732; x_wconf 90' lang='lat' dir='ltr'>puer</span> <span class='ocrx_word' id='word_1_83' title='bbox 1450 680 1648 718; x_wconf 80' lang='lat' dir='ltr'>mortuus</span> <span class='ocrx_word' id='word_1_84' title='bbox 1675 681 1754 719; x_wconf 88' lang='lat' dir='ltr'>est.</span> <span class='ocrx_word' id='word_1_85' title='bbox 1787 675 1822 702; x_wconf 75' lang='lat'>&#39;¹8</span> <span class='ocrx_word' id='word_1_86' title='bbox 1849 677 1906 718; x_wconf 89' lang='lat' dir='ltr'>Et</span> <span class='ocrx_word' id='word_1_87' title='bbox 1934 676 2204 732; x_wconf 85' lang='lat' dir='ltr'>sepelierunt</span> <span class='ocrx_word' id='word_1_88' title='bbox 2226 691 2346 732; x_wconf 90' lang='lat' dir='ltr'>eum,</span> 
     </span>
     <span class='ocr_line' id='line_1_10' title="bbox 509 733 2349 791; baseline 0 -14"><span class='ocrx_word' id='word_1_89' title='bbox 509 739 552 778; x_wconf 91' lang='lat' dir='ltr'>et</span> <span class='ocrx_word' id='word_1_90' title='bbox 573 733 747 790; x_wconf 77' lang='lat' dir='ltr'>planxit</span> <span class='ocrx_word' id='word_1_91' title='bbox 775 748 874 777; x_wconf 89' lang='lat' dir='ltr'>eum</span> <span class='ocrx_word' id='word_1_92' title='bbox 894 734 1036 777; x_wconf 89' lang='lat' dir='ltr'>omnis</span> <span class='ocrx_word' id='word_1_93' title='bbox 1064 735 1224 789; x_wconf 90' lang='lat' dir='ltr'>Israel,</span> <span class='ocrx_word' id='word_1_94' title='bbox 1247 735 1376 791; x_wconf 79' lang='lat' dir='ltr'>juxta</span> <span class='ocrx_word' id='word_1_95' title='bbox 1394 748 1643 778; x_wconf 89' lang='lat' dir='ltr'>sermonem</span> <span class='ocrx_word' id='word_1_96' title='bbox 1667 734 1849 778; x_wconf 83' lang='lat' dir='ltr'>Domini</span> <span class='ocrx_word' id='word_1_97' title='bbox 1869 749 1999 791; x_wconf 87' lang='lat' dir='ltr'>quem</span> <span class='ocrx_word' id='word_1_98' title='bbox 2022 735 2194 778; x_wconf 86' lang='lat' dir='ltr'>locutus</span> <span class='ocrx_word' id='word_1_99' title='bbox 2213 741 2280 779; x_wconf 90' lang='lat' dir='ltr'>est</span> <span class='ocrx_word' id='word_1_100' title='bbox 2302 735 2349 777; x_wconf 91' lang='lat' dir='ltr'>in</span> 
     </span>
     <span class='ocr_line' id='line_1_11' title="bbox 509 793 1291 851; baseline 0.001 -15"><span class='ocrx_word' id='word_1_101' title='bbox 509 808 644 836; x_wconf 88' lang='lat' dir='ltr'>manu</span> <span class='ocrx_word' id='word_1_102' title='bbox 666 793 779 837; x_wconf 87' lang='lat' dir='ltr'>servi</span> <span class='ocrx_word' id='word_1_103' title='bbox 802 793 870 836; x_wconf 87' lang='lat' dir='ltr'>sui</span> <span class='ocrx_word' id='word_1_104' title='bbox 891 793 1022 836; x_wconf 82' lang='lat' dir='ltr'>Ahiae</span> <span class='ocrx_word' id='word_1_105' title='bbox 1049 795 1291 851; x_wconf 75' lang='lat' dir='ltr'>prophetae.</span> 
     </span>
    </p>

    <p class='ocr_par' dir='ltr' id='par_1_5' title="bbox 227 853 2358 1682">
     <span class='ocr_line' id='line_1_12' title="bbox 276 853 2347 912; baseline 0.001 -17"><span class='ocrx_word' id='word_1_106' title='bbox 276 861 367 888; x_wconf 77' lang='lat' dir='ltr'>Mors</span> <span class='ocrx_word' id='word_1_107' title='bbox 574 853 607 879; x_wconf 80' lang='lat'>¹9</span> <span class='ocrx_word' id='word_1_108' title='bbox 630 853 816 909; x_wconf 83' lang='lat' dir='ltr'>Reliqua</span> <span class='ocrx_word' id='word_1_109' title='bbox 849 859 1001 896; x_wconf 86' lang='lat' dir='ltr'>autem</span> <span class='ocrx_word' id='word_1_110' title='bbox 1030 854 1266 896; x_wconf 90' lang='lat' dir='ltr'>verborum</span> <span class='ocrx_word' id='word_1_111' title='bbox 1295 854 1557 910; x_wconf 65' lang='lat' dir='ltr'>deroboam,</span> <span class='ocrx_word' id='word_1_112' title='bbox 1593 854 1813 910; x_wconf 92' lang='lat' dir='ltr'>quomodo</span> <span class='ocrx_word' id='word_1_113' title='bbox 1847 854 2135 912; x_wconf 81' lang='lat' dir='ltr'>pugnaverit,</span> <span class='ocrx_word' id='word_1_114' title='bbox 2167 859 2211 898; x_wconf 87' lang='lat' dir='ltr'>et</span> <span class='ocrx_word' id='word_1_115' title='bbox 2245 869 2347 910; x_wconf 91' lang='lat' dir='ltr'>quo—</span> 
     </span>
     <span class='ocr_line' id='line_1_13' title="bbox 227 906 2350 970; baseline 0 -15"><span class='ocrx_word' id='word_1_116' title='bbox 227 906 417 935; x_wconf 57' lang='lat' dir='ltr'>³⁰r⁰b⁰³¹¹L</span> <span class='ocrx_word' id='word_1_117' title='bbox 510 913 641 956; x_wconf 93' lang='lat' dir='ltr'>modo</span> <span class='ocrx_word' id='word_1_118' title='bbox 673 913 945 969; x_wconf 81' lang='lat' dir='ltr'>regnaverit,</span> <span class='ocrx_word' id='word_1_119' title='bbox 984 927 1086 956; x_wconf 89' lang='lat' dir='ltr'>ecce</span> <span class='ocrx_word' id='word_1_120' title='bbox 1125 914 1290 970; x_wconf 89' lang='lat' dir='ltr'>scripta</span> <span class='ocrx_word' id='word_1_121' title='bbox 1327 919 1429 956; x_wconf 89' lang='lat' dir='ltr'>sunt</span> <span class='ocrx_word' id='word_1_122' title='bbox 1464 914 1508 956; x_wconf 90' lang='lat' dir='ltr'>in</span> <span class='ocrx_word' id='word_1_123' title='bbox 1546 914 1680 956; x_wconf 89' lang='lat' dir='ltr'>Libro</span> <span class='ocrx_word' id='word_1_124' title='bbox 1713 913 1948 957; x_wconf 76' lang='lat' dir='ltr'>verborum</span> <span class='ocrx_word' id='word_1_125' title='bbox 1986 914 2158 957; x_wconf 79' lang='lat' dir='ltr'>dierum</span> <span class='ocrx_word' id='word_1_126' title='bbox 2194 928 2350 969; x_wconf 85' lang='lat' dir='ltr'>regum</span> 
     </span>
     <span class='ocr_line' id='line_1_14' title="bbox 512 971 2349 1029; baseline 0 -14"><span class='ocrx_word' id='word_1_127' title='bbox 512 972 662 1016; x_wconf 88' lang='lat' dir='ltr'>Israel.</span> <span class='ocrx_word' id='word_1_128' title='bbox 698 971 735 999; x_wconf 68' lang='lat'>9⁰</span> <span class='ocrx_word' id='word_1_129' title='bbox 756 972 862 1015; x_wconf 85' lang='lat' dir='ltr'>Dies</span> <span class='ocrx_word' id='word_1_130' title='bbox 895 978 1046 1016; x_wconf 90' lang='lat' dir='ltr'>autem</span> <span class='ocrx_word' id='word_1_131' title='bbox 1079 973 1239 1028; x_wconf 90' lang='lat' dir='ltr'>quibus</span> <span class='ocrx_word' id='word_1_132' title='bbox 1271 973 1476 1029; x_wconf 86' lang='lat' dir='ltr'>regnavit</span> <span class='ocrx_word' id='word_1_133' title='bbox 1511 973 1751 1016; x_wconf 80' lang='lat' dir='ltr'>Jeroboam</span> <span class='ocrx_word' id='word_1_134' title='bbox 1784 973 1947 1028; x_wconf 88' lang='lat' dir='ltr'>viginti</span> <span class='ocrx_word' id='word_1_135' title='bbox 1978 973 2065 1016; x_wconf 90' lang='lat' dir='ltr'>duo</span> <span class='ocrx_word' id='word_1_136' title='bbox 2094 973 2200 1016; x_wconf 90' lang='lat' dir='ltr'>anni</span> <span class='ocrx_word' id='word_1_137' title='bbox 2225 978 2349 1028; x_wconf 86' lang='lat' dir='ltr'>sunt,</span> 
     </span>
     <span class='ocr_line' id='line_1_15' title="bbox 510 1031 2289 1089; baseline 0.001 -15"><span class='ocrx_word' id='word_1_138' title='bbox 510 1039 552 1075; x_wconf 87' lang='lat' dir='ltr'>et</span> <span class='ocrx_word' id='word_1_139' title='bbox 579 1031 789 1075; x_wconf 80' lang='lat' dir='ltr'>dormivit</span> <span class='ocrx_word' id='word_1_140' title='bbox 815 1046 915 1074; x_wconf 88' lang='lat' dir='ltr'>cum</span> <span class='ocrx_word' id='word_1_141' title='bbox 942 1032 1140 1089; x_wconf 86' lang='lat' dir='ltr'>patribus</span> <span class='ocrx_word' id='word_1_142' title='bbox 1167 1032 1282 1087; x_wconf 80' lang='lat' dir='ltr'>suis3</span> <span class='ocrx_word' id='word_1_143' title='bbox 1310 1032 1602 1088; x_wconf 70' lang='lat' dir='ltr'>regnavitque</span> <span class='ocrx_word' id='word_1_144' title='bbox 1629 1032 1812 1087; x_wconf 81' lang='lat' dir='ltr'>Nadab,</span> <span class='ocrx_word' id='word_1_145' title='bbox 1839 1032 1956 1075; x_wconf 91' lang='lat' dir='ltr'>filius</span> <span class='ocrx_word' id='word_1_146' title='bbox 1983 1033 2099 1089; x_wconf 81' lang='lat' dir='ltr'>ejus,</span> <span class='ocrx_word' id='word_1_147' title='bbox 2123 1047 2199 1089; x_wconf 91' lang='lat' dir='ltr'>pro</span> <span class='ocrx_word' id='word_1_148' title='bbox 2226 1046 2289 1075; x_wconf 91' lang='lat' dir='ltr'>eo.</span> 
     </span>
     <span class='ocr_line' id='line_1_16' title="bbox 248 1090 2350 1148; baseline -0 -13"><span class='ocrx_word' id='word_1_149' title='bbox 248 1107 398 1135; x_wconf 78' lang='lat' dir='ltr'>Roboam</span> <span class='ocrx_word' id='word_1_150' title='bbox 570 1090 602 1117; x_wconf 72' lang='lat'>‘2¹</span> <span class='ocrx_word' id='word_1_151' title='bbox 628 1092 761 1134; x_wconf 91' lang='lat' dir='ltr'>Porro</span> <span class='ocrx_word' id='word_1_152' title='bbox 794 1091 1014 1146; x_wconf 87' lang='lat' dir='ltr'>Roboam,</span> <span class='ocrx_word' id='word_1_153' title='bbox 1045 1091 1162 1134; x_wconf 90' lang='lat' dir='ltr'>filius</span> <span class='ocrx_word' id='word_1_154' title='bbox 1197 1091 1466 1146; x_wconf 90' lang='lat' dir='ltr'>Salomonis,</span> <span class='ocrx_word' id='word_1_155' title='bbox 1497 1092 1702 1147; x_wconf 89' lang='lat' dir='ltr'>regnavit</span> <span class='ocrx_word' id='word_1_156' title='bbox 1735 1091 1780 1133; x_wconf 91' lang='lat' dir='ltr'>in</span> <span class='ocrx_word' id='word_1_157' title='bbox 1812 1092 1840 1134; x_wconf 81' lang='lat' dir='ltr'>J</span> <span class='ocrx_word' id='word_1_158' title='bbox 1846 1091 1945 1134; x_wconf 86' lang='lat' dir='ltr'>uda.</span> <span class='ocrx_word' id='word_1_159' title='bbox 1977 1091 2283 1148; x_wconf 82' lang='lat' dir='ltr'>Quadraginta</span> <span class='ocrx_word' id='word_1_160' title='bbox 2308 1097 2350 1134; x_wconf 91' lang='lat' dir='ltr'>et</span> 
     </span>
     <span class='ocr_line' id='line_1_17' title="bbox 239 1149 2352 1208; baseline -0 -14"><span class='ocrx_word' id='word_1_161' title='bbox 239 1153 359 1184; x_wconf 64' lang='lat' dir='ltr'>regnat</span> <span class='ocrx_word' id='word_1_162' title='bbox 378 1149 409 1177; x_wconf 59' lang='lat'>1¹¹</span> <span class='ocrx_word' id='word_1_163' title='bbox 510 1151 638 1194; x_wconf 91' lang='lat' dir='ltr'>unius</span> <span class='ocrx_word' id='word_1_164' title='bbox 660 1151 765 1194; x_wconf 90' lang='lat' dir='ltr'>anni</span> <span class='ocrx_word' id='word_1_165' title='bbox 789 1156 881 1194; x_wconf 89' lang='lat' dir='ltr'>erat</span> <span class='ocrx_word' id='word_1_166' title='bbox 909 1150 1130 1205; x_wconf 87' lang='lat' dir='ltr'>Roboam,</span> <span class='ocrx_word' id='word_1_167' title='bbox 1157 1165 1259 1193; x_wconf 89' lang='lat' dir='ltr'>cum</span> <span class='ocrx_word' id='word_1_168' title='bbox 1291 1165 1476 1207; x_wconf 87' lang='lat' dir='ltr'>regnare</span> <span class='ocrx_word' id='word_1_169' title='bbox 1504 1151 1735 1207; x_wconf 79' lang='lat' dir='ltr'>coepisset3</span> <span class='ocrx_word' id='word_1_170' title='bbox 1769 1151 1923 1194; x_wconf 91' lang='lat' dir='ltr'>decem</span> <span class='ocrx_word' id='word_1_171' title='bbox 1949 1156 1992 1194; x_wconf 88' lang='lat' dir='ltr'>et</span> <span class='ocrx_word' id='word_1_172' title='bbox 2018 1157 2188 1208; x_wconf 89' lang='lat' dir='ltr'>septem</span> <span class='ocrx_word' id='word_1_173' title='bbox 2212 1165 2352 1194; x_wconf 89' lang='lat' dir='ltr'>annos</span> 
     </span>
     <span class='ocr_line' id='line_1_18' title="bbox 273 1195 2351 1267; baseline 0 -15"><span class='ocrx_word' id='word_1_174' title='bbox 273 1195 370 1224; x_wconf 65' lang='lat' dir='ltr'>auda.</span> <span class='ocrx_word' id='word_1_175' title='bbox 510 1211 715 1266; x_wconf 83' lang='lat' dir='ltr'>regnavit</span> <span class='ocrx_word' id='word_1_176' title='bbox 744 1210 791 1252; x_wconf 92' lang='lat' dir='ltr'>in</span> <span class='ocrx_word' id='word_1_177' title='bbox 817 1210 1067 1253; x_wconf 74' lang='lat' dir='ltr'>Jerusalem</span> <span class='ocrx_word' id='word_1_178' title='bbox 1098 1210 1302 1267; x_wconf 88' lang='lat' dir='ltr'>civitate,</span> <span class='ocrx_word' id='word_1_179' title='bbox 1330 1225 1463 1266; x_wconf 87' lang='lat' dir='ltr'>quam</span> <span class='ocrx_word' id='word_1_180' title='bbox 1492 1210 1627 1265; x_wconf 87' lang='lat' dir='ltr'>elegit</span> <span class='ocrx_word' id='word_1_181' title='bbox 1659 1210 1876 1253; x_wconf 82' lang='lat' dir='ltr'>Dominus</span> <span class='ocrx_word' id='word_1_182' title='bbox 1902 1215 1951 1252; x_wconf 91' lang='lat' dir='ltr'>ut</span> <span class='ocrx_word' id='word_1_183' title='bbox 1976 1216 2158 1267; x_wconf 90' lang='lat' dir='ltr'>poneret</span> <span class='ocrx_word' id='word_1_184' title='bbox 2191 1224 2351 1253; x_wconf 88' lang='lat' dir='ltr'>nomen</span> 
     </span>
     <span class='ocr_line' id='line_1_19' title="bbox 510 1269 2350 1326; baseline 0 -14"><span class='ocrx_word' id='word_1_185' title='bbox 510 1285 639 1312; x_wconf 78' lang='lat' dir='ltr'>suum</span> <span class='ocrx_word' id='word_1_186' title='bbox 663 1270 725 1312; x_wconf 90' lang='lat' dir='ltr'>ibi</span> <span class='ocrx_word' id='word_1_187' title='bbox 749 1284 802 1313; x_wconf 82' lang='lat' dir='ltr'>ex</span> <span class='ocrx_word' id='word_1_188' title='bbox 827 1269 1031 1312; x_wconf 91' lang='lat' dir='ltr'>omnibus</span> <span class='ocrx_word' id='word_1_189' title='bbox 1053 1269 1257 1312; x_wconf 85' lang='lat' dir='ltr'>tribubus</span> <span class='ocrx_word' id='word_1_190' title='bbox 1284 1270 1437 1313; x_wconf 89' lang='lat' dir='ltr'>Israel.</span> <span class='ocrx_word' id='word_1_191' title='bbox 1471 1270 1645 1313; x_wconf 85' lang='lat' dir='ltr'>Nomen</span> <span class='ocrx_word' id='word_1_192' title='bbox 1677 1275 1826 1313; x_wconf 86' lang='lat' dir='ltr'>autem</span> <span class='ocrx_word' id='word_1_193' title='bbox 1853 1270 2008 1312; x_wconf 86' lang='lat' dir='ltr'>matris</span> <span class='ocrx_word' id='word_1_194' title='bbox 2035 1270 2076 1326; x_wconf 83' lang='lat' dir='ltr'>ej</span> <span class='ocrx_word' id='word_1_195' title='bbox 2087 1284 2133 1312; x_wconf 89' lang='lat' dir='ltr'>us</span> <span class='ocrx_word' id='word_1_196' title='bbox 2156 1270 2350 1325; x_wconf 80' lang='lat' dir='ltr'>Naama,</span> 
     </span>
     <span class='ocr_line' id='line_1_20' title="bbox 511 1328 2353 1385; baseline -0.001 -13"><span class='ocrx_word' id='word_1_197' title='bbox 511 1329 797 1373; x_wconf 87' lang='lat' dir='ltr'>Ammanitis.</span> <span class='ocrx_word' id='word_1_198' title='bbox 820 1328 857 1354; x_wconf 71' lang='lat'>‘22</span> <span class='ocrx_word' id='word_1_199' title='bbox 879 1330 936 1372; x_wconf 85' lang='lat' dir='ltr'>Et</span> <span class='ocrx_word' id='word_1_200' title='bbox 961 1329 1072 1372; x_wconf 87' lang='lat' dir='ltr'>fecit</span> <span class='ocrx_word' id='word_1_201' title='bbox 1095 1330 1123 1372; x_wconf 80' lang='lat' dir='ltr'>J</span> <span class='ocrx_word' id='word_1_202' title='bbox 1129 1329 1238 1372; x_wconf 88' lang='lat' dir='ltr'>udas</span> <span class='ocrx_word' id='word_1_203' title='bbox 1262 1330 1430 1372; x_wconf 89' lang='lat' dir='ltr'>malum</span> <span class='ocrx_word' id='word_1_204' title='bbox 1454 1344 1603 1372; x_wconf 90' lang='lat' dir='ltr'>coram</span> <span class='ocrx_word' id='word_1_205' title='bbox 1630 1329 1842 1385; x_wconf 90' lang='lat' dir='ltr'>Domino,</span> <span class='ocrx_word' id='word_1_206' title='bbox 1871 1334 1914 1372; x_wconf 91' lang='lat' dir='ltr'>et</span> <span class='ocrx_word' id='word_1_207' title='bbox 1939 1329 2227 1372; x_wconf 87' lang='lat' dir='ltr'>irritaverunt</span> <span class='ocrx_word' id='word_1_208' title='bbox 2252 1343 2353 1372; x_wconf 88' lang='lat' dir='ltr'>eum</span> 
     </span>
     <span class='ocr_line' id='line_1_21' title="bbox 510 1389 2352 1446; baseline 0 -15"><span class='ocrx_word' id='word_1_209' title='bbox 510 1403 641 1446; x_wconf 79' lang='lat' dir='ltr'>super</span> <span class='ocrx_word' id='word_1_210' title='bbox 666 1389 870 1432; x_wconf 90' lang='lat' dir='ltr'>omnibus</span> <span class='ocrx_word' id='word_1_211' title='bbox 894 1403 992 1445; x_wconf 77' lang='lat' dir='ltr'>quae</span> <span class='ocrx_word' id='word_1_212' title='bbox 1022 1389 1226 1432; x_wconf 76' lang='lat' dir='ltr'>fecerant</span> <span class='ocrx_word' id='word_1_213' title='bbox 1255 1395 1402 1446; x_wconf 88' lang='lat' dir='ltr'>patres</span> <span class='ocrx_word' id='word_1_214' title='bbox 1425 1403 1576 1432; x_wconf 88' lang='lat' dir='ltr'>eorum</span> <span class='ocrx_word' id='word_1_215' title='bbox 1605 1389 1652 1431; x_wconf 91' lang='lat' dir='ltr'>in</span> <span class='ocrx_word' id='word_1_216' title='bbox 1681 1389 1876 1446; x_wconf 87' lang='lat' dir='ltr'>peccatis</span> <span class='ocrx_word' id='word_1_217' title='bbox 1904 1389 1993 1432; x_wconf 85' lang='lat' dir='ltr'>suis</span> <span class='ocrx_word' id='word_1_218' title='bbox 2020 1404 2118 1445; x_wconf 78' lang='lat' dir='ltr'>quae</span> <span class='ocrx_word' id='word_1_219' title='bbox 2143 1402 2352 1446; x_wconf 87' lang='lat' dir='ltr'>peccave-</span> 
     </span>
     <span class='ocr_line' id='line_1_22' title="bbox 511 1448 2358 1506; baseline -0.001 -15"><span class='ocrx_word' id='word_1_220' title='bbox 511 1454 636 1502; x_wconf 80' lang='lat' dir='ltr'>runt3</span> <span class='ocrx_word' id='word_1_221' title='bbox 669 1448 706 1475; x_wconf 74' lang='lat'>“23</span> <span class='ocrx_word' id='word_1_222' title='bbox 729 1448 1063 1492; x_wconf 62' lang='lat' dir='ltr'>aedificaverunt</span> <span class='ocrx_word' id='word_1_223' title='bbox 1097 1448 1215 1492; x_wconf 89' lang='lat' dir='ltr'>enim</span> <span class='ocrx_word' id='word_1_224' title='bbox 1249 1454 1292 1492; x_wconf 91' lang='lat' dir='ltr'>et</span> <span class='ocrx_word' id='word_1_225' title='bbox 1316 1449 1401 1506; x_wconf 82' lang='lat' dir='ltr'>ipsi</span> <span class='ocrx_word' id='word_1_226' title='bbox 1431 1448 1516 1491; x_wconf 89' lang='lat' dir='ltr'>sibi</span> <span class='ocrx_word' id='word_1_227' title='bbox 1543 1463 1662 1505; x_wconf 86' lang='lat' dir='ltr'>aras,</span> <span class='ocrx_word' id='word_1_228' title='bbox 1686 1454 1729 1492; x_wconf 89' lang='lat' dir='ltr'>et</span> <span class='ocrx_word' id='word_1_229' title='bbox 1758 1453 1950 1504; x_wconf 78' lang='lat' dir='ltr'>statuaS,</span> <span class='ocrx_word' id='word_1_230' title='bbox 1982 1454 2024 1492; x_wconf 91' lang='lat' dir='ltr'>et</span> <span class='ocrx_word' id='word_1_231' title='bbox 2057 1449 2200 1504; x_wconf 87' lang='lat' dir='ltr'>lucos,</span> <span class='ocrx_word' id='word_1_232' title='bbox 2226 1462 2358 1505; x_wconf 86' lang='lat' dir='ltr'>super</span> 
     </span>
     <span class='ocr_line' id='line_1_23' title="bbox 511 1506 2354 1552; baseline -0.001 -1"><span class='ocrx_word' id='word_1_233' title='bbox 511 1523 689 1551; x_wconf 89' lang='lat' dir='ltr'>omnem</span> <span class='ocrx_word' id='word_1_234' title='bbox 712 1508 871 1551; x_wconf 88' lang='lat' dir='ltr'>collem</span> <span class='ocrx_word' id='word_1_235' title='bbox 897 1508 1123 1552; x_wconf 81' lang='lat' dir='ltr'>excelsum</span> <span class='ocrx_word' id='word_1_236' title='bbox 1153 1514 1195 1552; x_wconf 88' lang='lat' dir='ltr'>et</span> <span class='ocrx_word' id='word_1_237' title='bbox 1222 1508 1372 1552; x_wconf 82' lang='lat' dir='ltr'>subter</span> <span class='ocrx_word' id='word_1_238' title='bbox 1405 1522 1582 1551; x_wconf 90' lang='lat' dir='ltr'>omnem</span> <span class='ocrx_word' id='word_1_239' title='bbox 1615 1508 1818 1551; x_wconf 89' lang='lat' dir='ltr'>arborem</span> <span class='ocrx_word' id='word_1_240' title='bbox 1843 1508 2119 1552; x_wconf 78' lang='lat' dir='ltr'>frondosam.</span> <span class='ocrx_word' id='word_1_241' title='bbox 2147 1506 2184 1534; x_wconf 71' lang='lat'>²4</span> <span class='ocrx_word' id='word_1_242' title='bbox 2205 1507 2290 1552; x_wconf 83' lang='lat' dir='ltr'>Sed</span> <span class='ocrx_word' id='word_1_243' title='bbox 2312 1513 2354 1551; x_wconf 88' lang='lat' dir='ltr'>et</span> 
     </span>
     <span class='ocr_line' id='line_1_24' title="bbox 512 1567 2356 1624; baseline -0.001 -14"><span class='ocrx_word' id='word_1_244' title='bbox 512 1568 761 1611; x_wconf 81' lang='lat' dir='ltr'>effeminati</span> <span class='ocrx_word' id='word_1_245' title='bbox 794 1568 976 1611; x_wconf 89' lang='lat' dir='ltr'>fuerunt</span> <span class='ocrx_word' id='word_1_246' title='bbox 1006 1568 1051 1610; x_wconf 91' lang='lat' dir='ltr'>in</span> <span class='ocrx_word' id='word_1_247' title='bbox 1081 1573 1215 1624; x_wconf 89' lang='lat' dir='ltr'>terra,</span> <span class='ocrx_word' id='word_1_248' title='bbox 1247 1569 1537 1623; x_wconf 89' lang='lat' dir='ltr'>feceruntque</span> <span class='ocrx_word' id='word_1_249' title='bbox 1572 1582 1723 1611; x_wconf 88' lang='lat' dir='ltr'>omnes</span> <span class='ocrx_word' id='word_1_250' title='bbox 1760 1567 2116 1611; x_wconf 84' lang='lat' dir='ltr'>abominationes</span> <span class='ocrx_word' id='word_1_251' title='bbox 2155 1567 2356 1623; x_wconf 88' lang='lat' dir='ltr'>gentium</span> 
     </span>
     <span class='ocr_line' id='line_1_25' title="bbox 513 1627 1760 1682; baseline 0.002 -14"><span class='ocrx_word' id='word_1_252' title='bbox 513 1641 619 1682; x_wconf 82' lang='lat' dir='ltr'>quas</span> <span class='ocrx_word' id='word_1_253' title='bbox 641 1627 816 1670; x_wconf 83' lang='lat' dir='ltr'>attrivit</span> <span class='ocrx_word' id='word_1_254' title='bbox 839 1627 1056 1670; x_wconf 88' lang='lat' dir='ltr'>Dominus</span> <span class='ocrx_word' id='word_1_255' title='bbox 1078 1633 1182 1670; x_wconf 87' lang='lat' dir='ltr'>ante</span> <span class='ocrx_word' id='word_1_256' title='bbox 1203 1627 1371 1670; x_wconf 84' lang='lat' dir='ltr'>faciem</span> <span class='ocrx_word' id='word_1_257' title='bbox 1393 1627 1585 1670; x_wconf 92' lang='lat' dir='ltr'>filiorum</span> <span class='ocrx_word' id='word_1_258' title='bbox 1608 1628 1760 1670; x_wconf 84' lang='lat' dir='ltr'>Israel.</span> 
     </span>
    </p>

    <p class='ocr_par' dir='ltr' id='par_1_6' title="bbox 514 1685 2358 2100">
     <span class='ocr_line' id='line_1_26' title="bbox 573 1685 2356 1744; baseline 0.001 -16"><span class='ocrx_word' id='word_1_259' title='bbox 573 1685 609 1712; x_wconf 68' lang='lat'>&#39;25</span> <span class='ocrx_word' id='word_1_260' title='bbox 631 1687 686 1729; x_wconf 90' lang='lat' dir='ltr'>In</span> <span class='ocrx_word' id='word_1_261' title='bbox 708 1686 862 1742; x_wconf 89' lang='lat' dir='ltr'>quinto</span> <span class='ocrx_word' id='word_1_262' title='bbox 883 1692 1032 1730; x_wconf 88' lang='lat' dir='ltr'>autem</span> <span class='ocrx_word' id='word_1_263' title='bbox 1054 1701 1170 1729; x_wconf 88' lang='lat' dir='ltr'>anno</span> <span class='ocrx_word' id='word_1_264' title='bbox 1192 1687 1317 1743; x_wconf 89' lang='lat' dir='ltr'>regni</span> <span class='ocrx_word' id='word_1_265' title='bbox 1343 1687 1561 1743; x_wconf 85' lang='lat' dir='ltr'>Roboam,</span> <span class='ocrx_word' id='word_1_266' title='bbox 1592 1687 1795 1730; x_wconf 54' lang='lat' dir='ltr'>avcendit</span> <span class='ocrx_word' id='word_1_267' title='bbox 1823 1688 1955 1731; x_wconf 88' lang='lat' dir='ltr'>Sesac</span> <span class='ocrx_word' id='word_1_268' title='bbox 1985 1702 2063 1731; x_wconf 77' lang='lat' dir='ltr'>rex</span> <span class='ocrx_word' id='word_1_269' title='bbox 2092 1687 2282 1744; x_wconf 80' lang='lat' dir='ltr'>AEgypti</span> <span class='ocrx_word' id='word_1_270' title='bbox 2310 1687 2356 1729; x_wconf 86' lang='lat' dir='ltr'>in</span> 
     </span>
     <span class='ocr_line' id='line_1_27' title="bbox 514 1745 2357 1803; baseline -0.001 -14"><span class='ocrx_word' id='word_1_271' title='bbox 514 1746 787 1801; x_wconf 80' lang='lat' dir='ltr'>Jerusalem3</span> <span class='ocrx_word' id='word_1_272' title='bbox 812 1745 848 1772; x_wconf 65' lang='lat'>2⁶</span> <span class='ocrx_word' id='word_1_273' title='bbox 867 1751 909 1789; x_wconf 90' lang='lat' dir='ltr'>et</span> <span class='ocrx_word' id='word_1_274' title='bbox 931 1746 1034 1789; x_wconf 87' lang='lat' dir='ltr'>tulit</span> <span class='ocrx_word' id='word_1_275' title='bbox 1055 1746 1284 1789; x_wconf 71' lang='lat' dir='ltr'>thesauros</span> <span class='ocrx_word' id='word_1_276' title='bbox 1311 1746 1466 1789; x_wconf 88' lang='lat' dir='ltr'>domus</span> <span class='ocrx_word' id='word_1_277' title='bbox 1492 1746 1673 1789; x_wconf 90' lang='lat' dir='ltr'>Domini</span> <span class='ocrx_word' id='word_1_278' title='bbox 1696 1752 1738 1789; x_wconf 86' lang='lat' dir='ltr'>et</span> <span class='ocrx_word' id='word_1_279' title='bbox 1760 1747 1989 1790; x_wconf 59' lang='lat' dir='ltr'>thesauros</span> <span class='ocrx_word' id='word_1_280' title='bbox 2011 1747 2176 1803; x_wconf 86' lang='lat' dir='ltr'>regios,</span> <span class='ocrx_word' id='word_1_281' title='bbox 2197 1754 2240 1790; x_wconf 89' lang='lat' dir='ltr'>et</span> <span class='ocrx_word' id='word_1_282' title='bbox 2262 1745 2357 1789; x_wconf 89' lang='lat' dir='ltr'>uni-</span> 
     </span>
     <span class='ocr_line' id='line_1_28' title="bbox 514 1805 2355 1863; baseline 0.001 -16"><span class='ocrx_word' id='word_1_283' title='bbox 514 1820 640 1849; x_wconf 81' lang='lat' dir='ltr'>versa</span> <span class='ocrx_word' id='word_1_284' title='bbox 671 1805 876 1862; x_wconf 81' lang='lat' dir='ltr'>diripuit3</span> <span class='ocrx_word' id='word_1_285' title='bbox 909 1811 1035 1848; x_wconf 90' lang='lat' dir='ltr'>scuta</span> <span class='ocrx_word' id='word_1_286' title='bbox 1066 1820 1236 1861; x_wconf 90' lang='lat' dir='ltr'>quoque</span> <span class='ocrx_word' id='word_1_287' title='bbox 1269 1820 1421 1861; x_wconf 88' lang='lat' dir='ltr'>aurea,</span> <span class='ocrx_word' id='word_1_288' title='bbox 1447 1821 1545 1861; x_wconf 77' lang='lat' dir='ltr'>quae</span> <span class='ocrx_word' id='word_1_289' title='bbox 1575 1806 1746 1849; x_wconf 75' lang='lat' dir='ltr'>fecerat</span> <span class='ocrx_word' id='word_1_290' title='bbox 1777 1806 2006 1862; x_wconf 83' lang='lat' dir='ltr'>Salomon,</span> <span class='ocrx_word' id='word_1_291' title='bbox 2039 1806 2073 1832; x_wconf 69' lang='lat'>27</span> <span class='ocrx_word' id='word_1_292' title='bbox 2097 1821 2174 1863; x_wconf 89' lang='lat' dir='ltr'>pro</span> <span class='ocrx_word' id='word_1_293' title='bbox 2198 1805 2355 1862; x_wconf 90' lang='lat' dir='ltr'>quibus</span> 
     </span>
     <span class='ocr_line' id='line_1_29' title="bbox 514 1865 2358 1920; baseline 0 -13"><span class='ocrx_word' id='word_1_294' title='bbox 514 1865 625 1909; x_wconf 87' lang='lat' dir='ltr'>fecit</span> <span class='ocrx_word' id='word_1_295' title='bbox 646 1879 723 1908; x_wconf 76' lang='lat' dir='ltr'>rex</span> <span class='ocrx_word' id='word_1_296' title='bbox 759 1865 957 1907; x_wconf 86' lang='lat' dir='ltr'>Roboam</span> <span class='ocrx_word' id='word_1_297' title='bbox 986 1870 1111 1908; x_wconf 90' lang='lat' dir='ltr'>scuta</span> <span class='ocrx_word' id='word_1_298' title='bbox 1144 1879 1277 1920; x_wconf 79' lang='lat' dir='ltr'>aerea,</span> <span class='ocrx_word' id='word_1_299' title='bbox 1309 1871 1352 1908; x_wconf 91' lang='lat' dir='ltr'>et</span> <span class='ocrx_word' id='word_1_300' title='bbox 1381 1866 1566 1908; x_wconf 74' lang='lat' dir='ltr'>tradidit</span> <span class='ocrx_word' id='word_1_301' title='bbox 1597 1880 1647 1908; x_wconf 91' lang='lat' dir='ltr'>ea</span> <span class='ocrx_word' id='word_1_302' title='bbox 1675 1865 1723 1907; x_wconf 89' lang='lat' dir='ltr'>in</span> <span class='ocrx_word' id='word_1_303' title='bbox 1753 1881 1936 1908; x_wconf 90' lang='lat' dir='ltr'>manum</span> <span class='ocrx_word' id='word_1_304' title='bbox 1959 1866 2124 1908; x_wconf 87' lang='lat' dir='ltr'>ducum</span> <span class='ocrx_word' id='word_1_305' title='bbox 2145 1865 2358 1909; x_wconf 86' lang='lat' dir='ltr'>scutario-</span> 
     </span>
     <span class='ocr_line' id='line_1_30' title="bbox 514 1924 2355 1981; baseline 0.001 -15"><span class='ocrx_word' id='word_1_306' title='bbox 514 1939 612 1967; x_wconf 89' lang='lat' dir='ltr'>rum</span> <span class='ocrx_word' id='word_1_307' title='bbox 634 1930 675 1967; x_wconf 89' lang='lat' dir='ltr'>et</span> <span class='ocrx_word' id='word_1_308' title='bbox 699 1938 849 1967; x_wconf 90' lang='lat' dir='ltr'>eorum</span> <span class='ocrx_word' id='word_1_309' title='bbox 872 1924 945 1980; x_wconf 90' lang='lat' dir='ltr'>qui</span> <span class='ocrx_word' id='word_1_310' title='bbox 967 1924 1250 1967; x_wconf 80' lang='lat' dir='ltr'>excubabant</span> <span class='ocrx_word' id='word_1_311' title='bbox 1271 1930 1376 1968; x_wconf 87' lang='lat' dir='ltr'>ante</span> <span class='ocrx_word' id='word_1_312' title='bbox 1406 1925 1568 1967; x_wconf 90' lang='lat' dir='ltr'>ostium</span> <span class='ocrx_word' id='word_1_313' title='bbox 1592 1925 1748 1968; x_wconf 90' lang='lat' dir='ltr'>domus</span> <span class='ocrx_word' id='word_1_314' title='bbox 1770 1925 1899 1981; x_wconf 88' lang='lat' dir='ltr'>regis.</span> <span class='ocrx_word' id='word_1_315' title='bbox 1932 1924 1967 1952; x_wconf 68' lang='lat'>2⁸</span> <span class='ocrx_word' id='word_1_316' title='bbox 1990 1925 2190 1981; x_wconf 86' lang='lat' dir='ltr'>Cumque</span> <span class='ocrx_word' id='word_1_317' title='bbox 2211 1925 2355 1980; x_wconf 89' lang='lat' dir='ltr'>ingre-</span> 
     </span>
     <span class='ocr_line' id='line_1_31' title="bbox 516 1983 2357 2041; baseline -0.001 -15"><span class='ocrx_word' id='word_1_318' title='bbox 516 1984 691 2027; x_wconf 88' lang='lat' dir='ltr'>deretur</span> <span class='ocrx_word' id='word_1_319' title='bbox 719 1998 794 2026; x_wconf 52' lang='lat' dir='ltr'>rex</span> <span class='ocrx_word' id='word_1_320' title='bbox 816 1983 861 2026; x_wconf 93' lang='lat' dir='ltr'>in</span> <span class='ocrx_word' id='word_1_321' title='bbox 885 1984 1066 2026; x_wconf 89' lang='lat' dir='ltr'>domum</span> <span class='ocrx_word' id='word_1_322' title='bbox 1099 1983 1302 2039; x_wconf 89' lang='lat' dir='ltr'>Domini,</span> <span class='ocrx_word' id='word_1_323' title='bbox 1326 1985 1565 2041; x_wconf 86' lang='lat' dir='ltr'>portabant</span> <span class='ocrx_word' id='word_1_324' title='bbox 1595 1998 1645 2027; x_wconf 91' lang='lat' dir='ltr'>ea</span> <span class='ocrx_word' id='word_1_325' title='bbox 1669 1984 1741 2040; x_wconf 87' lang='lat' dir='ltr'>qui</span> <span class='ocrx_word' id='word_1_326' title='bbox 1765 1984 1993 2041; x_wconf 79' lang='lat' dir='ltr'>praeeundi</span> <span class='ocrx_word' id='word_1_327' title='bbox 2017 1985 2245 2028; x_wconf 86' lang='lat' dir='ltr'>habebant</span> <span class='ocrx_word' id='word_1_328' title='bbox 2266 1983 2357 2026; x_wconf 89' lang='lat' dir='ltr'>offi-</span> 
     </span>
     <span class='ocr_line' id='line_1_32' title="bbox 516 2043 2029 2100; baseline 0 -14"><span class='ocrx_word' id='word_1_329' title='bbox 516 2043 654 2096; x_wconf 84' lang='lat' dir='ltr'>cium,</span> <span class='ocrx_word' id='word_1_330' title='bbox 679 2049 721 2086; x_wconf 91' lang='lat' dir='ltr'>et</span> <span class='ocrx_word' id='word_1_331' title='bbox 743 2048 894 2100; x_wconf 81' lang='lat' dir='ltr'>postea</span> <span class='ocrx_word' id='word_1_332' title='bbox 916 2043 1203 2100; x_wconf 80' lang='lat' dir='ltr'>reportabant</span> <span class='ocrx_word' id='word_1_333' title='bbox 1225 2044 1282 2086; x_wconf 88' lang='lat' dir='ltr'>ad</span> <span class='ocrx_word' id='word_1_334' title='bbox 1304 2043 1700 2087; x_wconf 85' lang='lat' dir='ltr'>armamentarium</span> <span class='ocrx_word' id='word_1_335' title='bbox 1723 2044 2029 2087; x_wconf 85' lang='lat' dir='ltr'>scutariorum.</span> 
     </span>
    </p>

    <p class='ocr_par' dir='ltr' id='par_1_7' title="bbox 515 2101 2361 2398">
     <span class='ocr_line' id='line_1_33' title="bbox 575 2101 2359 2161; baseline 0.001 -16"><span class='ocrx_word' id='word_1_336' title='bbox 575 2101 611 2128; x_wconf 63' lang='lat'>9⁰</span> <span class='ocrx_word' id='word_1_337' title='bbox 636 2102 822 2158; x_wconf 78' lang='lat' dir='ltr'>Reliqua</span> <span class='ocrx_word' id='word_1_338' title='bbox 843 2108 994 2146; x_wconf 87' lang='lat' dir='ltr'>autem</span> <span class='ocrx_word' id='word_1_339' title='bbox 1015 2117 1269 2145; x_wconf 86' lang='lat' dir='ltr'>sermonum</span> <span class='ocrx_word' id='word_1_340' title='bbox 1295 2103 1495 2146; x_wconf 86' lang='lat' dir='ltr'>Roboam</span> <span class='ocrx_word' id='word_1_341' title='bbox 1524 2109 1568 2146; x_wconf 90' lang='lat' dir='ltr'>et</span> <span class='ocrx_word' id='word_1_342' title='bbox 1597 2104 1747 2147; x_wconf 82' lang='lat' dir='ltr'>onmia</span> <span class='ocrx_word' id='word_1_343' title='bbox 1777 2119 1876 2160; x_wconf 89' lang='lat' dir='ltr'>quae</span> <span class='ocrx_word' id='word_1_344' title='bbox 1906 2103 2039 2159; x_wconf 88' lang='lat' dir='ltr'>fecit,</span> <span class='ocrx_word' id='word_1_345' title='bbox 2067 2117 2169 2147; x_wconf 87' lang='lat' dir='ltr'>ecoe</span> <span class='ocrx_word' id='word_1_346' title='bbox 2194 2103 2359 2161; x_wconf 86' lang='lat' dir='ltr'>scripta</span> 
     </span>
     <span class='ocr_line' id='line_1_34' title="bbox 515 2162 2359 2219; baseline 0.001 -15"><span class='ocrx_word' id='word_1_347' title='bbox 515 2168 618 2205; x_wconf 87' lang='lat' dir='ltr'>sunt</span> <span class='ocrx_word' id='word_1_348' title='bbox 640 2162 685 2204; x_wconf 89' lang='lat' dir='ltr'>in</span> <span class='ocrx_word' id='word_1_349' title='bbox 709 2162 843 2205; x_wconf 92' lang='lat' dir='ltr'>Libro</span> <span class='ocrx_word' id='word_1_350' title='bbox 865 2176 1119 2205; x_wconf 90' lang='lat' dir='ltr'>sermonum</span> <span class='ocrx_word' id='word_1_351' title='bbox 1142 2162 1313 2205; x_wconf 89' lang='lat' dir='ltr'>dierum</span> <span class='ocrx_word' id='word_1_352' title='bbox 1334 2177 1489 2218; x_wconf 88' lang='lat' dir='ltr'>regum</span> <span class='ocrx_word' id='word_1_353' title='bbox 1512 2164 1540 2206; x_wconf 79' lang='lat' dir='ltr'>J</span> <span class='ocrx_word' id='word_1_354' title='bbox 1547 2163 1646 2206; x_wconf 89' lang='lat' dir='ltr'>uda.</span> <span class='ocrx_word' id='word_1_355' title='bbox 1671 2162 1708 2189; x_wconf 84' lang='lat'>30</span> <span class='ocrx_word' id='word_1_356' title='bbox 1730 2163 1922 2219; x_wconf 83' lang='lat' dir='ltr'>Fuitque</span> <span class='ocrx_word' id='word_1_357' title='bbox 1944 2163 2115 2206; x_wconf 92' lang='lat' dir='ltr'>bellum</span> <span class='ocrx_word' id='word_1_358' title='bbox 2136 2162 2252 2206; x_wconf 87' lang='lat' dir='ltr'>inter</span> <span class='ocrx_word' id='word_1_359' title='bbox 2275 2164 2359 2206; x_wconf 89' lang='lat' dir='ltr'>Ro-</span> 
     </span>
     <span class='ocr_line' id='line_1_35' title="bbox 516 2221 2357 2279; baseline 0.001 -15"><span class='ocrx_word' id='word_1_360' title='bbox 516 2221 648 2264; x_wconf 89' lang='lat' dir='ltr'>boam</span> <span class='ocrx_word' id='word_1_361' title='bbox 670 2226 714 2265; x_wconf 90' lang='lat' dir='ltr'>et</span> <span class='ocrx_word' id='word_1_362' title='bbox 743 2221 981 2264; x_wconf 80' lang='lat' dir='ltr'>Jeroboam</span> <span class='ocrx_word' id='word_1_363' title='bbox 1010 2222 1183 2265; x_wconf 87' lang='lat' dir='ltr'>cunctis</span> <span class='ocrx_word' id='word_1_364' title='bbox 1213 2222 1382 2265; x_wconf 86' lang='lat' dir='ltr'>diebus.</span> <span class='ocrx_word' id='word_1_365' title='bbox 1413 2222 1447 2248; x_wconf 77' lang='lat'>³¹</span> <span class='ocrx_word' id='word_1_366' title='bbox 1474 2223 1785 2278; x_wconf 85' lang='lat' dir='ltr'>Dormivitque</span> <span class='ocrx_word' id='word_1_367' title='bbox 1809 2223 2010 2266; x_wconf 84' lang='lat' dir='ltr'>Roboam</span> <span class='ocrx_word' id='word_1_368' title='bbox 2033 2236 2135 2265; x_wconf 90' lang='lat' dir='ltr'>cum</span> <span class='ocrx_word' id='word_1_369' title='bbox 2157 2222 2357 2279; x_wconf 88' lang='lat' dir='ltr'>patribus</span> 
     </span>
     <span class='ocr_line' id='line_1_36' title="bbox 516 2280 2361 2338; baseline 0.001 -16"><span class='ocrx_word' id='word_1_370' title='bbox 516 2280 626 2336; x_wconf 84' lang='lat' dir='ltr'>suis,</span> <span class='ocrx_word' id='word_1_371' title='bbox 651 2286 693 2324; x_wconf 90' lang='lat' dir='ltr'>et</span> <span class='ocrx_word' id='word_1_372' title='bbox 715 2281 912 2338; x_wconf 88' lang='lat' dir='ltr'>sepultus</span> <span class='ocrx_word' id='word_1_373' title='bbox 935 2286 999 2324; x_wconf 90' lang='lat' dir='ltr'>est</span> <span class='ocrx_word' id='word_1_374' title='bbox 1027 2295 1128 2323; x_wconf 91' lang='lat' dir='ltr'>cum</span> <span class='ocrx_word' id='word_1_375' title='bbox 1153 2281 1215 2324; x_wconf 91' lang='lat' dir='ltr'>eis</span> <span class='ocrx_word' id='word_1_376' title='bbox 1244 2281 1291 2323; x_wconf 89' lang='lat' dir='ltr'>in</span> <span class='ocrx_word' id='word_1_377' title='bbox 1313 2282 1496 2325; x_wconf 80' lang='lat' dir='ltr'>civitate</span> <span class='ocrx_word' id='word_1_378' title='bbox 1524 2282 1683 2325; x_wconf 88' lang='lat' dir='ltr'>David.</span> <span class='ocrx_word' id='word_1_379' title='bbox 1710 2283 1883 2325; x_wconf 86' lang='lat' dir='ltr'>Nomen</span> <span class='ocrx_word' id='word_1_380' title='bbox 1905 2287 2055 2325; x_wconf 88' lang='lat' dir='ltr'>autem</span> <span class='ocrx_word' id='word_1_381' title='bbox 2086 2281 2240 2324; x_wconf 89' lang='lat' dir='ltr'>matris</span> <span class='ocrx_word' id='word_1_382' title='bbox 2262 2281 2361 2338; x_wconf 85' lang='lat' dir='ltr'>ejus</span> 
     </span>
     <span class='ocr_line' id='line_1_37' title="bbox 518 2340 2014 2398; baseline 0.001 -16"><span class='ocrx_word' id='word_1_383' title='bbox 518 2340 710 2396; x_wconf 85' lang='lat' dir='ltr'>Naama,</span> <span class='ocrx_word' id='word_1_384' title='bbox 736 2340 1023 2384; x_wconf 85' lang='lat' dir='ltr'>Ammanitis.</span> <span class='ocrx_word' id='word_1_385' title='bbox 1052 2342 1108 2383; x_wconf 85' lang='lat' dir='ltr'>Et</span> <span class='ocrx_word' id='word_1_386' title='bbox 1130 2341 1337 2396; x_wconf 87' lang='lat' dir='ltr'>regnavit</span> <span class='ocrx_word' id='word_1_387' title='bbox 1358 2341 1545 2397; x_wconf 88' lang='lat' dir='ltr'>Abiam,</span> <span class='ocrx_word' id='word_1_388' title='bbox 1570 2341 1685 2384; x_wconf 89' lang='lat' dir='ltr'>filius</span> <span class='ocrx_word' id='word_1_389' title='bbox 1709 2341 1827 2397; x_wconf 83' lang='lat' dir='ltr'>ejus,</span> <span class='ocrx_word' id='word_1_390' title='bbox 1851 2356 1929 2398; x_wconf 87' lang='lat' dir='ltr'>pro</span> <span class='ocrx_word' id='word_1_391' title='bbox 1951 2355 2014 2385; x_wconf 92' lang='lat' dir='ltr'>eo.</span> 
     </span>
    </p>
   </div>
   <div class='ocr_carea' id='block_1_4' title="bbox 699 2462 2179 2574">
    <p class='ocr_par' dir='ltr' id='par_1_8' title="bbox 699 2462 2179 2574">
     <span class='ocr_line' id='line_1_38' title="bbox 699 2462 2179 2507; baseline 0.001 -3"><span class='ocrx_word' id='word_1_392' title='bbox 699 2462 861 2505; x_wconf 70' lang='lat' dir='ltr'>Snerio</span> <span class='ocrx_word' id='word_1_393' title='bbox 896 2463 959 2505; x_wconf 86' lang='lat' dir='ltr'>II.</span> <span class='ocrx_word' id='word_1_394' title='bbox 986 2489 1044 2493; x_wconf 94' lang='lat'>—</span> <span class='ocrx_word' id='word_1_395' title='bbox 1078 2464 1240 2506; x_wconf 74' lang='lat' dir='ltr'><strong>REGNA</strong></span> <span class='ocrx_word' id='word_1_396' title='bbox 1274 2464 1444 2507; x_wconf 73' lang='lat' dir='ltr'>IsaAEL</span> <span class='ocrx_word' id='word_1_397' title='bbox 1478 2477 1534 2506; x_wconf 80' lang='lat' dir='ltr'>Er</span> <span class='ocrx_word' id='word_1_398' title='bbox 1568 2466 1696 2507; x_wconf 81' lang='lat' dir='ltr'><strong>JUDA</strong></span> <span class='ocrx_word' id='word_1_399' title='bbox 1728 2477 1758 2507; x_wconf 87' lang='lat' dir='ltr'>A</span> <span class='ocrx_word' id='word_1_400' title='bbox 1792 2476 1948 2507; x_wconf 80' lang='lat' dir='ltr'><strong>MORTE</strong></span> <span class='ocrx_word' id='word_1_401' title='bbox 1985 2465 2179 2506; x_wconf 83' lang='lat' dir='ltr'><strong>ROBOAM</strong></span> 
     </span>
     <span class='ocr_line' id='line_1_39' title="bbox 1155 2532 1713 2574; baseline 0.004 -2"><span class='ocrx_word' id='word_1_402' title='bbox 1155 2541 1218 2572; x_wconf 89' lang='lat' dir='ltr'>AD</span> <span class='ocrx_word' id='word_1_403' title='bbox 1250 2542 1514 2574; x_wconf 78' lang='lat' dir='ltr'>ADvENTUM</span> <span class='ocrx_word' id='word_1_404' title='bbox 1547 2532 1713 2574; x_wconf 82' lang='lat' dir='ltr'>ACHAB</span> 
     </span>
    </p>
   </div>
   <div class='ocr_carea' id='block_1_5' title="bbox 934 2647 1944 2704">
    <p class='ocr_par' dir='ltr' id='par_1_9' title="bbox 934 2647 1944 2704">
     <span class='ocr_line' id='line_1_40' title="bbox 934 2647 1944 2704; baseline 0.002 -15"><span class='ocrx_word' id='word_1_405' title='bbox 934 2647 957 2704; x_wconf 66' lang='grc' dir='ltr'>ξ</span> <span class='ocrx_word' id='word_1_406' title='bbox 992 2647 1028 2690; x_wconf 93' lang='grc' dir='ltr'>Ι.</span> <span class='ocrx_word' id='word_1_407' title='bbox 1051 2673 1110 2679; x_wconf 87' lang='grc'>-</span> <span class='ocrx_word' id='word_1_408' title='bbox 1141 2647 1314 2690; x_wconf 77' lang='lat' dir='ltr'>Abiam</span> <span class='ocrx_word' id='word_1_409' title='bbox 1339 2654 1378 2690; x_wconf 78' lang='lat' dir='ltr'>et</span> <span class='ocrx_word' id='word_1_410' title='bbox 1400 2648 1501 2690; x_wconf 74' lang='lat' dir='ltr'>Asa</span> <span class='ocrx_word' id='word_1_411' title='bbox 1526 2654 1710 2704; x_wconf 72' lang='lat' dir='ltr'>reyncmt</span> <span class='ocrx_word' id='word_1_412' title='bbox 1732 2649 1778 2691; x_wconf 74' lang='lat' dir='ltr'>in</span> <span class='ocrx_word' id='word_1_413' title='bbox 1801 2648 1944 2692; x_wconf 79' lang='lat' dir='ltr'>Juda.</span> 
     </span>
    </p>
   </div>
   <div class='ocr_carea' id='block_1_6' title="bbox 257 2755 2415 3526">
    <p class='ocr_par' dir='ltr' id='par_1_10' title="bbox 257 2755 2415 3526">
     <span class='ocr_line' id='line_1_41' title="bbox 257 2755 2362 2812; baseline 0 -14"><span class='ocrx_word' id='word_1_414' title='bbox 257 2769 411 2802; x_wconf 77' lang='lat' dir='ltr'>Regnum</span> <span class='ocrx_word' id='word_1_415' title='bbox 579 2757 686 2800; x_wconf 86' lang='lat' dir='ltr'><strong>CAP.</strong></span> <span class='ocrx_word' id='word_1_416' title='bbox 710 2755 808 2798; x_wconf 89' lang='lat' dir='ltr'>XV.</span> <span class='ocrx_word' id='word_1_417' title='bbox 831 2782 890 2787; x_wconf 88' lang='lat'>——</span> <span class='ocrx_word' id='word_1_418' title='bbox 920 2755 932 2781; x_wconf 73' lang='lat'>&#39;¹</span> <span class='ocrx_word' id='word_1_419' title='bbox 961 2755 1107 2811; x_wconf 89' lang='lat' dir='ltr'>Igitur</span> <span class='ocrx_word' id='word_1_420' title='bbox 1135 2755 1180 2798; x_wconf 92' lang='lat' dir='ltr'>in</span> <span class='ocrx_word' id='word_1_421' title='bbox 1205 2760 1360 2799; x_wconf 87' lang='lat' dir='ltr'>octavo</span> <span class='ocrx_word' id='word_1_422' title='bbox 1389 2757 1560 2800; x_wconf 88' lang='lat' dir='ltr'>decimo</span> <span class='ocrx_word' id='word_1_423' title='bbox 1583 2771 1700 2800; x_wconf 91' lang='lat' dir='ltr'>anno</span> <span class='ocrx_word' id='word_1_424' title='bbox 1724 2756 1850 2812; x_wconf 86' lang='lat' dir='ltr'>regni</span> <span class='ocrx_word' id='word_1_425' title='bbox 1881 2757 2142 2812; x_wconf 76' lang='lat' dir='ltr'>Jeroboam,</span> <span class='ocrx_word' id='word_1_426' title='bbox 2166 2756 2246 2799; x_wconf 90' lang='lat' dir='ltr'>filii</span> <span class='ocrx_word' id='word_1_427' title='bbox 2270 2757 2362 2799; x_wconf 87' lang='lat' dir='ltr'>Na·-</span> 
     </span>
     <span class='ocr_line' id='line_1_42' title="bbox 267 2811 2357 2871; baseline 0.001 -14"><span class='ocrx_word' id='word_1_428' title='bbox 267 2811 396 2841; x_wconf 75' lang='lat' dir='ltr'>Abiam.</span> <span class='ocrx_word' id='word_1_429' title='bbox 519 2815 617 2870; x_wconf 89' lang='lat' dir='ltr'>bat,</span> <span class='ocrx_word' id='word_1_430' title='bbox 639 2815 846 2870; x_wconf 85' lang='lat' dir='ltr'>regnavit</span> <span class='ocrx_word' id='word_1_431' title='bbox 871 2814 1037 2857; x_wconf 86' lang='lat' dir='ltr'>Abiam</span> <span class='ocrx_word' id='word_1_432' title='bbox 1060 2829 1189 2871; x_wconf 89' lang='lat' dir='ltr'>super</span> <span class='ocrx_word' id='word_1_433' title='bbox 1210 2816 1238 2858; x_wconf 81' lang='lat' dir='ltr'>J</span> <span class='ocrx_word' id='word_1_434' title='bbox 1244 2816 1391 2858; x_wconf 87' lang='lat' dir='ltr'>udam.</span> <span class='ocrx_word' id='word_1_435' title='bbox 1416 2815 1433 2841; x_wconf 71' lang='lat'><strong>2</strong></span> <span class='ocrx_word' id='word_1_436' title='bbox 1458 2816 1618 2858; x_wconf 84' lang='lat' dir='ltr'>Tribus</span> <span class='ocrx_word' id='word_1_437' title='bbox 1641 2816 1771 2859; x_wconf 87' lang='lat' dir='ltr'>annis</span> <span class='ocrx_word' id='word_1_438' title='bbox 1792 2816 2000 2871; x_wconf 84' lang='lat' dir='ltr'>regnavit</span> <span class='ocrx_word' id='word_1_439' title='bbox 2020 2816 2067 2858; x_wconf 92' lang='lat' dir='ltr'>in</span> <span class='ocrx_word' id='word_1_440' title='bbox 2094 2816 2357 2859; x_wconf 78' lang='lat' dir='ltr'>Jerusalem.</span> 
     </span>
     <span class='ocr_line' id='line_1_43' title="bbox 522 2874 2358 2931; baseline -0.001 -14"><span class='ocrx_word' id='word_1_441' title='bbox 522 2875 694 2917; x_wconf 91' lang='lat' dir='ltr'>Nomen</span> <span class='ocrx_word' id='word_1_442' title='bbox 716 2874 870 2916; x_wconf 84' lang='lat' dir='ltr'>matris</span> <span class='ocrx_word' id='word_1_443' title='bbox 893 2874 988 2930; x_wconf 81' lang='lat' dir='ltr'>ejus</span> <span class='ocrx_word' id='word_1_444' title='bbox 1012 2875 1221 2929; x_wconf 87' lang='lat' dir='ltr'>Maacha,</span> <span class='ocrx_word' id='word_1_445' title='bbox 1246 2875 1336 2917; x_wconf 89' lang='lat' dir='ltr'>filia</span> <span class='ocrx_word' id='word_1_446' title='bbox 1366 2875 1643 2918; x_wconf 88' lang='lat' dir='ltr'>Abessalom.</span> <span class='ocrx_word' id='word_1_447' title='bbox 1670 2875 1688 2902; x_wconf 83' lang='grc'><strong><em>3</em></strong></span> <span class='ocrx_word' id='word_1_448' title='bbox 1709 2875 2060 2931; x_wconf 88' lang='lat' dir='ltr'>Ambulavitque</span> <span class='ocrx_word' id='word_1_449' title='bbox 2082 2875 2128 2918; x_wconf 86' lang='lat' dir='ltr'>in</span> <span class='ocrx_word' id='word_1_450' title='bbox 2155 2874 2358 2917; x_wconf 86' lang='lat' dir='ltr'>omnibus</span> 
     </span>
     <span class='ocr_line' id='line_1_44' title="bbox 520 2933 2359 2992; baseline 0 -17"><span class='ocrx_word' id='word_1_451' title='bbox 520 2933 715 2990; x_wconf 88' lang='lat' dir='ltr'>peccatis</span> <span class='ocrx_word' id='word_1_452' title='bbox 751 2933 889 2989; x_wconf 89' lang='lat' dir='ltr'>patris</span> <span class='ocrx_word' id='word_1_453' title='bbox 923 2933 989 2975; x_wconf 90' lang='lat' dir='ltr'>sui</span> <span class='ocrx_word' id='word_1_454' title='bbox 1025 2948 1121 2989; x_wconf 83' lang='lat' dir='ltr'>quae</span> <span class='ocrx_word' id='word_1_455' title='bbox 1156 2934 1327 2977; x_wconf 88' lang='lat' dir='ltr'>fecerat</span> <span class='ocrx_word' id='word_1_456' title='bbox 1355 2940 1458 2977; x_wconf 89' lang='lat' dir='ltr'>ante</span> <span class='ocrx_word' id='word_1_457' title='bbox 1488 2938 1612 2989; x_wconf 66' lang='lat' dir='ltr'>eum,</span> <span class='ocrx_word' id='word_1_458' title='bbox 1645 2949 1725 2978; x_wconf 89' lang='lat' dir='ltr'>nec</span> <span class='ocrx_word' id='word_1_459' title='bbox 1755 2940 1849 2977; x_wconf 88' lang='lat' dir='ltr'>erat</span> <span class='ocrx_word' id='word_1_460' title='bbox 1879 2949 1952 2977; x_wconf 91' lang='lat' dir='ltr'>cor</span> <span class='ocrx_word' id='word_1_461' title='bbox 1981 2934 2079 2991; x_wconf 84' lang='lat' dir='ltr'>ejus</span> <span class='ocrx_word' id='word_1_462' title='bbox 2107 2934 2359 2992; x_wconf 82' lang='lat' dir='ltr'>perfectum</span> 
     </span>
     <span class='ocr_line' id='line_1_45' title="bbox 521 2992 2358 3051; baseline 0 -17"><span class='ocrx_word' id='word_1_463' title='bbox 521 3006 622 3035; x_wconf 88' lang='lat' dir='ltr'>cum</span> <span class='ocrx_word' id='word_1_464' title='bbox 650 2992 840 3036; x_wconf 91' lang='lat' dir='ltr'>Domino</span> <span class='ocrx_word' id='word_1_465' title='bbox 869 2994 961 3036; x_wconf 93' lang='lat' dir='ltr'>Deo</span> <span class='ocrx_word' id='word_1_466' title='bbox 991 3007 1089 3048; x_wconf 87' lang='lat' dir='ltr'>suo,</span> <span class='ocrx_word' id='word_1_467' title='bbox 1117 2993 1232 3035; x_wconf 89' lang='lat' dir='ltr'>sicut</span> <span class='ocrx_word' id='word_1_468' title='bbox 1262 3008 1334 3036; x_wconf 90' lang='lat' dir='ltr'>cor</span> <span class='ocrx_word' id='word_1_469' title='bbox 1369 2994 1516 3037; x_wconf 87' lang='lat' dir='ltr'>David</span> <span class='ocrx_word' id='word_1_470' title='bbox 1549 2995 1687 3051; x_wconf 90' lang='lat' dir='ltr'>patris</span> <span class='ocrx_word' id='word_1_471' title='bbox 1717 2994 1826 3050; x_wconf 81' lang='lat' dir='ltr'>ejus.</span> <span class='ocrx_word' id='word_1_472' title='bbox 1857 2993 1874 3020; x_wconf 79' lang='lat'>4</span> <span class='ocrx_word' id='word_1_473' title='bbox 1898 2994 1981 3037; x_wconf 89' lang='lat' dir='ltr'>Sed</span> <span class='ocrx_word' id='word_1_474' title='bbox 2007 2998 2186 3050; x_wconf 88' lang='lat' dir='ltr'>propter</span> <span class='ocrx_word' id='word_1_475' title='bbox 2212 2992 2358 3036; x_wconf 90' lang='lat' dir='ltr'>David</span> 
     </span>
     <span class='ocr_line' id='line_1_46' title="bbox 522 3051 2360 3109; baseline 0 -16"><span class='ocrx_word' id='word_1_476' title='bbox 522 3051 644 3094; x_wconf 87' lang='lat' dir='ltr'>dedit</span> <span class='ocrx_word' id='word_1_477' title='bbox 669 3051 708 3094; x_wconf 90' lang='lat' dir='ltr'>ei</span> <span class='ocrx_word' id='word_1_478' title='bbox 745 3052 961 3094; x_wconf 85' lang='lat' dir='ltr'>Dominus</span> <span class='ocrx_word' id='word_1_479' title='bbox 994 3053 1111 3095; x_wconf 86' lang='lat' dir='ltr'>Deus</span> <span class='ocrx_word' id='word_1_480' title='bbox 1137 3067 1240 3095; x_wconf 87' lang='lat' dir='ltr'>suus</span> <span class='ocrx_word' id='word_1_481' title='bbox 1272 3053 1497 3096; x_wconf 87' lang='lat' dir='ltr'>lucernam</span> <span class='ocrx_word' id='word_1_482' title='bbox 1523 3054 1567 3096; x_wconf 94' lang='lat' dir='ltr'>in</span> <span class='ocrx_word' id='word_1_483' title='bbox 1597 3053 1865 3109; x_wconf 83' lang='lat' dir='ltr'>Jerusalem,</span> <span class='ocrx_word' id='word_1_484' title='bbox 1891 3059 1939 3096; x_wconf 89' lang='lat' dir='ltr'>ut</span> <span class='ocrx_word' id='word_1_485' title='bbox 1964 3053 2197 3096; x_wconf 88' lang='lat' dir='ltr'>suscitaret</span> <span class='ocrx_word' id='word_1_486' title='bbox 2219 3051 2360 3095; x_wconf 88' lang='lat' dir='ltr'>filium</span> 
     </span>
     <span class='ocr_line' id='line_1_47' title="bbox 522 3111 2363 3168; baseline -0.001 -14"><span class='ocrx_word' id='word_1_487' title='bbox 522 3111 618 3166; x_wconf 83' lang='lat' dir='ltr'>ejus</span> <span class='ocrx_word' id='word_1_488' title='bbox 644 3115 742 3167; x_wconf 66' lang='lat' dir='ltr'>post</span> <span class='ocrx_word' id='word_1_489' title='bbox 764 3125 863 3153; x_wconf 86' lang='lat' dir='ltr'>eum</span> <span class='ocrx_word' id='word_1_490' title='bbox 887 3116 929 3154; x_wconf 90' lang='lat' dir='ltr'>et</span> <span class='ocrx_word' id='word_1_491' title='bbox 951 3116 1163 3155; x_wconf 89' lang='lat' dir='ltr'>statueret</span> <span class='ocrx_word' id='word_1_492' title='bbox 1186 3113 1460 3167; x_wconf 80' lang='lat' dir='ltr'>Jerusalem3</span> <span class='ocrx_word' id='word_1_493' title='bbox 1485 3113 1502 3139; x_wconf 74' lang='lat'>5</span> <span class='ocrx_word' id='word_1_494' title='bbox 1525 3128 1576 3156; x_wconf 91' lang='lat' dir='ltr'>eo</span> <span class='ocrx_word' id='word_1_495' title='bbox 1597 3112 1712 3168; x_wconf 86' lang='lat' dir='ltr'>quod</span> <span class='ocrx_word' id='word_1_496' title='bbox 1735 3112 1918 3156; x_wconf 86' lang='lat' dir='ltr'>fecisset</span> <span class='ocrx_word' id='word_1_497' title='bbox 1947 3112 2095 3155; x_wconf 86' lang='lat' dir='ltr'>David</span> <span class='ocrx_word' id='word_1_498' title='bbox 2119 3116 2290 3155; x_wconf 85' lang='lat' dir='ltr'>rectum</span> <span class='ocrx_word' id='word_1_499' title='bbox 2315 3111 2363 3153; x_wconf 88' lang='lat' dir='ltr'>in</span> 
     </span>
     <span class='ocr_line' id='line_1_48' title="bbox 523 3169 2364 3228; baseline -0.001 -15"><span class='ocrx_word' id='word_1_500' title='bbox 523 3170 661 3213; x_wconf 88' lang='lat' dir='ltr'>oculis</span> <span class='ocrx_word' id='word_1_501' title='bbox 685 3170 885 3225; x_wconf 89' lang='lat' dir='ltr'>Domini,</span> <span class='ocrx_word' id='word_1_502' title='bbox 909 3176 951 3213; x_wconf 91' lang='lat' dir='ltr'>et</span> <span class='ocrx_word' id='word_1_503' title='bbox 978 3185 1065 3213; x_wconf 91' lang='lat' dir='ltr'>non</span> <span class='ocrx_word' id='word_1_504' title='bbox 1089 3172 1357 3215; x_wconf 79' lang='lat' dir='ltr'>declinasset</span> <span class='ocrx_word' id='word_1_505' title='bbox 1382 3172 1438 3214; x_wconf 91' lang='lat' dir='ltr'>ab</span> <span class='ocrx_word' id='word_1_506' title='bbox 1462 3173 1666 3216; x_wconf 88' lang='lat' dir='ltr'>omnibus</span> <span class='ocrx_word' id='word_1_507' title='bbox 1694 3187 1791 3228; x_wconf 83' lang='lat' dir='ltr'>quae</span> <span class='ocrx_word' id='word_1_508' title='bbox 1823 3176 2096 3228; x_wconf 60' lang='lat' dir='ltr'>praeceperat</span> <span class='ocrx_word' id='word_1_509' title='bbox 2121 3171 2160 3214; x_wconf 84' lang='lat' dir='ltr'>ei</span> <span class='ocrx_word' id='word_1_510' title='bbox 2189 3169 2364 3213; x_wconf 84' lang='lat' dir='ltr'>cunctis</span> 
     </span>
     <span class='ocr_line' id='line_1_49' title="bbox 523 3227 2359 3287; baseline -0.001 -15"><span class='ocrx_word' id='word_1_511' title='bbox 523 3229 679 3272; x_wconf 88' lang='lat' dir='ltr'>diebus</span> <span class='ocrx_word' id='word_1_512' title='bbox 704 3228 810 3271; x_wconf 80' lang='lat' dir='ltr'>vitae</span> <span class='ocrx_word' id='word_1_513' title='bbox 841 3243 951 3285; x_wconf 83' lang='lat' dir='ltr'>suae,</span> <span class='ocrx_word' id='word_1_514' title='bbox 976 3235 1161 3287; x_wconf 85' lang='lat' dir='ltr'>excepto</span> <span class='ocrx_word' id='word_1_515' title='bbox 1191 3245 1391 3274; x_wconf 90' lang='lat' dir='ltr'>sermone</span> <span class='ocrx_word' id='word_1_516' title='bbox 1420 3232 1538 3275; x_wconf 78' lang='lat' dir='ltr'>Uriae</span> <span class='ocrx_word' id='word_1_517' title='bbox 1567 3231 1763 3275; x_wconf 83' lang='lat' dir='ltr'>Hethaei.</span> <span class='ocrx_word' id='word_1_518' title='bbox 1791 3232 1808 3258; x_wconf 76' lang='lat'><strong>⁶</strong></span> <span class='ocrx_word' id='word_1_519' title='bbox 1829 3232 2047 3274; x_wconf 82' lang='lat' dir='ltr'>Attamen</span> <span class='ocrx_word' id='word_1_520' title='bbox 2073 3229 2242 3274; x_wconf 90' lang='lat' dir='ltr'>bellum</span> <span class='ocrx_word' id='word_1_521' title='bbox 2271 3227 2359 3271; x_wconf 83' lang='lat' dir='ltr'>fuit</span> 
     </span>
     <span class='ocr_line' id='line_1_50' title="bbox 522 3288 1821 3347; baseline 0.002 -17"><span class='ocrx_word' id='word_1_522' title='bbox 522 3288 638 3332; x_wconf 90' lang='lat' dir='ltr'>inter</span> <span class='ocrx_word' id='word_1_523' title='bbox 662 3288 861 3331; x_wconf 85' lang='lat' dir='ltr'>Roboam</span> <span class='ocrx_word' id='word_1_524' title='bbox 887 3294 930 3331; x_wconf 88' lang='lat' dir='ltr'>et</span> <span class='ocrx_word' id='word_1_525' title='bbox 957 3289 1196 3345; x_wconf 80' lang='lat' dir='ltr'>Jeroboam</span> <span class='ocrx_word' id='word_1_526' title='bbox 1219 3290 1337 3332; x_wconf 89' lang='lat' dir='ltr'>omni</span> <span class='ocrx_word' id='word_1_527' title='bbox 1361 3296 1558 3347; x_wconf 87' lang='lat' dir='ltr'>tempore</span> <span class='ocrx_word' id='word_1_528' title='bbox 1583 3291 1689 3333; x_wconf 78' lang='lat' dir='ltr'>vitae</span> <span class='ocrx_word' id='word_1_529' title='bbox 1713 3291 1821 3347; x_wconf 85' lang='lat' dir='ltr'>ejus.</span> 
     </span>
     <span class='ocr_line' id='line_1_51' title="bbox 584 3347 2363 3406; baseline 0 -16"><span class='ocrx_word' id='word_1_530' title='bbox 584 3347 599 3373; x_wconf 90' lang='lat'><strong>7</strong></span> <span class='ocrx_word' id='word_1_531' title='bbox 628 3347 815 3403; x_wconf 84' lang='lat' dir='ltr'>Reliqua</span> <span class='ocrx_word' id='word_1_532' title='bbox 847 3353 998 3390; x_wconf 88' lang='lat' dir='ltr'>autem</span> <span class='ocrx_word' id='word_1_533' title='bbox 1031 3363 1283 3392; x_wconf 85' lang='lat' dir='ltr'>sermonum</span> <span class='ocrx_word' id='word_1_534' title='bbox 1320 3350 1507 3406; x_wconf 88' lang='lat' dir='ltr'>Abiam,</span> <span class='ocrx_word' id='word_1_535' title='bbox 1539 3355 1583 3393; x_wconf 87' lang='lat' dir='ltr'>et-</span> <span class='ocrx_word' id='word_1_536' title='bbox 1612 3350 1759 3393; x_wconf 82' lang='lat' dir='ltr'>omnia</span> <span class='ocrx_word' id='word_1_537' title='bbox 1795 3365 1894 3406; x_wconf 83' lang='lat' dir='ltr'>quae</span> <span class='ocrx_word' id='word_1_538' title='bbox 1924 3350 2057 3403; x_wconf 87' lang='lat' dir='ltr'>fecit,</span> <span class='ocrx_word' id='word_1_539' title='bbox 2090 3363 2236 3393; x_wconf 91' lang='lat' dir='ltr'>nonne</span> <span class='ocrx_word' id='word_1_540' title='bbox 2260 3349 2363 3391; x_wconf 79' lang='lat' dir='ltr'>haec</span> 
     </span>
     <span class='ocr_line' id='line_1_52' title="bbox 523 3406 2415 3465; baseline 0 -16"><span class='ocrx_word' id='word_1_541' title='bbox 523 3407 688 3463; x_wconf 87' lang='lat' dir='ltr'>scripta</span> <span class='ocrx_word' id='word_1_542' title='bbox 720 3411 823 3450; x_wconf 87' lang='lat' dir='ltr'>sunt</span> <span class='ocrx_word' id='word_1_543' title='bbox 854 3406 900 3449; x_wconf 89' lang='lat' dir='ltr'>in</span> <span class='ocrx_word' id='word_1_544' title='bbox 934 3407 1068 3449; x_wconf 87' lang='lat' dir='ltr'>Libro</span> <span class='ocrx_word' id='word_1_545' title='bbox 1094 3408 1328 3451; x_wconf 85' lang='lat' dir='ltr'>verborum</span> <span class='ocrx_word' id='word_1_546' title='bbox 1358 3409 1528 3452; x_wconf 89' lang='lat' dir='ltr'>dierum</span> <span class='ocrx_word' id='word_1_547' title='bbox 1561 3424 1714 3464; x_wconf 88' lang='lat' dir='ltr'>regum</span> <span class='ocrx_word' id='word_1_548' title='bbox 1749 3410 1773 3452; x_wconf 90' lang='lat' dir='ltr'>J</span> <span class='ocrx_word' id='word_1_549' title='bbox 1782 3410 1901 3454; x_wconf 82' lang='lat' dir='ltr'>uda?</span> <span class='ocrx_word' id='word_1_550' title='bbox 1932 3409 2123 3465; x_wconf 87' lang='lat' dir='ltr'>Fuitque</span> <span class='ocrx_word' id='word_1_551' title='bbox 2156 3407 2358 3465; x_wconf 79' lang='lat' dir='ltr'>praelium</span> <span class='ocrx_word' id='word_1_552' title='bbox 2407 3424 2415 3458; x_wconf 57' lang='grc' dir='ltr'>’ς</span> 
     </span>
     <span class='ocr_line' id='line_1_53' title="bbox 524 3465 2359 3526; baseline 0 -18"><span class='ocrx_word' id='word_1_553' title='bbox 524 3465 638 3509; x_wconf 88' lang='lat' dir='ltr'>inter</span> <span class='ocrx_word' id='word_1_554' title='bbox 666 3466 832 3509; x_wconf 89' lang='lat' dir='ltr'>Abiam</span> <span class='ocrx_word' id='word_1_555' title='bbox 854 3471 898 3509; x_wconf 90' lang='lat' dir='ltr'>et</span> <span class='ocrx_word' id='word_1_556' title='bbox 921 3465 1037 3508; x_wconf 88' lang='lat' dir='ltr'>inter</span> <span class='ocrx_word' id='word_1_557' title='bbox 1059 3467 1087 3509; x_wconf 85' lang='lat' dir='ltr'><strong>J</strong></span> <span class='ocrx_word' id='word_1_558' title='bbox 1092 3467 1312 3511; x_wconf 89' lang='lat' dir='ltr'>eroboam.</span> <span class='ocrx_word' id='word_1_559' title='bbox 1342 3468 1359 3494; x_wconf 80' lang='grc'>8</span> <span class='ocrx_word' id='word_1_560' title='bbox 1382 3469 1439 3511; x_wconf 83' lang='lat' dir='ltr'>Et</span> <span class='ocrx_word' id='word_1_561' title='bbox 1465 3468 1674 3511; x_wconf 87' lang='lat' dir='ltr'>dormivit</span> <span class='ocrx_word' id='word_1_562' title='bbox 1705 3468 1872 3511; x_wconf 83' lang='lat' dir='ltr'>Abiam</span> <span class='ocrx_word' id='word_1_563' title='bbox 1895 3483 1997 3512; x_wconf 87' lang='lat' dir='ltr'>cum</span> <span class='ocrx_word' id='word_1_564' title='bbox 2026 3467 2226 3526; x_wconf 82' lang='lat' dir='ltr'>patribus</span> <span class='ocrx_word' id='word_1_565' title='bbox 2247 3465 2359 3521; x_wconf 75' lang='lat' dir='ltr'>suis,</span> 
     </span>
    </p>
   </div>
   <div class='ocr_carea' id='block_1_7' title="bbox 2401 2541 2456 3651">
    <p class='ocr_par' dir='ltr' id='par_1_11' title="bbox 2401 2541 2456 3651">
     <span class='ocr_line' id='line_1_54' title="bbox 2401 2541 2456 3651; baseline 0 0"><span class='ocrx_word' id='word_1_566' title='bbox 2401 2541 2456 3651; x_wconf 95' lang='lat' dir='ltr'> </span> 
     </span>
    </p>
   </div>
   <div class='ocr_carea' id='block_1_8' title="bbox 526 3624 2453 3705">
    <p class='ocr_par' dir='ltr' id='par_1_12' title="bbox 526 3621 2453 3705">
     <span class='ocr_line' id='line_1_55' title="bbox 529 3624 2427 3662; baseline -0.001 -9"><span class='ocrx_word' id='word_1_567' title='bbox 529 3627 575 3659; x_wconf 90' lang='lat'>21]</span> <span class='ocrx_word' id='word_1_568' title='bbox 595 3626 629 3653; x_wconf 92' lang='lat'>11</span> <span class='ocrx_word' id='word_1_569' title='bbox 648 3627 720 3654; x_wconf 88' lang='lat' dir='ltr'>Par.</span> <span class='ocrx_word' id='word_1_570' title='bbox 739 3627 820 3660; x_wconf 81' lang='lat' dir='ltr'>XII,</span> <span class='ocrx_word' id='word_1_571' title='bbox 839 3629 881 3655; x_wconf 81' lang='grc'><strong>13.</strong></span> <span class='ocrx_word' id='word_1_572' title='bbox 900 3642 936 3646; x_wconf 92' lang='grc'><strong>-</strong></span> <span class='ocrx_word' id='word_1_573' title='bbox 952 3626 999 3660; x_wconf 87' lang='grc'>26]</span> <span class='ocrx_word' id='word_1_574' title='bbox 1019 3626 1095 3659; x_wconf 82' lang='lat' dir='ltr'>sup.</span> <span class='ocrx_word' id='word_1_575' title='bbox 1113 3626 1153 3661; x_wconf 85' lang='lat' dir='ltr'>X,</span> <span class='ocrx_word' id='word_1_576' title='bbox 1172 3628 1214 3654; x_wconf 87' lang='lat'>16.</span> <span class='ocrx_word' id='word_1_577' title='bbox 1230 3640 1265 3645; x_wconf 88' lang='lat'><em>-</em></span> <span class='ocrx_word' id='word_1_578' title='bbox 1279 3627 1307 3660; x_wconf 87' lang='lat'>2]</span> <span class='ocrx_word' id='word_1_579' title='bbox 1324 3626 1358 3654; x_wconf 96' lang='lat' dir='ltr'>II</span> <span class='ocrx_word' id='word_1_580' title='bbox 1373 3626 1445 3654; x_wconf 83' lang='lat' dir='ltr'>Par.</span> <span class='ocrx_word' id='word_1_581' title='bbox 1461 3627 1561 3662; x_wconf 87' lang='lat' dir='ltr'>XIII,</span> <span class='ocrx_word' id='word_1_582' title='bbox 1578 3630 1603 3654; x_wconf 78' lang='lat'>2.</span> <span class='ocrx_word' id='word_1_583' title='bbox 1619 3641 1654 3645; x_wconf 86' lang='lat'>—-</span> <span class='ocrx_word' id='word_1_584' title='bbox 1668 3627 1696 3660; x_wconf 78' lang='lat'>5]</span> <span class='ocrx_word' id='word_1_585' title='bbox 1718 3627 1750 3654; x_wconf 82' lang='grc' dir='ltr'>ΙΙ</span> <span class='ocrx_word' id='word_1_586' title='bbox 1766 3627 2013 3662; x_wconf 75' lang='lat' dir='ltr'>Reg.X1‚4,—</span> <span class='ocrx_word' id='word_1_587' title='bbox 2029 3626 2058 3661; x_wconf 75' lang='grc'>7]</span> <span class='ocrx_word' id='word_1_588' title='bbox 2077 3625 2199 3653; x_wconf 63' lang='lat' dir='ltr'>111³ar.</span> <span class='ocrx_word' id='word_1_589' title='bbox 2218 3624 2362 3658; x_wconf 67' lang='lat' dir='ltr'>X111,3.</span> <span class='ocrx_word' id='word_1_590' title='bbox 2414 3638 2427 3659; x_wconf 71' lang='lat'>,</span> 
     </span>
     <span class='ocr_line' id='line_1_56' title="bbox 526 3669 2453 3705; baseline -0.005 -7"><span class='ocrx_word' id='word_1_591' title='bbox 526 3683 561 3688; x_wconf 89' lang='lat'><strong>—</strong></span> <span class='ocrx_word' id='word_1_592' title='bbox 578 3670 606 3703; x_wconf 80' lang='lat'>8]</span> <span class='ocrx_word' id='word_1_593' title='bbox 631 3670 664 3697; x_wconf 90' lang='lat'>11</span> <span class='ocrx_word' id='word_1_594' title='bbox 685 3671 756 3698; x_wconf 89' lang='lat' dir='ltr'>Par.</span> <span class='ocrx_word' id='word_1_595' title='bbox 775 3671 866 3705; x_wconf 58' lang='lat' dir='ltr'>XIV,</span> <span class='ocrx_word' id='word_1_596' title='bbox 884 3673 905 3698; x_wconf 95' lang='lat'>1.</span> <span class='ocrx_word' id='word_1_597' title='bbox 2429 3669 2453 3687; x_wconf 43' lang='grc' dir='ltr'>’,κ</span> 
     </span>
    </p>
   </div>
  </div>
 </body>
</html>
