2391 3861
177 1468 352 1501 salutatio.

139 2040 191 2068 Pia
224 2040 373 2074 captatio

161 2086 356 2113 benevolen-

221 2129 285 2157 tiae.

179 2400 329 2428 viriliter

166 2451 262 2471 acere
281 2451 340 2476 pro

162 2487 348 2520 evangelio.

160 3166 356 3199 Depositum

168 3210 348 3238 ι·11’-ῐιι1111·1·.

168 3334 327 3362 Ῥ11ξτιῃῐιις
340 3356 347 3369 ,

148 3378 377 3410 Ηθῒῖεῑυςυυθῧ

176 3426 208 3447 rt
231 3422 342 3449 mnesi-

194 3466 326 3496 1111111115.

1171 691 1592 750 EPISTOLA

521 822 954 939 ΒΕΑΤΙ
1038 822 1437 944 PAULI
1513 791 2192 949 Apostrom

807 1029 921 1096 ΑΙ)
980 1031 1495 1102 TIMOTHEUM
1555 1035 1946 1106 SECUNDA

1304 1185 1326 1206 1»
1335 1182 1540 1207 *qk*-

1142 1342 1597 1400 EXORDIUM

760 1490 920 1534 AULUS,
940 1479 1166 1535 apostolus
1194 1479 1303 1523 Jesu
1332 1481 1494 1525 Christl
1517 1496 1595 1538 per
1615 1482 1895 1524 voluntatem
1920 1480 2019 1535 Dei,
2039 1479 2283 1523 secundum

636 1567 642 1574 .
787 1537 1123 1594 promissionem
1158 1540 1264 1583 vitae
1303 1555 1400 1596 quae
1430 1547 1496 1584 est
1527 1541 1573 1583 in
1611 1541 1785 1585 Christo
1819 1541 1949 1596 Jesu,
1983 1542 2001 1568 Ξ
2025 1539 2281 1592 Timotheo,

647 1633 660 1641 .
722 1600 728 1612 ·’
787 1597 1045 1641 charissimo
1072 1597 1177 1642 filio.
1209 1600 1387 1650 Gratia,
1418 1600 1740 1656 misericordia,
1772 1614 1862 1656 pax
1886 1615 1910 1642 a
1940 1601 2033 1644 Deo
2056 1599 2209 1655 Patre,
2239 1603 2283 1640 et,

787 1656 960 1700 Christo
986 1658 1094 1699 Jesu
1124 1659 1314 1701 Domino
1342 1666 1502 1702 nostro.

953 1796 1289 1854 CORPUS
1340 1800 1769 1855 EPISTOLAE

611 1912 633 1963 ξ
667 1909 702 1951 Ι.
729 1936 788 1940 -
811 1908 991 1951 Paulus
1018 1908 1293 1950 Timotheum«
1319 1907 1520 1949 hortatur
1544 1913 1594 1948 vuz}
1616 1908 1674 1949 sit
1685 1907 1827 1961 fortis
1852 1908 1897 1948 in
1921 1921 2107 1951 munere.

499 2024 516 2050 3
541 2024 719 2067 Gratias
754 2038 838 2079 ago
872 2026 985 2078 Deo,
1022 2022 1093 2066 cui
1129 2022 1271 2066 servio
1305 2037 1330 2064 a
1368 2021 1725 2078 progenitoribus
1759 2021 1805 2064 in
1840 2021 2112 2065 conscientia
2152 2037 2278 2081 pura,

440 2084 555 2139 quod
576 2084 671 2126 sine
696 2083 1025 2127 intermissione
1046 2081 1237 2125 habeam
1259 2081 1325 2124 tui
1347 2081 1608 2124 memoriam
1634 2080 1679 2123 in
1702 2080 1976 2124 orationibus
2003 2081 2127 2137 meis,
2152 2089 2282 2126 nocte

439 2157 491 2186 ac
525 2142 616 2198 die,
648 2142 665 2168 4
692 2142 947 2186 desiderans
984 2146 1029 2185 te
1061 2141 1232 2197 videre,
1268 2155 1436 2184 memor
1469 2140 1768 2196 lacrymarum
1804 2145 1999 2196 tuarum,
2034 2145 2083 2184 ut
2116 2141 2283 2196 gaudio

439 2202 637 2259 implear,
662 2203 678 2228 5
695 2201 1047 2246 recordationem
1068 2200 1294 2258 accipiens
1320 2200 1416 2255 ejus
1436 2199 1545 2243 'fidei
1571 2214 1669 2255 quae
1693 2204 1758 2243 est
1781 2199 1828 2242 in
1850 2205 1892 2243 te
1919 2214 2007 2243 non
2028 2200 2153 2256 ficta,
2182 2214 2282 2256 quae

440 2266 483 2304 et
508 2261 733 2305 habitavit
759 2261 952 2318 primum
973 2260 1020 2303 in
1045 2260 1146 2303 avia
1171 2265 1247 2303 tua
1275 2259 1437 2314 Loide,
1461 2264 1504 2303 et
1530 2266 1671 2302 matre
1695 2264 1768 2301 tua
1794 2259 1982 2314 Eunice,
2011 2264 2158 2302 certus
2184 2273 2281 2302 sum

438 2327 588 2364 autem
611 2321 727 2377 quod
753 2328 796 2364 et
819 2321 865 2363 in
891 2326 946 2364 te.

500 2380 516 2405 6
535 2381 720 2438 Propter
745 2395 879 2436 quam
901 2395 1080 2424 causam
1102 2380 1320 2423 admoneo
1346 2384 1390 2422 te
1413 2384 1461 2421 ut
1486 2378 1720 2422 resuscites
1745 2378 1940 2434 gratiam
1965 2378 2069 2434 Dei,
2089 2392 2187 2434 quae
2213 2382 2281 2422 est

439 2440 484 2483 in
514 2445 558 2483 te
581 2454 661 2496 per
685 2439 1015 2496 impositionem
1046 2453 1261 2482 manuum
1287 2452 1498 2481 mearum.
1530 2437 1545 2463 ⁷
1572 2438 1674 2480 Non
1701 2438 1820 2481 enim
1847 2438 1969 2481 dedit
1999 2437 2126 2481 nobis
2161 2438 2279 2481 Deus

440 2499 644 2556 spiritum
670 2499 862 2554 timoris,
890 2499 967 2542 sed
994 2499 1191 2553 virtutis,
1220 2503 1263 2540 et
1293 2496 1566 2552 dilectionis,
1591 2503 1634 2540 et
1667 2497 1931 2540 sobrietatis.
1960 2497 1977 2523 8
2000 2497 2104 2540 Noli
2129 2497 2280 2553 itaque

441 2559 696 2602 erubescere
722 2558 1028 2602 testimonium
1054 2556 1236 2601 Domini
1261 2557 1419 2611 nostri,
1451 2571 1593 2612 neque
1618 2571 1688 2599 ine
1713 2556 1914 2600 xdnctum
1941 2557 2061 2613 ejus3
2087 2556 2164 2601 sed
2189 2556 2280 2600 col-

440 2617 592 2662 labora
615 2617 869 2674 evangelio,
897 2618 1142 2661 secundum
1163 2617 1375 2660 virtutem
1404 2616 1507 2671 Dei,
1535 2615 1552 2640 9
1572 2616 1645 2672 qui
1670 2629 1749 2659 nos
1780 2615 2008 2670 liberavit,
2032 2621 2075 2659 et
2101 2615 2279 2659 vocavit

441 2678 673 2721 vocatione
703 2692 782 2721 sua
804 2683 980 2732 sancta,
1004 2691 1091 2720 non
1121 2675 1365 2720 secundum
1389 2690 1519 2732 opera
1546 2680 1716 2731 nostra,
1744 2675 1820 2719 sed
1853 2675 2099 2718 secundum
2121 2688 2279 2732 propo-

441 2737 577 2780 situm
601 2752 749 2789 suum,
778 2743 821 2780 et
843 2737 1036 2793 gratiam
1062 2751 1161 2793 quae
1185 2735 1289 2779 data
1312 2740 1376 2778 est
1402 2735 1529 2778 nobis
1551 2735 1597 2777 in
1622 2734 1796 2778 Christo
1822 2735 1930 2778 Jesu
1951 2739 2056 2777 ante
2077 2738 2278 2791 tempora

440 2796 686 2840 saecularia.
711 2795 747 2822 ¹0
768 2796 1062 2840 Manifestata
1096 2801 1162 2839 est
1195 2800 1343 2838 autem
1378 2808 1494 2837 nunc
1528 2808 1605 2851 per
1633 2793 2010 2838 illuminationem
2043 2792 2277 2838 salvatoris

441 2856 578 2899 nostri
615 2857 643 2899 J
648 2870 724 2899 esu
760 2855 944 2913 Christi,
979 2855 1054 2912 qui
1092 2854 1312 2899 destruxit
1352 2853 1531 2910 quidem
1569 2858 1777 2906 mortem,
1815 2852 2091 2896 illuminavit
2125 2855 2276 2896 autem

441 2916 581 2958 vitam
607 2920 651 2958 et
675 2915 1053 2972 incorruptionem
1074 2929 1151 2972 per
1174 2913 1482 2969 evangelium:
1510 2912 1543 2938 11
1562 2913 1609 2955 in
1636 2926 1719 2969 quo
1746 2912 1913 2970 positus
1939 2927 2044 2955 sum·
2059 2925 2139 2968 ego
2165 2925 2274 2968 prae-

442 2974 624 3030 dicator,
649 2980 693 3017 et
715 2974 955 3031 apostolus,
975 2979 1021 3018 et
1045 2974 1259 3030 magister
1281 2972 1495 3028 gentium.
1515 2971 1552 2998 11
1566 2971 1634 3016 Ob
1657 2986 1788 3028 quam
1816 2985 1997 3016 causam
2023 2971 2156 3015 etiam
2179 2970 2277 3012 haec

441 3034 597 3090 patior,
617 3033 694 3077 sed
712 3048 799 3076 non
819 3033 1083 3077 confundor.
1104 3033 1204 3077 Scio
1222 3033 1341 3075 enim
1360 3031 1429 3075 cui
1449 3031 1630 3087 credidi,
1653 3035 1695 3074 et
1718 3037 1862 3074 cert-us
1884 3045 1982 3074 sum
2000 3030 2102 3085 quia
2119 3038 2276 3085 potens

442 3099 507 3136 est
529 3092 780 3149 depositum
807 3107 954 3136 meum
979 3106 1154 3136 servare
1175 3092 1221 3134 in
1246 3092 1373 3134 illum
1400 3091 1532 3134 diem.

501 3151 539 3179 13
556 3152 765 3195 Formam
786 3151 902 3195 habe
931 3166 1138 3195 sanorum
1160 3151 1394 3195 verbor-um
1417 3164 1515 3206 quae
1536 3165 1563 3193 a
1586 3164 1655 3194 me
1675 3150 1860 3206 audisti,
1887 3150 1934 3193 in
1963 3149 2049 3192 fide
2073 3154 2117 3192 et
2137 3147 2182 3190 in
2208 3147 2276 3191 di-

441 3211 632 3254 lectione
661 3211 706 3254 in
740 3211 914 3255 Christo
940 3211 969 3254 J
973 3225 1062 3254 esu.
1086 3210 1123 3237 ¹4
1141 3210 1315 3254 Bonum
1350 3209 1599 3265 depositum
1631 3209 1801 3252 custodi
1835 3223 1912 3266 per
1938 3207 2147 3264 Spiritum
2174 3219 2275 3249 san-

443 3275 584 3325 ctum,
608 3270 681 3326 qui
703 3270 879 3313 habitat
902 3270 950 3312 in
974 3270 1114 3315 nobis,

503 3329 538 3356 ¹5
558 3330 651 3374 Scis
676 3329 780 3384 hoc,
804 3329 918 3385 quod
944 3329 1086 3373 aversi
1112 3334 1216 3372 sunt
1236 3344 1263 3371 a
1291 3341 1361 3371 me
1384 3342 1536 3371 omnes
1567 3328 1640 3383 qui
1665 3328 1712 3370 in
1737 3327 1847 3370 Asia
1871 3330 1974 3368 sunt
2000 3342 2007 3368 :
2034 3340 2087 3368 ex
2115 3325 2273 3381 quibus

443 3394 509 3432 est
534 3389 746 3445 Phigelus
780 3394 824 3432 et
857 3389 1175 3444 Hermogenes.
1200 3388 1235 3414 '¹⁶
1258 3388 1345 3430 Det
1378 3386 1727 3430 misericordiam
1762 3384 1979 3428 Dominus
2010 3384 2272 3441 Onesiphori

444 3448 616 3504 domui,
642 3448 746 3504 quia
769 3462 889 3505 saepe
910 3462 982 3491 me
1002 3446 1309 3503 refrigeravit,
1333 3451 1377 3489 et
1398 3451 1603 3490 catenam
1630 3458 1775 3488 meam
1800 3457 1888 3486 non
1911 3443 2110 3498 erubuit3
2140 3442 2174 3469 17
2193 3442 2272 3487 sed

444 3520 543 3548 cum
571 3508 757 3550 Romam
782 3506 998 3562 venisset,
1025 3506 1215 3549 sollicite
1240 3520 1310 3548 me
1337 3504 1556 3560 quaesivit,
1579 3508 1624 3547 et
1649 3501 1834 3546 invenit.
1862 3501 1896 3528 ¹⁸
1917 3502 2004 3544 Det
2023 3501 2090 3544 illi
2118 3501 2273 3546 Domi-

446 3668 473 3700 7]
494 3668 587 3694 Rom.
607 3668 710 3702 VIII,
730 3671 771 3694 15.
791 3682 823 3686 —
843 3667 872 3699 9]
891 3665 955 3693 Tit.
975 3667 1079 3702 111,.·‚.
1098 3680 1132 3686 -
1153 3666 1198 3698 11]
1218 3665 1232 3692 Ι
1252 3663 1333 3692 Tim.
1354 3663 1401 3698 11,
1420 3665 1443 3690 7.
1463 3677 1498 3682 —-
1517 3662 1563 3695 16]
1584 3661 1648 3690 Ins.
1670 3661 1786 3695 1ν,19.

2384 2028 2391 2064 l

2384 2065 2391 2085 1

2384 2090 2391 2176 l

2378 2186 2391 2228 Υ’ἒ
