2456 3861
79 3745 97 3755 ,ι

585 167 606 210 Ι
642 167 753 209 Rm.
788 166 1019 221 XXVIII,
1053 168 1078 210 8
1112 193 1169 198 —
1201 166 1379 219 XXIX,
1412 166 1452 208 ἴ).
1851 168 1934 210 283

169 339 186 365 ⁸
206 336 396 380 Mutavit
421 349 522 391 ergo
546 335 747 378 habitum
774 350 922 390 suum,
942 336 1213 391 vestitusque
1231 341 1296 379 cst
1321 335 1420 378 aliis
1446 335 1742 390 vestimentis,
1763 342 1805 378 et
1827 336 1936 378 abiit

110 397 224 453 ipse,
251 401 294 438 et
318 395 403 437 duo
422 394 503 436 viri
531 409 630 437 cum
657 409 728 444 eo,
747 400 1048 450 veneruntque
1072 394 1128 437 ad
1156 394 1384 437 mulierem
1411 402 1560 448 nocte,
1588 400 1631 437 et
1655 394 1718 436 ait
1739 394 1804 437 illi
1827 411 1835 438 :
1862 395 1936 436 Di-

110 455 214 497 vina
239 453 347 496 mihi
379 452 425 494 in
458 453 673 509 pythone,
701 460 743 496 et
771 454 936 496 suscita
962 453 1069 495 mihi
1100 468 1228 509 quem
1255 453 1406 496 dixero
1440 453 1534 496 tibi.
1561 453 1579 479 ⁰
1598 455 1653 496 Et
1685 453 1748 495 ait
1781 453 1937 496 mulier

109 513 165 556 ad
191 527 321 556 eum:
352 513 464 554 Ecce
490 521 536 554 tu
564 512 676 555 nosti
704 518 868 567 quanta
901 513 1060 555 fecerit
1091 512 1217 566 Saul,
1245 518 1288 555 et
1319 512 1536 568 quomodo
1571 512 1750 555 eraserit
1785 527 1935 567 magos

110 579 154 615 et
183 570 343 614 ariolos
370 571 423 614 de
449 576 592 625 te1·ra;
621 585 752 626 quare
782 585 884 624 ergo
910 571 1131 613 insidiaris
1168 571 1330 613 animae
1366 586 1475 615 meae
1507 577 1554 614 ut
1587 571 1796 614 occidar?
1827 571 1859 597 ¹0
1884 573 1937 614 Et

109 630 277 687 juravit
302 630 340 673 ei
362 630 466 673 Saul
491 630 536 671 in
565 629 776 683 Domino,
803 629 954 671 dicens
974 646 981 672 :
1005 629 1126 671 Vivit
1155 630 1393 673 Dominus!
1421 630 1522 685 quia
1548 645 1634 673 non
1658 630 1830 673 eveniet
1857 630 1936 672 tibi
1959 660 1964 665 -

109 689 350 745 quidquam
377 687 482 730 mali
508 693 684 744 propter
709 688 822 730 hanc
848 702 952 730 rem.
981 687 1009 713 ¹¹
1032 687 1244 742 Dixitque
1266 689 1303 730 01
1332 689 1488 732 111111101·
1509 706 1517 732 :
1543 690 1682 739 Quem
1715 689 1936 732 suscitabo

108 747 224 790 tibi?
263 747 343 798 Qui
381 747 444 789 ait
481 763 489 790 :
526 745 778 789 Samuelem
811 745 919 788 mihi
957 746 1134 788 suscita.
1172 746 1205 771 ¹'2
1230 748 1341 788 Cum
1374 754 1523 790 autem
1561 748 1745 791 vidisset
1783 748 1939 790 mulier

111 806 381 859 Samuelem,
409 804 679 848 exclamavit
707 818 814 847 voce
847 818 1010 859 magna
1039 810 1082 847 et
1115 804 1229 847 dixit
1260 805 1316 847 ad
1351 806 1455 849 Saul
1481 823 1490 848 ,·.
1524 807 1665 856 Quare
1690 807 1937 863 imposuisti

111 865 253 907 mihi?
280 870 326 906 tu
353 878 397 907 es
420 863 538 906 enim
562 863 681 906 Saul.
712 862 744 889 ¹3
764 863 975 919 Dixitque
1001 863 1039 906 ei
1065 877 1170 906 rex:
1200 863 1302 906 Noli
1329 864 1497 908 timere.
1524 865 1636 915 Quid
1663 865 1850 908 vidisti?
1884 867 1940 907 Et

109 924 172 966 ait
199 923 354 965 mulier
375 922 431 965 ad
456 921 559 966 Saul
581 938 589 965 :
618 923 733 965 Deos
755 922 847 965 vidi
871 922 1161 965 ascendentes
1184 922 1238 965 de
1259 927 1387 965 terra.
1409 923 1443 949 ’11
1463 924 1674 979 Dixitque
1701 924 1739 967 ei
1759 941 1766 968 :
1790 924 1938 975 Qualis

110 987 176 1026 est
200 982 346 1025 forma
372 980 502 1036 ejus?
529 980 635 1030 Quae
661 981 724 1023 ait
747 997 754 1024 :
781 981 863 1023 Vir
887 995 1020 1024 senex
1045 981 1267 1036 ascendit,
1300 987 1342 1025 et
1366 982 1460 1039 ipse
1484 983 1673 1025 amictus
1700 989 1765 1026 est
1791 983 1939 1040 pallio.

110 1042 169 1084 Et
192 1040 414 1083 intellexit
440 1039 543 1084 Saul
569 1039 685 1095 quod
709 1040 888 1083 Samuel
915 1045 1048 1095 esset,
1076 1045 1119 1084 et
1143 1040 1379 1084 inclinavit
1407 1055 1453 1084 se
1478 1056 1608 1098 super
1628 1041 1794 1085 faciem
1816 1057 1938 1084 suam

109 1100 156 1143 in
185 1105 321 1154 terra,
355 1105 398 1142 et
429 1099 645 1142 adoravit.
674 1099 708 1125 1⁵
728 1099 854 1141 Dixit
882 1104 1032 1142 autem
1063 1099 1239 1143 Samuel
1263 1100 1319 1142 ad
1347 1100 1451 1144 Saul
1477 1117 1485 1144 :
1516 1101 1658 1151 Quare
1685 1100 1940 1155 inquietasti

111 1173 181 1202 me
213 1164 262 1200 ut
293 1158 561 1202 suscitarer?
601 1159 656 1201 Et
692 1158 755 1201 ait
797 1158 931 1202 Saul:
969 1159 1177 1202 Coarctor
1212 1158 1370 1215 nimis3
1411 1159 1631 1215 siquidem
1668 1159 1942 1201 Philisthiim

110 1223 312 1276 pugnant
344 1218 580 1261 adversum
610 1231 700 1272 me,
735 1222 778 1260 et
809 1219 926 1260 Deus
960 1218 1140 1260 recessit
1171 1233 1197 1260 a
1230 1232 1322 1273 me,
1356 1223 1399 1262 et
1435 1218 1644 1262 exaudire
1677 1233 1746 1261 me
1779 1218 1940 1272 noluit,

111 1291 252 1333 neque
276 1276 321 1319 in
348 1291 482 1319 manu
515 1277 850 1333 prophetarum,
884 1290 1024 1332 neque
1057 1291 1133 1333 per
1164 1277 1534 1332 somnia3vocavi
1549 1291 1654 1333 ergo
1671 1282 1728 1332 te,
1741 1282 1790 1319 ut
1805 1282 1945 1319 osten-

112 1336 236 1379 deres
262 1335 371 1378 mihi
397 1335 502 1391 quid
523 1335 704 1378 faciam.
736 1334 768 1361 ¹⁶
791 1336 847 1378 Et
870 1335 934 1378 ait
961 1336 1138 1379 Samuel
1163 1353 1172 1379 :
1195 1335 1310 1386 Quid
1334 1336 1580 1389 interrogas
1606 1350 1700 1390 me,
1728 1350 1829 1378 cum
1856 1336 1943 1378 Do-

112 1395 258 1437 minus
285 1394 512 1438 recesserit
536 1409 561 1437 a
587 1401 649 1449 te,
678 1400 720 1437 et
745 1394 968 1437 transierit
992 1395 1049 1437 ad
1077 1394 1288 1437 aemulum
1312 1395 1468 1439 tuum?
1492 1394 1525 1421 ¹7
1543 1395 1697 1437 Faciet
1722 1394 1841 1437 enim
1863 1394 1941 1436 tibi

115 1454 331 1498 Dominus
350 1454 464 1496 sicut
489 1453 662 1496 locutus
685 1458 750 1496 est
771 1453 817 1495 in
839 1467 972 1495 manu
991 1468 1089 1496 mea
1106 1489 1114 1508 ,
1136 1459 1178 1496 et
1196 1453 1368 1496 scindet
1385 1468 1572 1509 regnum
1589 1460 1714 1496 tuum
1738 1453 1791 1496 de
1811 1467 1943 1495 manu

112 1518 209 1568 tua,
237 1519 280 1555 et
305 1512 429 1555 dabit
453 1512 565 1554 illud
590 1512 790 1568 proximo
816 1517 892 1554 tuo
921 1512 1089 1567 David,
1110 1512 1144 1538 13
1160 1512 1261 1568 quia
1287 1526 1373 1555 non
1400 1512 1589 1555 obedisti
1614 1512 1713 1555 voci
1742 1511 1943 1564 Domini,

113 1586 253 1628 neque
278 1570 428 1614 fecisti
453 1571 565 1613 iram
590 1570 753 1614 furoris
780 1570 876 1627 ejus
900 1571 948 1613 in
973 1571 1159 1614 Amalec
1179 1588 1188 1626 ς
1215 1570 1381 1614 idcirco
1408 1572 1523 1627 quod
1544 1571 1707 1628 pateris
1728 1570 1839 1613 fecit
1865 1570 1944 1612 tibi

114 1630 332 1675 Dominus
357 1629 502 1673 hodie.
530 1629 566 1655 19
584 1630 642 1672 Ε1
668 1629 793 1672 dabit
827 1629 1044 1673 Dominus
1078 1630 1213 1673 etiam
1246 1630 1386 1673 Israel
1419 1636 1568 1674 tecum
1596 1630 1642 1672 in
1665 1643 1823 1673 manus
1843 1629 1945 1671 Phi-

112 1689 324 1744 listhiim3
354 1703 448 1732 cras
474 1694 625 1732 autem
650 1694 697 1731 tu
724 1694 767 1731 et
791 1689 871 1731 filii
896 1689 961 1731 tui
987 1704 1163 1732 mecum
1189 1689 1330 1744 eritis,
1356 1689 1433 1732 sed
1459 1695 1502 1732 et
1531 1694 1675 1732 castra
1700 1688 1840 1732 Israel
1861 1693 1946 1730 tra-

113 1748 187 1791 det
215 1748 431 1792 Dominus
455 1747 503 1790 in
528 1762 685 1791 manus
708 1748 994 1791 Philisthiim.
1017 1748 1054 1774 2⁰
1071 1748 1319 1803 Statimque
1345 1748 1448 1792 Saul
1471 1748 1632 1791 cecidit
1657 1753 1880 1805 porrectus
1902 1747 1948 1789 in
1975 1789 1979 1792 .

112 1812 300 1862 terram3
337 1808 603 1850 extimuerat
629 1807 747 1850 enim
771 1808 906 1850 verba
939 1807 1178 1862 Samuelis,
1209 1812 1252 1850 et
1280 1808 1411 1850 robur
1439 1822 1526 1851 non
1560 1812 1653 1850 erat
1684 1807 1731 1849 in
1764 1821 1827 1864 eo,
1848 1806 1947 1863 quia

113 1881 201 1910 non
223 1867 476 1910 comederat
497 1881 659 1923 panem
680 1872 773 1910 tota
799 1867 871 1909 die
895 1867 987 1910 illa.

172 1925 205 1951 ‘2¹
226 1926 433 1981 Ingressa
458 1931 524 1969 est
548 1926 698 1981 itaque
720 1926 878 1969 mulier
897 1926 976 1969 illa
1001 1927 1057 1970 ad
1085 1926 1209 1981 Saul,
1234 1927 1522 1970 conturbatus
1547 1926 1667 1970 enim
1685 1932 1778 1970 erat
1797 1926 1946 1975 valde,

113 1985 314 2041 dixitque
338 1985 395 2027 ad
422 1999 523 2028 eum
547 2002 556 2029 :
583 1985 700 2028 Ecce
726 1985 924 2028 obedivit
952 1986 1117 2029 ancilla
1142 1991 1218 2029 tua
1244 1986 1342 2029 voci
1375 1991 1485 2041 tuae,
1520 1991 1563 2029 et
1595 1986 1720 2042 posui
1753 1985 1949 2028 animam

114 2058 260 2087 meam
292 2044 339 2086 in
372 2059 506 2087 manu
540 2059 658 2100 mea,
689 2049 732 2087 et
763 2044 916 2087 audivi
949 2059 1171 2089 sermones
1204 2050 1302 2088 tuos
1336 2060 1443 2101 quos
1476 2045 1648 2088 locutus
1683 2060 1727 2088 es
1759 2045 1816 2087 ad
1850 2058 1947 2097 111ος

114 2102 151 2128 2‘2
168 2118 285 2146 nunc
313 2103 451 2159 igitur
478 2103 583 2146 audi
609 2109 652 2146 et
676 2108 724 2146 tu
749 2118 905 2147 vocem
932 2104 1109 2147 ancillae
1131 2110 1241 2157 tuae,
1269 2109 1311 2147 et
1339 2119 1503 2161 ponam
1533 2119 1681 2148 coram
1706 2110 1750 2148 te
1774 2103 1948 2146 buccel-

114 2162 205 2205 lam
230 2162 378 2219 panis,
398 2168 447 2205 ut
472 2163 707 2205 comedens
733 2163 1038 2219 convalescas,
1063 2169 1106 2206 et
1130 2164 1270 2221 possis
1295 2164 1380 2207 iter
1403 2178 1548 2219 agere.
1567 2163 1604 2190 23
1618 2163 1700 2214 Qui
1723 2163 1888 2215 renuit,
1908 2167 1950 2205 et

114 2221 202 2264 ait:
223 2222 323 2264 Non
346 2221 590 2265 comedam.
614 2221 862 2277 Coegerunt
886 2228 1037 2266 autem
1058 2237 1160 2266 eum
1185 2223 1299 2266 servi
1325 2223 1392 2265 sui
1416 2228 1458 2266 et
1480 2223 1650 2277 mulier,
1678 2228 1720 2266 et
1746 2222 1948 2275 tandem,

114 2280 268 2323 audita
298 2294 405 2323 voce
443 2295 614 2335 eorum,
647 2280 838 2326 surrexit
874 2281 928 2324 de
963 2287 1099 2336 terra,
1131 2287 1174 2325 et
1209 2282 1324 2325 sedit
1356 2296 1487 2339 super
1519 2282 1698 2327 lectum.
1721 2280 1770 2318 *24
1791 2280 1951 2323 Mulier

114 2345 265 2382 autem
297 2339 376 2382 illa
408 2339 602 2382 habebat
627 2339 819 2381 vitulum
848 2340 1103 2396 pascualem
1135 2340 1182 2382 in
1208 2341 1360 2396 domo,
1388 2346 1431 2384 et
1459 2341 1693 2384 festinavit
1721 2345 1763 2383 et
1788 2339 1951 2383 occidit

116 2412 242 2453 eum,
273 2398 520 2454 tollensque
545 2399 742 2441 farinam
768 2399 947 2442 miscuit
969 2414 1087 2454 eam,
1115 2405 1157 2442 et
1184 2400 1304 2443 coxit
1335 2415 1515 2456 azyma,
1551 2399 1587 2426 25
1609 2405 1652 2443 et
1677 2399 1823 2457 posuit
1848 2404 1950 2441 ante

117 2457 221 2501 Saul
246 2464 289 2501 et
314 2463 417 2500 ante
445 2471 590 2501 servos
613 2457 725 2513 ejus.
744 2457 826 2508 Qui
853 2472 954 2501 curn
977 2458 1272 2501 comedissent
1297 2464 1600 2514 surrexerunt,
1628 2465 1670 2502 et
1695 2458 1950 2501 ambulave-

115 2519 218 2560 runt
243 2530 319 2573 per
344 2521 484 2560 totam
506 2522 682 2560 noctem
706 2516 845 2559 illam.

266 2628 288 2680 ξ
315 2625 375 2668 ΙΙ.
398 2650 457 2658 -
482 2626 677 2668 Davidis
701 2626 887 2669 victoria
911 2625 964 2668 de
987 2625 1251 2668 Amalecitis
1267 2644 1286 2681 ;
1311 2625 1466 2669 Saulis
1490 2641 1605 2669 mors
1629 2627 1804 2669 misera.

176 2719 283 2763 CAP.
310 2720 481 2762 XXIX.
500 2746 558 2752 —-
579 2719 592 2745 1
610 2720 888 2776 Congregata
914 2724 1016 2762 sunt
1042 2733 1145 2775 ergo
1172 2720 1445 2763 Philisthiim
1470 2720 1675 2763 universa
1700 2719 1880 2775 agmina
1906 2719 1951 2761 in

117 2779 297 2834 Aphec3
326 2779 402 2821 sed
429 2784 472 2821 et
498 2779 638 2821 Israel
664 2783 1003 2822 castrametatus
1029 2784 1095 2821 est
1124 2793 1254 2835 super
1277 2779 1451 2822 fontem
1473 2779 1547 2835 qui
1574 2784 1666 2822 erat
1691 2779 1737 2821 in
1764 2779 1791 2821 J
1797 2778 1950 2822 ezrael.

117 2836 135 2862 2
159 2837 218 2880 Et
254 2844 444 2894 satrapae
479 2837 658 2893 quidem
697 2837 970 2880 Philisthiim
1006 2837 1274 2880 incedebant
1309 2838 1355 2880 in
1393 2838 1602 2881 centuriis
1640 2843 1683 2881 et
1724 2837 1949 2891 millibus,

119 2896 266 2939 David
292 2903 443 2940 autem
473 2902 515 2939 et
540 2896 623 2939 viri
650 2898 746 2953 ejus
773 2901 897 2940 erant
921 2896 967 2938 in
993 2896 1234 2940 novissimo
1261 2897 1440 2953 agmine
1475 2912 1576 2940 cum
1603 2897 1754 2942 Achis.
1782 2896 1800 2923 3
1818 2896 1950 2939 Dixe-

117 2960 306 3011 runtque
339 2956 559 3012 principes
594 2956 866 2999 Philisthiim
896 2955 952 2998 ad
979 2955 1117 2998 Achis
1143 2973 1151 2999 :
1178 2956 1292 3007 Quid
1325 2956 1409 2999 sibi
1436 2956 1592 2999 volunt
1627 2956 1808 2999 Hebraei
1841 2955 1951 2998 isti?

118 3013 178 3056 Et
205 3014 268 3056 ait
293 3015 430 3057 Achis
463 3015 520 3057 ad
553 3015 773 3072 principes
805 3014 1077 3057 Philisthiim
1107 3031 1115 3059 :
1150 3016 1270 3058 Num
1301 3015 1515 3071 ignoratis
1551 3015 1723 3069 David,
1757 3015 1831 3070 qui
1863 3014 1951 3057 fuit

118 3086 270 3116 servus
298 3073 421 3128 Saul,
448 3074 565 3130 regis
591 3074 750 3129 Israel,
775 3080 818 3117 et
844 3078 908 3116 est
929 3073 1047 3130 apud
1070 3088 1140 3117 me
1166 3074 1317 3117 multis
1344 3074 1498 3118 diebus
1524 3074 1594 3118 vel
1619 3074 1767 3129 annis,
1796 3079 1838 3117 et
1865 3088 1951 3116 non

118 3131 268 3175 inveni
294 3133 340 3175 in
363 3147 413 3176 eo
439 3133 681 3189 quidquam
706 3148 760 3177 ex
782 3133 853 3176 die
875 3147 960 3188 qua
982 3133 1227 3189 transfugit
1252 3134 1308 3176 ad
1335 3148 1404 3177 me
1426 3148 1563 3190 usque
1588 3133 1644 3176 ad
1667 3133 1785 3176 diem
1807 3132 1951 3175 hanc?

119 3189 264 3233 4Irati
290 3198 392 3235 sunt
424 3197 574 3234 autem
606 3192 817 3235 adversus
856 3205 956 3234 eum
989 3192 1209 3249 principes
1237 3192 1531 3249 Philisthiim,
1562 3198 1605 3236 et
1638 3192 1844 3235 dixerunt
1878 3191 1916 3234 ei
1942 3207 1950 3234 :

122 3249 385 3294 Revertatur
409 3251 477 3293 vir
500 3251 604 3306 iste,
632 3257 675 3294 et
699 3251 852 3295 sedeat
876 3250 923 3293 in
948 3250 1043 3294 loco
1069 3265 1147 3294 suo
1171 3251 1217 3294 in
1244 3266 1328 3307 quo
1355 3252 1624 3295 constituisti
1651 3265 1772 3305 eum,
1800 3256 1842 3293 et
1865 3264 1951 3292 non

120 3307 361 3353 descendat
389 3309 621 3353 nobiscum
653 3310 699 3353 in
725 3310 950 3368 praelium,
977 3324 1032 3353 ne
1061 3310 1138 3353 fiat
1163 3311 1289 3354 nobis
1315 3311 1593 3354 adversarius
1627 3324 1727 3353 cum
1761 3308 1951 3365 praeliari

121 3369 407 3425 coeperimus3
436 3369 653 3424 quomodo
684 3370 803 3412 enim
835 3368 964 3412 aliter
992 3369 1153 3426 poterit
1185 3369 1361 3426 placare
1387 3370 1618 3413 dominum
1643 3382 1770 3411 suum
1797 3367 1881 3409 nisi
1905 3367 1951 3410 in

122 3426 342 3483 capitibus
361 3427 551 3471 nostris?
566 3428 584 3454 5
602 3429 760 3471 Nonne
777 3428 860 3471 iste
883 3433 949 3471 est
968 3428 1114 3471 David
1138 3429 1207 3471 cui
1228 3429 1471 3472 cantabant
1491 3429 1538 3471 in
1560 3427 1702 3471 choris
1722 3426 1918 3469 dicentes
1940 3441 1950 3469 z

646 3487 869 3530 Percussit
895 3486 999 3531 Saul
1023 3487 1070 3530 in
1096 3487 1292 3530 millibus
1320 3488 1430 3538 suis,

626 3552 668 3590 et
696 3545 841 3590 David
866 3545 913 3588 in
935 3545 1089 3589 decem
1115 3546 1311 3589 millibus
1337 3546 1457 3589 suis‘,>

125 3659 173 3691 15]
192 3659 293 3686 Eccli.
311 3660 421 3688 XLVI
435 3681 442 3697 ,
457 3664 502 3690 23.
519 3677 555 3680 —
572 3663 601 3695 4]
622 3663 635 3689 Ι
656 3662 727 3689 Par.
745 3661 814 3688 XII
826 3681 834 3694 ‚
853 3663 898 3689 19.

2086 2732 2191 2761 David

2054 2784 2096 2805 ex
2115 2776 2186 2805 acie
2203 2784 2223 2805 a

2036 2820 2244 2849 Philisthaeis

2046 2866 2228 2898 retegatur.
