2391 3861
813 117 886 160 111
922 117 1059 160 Esne.
1096 117 1147 164 V,
1180 118 1236 160 47
1271 141 1330 149 -——
1363 117 1448 170 vi,
1487 118 1551 160 17.
2182 121 2232 163 7*

1129 315 1153 371 s
1186 315 1249 359 11.

172 425 208 452 ⁴⁷
230 434 399 466 Instante
422 432 552 463 autem
580 429 736 469 septimo
760 437 895 466 mense.
920 438 1078 469 cumque
1099 433 1222 463 essent
1246 429 1313 462 fllii
1335 430 1452 463 Israel
1480 429 1730 468 unusquisque
1751 428 1791 460 ln
1814 430 1888 461 suis
1911 430 2030 470 rebus,
2053 437 2231 463 convene-

120 487 211 517 runt
239 485 435 517 unanimes
452 486 491 513 in
515 482 666 519 atrium,
693 480 791 518 quod
813 485 894 512 erat
918 488 1007 512 ante
1030 482 1182 519 juniiaiu
1209 482 1440 514 orientalem.
1467 473 1504 499 ⁴⁸
1522 481 1571 513 Et
1591 483 1737 513 stantes
1758 480 1877 518 Jews,
1902 482 1998 513 filius
2017 482 2178 521 Joscdec,
2193 482 2234 515 et

120 537 257 568 fratres
289 536 369 574 eius
396 533 628 572 sacerdotes,
659 534 698 564 et
730 531 952 571 zorobabel,
980 533 1078 564 iilius
1107 533 1306 573 Salatliiel,
1339 535 1378 566 et
1395 535 1507 573 hujus
1520 534 1679 573 tratres,
1712 538 1941 572 paraverunt
1967 534 2108 573 altare,
2133 525 2170 551 ⁴⁹
2190 534 2234 566 ut

120 588 299 620 offerrent
331 593 441 624 super
474 584 568 616 illud
602 584 923 623 holocautomata,
957 585 1159 616 secundnm
1184 593 1268 623 quse
1300 585 1339 616 ln
1374 585 1469 616 libro
1497 584 1631 624 Moysi,
1659 583 1820 616 hominis
1853 583 1939 623 Dei,
1967 585 2107 624 scripta
2135 586 2234 617 sunt.

122 630 157 657 ²⁵⁰
178 638 224 669 Et
251 641 506 669 convenerunt
530 635 586 668 ibi‘
605 643 651 668 ex
675 636 760 667 aliis
785 634 997 667 nationibus
1024 640 1156 675 terrm,
1181 642 1220 668 et
1245 639 1444 668 erexerunt
1468 637 1676 668 sacrarium
1701 637 1741 668 in
1768 636 1846 667 loco
1865 643 1933 667 suo
1953 644 2078 668 omnes
2106 638 2234 676 gentes

119 693 254 728 terrae,
284 691 323 721 et
354 689 562 720 offerebant
595 687 760 726 hostias,
788 690 828 719 et
852 687 1159 719 holocautomata
1190 688 1347 719 Domino
1374 690 1573 720 matutina.
1599 680 1630 707 51
1651 688 1699 720 Et
1718 690 1878 727 egerunt
1901 688 2174 728 scenopegiam,
2196 690 2235 720 et

118 741 213 774 diem
235 744 446 779 solemnem,
472 741 570 771 sicut
595 745 821 779 praeceptum
849 741 905 770 est
926 739 965 770 in
988 741 1076 778 iege,
1101 741 1139 771 et
1163 739 1344 771 sacrificia
1369 739 1543 778 quotidie,
1570 739 1665 772 sicut
1689 739 1912 779 oportebat3
1935 731 1970 757 62
1988 742 2026 772 et
2050 742 2130 780 post
2155 739 2235 772 naec

119 792 322 825 oblationes
357 791 572 830 institutas,
608 793 648 823 et
680 791 821 822 hostias
857 791 1120 830 sabbatorum,
1153 796 1191 823 et
1224 793 1528 830 neomeniarum,
1564 794 1602 824 et
1636 792 1782 824 dierum
1815 792 2035 823 solemnium
2070 791 2241 823 omnium¹

119 843 435 877 sanctificatorum
483 835 518 862 ⁵³
541 843 590 874 Et
622 844 810 882 quotquot
841 842 1029 875 vovebant
1063 842 1216 874 Domino
1248 851 1269 874 a
1301 842 1493 875 neomenia
1518 844 1665 882 septimi
1691 844 1845 882 mensis,
1869 844 2063 882 coeperunt
2095 843 2236 875 hostias

119 897 254 929 offerre
280 895 377 935 Deo3
403 897 443 927 et
471 896 650 934 templum
683 893 829 926 Domini
853 894 1018 926 nondun·
1045 898 1130 933 erat
1158 895 1396 927 aedificatum.
1425 887 1457 912 54
1479 895 1526 926 Et
1552 896 1734 927 dederunt
1759 894 1954 934 pecuniam
1984 894 2173 934 lapidariis
2197 896 2235 927 et

118 949 255 987 fabris,
276 951 315 980 et
338 951 468 987 potum
487 950 526 978 et
546 947 683 986 pabula
708 954 794 978 cum
818 945 965 985 gaudio.
993 938 1029 964 55
1048 947 1096 978 Et
1119 947 1308 979 dederunt
1331 954 1442 978 carra
1471 946 1631 979 Sidoniis
1654 951 1693 979 et
1718 946 1858 986 Tyriis,
1880 951 1924 978 ut
1948 947 2237 979 transveherent

118 1000 192 1032 illis
213 1000 258 1032 de
281 1000 420 1031 [albano
443 998 568 1031 trabes
593 1000 772 1036 cedrinas,
788 1002 827 1030 et
847 998 1016 1030 facerent
1036 1001 1135 1031 rates
1156 999 1195 1030 in
1215 998 1334 1038 Joppe
1355 1000 1478 1038 portu,
1503 999 1705 1031 secundum
1723 1000 1915 1031 decretum
1935 1000 2034 1038 quod
2057 997 2238 1038 scriptum

117 1055 200 1085 erat.
224 1052 276 1084 eis
298 1059 320 1083 a
342 1051 456 1090 Cyro,
482 1057 568 1089 rege
597 1050 809 1083 Persarum.

172 1094 208 1122 56
229 1103 279 1135 Et
307 1105 346 1134 in
368 1103 530 1135 secundo
555 1110 653 1134 anno
674 1101 864 1135 venientes
884 1102 923 1134 in
943 1103 1127 1142 templum
1155 1102 1222 1135 Dei
1243 1103 1284 1134 ln
1308 1103 1538 1142 Jerusalem,
1565 1110 1691 1135 mense
1715 1104 1892 1142 seeundo,
1914 1101 2104 1134 inchoavit
2129 1103 2236 1134 Zoro-

118 1155 236 1195 babel,
260 1155 359 1187 filius
383 1153 577 1193 salathiel,
600 1156 640 1186 et
668 1154 792 1193 dos-ue,
814 1154 908 1186 filius
928 1155 953 1187 J
956 1155 1095 1195 osedec,
1114 1157 1155 1187 et
1180 1155 1319 1187 fratres
1342 1155 1523 1194 ipsorum,
1549 1157 1589 1186 et
1609 1155 1817 1186 sacerdotes
1840 1157 1878 1186 et
1900 1154 2037 1189 levitae.
2056 1156 2096 1186 et
2113 1162 2238 1186 omues

117 1207 181 1248 qui
213 1209 399 1240 venerant
431 1207 476 1238 de
510 1206 734 1245 captivitate
766 1207 807 1238 in
839 1206 1069 1247 Jerusalem;
1104 1199 1138 1225 5⁷
1167 1207 1206 1239 et
1238 1207 1498 1238 fundaverunt
1526 1207 1708 1246 templum
1736 1206 1824 1244 Del,
1860 1205 2054 1238 novilunio
2088 1206 2236 1238 secundi

118 1258 254 1292 mensis
277 1259 430 1291 secundi
464 1259 553 1290 anni
583 1266 668 1290 cum
696 1259 887 1290 venissent
914 1257 953 1290 111
985 1259 1158 1291 audaeam
1182 1260 1221 1291 et
1249 1258 1471 1291 Jerusalem.
1499 1250 1534 1276 5⁸
1556 1258 1605 1290 Et
1633 1260 1854 1290 statuerunt
1885 1257 2019 1290 levitas
2050 1266 2072 1289 a
2103 1257 2238 1297 viginti

117 1311 244 1351 annis,
268 1318 380 1350 super
405 1319 518 1350 opera
545 1309 717 1350 l)omini;
740 1312 781 1342 et
806 1310 913 1342 stetit
933 1310 1044 1343 Jesus
1071 1313 1109 1343 et
1131 1310 1229 1343 filius
1259 1311 1355 1350 ejus,
1375 1311 1414 1343 et
1442 1310 1579 1342 fratres
1603 1317 1730 1342 omnes
1758 1310 1883 1342 levitae
1907 1309 2178 1349 conspirantes,
2200 1314 2239 1342 et

118 1365 332 1396 executores
357 1362 464 1402 legis,
489 1363 667 1395 facientes
687 1370 799 1402 opera
823 1363 862 1394 in
890 1363 1002 1394 domo
1027 1362 1187 1395 Domini.
1221 1354 1257 1380 ⁵9
1283 1363 1332 1394 Et
1355 1364 1546 1394 steterunt
1571 1363 1781 1394 sacerdotes
1805 1361 1984 1394 habentes
2011 1362 2127 1393 stolas
2155 1369 2236 1393 cum

119 1415 232 1455 tubis,
260 1418 299 1447 et
328 1415 462 1454 levitae,
486 1415 556 1446 filil
584 1414 723 1454 Asapln
748 1414 929 1447 habentes
955 1415 1138 1455 cymbala,
1172 1406 1209 1432 ⁶⁰
1234 1415 1491 1447 collaudantes
1521 1414 1730 1453 Dominum,
1756 1415 1794 1446 et
1831 1414 2088 1446 benedicentes
2114 1421 2239 1446 secun-

119 1467 208 1500 dum
239 1467 380 1506 David,
405 1475 529 1505 regem
553 1467 691 1505 Israel;
718 1457 749 1484 ⁶¹
767 1468 804 1498 et
827 1467 1035 1499 cantabant,
1059 1466 1247 1499 canticum
1279 1466 1457 1506 Domino,
1482 1467 1657 1505 quoniam
1683 1466 1837 1498 dulcedo
1860 1466 1957 1505 eius,
1987 1468 2025 1497 et
2053 1465 2174 1497 honor
2201 1465 2238 1497 in

118 1520 251 1551 saecula
270 1525 383 1557 super
402 1526 548 1550 omnem
577 1518 707 1550 Israel.
734 1508 770 1536 ⁶2
789 1518 838 1550 Et
862 1520 982 1551 omnis
1009 1520 1169 1558 populus
1194 1518 1286 1551 tuba
1314 1517 1541 1558 cecinerunt,
1567 1521 1604 1550 et
1625 1519 1955 1558 proclamaverunt
1979 1524 2066 1550 voce
2089 1523 2244 1557 magna,

118 1571 372 1603 collaudantes
395 1571 596 1602 Dominum
617 1569 655 1601 in
675 1569 918 1602 suscitatione
938 1571 1068 1602 demus
1097 1570 1254 1603 Domini.

170 1613 206 1640 ⁶³
225 1621 274 1653 Et
299 1623 483 1653 venerunt
507 1629 553 1653 ex
572 1620 826 1653 sacerdotibus
851 1625 890 1653 et
915 1622 1051 1660 levitis,
1071 1627 1111 1654 et
1138 1622 1427 1661 praesidentibus
1452 1623 1654 1655 secundum
1683 1629 1795 1662 pagos
1819 1621 2038 1660 senioribus,
2061 1620 2126 1660 qui
2142 1621 2240 1654 vide-

117 1676 206 1706 rant
228 1672 428 1712 pristinam
453 1673 631 1712 domum;
657 1663 693 1690 64
711 1674 750 1704 et
777 1673 824 1704 ad
851 1672 964 1711 hujus
996 1674 1278 1705 aedificationem
1310 1682 1394 1705 cum
1427 1676 1587 1706 clamore
1614 1675 1652 1706 et
1687 1675 1844 1713 planctu
1868 1681 2025 1712 magno,
2058 1675 2096 1704 et
2129 1674 2239 1705 multi

117 1733 202 1758 cum
222 1725 322 1757 tubis
354 1728 394 1757 et
422 1725 558 1764 gaudio
583 1732 737 1763 magno,
768 1715 805 1742 65
823 1724 864 1756 in
887 1726 1038 1760 tantum
1061 1727 1104 1756 ut
1125 1726 1283 1764 populus
1305 1733 1382 1757 non
1405 1726 1553 1758 audiret
1576 1726 1686 1758 tubas
1711 1729 1864 1765 propter
1888 1725 2080 1763 planctum
2100 1725 2238 1764 populi.

118 1778 243 1809 Turba
262 1777 361 1809 enim
390 1778 474 1809 erat
493 1775 595 1808 tubis
619 1784 753 1808 canens
774 1777 988 1816 magnifice,
1010 1778 1063 1809 ita
1084 1779 1127 1809 ut
1147 1778 1256 1816 longe
1279 1776 1486 1810 audiretur.

170 1820 207 1846 ⁶⁶
233 1829 281 1861 Et
305 1829 511 1861 audierunt
535 1827 674 1860 inimici
699 1827 820 1860 tribus
847 1828 976 1868 Judae,
1008 1835 1046 1860 et
1075 1828 1288 1868 Beniamin,
1317 1830 1356 1861 et
1381 1832 1566 1862 venerunt
1597 1829 1689 1862 scire
1718 1837 1803 1867 quae
1830 1829 1926 1861 esset
1949 1836 2023 1860 vox
2051 1827 2239 1861 tubarum.

120 1872 154 1898 67
173 1881 222 1913 Et
242 1882 496 1920 cognoverunt
520 1880 697 1920 quoniam
722 1880 787 1919 qul
811 1882 922 1912 erant
940 1889 986 1912 ex
1011 1881 1254 1920 captivitate,
1279 1882 1468 1913 aedificant
1488 1882 1670 1921 templum
1697 1881 1855 1913 Domino
1879 1879 1955 1912 Deo
1980 1880 2106 1912 Israel.
2137 1871 2173 1898 ⁶⁸
2190 1880 2240 1912 Et

119 1933 334 1965 accedentes
360 1933 409 1964 ad
437 1932 640 1964 zorobabel
665 1935 704 1964 et
720 1932 744 1964 J
747 1939 861 1973 esum,
881 1933 1103 1972 praepositos
1121 1940 1315 1973 pagorum,
1341 1933 1521 1965 dixerunt
1545 1933 1595 1965 eis
1616 1943 1625 1965 :
1646 1932 1925 1965 AEdificabimus
1941 1940 2017 1963 una
2036 1931 2239 1965 vobiscum.

121 1976 156 2003 ⁶⁹
173 1985 356 2018 Similiter
379 1985 480 2016 enim
507 1984 720 2016 audivimus
752 1984 952 2016 Dominum
977 1986 1166 2024 vestrum,
1198 1987 1235 2016 et
1265 1983 1334 2024 ipsi
1362 1986 1508 2025 pariter
1540 1985 1744 2017 incedimus
1772 1993 1794 2016 a
1827 1984 1955 2016 diebus
1987 1983 2240 2024 Asbazareth‚

118 2037 214 2076 regis
243 2036 505 2076 Assyriorum,
528 2037 595 2075 qui
627 2037 919 2076 transmigravit
951 2045 1018 2068 nos
1049 2036 1134 2068 huc.
1168 2028 1206 2054 70
1223 2037 1273 2068 Et
1303 2038 1400 2069 dixit
1431 2038 1506 2069 illis
1539 2037 1759 2076 Zorobabel,
1787 2037 1825 2068 et
1853 2036 1972 2075 JesuS,
1991 2037 2031 2068 et
2055 2035 2240 2075 principes

118 2096 298 2128 pagorum
322 2088 439 2120 Israel
470 2098 477 2120 :
510 2079 542 2105 71
560 2088 644 2120 Non
668 2090 724 2120 est
748 2089 854 2120 nobis
878 2091 916 2121 et
944 2088 1047 2121 vobis
1071 2089 1255 2121 aedificare
1283 2090 1435 2121 domum
1465 2090 1532 2121 Dei
1557 2089 1700 2128 nostri;
1726 2096 1794 2120 nos
1820 2089 1918 2120 0111111
1944 2088 2011 2120 soli
2037 2088 2239 2120 aedificabi-

120 2149 202 2174 mus
226 2141 383 2173 Domino
407 2140 484 2173 Deo
508 2141 644 2181 Israel,
668 2143 875 2174 secundum
899 2150 941 2174 ea
965 2150 1051 2180 quae
1071 2141 1249 2181 praecepit
1273 2141 1378 2172 nobis
1403 2141 1540 2180 Cyrus,
1563 2148 1630 2172 rex
1654 2140 1865 2173 Persarum.
1890 2131 1928 2158 72
1948 2141 2086 2173 Gentes
2110 2143 2237 2172 autem

120 2198 233 2225 terrae
263 2193 521 2225 incumbentes
550 2193 609 2224 his
641 2193 707 2232 qui
736 2195 828 2225 sunt
851 2194 891 2225 in
915 2194 1071 2232 Judaea‚
1096 2195 1135 2225 et
1158 2194 1327 2225 levantes
1350 2200 1443 2231 opus
1466 2192 1726 2224 aedificationis
1752 2194 1791 2224 et
1815 2192 1990 2233 insidias,
2014 2194 2054 2224 et
2084 2193 2239 2232 populos

120 2245 346 2277 adducentes
369 2245 618 2285 prohibebant
642 2253 704 2276 eos
737 2246 940 2285 aedificare,
966 2237 1004 2264 73
1030 2248 1069 2278 et
1101 2252 1344 2284 aggressuras
1376 2247 1593 2276 exercentes
1624 2244 1894 2283 impedierunt,
1926 2253 1974 2276 ne
2006 2252 2236 2276 consumma-

119 2299 226 2329 retur
250 2297 454 2329 oedificium
478 2296 580 2329 omni
604 2298 775 2336 tempore
800 2297 892 2330 vitae
916 2297 1003 2337 Gyri
1027 2298 1150 2337 regis3
1177 2297 1215 2328 et
1238 2298 1509 2336 protraxerunt
1539 2299 1773 2327 structuram
1804 2303 1870 2334 per
1897 2297 2091 2328 biennium
2121 2303 2239 2334 usque

60 2377 65 2381 .
119 2349 167 2381 ad
189 2347 294 2380 Darii
316 2357 488 2388 regnum.

1129 2402 1153 2459 ξ
1179 2402 1268 2446 111.

171 2521 259 2554 Car.
282 2520 348 2552 VI.
377 2534 421 2542 —-
453 2510 467 2537 1
484 2520 530 2551 In
555 2519 716 2551 secundo
732 2520 860 2551 autem
880 2524 978 2549 anno
1003 2516 1111 2555 regni
1129 2515 1237 2547 Darii
1262 2514 1504 2555 prophetavit
1520 2514 1681 2552 Aggaeus
1701 2514 1739 2545 et
1757 2510 1972 2549 Zacharias,
1998 2510 2095 2541 filius
2117 2509 2239 2541 Addin

122 2573 334 2614 prophetae,
364 2572 464 2612 apud
487 2573 662 2604 Judaeam
693 2573 733 2603 et
764 2569 975 2602 Jerusalem
1000 2569 1041 2600 in
1065 2566 1216 2599 nomine
1246 2566 1311 2599 Dei
1343 2567 1459 2598 Israel
1487 2573 1598 2604 super
1626 2573 1695 2596 eos.
1728 2559 1746 2582 ²
1764 2564 1867 2595 Tunc
1894 2567 1998 2594 stans
2022 2561 2239 2599 zorobabel,

122 2626 221 2658 filius
246 2624 443 2663 salathiel,
466 2625 505 2656 ct
527 2624 657 2663 Jesus,
678 2623 777 2654 filius
797 2622 962 2660 Josedec‚
988 2620 1259 2652 inchoaverunt
1280 2619 1464 2651 aedificare
1482 2619 1631 2649 domum
1655 2615 1822 2654 Domini,
1847 2622 1931 2654 quae
1956 2616 2012 2646 est
2033 2615 2073 2645 in
2094 2613 2241 2645 Jerusa-

123 2679 206 2716 lem,
232 2668 248 2695 3
264 2683 350 2709 011111
368 2677 538 2709 adessent
564 2677 615 2708 eis
635 2675 826 2714 prophetae
854 2672 1017 2711 Domini,
1039 2676 1077 2705 et
1100 2672 1324 2712 adjuvarent
1348 2678 1420 2703 eos.
1451 2670 1496 2702 In
1520 2669 1598 2708 ipso
1621 2672 1787 2707 tempore
1810 2666 1916 2699 venit
1936 2666 1983 2698 ad
2008 2667 2091 2697 illos
2121 2664 2239 2697 Sisen-

122 2737 204 2768 nes,
233 2729 454 2767 subregulus
482 2728 617 2768 Syriae,
653 2729 691 2759 et
723 2725 931 2765 Phoenicis,
967 2728 1007 2758 et
1041 2724 1329 2760 Satrabuzanes,
1363 2724 1402 2755 et
1437 2723 1577 2754 sodales
1609 2722 1707 2760 eine,
1740 2711 1756 2738 ⁴
1775 2721 1812 2752 ot
1845 2719 2025 2750 dixerunt
2055 2715 2106 2749 eis
2132 2716 2240 2754 :Quo

122 2781 360 2820 praecipiente
384 2781 489 2812 vobis
511 2781 661 2812 domum
690 2779 786 2811 hanc
815 2777 1023 2817 aedificatis,
1051 2778 1089 2809 et
1117 2779 1260 2808 tectum
1284 2775 1398 2814 istud,
1430 2776 1468 2806 et
1496 2775 1571 2805 alia
1598 2772 1722 2804 omnia
1753 2771 1962 2811 perficitis?
1993 2773 2033 2802 et
2056 2769 2121 2808 qui
2152 2772 2240 2800 sunt

122 2835 327 2865 structores
346 2832 409 2871 qui
435 2833 514 2864 haec
542 2831 760 2864 aedificant?
788 2823 804 2849 5
830 2831 879 2862 Et
911 2830 1128 2862 habuerunt
1159 2830 1319 2867 gratiam
1351 2826 1562 2858 visitatione
1592 2826 1694 2857 facta
1722 2833 1831 2863 super
1862 2831 1941 2862 eos,
1975 2821 2037 2860 qui
2063 2822 2172 2852 erant
2196 2828 2240 2851 ex

121 2885 341 2923 captivitate
369 2893 392 2916 a
421 2884 578 2916 Domino
606 2883 765 2916 seniores
795 2883 1026 2915 Judaeorum.
1052 2873 1069 2899 6
1087 2882 1136 2913 Et
1161 2889 1236 2912 non
1260 2881 1350 2912 sunt
1382 2878 1551 2919 impedit-l
1579 2876 1780 2915 aedificare,
1816 2877 1930 2908 donec
1962 2873 2241 2912 significaretur

123 2936 234 2969 Dario
255 2937 298 2968 de
319 2936 492 2968 omnibus
513 2935 612 2976 istis,
638 2938 677 2968 et
700 2943 918 2975 responsum
942 2933 1184 2973 acciperetur.

174 2980 189 3006 ⁷
215 2988 435 3027 Exemplum
455 2987 636 3028 epistolae,
661 2996 775 3027 quam
800 2988 985 3020 miserunt
1013 2986 1124 3018 Dario
1150 2996 1158 3018 :
1187 2985 1366 3024 Sisennes‚
1387 2983 1606 3024 subregulus
1623 2981 1751 3021 Syriae,
1774 2982 1813 3012 et
1837 2979 2035 3017 Phoenicis,
2059 2979 2097 3009 et
2114 2976 2238 3009 Satra-

123 3041 294 3076 buzanes.
313 3044 352 3072 et
364 3039 506 3072 sodales
521 3041 614 3080 ejus,
631 3040 672 3072 in
690 3040 796 3080 Syria
815 3042 854 3072 et
873 3039 1050 3071 Phoenice
1069 3037 1253 3078 praesides,
1275 3037 1354 3076 regi
1375 3037 1487 3067 Dario
1508 3035 1678 3066 salutem.
1696 3025 1713 3052 Β
1725 3031 1859 3065 Omnia
1876 3034 1967 3062 nota
1987 3029 2062 3060 sint
2091 3028 2239 3060 domino

124 3092 221 3131 regi,
245 3094 342 3132 quod
368 3098 454 3124 cum
473 3090 702 3124 venissemus
723 3093 765 3124 in
793 3092 984 3131 regionem
1014 3091 1177 3125 Judaeae.
1203 3093 1242 3122 et
1269 3089 1527 3121 introissemus
1559 3087 1599 3118 in
1631 3085 1859 3122 Jerusalem,
1887 3081 2100 3113 invenimus
2128 3080 2239 3113 aedifi-

124 3146 250 3176 cantes
269 3145 420 3176 domum
447 3145 514 3176 Dei
537 3150 731 3184 magnam,
757 3135 774 3162 9
790 3147 829 3176 et
858 3144 1040 3183 templum
1061 3150 1107 3175 ex
1128 3141 1312 3182 lapidibus
1340 3141 1486 3180 politis.
1507 3141 1546 3172 et
1567 3137 1726 3177 magnis,
1754 3138 1792 3168 ct
1816 3133 1988 3174 pretiosis
2012 3132 2178 3165 materiis
2201 3131 2237 3163 in

125 3195 338 3236 parietibus,
360 3188 394 3213 1⁰
413 3198 451 3228 et
470 3203 582 3235 opera
602 3196 670 3228 illa
685 3197 873 3229 instanter
892 3195 983 3234 fieri,
1003 3197 1042 3228 et
1063 3195 1283 3233 suffragare,
1304 3195 1343 3225 ct
1364 3198 1580 3232 prosperare
1604 3190 1643 3221 in
1664 3189 1834 3220 manibus
1855 3193 1998 3224 eorum,
2024 3187 2062 3217 et
2079 3186 2119 3216 in
2139 3183 2238 3216 omni

126 3246 264 3287 gloria,
288 3254 399 3288 quam
426 3247 704 3287 diligentissime
731 3247 868 3287 perfici.
903 3239 931 3265 11
949 3248 1054 3279 Tunc
1085 3245 1400 3285 interrogavimus
1432 3243 1612 3279 seniores,
1641 3242 1804 3272 dicentes
1839 3248 1846 3270 :
1882 3238 1961 3276 Quo
1996 3237 2239 3276 permittente

125 3298 229 3331 vobis
252 3301 444 3332 aedliicatis
468 3301 620 3332 domum
643 3301 768 3339 istam,
789 3302 827 3332 et
850 3307 962 3339 opera
982 3299 1064 3331 haec
1087 3297 1254 3330 fundatis
1270 3298 1286 3330 ?
1311 3289 1342 3315 ¹²
1362 3297 1450 3328 Idvo
1467 3299 1592 3327 autem
1620 3290 1934 3330 interrogavimus
1953 3297 2025 3325 eos,
2044 3290 2087 3320 ut
2108 3291 2238 3320 notum

125 3352 330 3384 faceremus
353 3352 423 3384 tibi
456 3352 622 3384 homines
647 3355 686 3384 et
717 3352 952 3391 praepositos,
980 3352 1019 3383 et
1047 3351 1238 3382 nominum
1271 3349 1494 3388 scripturam
1526 3345 1809 3385 praepositorum
1841 3340 2110 3381 postulavimus
2142 3339 2236 3372 illos.

126 3395 159 3422 ¹³
181 3403 232 3435 At
256 3404 312 3436 illi
337 3405 610 3444 responderunt
630 3403 750 3442 nobis,
771 3403 934 3435 dicentes
963 3413 972 3435 :
994 3402 1070 3434 Nos
1094 3410 1221 3433 sumus
1245 3400 1342 3433 servi
1369 3397 1523 3436 Domini,
1549 3396 1614 3435 qui
1639 3396 1727 3427 fecit
1754 3395 1886 3426 caelum
1910 3395 1950 3425 et
1975 3399 2125 3431 terram,
2150 3382 2182 3409 ¹⁴
2199 3395 2237 3424 et

127 3455 382 3488 aedificabatur
401 3456 482 3488 haec
505 3457 636 3488 domus
660 3458 748 3487 ante
771 3462 886 3487 annos
910 3455 1000 3486 istos
1021 3455 1158 3485 multos
1177 3461 1199 3485 a
1219 3460 1305 3491 rege
1330 3451 1444 3484 Israel
1472 3455 1604 3487 niagno
1628 3451 1665 3480 et
1689 3446 1901 3485 fortissimo,
1927 3447 1964 3477 et
1985 3446 2238 3477 consummata

126 3509 191 3540 est.
215 3498 249 3525 ¹5
268 3506 316 3539 Et
335 3508 507 3547 quoniam
533 3510 657 3548 patres
678 3508 799 3539 nostrl
825 3507 1086 3539 exacerbantes
1107 3508 1228 3544 erant,
1253 3506 1291 3536 et
1316 3503 1563 3543 peccaverunt
1583 3500 1621 3532 in
1645 3500 1759 3532 Deum
1781 3499 1907 3536 Israel,
1931 3496 2090 3529 tradidit
2112 3503 2173 3528 eos
2199 3495 2237 3526 in

126 3567 256 3592 manus
278 3559 622 3600 Nabuchodonosor,
644 3559 739 3598 reg-is
762 3558 1001 3598 Babyloniae,
1023 3557 1118 3596 regis
1144 3556 1402 3588 Chaldaeorum
1416 3579 1424 3594 ‚
1450 3544 1482 3571 ¹⁶
1499 3555 1537 3586 et
1555 3553 1703 3584 domum
1728 3552 1838 3583 istam
1858 3550 2098 3582 demolientes
2115 3549 2236 3579 incen-

125 3611 282 3653 derunt,
311 3613 352 3644 et
386 3613 565 3651 populum
597 3611 788 3652 captivum
824 3611 1015 3643 duxerunt
1043 3610 1084 3641 in
1115 3608 1349 3648 Babylonem.
1383 3598 1415 3624 ¹⁷
1438 3606 1482 3638 ln
1514 3604 1635 3645 primo
1666 3611 1763 3636 anno
1788 3604 1970 3642 regnante
2005 3601 2116 3641 Cyro,
2152 3607 2242 3638 rege
