2456 3861
718 120 824 164 Tou.
860 119 1002 175 XIII,
1038 120 1063 164 8
1095 145 1154 151 —-
1184 119 1310 176 XIV,
1347 120 1414 163 11.
1893 119 1978 161 477

353 289 371 316 ὃ
388 289 710 333 Convertimini
734 289 904 345 itaque,
934 294 1210 345 peccatores,

453 354 496 392 ct
521 348 659 391 facite
685 348 907 404 justitiam
932 362 1079 391 coram
1107 349 1220 403 Deo,

453 407 681 451 credentes
707 407 819 462 quod
843 406 984 449 faciat
1006 405 1236 449 vobiscum
1259 406 1607 450 misericordiam
1632 419 1771 448 suam.

353 467 369 493 ⁰
389 468 483 522 Ego
508 472 656 509 autem
680 471 722 509 et.
747 466 896 508 anima
923 480 1020 508 mea
1043 465 1086 506 in
1114 480 1163 507 60
1187 465 1452 509 116131)1111111·.

335 525 370 552 ¹⁰
392 525 649 568 Benedicite
678 524 940 579 Dominum,
963 538 1114 566 omnes
1139 524 1268 566 electi
1295 524 1421 579 ejus;

451 585 572 640 agite
598 584 690 626 dies
712 582 903 636 laetitiae,
928 587 970 625 ct
993 582 1264 624 confitemini
1291 582 1370 625 illi.

335 643 366 669 ¹¹
391 643 661 694 Jerusalem,
688 641 846 683 civitas
873 641 978 695 Dei,

453 700 692 756 castigavit
716 705 760 743 te
784 699 999 742 Dominus
1025 700 1069 742 in
1092 699 1296 755 operibus
1322 713 1532 742 manuum
1554 704 1742 744 tuarum.

335 761 370 788 ¹²
391 760 608 806 Confitere
633 758 822 802 Domino
849 758 895 800 in
916 757 1043 801 bonis
1064 759 1174 813 tuis,

450 825 495 862 et
519 817 703 860 benedic
732 818 875 860 Deum
897 817 1183 870 saeculorum,

393 883 442 921 nt
462 876 702 920 reaedificet
727 875 771 918 in
797 880 842 918 te
863 876 1200 918 tabernaculum
1222 888 1371 930 suum,

451 941 496 979 et
519 940 696 978 revocet
721 934 778 978 ad
799 940 842 978 te
866 949 1016 978 omnes
1040 934 1259 991 captiVOS,

453 1000 494 1038 et
517 994 712 1050 gaudeas
731 993 778 1036 in
805 993 952 1036 omnia
978 993 1144 1036 saecula
1165 992 1441 1038 saeculorum,

335 1055 370 1081 ¹3
393 1056 510 1098 Luce
533 1053 766 1110 splendida
788 1052 1004 1109 fulgebis,

451 1118 495 1156 et
521 1126 672 1156 01111165
694 1112 802 1155 fines
827 1117 956 1155 terrae
982 1112 1230 1156 adorabunt
1255 1117 1312 1155 te.

335 1173 369 1199 ¹¹
392 1172 605 1216 Nationes
631 1185 686 1214 ex
711 1171 951 1227 longinquo
977 1171 1033 1214 ad
1063 1176 1106 1214 te
1131 1171 1330 1226 venient,

450 1236 494 1275 et
519 1244 701 1273 munera
728 1230 999 1286 deferentes,
1027 1230 1276 1273 adorabunt
1295 1230 1341 1272 in
1363 1233 1406 1272 te
1436 1229 1696 1285 Dominum,

451 1295 496 1334 et
516 1295 679 1333 terram
705 1294 829 1332 tuam
855 1289 901 1331 in
928 1289 1324 1332 sanctificationem
1350 1288 1606 1344 habebunt,

402 1350 435 1377 ¹⁵
453 1363 613 1392 nomen
639 1348 757 1392 enim
788 1362 1001 1404 magnum
1026 1348 1298 1391 invocabunt
1323 1347 1369 1389 in
1395 1351 1452 1390 te.

334 1410 369 1435 ¹⁰
389 1408 620 1451 Maledicti
647 1412 773 1450 erunt
795 1407 867 1463 qui
895 1407 1241 1463 contempserint
1262 1411 1331 1461 te;

451 1473 493 1510 et
518 1466 801 1510 condemnati
828 1470 955 1509 erunt
982 1480 1131 1509 omnes
1154 1465 1227 1521 (1111
1249 1464 1658 1521 blasphemaverint
1679 1470 1742 1507 te„

450 1526 761 1581 benedictique
784 1530 912 1568 erunt
937 1525 1010 1580 qui
1036 1524 1354 1567 {edificaverint
1379 1529 1436 1567 te.

335 1586 367 1612 ¹7
391 1586 458 1628 Tu
485 1590 634 1628 autem
660 1584 884 1627 laetaberis
910 1584 956 1626 in
981 1584 1083 1626 filiis
1105 1584 1211 1639 tuis,

452 1644 660 1700 quoniam
687 1657 836 1686 omnes
862 1643 1192 1698 benedicentur,

451 1709 495 1746 et
521 1703 910 1759 congregabuntur
935 1702 990 1745 ad
1019 1702 1274 1746 Dominum.

333 1762 368 1789 ¹8
388 1763 515 1806 Beati
543 1776 693 1805 omnes
715 1762 788 1817 qui
815 1762 1008 1818 diligunt
1033 1767 1097 1818 te,

450 1827 494 1865 et
519 1822 592 1878 qui
619 1821 816 1877 gaudent
837 1836 966 1877 super
992 1835 1102 1878 pace
1124 1826 1213 1865 tua.

332 1880 368 1906 ¹9
389 1881 555 1923 Anima
576 1895 697 1936 mea,
725 1881 913 1923 benedic
941 1880 1202 1936 Dominum,

452 1940 661 1996 quoniam
687 1940 894 1983 liberavit
917 1939 1186 1995 Jerusalem,
1211 1939 1441 1984 civitatem
1465 1955 1610 1996 suam,

450 2014 476 2041 a
498 1999 669 2042 cunctis
690 1999 1054 2042 tribulationibus
1080 1999 1175 2054 ejus
1203 1999 1418 2042 Dominus
1441 2001 1560 2042 Deus
1586 2003 1746 2043 noster.

332 2057 368 2084 ‘²⁰
392 2059 556 2101 Beatus
582 2072 654 2101 ero
681 2058 716 2100 si
738 2058 908 2101 fuerint
932 2058 1131 2114 reliquiae
1158 2058 1338 2101 seminis
1365 2058 1451 2101 mei

451 2117 506 2160 ad
529 2117 768 2160 videndam
795 2117 1046 2161 claritatem
1071 2117 1332 2160 Jerusalem.

334 2175 366 2202 ²¹
394 2178 539 2220 Portae
565 2176 814 2219 Jerusalem
839 2190 895 2219 ex
915 2177 1123 2233 sapphiro
1151 2182 1194 2219 et
1219 2178 1455 2233 smaragdo
1484 2176 1835 2232 aedificabuntur,

451 2241 494 2279 ct
517 2249 571 2278 ex
595 2235 742 2291 lapide
768 2235 958 2291 pretioso
981 2235 1124 2278 omnis
1147 2235 1355 2279 circuitus
1378 2251 1601 2279 murorum
1628 2236 1737 2292 ejus.

333 2294 369 2320 Ἦ
393 2297 460 2338 Ex
484 2295 631 2351 lapide
662 2294 852 2337 candido
876 2299 919 2337 et
939 2295 1105 2338 mundo
1132 2309 1283 2337 omnes
1304 2295 1466 2351 plateae
1492 2295 1587 2352 ejus
1609 2300 1871 2351 sternentur,

451 2360 493 2397 et
519 2368 597 2410 per
622 2353 743 2395 vicos
772 2353 866 2408 ejus
893 2353 1089 2395 Alleluia
1112 2353 1376 2398 cantabitur.

333 2412 370 2440 23
393 2413 660 2456 Benedictus
688 2412 904 2455 Dominus
930 2412 1004 2467 qui
1031 2413 1248 2455 exaltavit
1274 2427 1391 2469 eam,

451 2478 493 2515 et
516 2473 572 2514 sit
593 2486 781 2527 regnum
807 2471 904 2527 ejus
928 2471 974 2513 in
997 2471 1161 2513 saecula
1186 2472 1449 2514 saeculorum
1476 2487 1605 2528 snper
1631 2487 1741 2517 eam.
1764 2473 1923 2516 Amen.

214 2532 552 2577 CAP.X1V.—
588 2531 684 2573 ¹Et
724 2530 1019 2573 consummati
1060 2535 1163 2573 sunt
1198 2544 1420 2574 sermones
1453 2531 1620 2576 Tobiae.
1657 2533 1714 2574 Et
1750 2537 1982 2588 postquam

153 2592 430 2636 illuminatus
453 2596 519 2634 est
541 2590 723 2645 Tobias,
744 2589 857 2631 vixit
882 2589 1009 2631 annis
1036 2589 1330 2644 quadraginta
1357 2589 1545 2645 duobus,
1570 2594 1613 2633 et
1633 2591 1746 2633 vidit
1771 2590 1883 2634 filios
1908 2605 1983 2634 ne-

154 2657 307 2708 potum
329 2664 518 2695 suorum.
547 2649 564 2675 2
587 2649 828 2705 Completis
853 2648 1000 2703 itaque
1027 2648 1155 2690 annis
1181 2654 1359 2691 centum
1381 2649 1570 2704 duobus,
1594 2650 1791 2706 sepultus
1816 2655 1883 2693 est
1906 2650 1982 2693 110-

155 2710 333 2753 norifice
355 2710 400 2752 in
425 2709 602 2754 Ninive,
631 2708 647 2735 3
672 2707 1004 2763 Quinquaginta
1033 2721 1224 2762 namque
1253 2712 1296 2750 et
1322 2721 1399 2750 sex
1424 2722 1640 2751 annorum
1662 2709 1811 2752 lumen
1837 2709 1982 2753 oculo-

154 2784 251 2812 rum
276 2769 436 2824 amisit,
457 2768 771 2824 sexagenarius
790 2780 892 2810 vero
909 2767 1088 2823 recepit.
1112 2766 1129 2792 4
1149 2766 1383 2822 Reliquum
1401 2781 1504 2810 vero
1521 2767 1627 2810 vitae
1646 2782 1738 2811 suae
1756 2768 1801 2810 in
1813 2768 1982 2825 ⁴gaudio

153 2829 262 2884 fuit,
288 2833 331 2871 et
356 2842 456 2871 cum
481 2828 597 2871 bono
619 2827 823 2883 profectu
848 2826 1019 2868 timoris
1045 2825 1128 2868 Dei
1153 2826 1346 2882 perrexit
1367 2826 1411 2868 in
1433 2840 1557 2882 pace.

213 2888 230 2914 5
252 2888 306 2930 111
338 2888 446 2930 11013
478 2892 628 2929 31116111
665 2885 818 2928 mortis
848 2900 937 2928 suae
970 2885 1148 2927 vocavit
1177 2885 1233 2928 ad
1262 2899 1308 2928 se
1340 2885 1548 2942 Tobiam,
1582 2886 1721 2929 filium
1756 2901 1908 2943 sunm,
1939 2892 1983 2930 et

154 2952 324 3003 septem
349 2946 536 3002 juvenes
565 2945 678 2988 filios
711 2945 826 3001 ejus,
853 2949 1034 3000 nepotes
1060 2958 1179 3000 suos,
1212 2944 1411 3000 dixitque
1437 2944 1499 2988 eis
1525 2962 1534 2989 ε
1561 2945 1578 2972 6
1596 2946 1737 3002 Prope
1762 2946 1845 2989 erit
1869 2946 1980 2990 inte-

153 3005 262 3048 ritus
296 3005 481 3061 Ninive,
518 3019 606 3048 non
639 3005 758 3048 enim
792 3004 959 3047 excidit
987 3003 1171 3046 verbum
1203 3004 1410 3057 Domini3
1443 3009 1487 3047 et
1519 3004 1681 3048 fratres
1714 3005 1872 3062 nostri,
1907 3006 1980 3062 qui

154 3064 338 3121 dispersi
367 3069 470 3107 sunt
499 3079 525 3107 a
549 3069 666 3107 terra
692 3063 851 3117 Israel,
881 3067 1156 3105 revertentur
1181 3063 1237 3106 ad
1268 3077 1378 3106 eam.
1402 3063 1417 3089 7
1438 3064 1592 3107 Omnis
1625 3068 1776 3108 autem
1808 3065 1981 3108 deserta

153 3128 268 3166 terra
291 3123 388 3179 ejus
409 3123 675 3180 replebitur3
704 3129 747 3166 et
769 3123 924 3166 domus
948 3121 1051 3177 Dei,
1071 3136 1169 3177 quae
1194 3122 1241 3164 in
1266 3136 1318 3165 ea
1339 3122 1518 3166 incensa
1543 3128 1621 3178 est,
1645 3124 1805 3166 iterum
1826 3124 1980 3166 reaedi-

154 3182 370 3237 ficabitur,
393 3182 542 3238 ibique
564 3188 839 3234 revertentur
857 3195 1007 3224 omnes
1030 3181 1238 3224 timentes
1265 3183 1422 3225 Deum.
1442 3182 1458 3209 8
1477 3184 1534 3225 Et
1550 3183 1804 3238 relinquent
1826 3188 1980 3238 gentes

152 3241 273 3284 idola
297 3256 388 3298 sua,
412 3247 456 3285 et
477 3242 658 3285 venient
682 3242 729 3284 in
755 3241 1017 3296 Jerusalem,
1041 3246 1085 3283 et
1108 3240 1426 3284 inhabitabunt
1449 3241 1495 3284 in
1519 3256 1594 3297 ea3
1619 3241 1635 3267 9
1654 3247 1696 3284 et
1722 3241 1981 3298 gaudebunt

153 3300 200 3343 in
234 3315 286 3343 ea
318 3315 469 3344 omnes
502 3315 628 3356 reges
664 3306 812 3355 terrae,
851 3300 1087 3343 adorantes
1120 3314 1270 3356 regem
1308 3301 1459 3344 Israel.
1488 3300 1523 3327 ¹0
1541 3300 1707 3344 Audite
1741 3315 1865 3356 ergo,
1899 3301 1979 3343 filii

153 3359 261 3415 mei,
284 3365 456 3416 patrem
474 3366 671 3403 vestrum
694 3377 702 3404 ε
726 3360 886 3403 servite
912 3359 1102 3402 Domino
1123 3359 1170 3401 in
1195 3360 1404 3415 veritate,
1429 3365 1472 3403 et
1492 3360 1703 3415 inquirite
1725 3365 1774 3402 ut
1798 3359 1979 3402 faciatis

154 3432 252 3474 quae
281 3419 448 3475 placita
480 3424 583 3462 sunt
615 3419 711 3474 illi3
747 3419 776 3445 ¹¹
799 3425 841 3462 et
871 3418 973 3461 filiis
998 3418 1155 3462 vestris
1185 3419 1394 3462 mandate
1428 3425 1477 3462 ut
1504 3419 1678 3461 faciant
1706 3418 1902 3474 justitias
1935 3423 1980 3462 et

154 3477 475 3534 eleemosynas,
499 3484 546 3521 ut
576 3478 663 3521 sint
693 3492 908 3521 memores
941 3477 1042 3533 Dei,
1074 3482 1119 3520 et
1142 3477 1411 3521 benedicant
1441 3492 1540 3521 eum
1564 3478 1611 3520 in
1637 3477 1756 3520 omni
1781 3482 1979 3534 tempore

152 3622 201 3656 14]
222 3623 264 3651 Is.
284 3623 353 3658 LX,
365 3627 392 3652 5.
410 3638 447 3643 —-
464 3625 510 3657 21]
530 3625 630 3656 Apoc.
650 3625 744 3660 XXI,
764 3627 805 3652 19.
824 3640 859 3644 —-
881 3625 908 3657 G]
928 3624 1021 3651 Esdr.
1042 3625 1105 3659 111,
1122 3627 1147 3653 8.

2100 647 2134 672 2⁰
2150 644 2232 672 Pars

2065 687 2274 722 prophetica.

2060 2551 2280 2586 Reliquorum

2090 2604 2254 2627 annorum

2114 2641 2225 2670 Tobiae

2099 2685 2242 2715 senioris

2061 2731 2220 2759 summari
2227 2742 2242 2758 22
2248 2739 2288 2759 111.

2113 2890 2226 2924 Ipsius

2048 2934 2167 2964 ultima
2186 2937 2291 2965 verba.

2080 2979 2120 3007 ad
2137 2979 2254 3010 filium.
