2456 3861
707 131 832 175 NUM.
867 132 992 185 XIV,
1026 133 1083 176 38
1114 159 1172 165 —
1203 133 1302 187 XV,
1336 133 1405 176 28.
1883 134 1964 175 137

142 308 382 359 conspectu
414 301 592 344 Domini
613 318 622 355 ;
655 300 691 327 3⁸
709 301 736 343 J
742 315 845 345 osue
865 307 1034 356 autem,
1064 301 1178 344 filius
1211 303 1333 357 Nun,
1361 306 1404 345 et
1425 301 1582 357 Caleb,
1606 302 1721 344 filius
1744 303 1958 357 Jephone,

144 361 350 404 vixerunt
370 374 425 404 ex
447 360 650 402 omnibus
676 360 748 415 qui
772 366 1052 416 perrexerant
1072 361 1128 403 ad
1152 360 1517 404 considerandam
1540 366 1713 404 terram.

202 419 239 447 3⁹
262 421 540 474 Locutusque
561 425 628 462 est
649 419 823 474 Moyses
851 419 1055 462 universa
1078 420 1212 462 verba
1234 420 1330 462 haec
1350 419 1406 462 ad
1431 433 1581 462 omnes
1604 419 1716 462 filios
1740 419 1897 474 muel,
1925 424 1967 462 et

144 479 257 522 luxit
283 478 471 534 populus
501 477 646 520 nimis.
674 476 710 503 ‘¹⁴⁰
730 479 786 519 Et
811 491 912 521 ecce
942 492 1070 520 mane
1102 478 1243 533 primo
1272 484 1500 532 surgentes
1521 478 1814 521 ascenderunt
1837 479 1966 521 verti-

139 552 237 581 cem
269 537 452 590 montis,
483 541 615 591 atque
648 536 855 578 dixerunt
889 553 896 579 :
933 537 1081 579 Parati
1113 551 1262 579 sumus
1292 537 1528 580 ascendere
1557 537 1613 580 ad
1637 537 1783 579 locum
1808 537 1862 580 de
1884 551 1967 592 quo

144 596 359 639 Dominus
390 595 560 637 locutus
589 598 656 637 est
677 612 685 648 ;
710 595 813 649 quia
842 595 1137 650 peccavimus.
1168 595 1201 621 ⁴¹
1227 596 1395 644 Quibus
1426 596 1600 651 Moyses
1630 613 1638 639 :
1665 596 1764 650 Cur,
1800 595 1963 651 inquit,

142 654 501 709 transgredimini
535 653 719 696 verbum
758 653 958 707 Domini,
997 653 1111 708 quod
1146 653 1269 696 vobis
1306 669 1393 696 non
1432 655 1558 697 cedet
1593 655 1638 696 iu
1677 668 1930 711 prosperum
1946 655 1966 696 ἶ)

140 712 178 740 ⁴⁹²
196 713 345 756 Nolite
366 711 622 762 ascendere,
654 725 739 753 non
763 711 882 753 enim
903 718 969 754 est
994 711 1207 753 Dominus
1237 712 1483 767 vobiscum,
1507 727 1561 756 ne
1587 714 1797 756 corruatis
1821 728 1967 756 coram

141 772 334 815 inimicis
372 770 541 814 vestris.
580 769 617 796 ⁴3
642 769 913 812 Amalecites
955 775 998 812 et
1039 770 1318 812 Chananaeus
1354 776 1457 814 ante
1498 785 1574 813 vos
1615 779 1737 825 sunt,
1784 786 1965 827 quorum

141 831 292 887 gladio
318 828 548 883 corruetis,
576 842 626 871 eo
655 828 770 883 quod
799 828 1028 871 nolueritis
1057 829 1335 883 acquiescere
1367 829 1577 884 Domino,
1609 845 1688 873 nec
1711 831 1792 873 erit
1817 831 1959 873 Domi-

141 903 222 932 nus
258 888 500 931 vobiscum.
538 886 574 912 ⁴⁷¹
591 887 654 929 At
686 886 752 928 illi
788 887 1090 929 contenebrati
1127 887 1420 930 ascenderunt
1457 888 1503 930 in
1539 889 1750 932 verticem
1793 891 1962 934 montis.

140 949 257 990 Arca
289 952 439 989 autem
476 945 730 989 testamenti
767 945 946 988 Domini
981 951 1024 988 et
1057 945 1232 1001 Moyses
1271 959 1358 988 non
1398 952 1672 989 recesserunt
1710 947 1763 990 de
1801 949 1968 991 castris,

140 1006 177 1033 ⁴¹⁵
203 1005 530 1060 Descenditque
564 1004 835 1047 Amalecites
865 1010 908 1047 et
938 1003 1239 1060 chananaeus,
1270 1004 1344 1060 qui
1379 1005 1613 1047 habitabat
1640 1005 1686 1047 in
1718 1011 1893 1060 monte,
1928 1013 1970 1049 et

136 1065 387 1121 percutiens
410 1077 481 1107 eos
507 1069 639 1118 atque
662 1063 918 1119 concidens,
947 1068 1199 1120 persecutus
1223 1068 1288 1106 est
1314 1077 1385 1106 eos
1408 1077 1544 1119 usque
1568 1064 1750 1107 Horma.

264 1193 428 1236 SEcrlo
462 1192 524 1235 Π.
552 1217 610 1224 -
643 1192 876 1234 HISTORIA
909 1191 1123 1234 ISRAELIS
1158 1203 1529 1234 PEREGRINANTIS
1564 1204 1613 1234 IN
1649 1203 1853 1234 DESEnTo

453 1309 475 1362 ξ
501 1307 537 1349 Ι.
563 1333 622 1338 —
645 1307 936 1349 Inculcantur
959 1307 1164 1361 quoedam
1178 1312 1400 1362 prcccepta
1425 1307 1665 1362 reliyionis.

199 1423 304 1466 CAP.
335 1422 435 1464 XV.
468 1448 526 1452 —
559 1421 572 1447 ¹
601 1422 794 1464 Locutus
828 1426 894 1464 est
929 1421 1144 1464 Dominus
1178 1420 1234 1463 ad
1268 1421 1473 1476 Moysen,
1505 1421 1655 1464 dicens
1690 1438 1698 1464 :
1733 1420 1749 1446 ²
1775 1423 1972 1477 Loquere

136 1481 196 1524 ad
221 1481 332 1523 filios
359 1480 519 1535 Israel,
554 1484 598 1523 et
623 1480 742 1522 dices
767 1479 824 1521 ad
851 1493 922 1522 eos
954 1496 962 1522 ε
990 1479 1102 1522 Cum
1126 1479 1314 1535 ingressi
1342 1480 1519 1523 fueritis
1545 1486 1708 1522 terram
1733 1480 1970 1523 habitatio-

140 1540 207 1583 nis
232 1545 412 1594 vestrae,
446 1553 579 1594 quam
612 1552 694 1594 ego
725 1538 838 1581 dabo
872 1538 1018 1593 vobis,
1042 1538 1060 1564 3
1091 1543 1134 1581 et
1166 1538 1364 1581 feceritis
1399 1538 1668 1581 oblationem
1704 1539 1894 1581 Domino
1926 1539 1971 1581 in

139 1599 466 1652 holocaustum,
500 1602 577 1640 aut
609 1597 862 1652 victimam,
896 1602 997 1640 vota
1030 1597 1272 1653 solventes,
1312 1597 1382 1640 vel
1419 1603 1576 1653 sponte
1610 1597 1844 1641 offerentes
1879 1613 1971 1640 mu-

140 1672 263 1712 nera,
286 1663 363 1699 aut
387 1657 434 1699 in
459 1655 816 1700 solemnitatibus
842 1656 999 1699 vestris
1025 1656 1252 1699 adolentes
1280 1656 1458 1699 odorem
1490 1656 1724 1698 suavitatis
1760 1657 1971 1712 Domino,

137 1716 193 1759 de
216 1716 356 1759 bobus
382 1715 476 1759 sive
498 1715 552 1758 de
575 1715 756 1770 ovibus3
785 1714 802 1741 ‘¹
828 1715 984 1759 offeret
1011 1715 1277 1771 quicumque
1301 1715 1602 1758 immolaverit
1625 1715 1876 1771 victimam,
1905 1730 1971 1758 sa-

135 1775 353 1818 crificium
378 1774 552 1830 similae,
577 1774 798 1817 decimam
820 1780 992 1831 partem
1018 1775 1140 1831 ephi,
1169 1788 1415 1831 conspersae
1443 1774 1558 1829 oleo,
1580 1774 1694 1830 quod
1721 1789 1972 1817 mensuram

136 1834 320 1878 habebit
353 1839 556 1890 quartam
598 1839 770 1890 partem
806 1833 909 1889 hin3
949 1834 966 1859 5
1003 1839 1045 1876 et
1086 1833 1242 1875 vinum
1277 1833 1333 1876 ad
1372 1833 1462 1876 liba
1501 1833 1733 1876 fundenda
1773 1834 1973 1889 ejusdem

138 1907 355 1937 mensurae
382 1892 507 1935 dabit
531 1893 578 1935 in
603 1892 913 1936 holocaustum
939 1893 1032 1936 sive
1056 1892 1103 1935 in
1128 1892 1374 1935 victimam.
1395 1893 1478 1935 Per
1502 1906 1640 1948 agnos
1667 1892 1865 1948 singulos
1893 1893 1910 1919 6
1932 1900 1974 1936 et

134 1952 295 1996 arietes
333 1952 415 1995 erit
450 1952 718 1994 sacrificium
755 1952 916 1995 similae
955 1952 1142 1995 duarum
1181 1951 1474 2007 decimarum,
1510 1966 1608 2007 quae
1647 1966 1880 2008 conspersa
1917 1953 1974 1995 sit

137 2011 232 2054 oleo
257 2011 401 2054 tertiae
427 2011 564 2068 partis
595 2011 698 2066 hin3
727 2011 742 2037 ⁷
768 2017 811 2054 et
836 2011 992 2054 vinum
1014 2011 1070 2054 ad
1093 2011 1389 2054 libamentum
1423 2010 1566 2054 tertiae
1602 2011 1738 2067 partis
1773 2011 1973 2067 ejusdem

137 2084 356 2113 mensurae
381 2070 538 2113 offeret
562 2070 609 2112 in
635 2070 813 2113 odorem
847 2070 1080 2113 suavitatis
1111 2070 1315 2113 Domino.
1350 2070 1367 2096 8
1396 2069 1582 2120 Quando
1611 2084 1714 2113 vero
1748 2070 1801 2113 de
1833 2070 1973 2112 bobus

135 2129 297 2173 feceris
329 2129 640 2172 holocaustum
667 2135 744 2172 aut
777 2129 990 2184 hostiam,
1021 2135 1069 2172 ut
1097 2129 1284 2185 impleas
1320 2135 1471 2172 votum
1505 2129 1575 2172 vel
1601 2129 1809 2185 pacificas
1843 2129 1973 2172 victi-

137 2203 253 2243 mas,
276 2187 293 2214 9
315 2188 442 2231 dabis
463 2202 540 2244 per
562 2188 760 2244 singulos
782 2188 916 2232 boves
941 2188 1100 2231 similae
1120 2194 1206 2231 tres
1230 2188 1425 2231 decimas
1448 2202 1695 2245 conspersae
1719 2188 1834 2243 oleo,
1858 2187 1973 2244 quod

136 2247 300 2290 habeat
333 2247 530 2291 medium
563 2261 781 2290 mensurae
814 2247 916 2303 hin3
953 2247 988 2274 ‘¹0
1020 2253 1064 2291 et
1098 2247 1252 2289 vinum
1284 2247 1342 2289 ad
1382 2247 1473 2289 liba
1503 2247 1735 2290 fundenda
1772 2247 1973 2303 ejusdem

138 2321 357 2350 mensurae
389 2306 435 2349 in
469 2306 740 2349 oblationem
773 2306 1025 2350 suavissimi
1058 2306 1200 2350 odoris
1237 2306 1442 2349 Domino.
1478 2305 1511 2332 ¹¹
1547 2306 1619 2350 Sic
1650 2306 1792 2349 facies
1827 2305 1862 2332 1⁵2
1897 2319 1973 2362 per

135 2366 334 2421 singulos
361 2365 494 2409 boves
521 2371 564 2409 et
592 2365 751 2409 arietes
775 2371 819 2409 et
843 2380 983 2422 agnos
1016 2371 1059 2409 et
1089 2365 1255 2408 haedos.
1284 2365 1320 2392 ¹3
1344 2366 1456 2408 Tam
1489 2365 1713 2421 indigenae
1741 2380 1873 2420 quam
1899 2379 1969 2421 pe-

135 2425 300 2481 regrini
327 2424 363 2451 ¹4
388 2424 542 2468 eodem
574 2424 661 2467 ritu
693 2424 881 2468 offerent
913 2424 1143 2467 sacrificia.
1176 2424 1211 2450 ¹5
1238 2425 1390 2468 Unum
1422 2430 1696 2481 praeceptum
1727 2425 1808 2467 erit
1841 2430 1973 2479 atque

135 2484 358 2540 judicium
383 2489 475 2527 tam
501 2483 627 2526 vobis
654 2498 787 2540 quam
812 2484 995 2528 advenis
1021 2489 1164 2527 terrae.

198 2543 234 2570 ¹⁶
260 2544 454 2587 Locutus
480 2548 546 2586 est
569 2543 785 2586 Dominus
811 2543 867 2586 ad
890 2543 1096 2599 Moysen,
1120 2543 1270 2586 dicens
1301 2556 1309 2583 :
1338 2542 1371 2568 '¹⁷
1399 2543 1597 2598 Loquere
1619 2541 1721 2584 filiis
1746 2542 1904 2598 Israel,
1929 2547 1972 2585 et

139 2602 257 2646 dices
282 2602 340 2645 ad
361 2617 433 2646 eos
459 2619 468 2647 ε
488 2601 522 2629 ¹8
544 2602 656 2646 Cum
673 2602 882 2645 veneritis
907 2602 953 2644 in
979 2608 1154 2657 terram,
1181 2616 1315 2657 quam
1340 2601 1455 2644 dabo
1478 2601 1616 2651 vobis,
1644 2600 1679 2626 ¹9
1702 2606 1745 2644 et
1771 2601 1969 2644 comede-

136 2662 233 2705 ritis
260 2662 314 2705 de
334 2662 524 2719 panibus
557 2662 750 2718 regionis
782 2661 922 2717 illius,
950 2660 1212 2717 separabitis
1249 2660 1468 2718 primitias
1504 2659 1696 2702 Domino
1719 2659 1756 2686 ”2⁰
1782 2660 1835 2703 de
1861 2660 1971 2703 cibis

137 2721 309 2764 vestris.
333 2721 459 2764 Sicut
484 2721 538 2765 de
558 2721 671 2764 areis
705 2720 924 2777 primitias
955 2719 1190 2777 separatis,
1215 2718 1249 2745 ‘2¹
1275 2719 1339 2762 ita
1372 2724 1415 2762 et
1448 2718 1502 2762 de
1534 2719 1776 2775 pulmentis
1808 2719 1970 2762 dabitis

137 2780 365 2837 primitiva
393 2780 598 2824 Domino.

197 2838 234 2864 2'2
258 2839 383 2889 Quod
407 2839 444 2882 si
466 2854 543 2896 per
566 2839 868 2895 ignorantiam
898 2837 1198 2895 praeterieritis
1232 2837 1473 2894 quidquam
1507 2837 1684 2892 horum,
1720 2851 1818 2893 quae
1853 2837 1971 2880 locu-

136 2904 208 2942 tus
231 2904 297 2942 est
323 2899 540 2942 Dominus
562 2899 619 2941 ad
642 2899 848 2954 Moysen,
875 2897 912 2924 93
937 2903 979 2941 et
1005 2897 1236 2940 mandavit
1266 2911 1342 2953 per
1373 2911 1474 2939 eum
1507 2897 1563 2939 ad
1593 2911 1690 2952 vos,
1724 2911 1750 2938 a
1783 2896 1854 2939 die
1887 2910 1971 2951 qua

137 2958 275 3015 coepit
295 2958 448 3013 jubere
471 2963 514 3002 et
539 2958 677 3013 ultra,
704 2957 740 2984 24
766 2957 992 3012 oblitaque
1017 2956 1155 3000 fuerit
1187 2956 1337 2999 facere
1367 2955 1629 3011 multitudo,
1670 2955 1826 2998 offeret
1858 2955 1970 2998 vitu-

137 3017 232 3060 lum
257 3016 311 3060 de
334 3022 557 3071 armento,
583 3017 892 3060 holocaustum
909 3016 955 3058 in
981 3016 1158 3059 odorem
1184 3015 1499 3057 suavissimum
1529 3015 1742 3069 Domino,
1770 3020 1813 3057 et
1838 3014 1968 3057 sacri-

137 3076 288 3119 ficium
323 3076 419 3132 ejus
456 3090 508 3118 ac
541 3076 653 3132 liba,
689 3082 738 3118 ut
772 3075 1033 3118 ceremoniae
1071 3074 1318 3132 postulant,
1356 3074 1615 3129 hircumque
1652 3088 1729 3131 pro
1762 3079 1962 3130 peccato:

137 3134 176 3161 25
200 3140 243 3178 et
268 3135 443 3190 rogabit
468 3135 671 3178 sacerdos
697 3149 774 3192 pro
801 3134 920 3177 omni
943 3134 1230 3177 multitudine
1252 3133 1443 3176 filiorum
1469 3133 1632 3186 Israe13
1657 3138 1700 3176 et
1723 3133 1965 3175 dimittetur

138 3194 222 3248 eis,
257 3194 466 3249 quoniam
495 3208 582 3236 non
611 3199 767 3251 sponte
797 3198 1113 3250 peccaverunt,
1148 3192 1437 3235 nihilominus
1471 3192 1705 3235 offerentes
1739 3192 1967 3233 incensum

141 3253 333 3296 Domino
365 3267 442 3309 pro
478 3267 545 3308 se,
579 3259 623 3296 et
656 3267 733 3310 pro
767 3257 948 3309 peccato
980 3257 1114 3308 atque
1143 3266 1284 3294 errore
1316 3265 1419 3305 suo,
1447 3250 1484 3277 2⁶
1509 3257 1551 3294 et
1589 3250 1837 3293 dimittetur
1872 3248 1965 3291 uni-

138 3326 279 3355 versae
304 3311 423 3368 plebi
449 3311 641 3354 filiorum
675 3311 834 3366 Israel,
862 3316 905 3354 et
929 3311 1113 3354 advenis
1145 3311 1217 3366 qui
1244 3310 1581 3367 peregrinantur
1608 3310 1722 3351 inter
1748 3322 1840 3361 eOS,
1864 3320 1964 3363 quo-

140 3370 260 3412 niam
299 3371 428 3428 culpa
465 3377 531 3414 est
564 3371 705 3413 omnis
743 3371 894 3427 populi
932 3385 1007 3427 per
1042 3370 1356 3426 ignorantiam.
1391 3368 1426 3395 “2⁷
1460 3368 1584 3418 Quod
1620 3368 1656 3409 si
1694 3367 1843 3408 anima
1880 3380 1966 3408 una

140 3429 340 3472 nesciens
366 3430 635 3486 peccaverit,
664 3429 820 3473 offeret
846 3444 1026 3486 capram
1050 3428 1307 3472 anniculam
1328 3442 1406 3484 pro
1430 3432 1612 3484 peccato
1635 3439 1737 3479 su03
1766 3424 1801 3451 '²⁸
1826 3430 1869 3467 et
1894 3424 1965 3467 de-

140 3487 392 3543 precabitur
416 3503 493 3545 pro
516 3503 565 3532 ea
591 3489 815 3544 sacerdos,
843 3488 958 3544 quod
982 3487 1123 3530 inscia-
1145 3486 1394 3544 peccaverit
1421 3499 1567 3528 coram
1592 3483 1806 3538 Domin03
1829 3483 1967 3539 impe-

139 3631 191 3664 42]
207 3631 303 3658 Deut.
323 3632 336 3658 1
349 3652 357 3666 ,
376 3634 420 3660 42.

2071 420 2236 453 Populus,

2053 462 2159 490 invito
2189 464 2253 490 Deo

2077 514 2093 533 c
2112 506 2232 534 castris

2065 558 2241 585 egressus,

2052 595 2192 623 exeditur
2213 597 2254 622 ab

2070 638 2236 667 hostibus.

2104 1431 2211 1464 Leges

2037 1475 2075 1503 dc
2092 1473 2277 1505 sacrificiis,

2126 2549 2196 2576 Lex

2046 2592 2085 2620 de
2109 2591 2268 2624 primitiis

2108 2643 2212 2669 panis.

2106 2843 2212 2875 Leges

2055 2888 2094 2915 de
2112 2885 2258 2919 peccatis

2066 2929 2250 2963 expiandis
