2423 3861
746 114 817 158 ΡΞ.
853 111 1075 165 CXVIII,
1110 108 1271 151 38-65.
1835 100 1918 143 (339

108 209 1881 233 *We

457 288 502 330 in
527 286 601 330 via
622 291 697 327 tua
720 284 896 325 vivifica
922 298 1004 325 me.

358 348 393 373 3⁸
412 348 564 390 Statue
588 358 714 386 servo
740 348 814 384 tuo
845 341 1065 397 eloquium
1092 345 1214 381 tuum

456 405 501 447 in
526 404 681 446 timore
707 407 793 443 tuo.

357 465 393 491 3⁹
412 466 607 519 Amputa
633 459 914 516 opprobrium
937 473 1082 501 meum
1105 456 1219 513 quod
1244 455 1490 511 suspicatus
1511 466 1627 507 sum,

460 521 562 577 quia
583 519 751 576 judicia
776 524 850 560 tua
871 517 1082 572 jucunda.

359 582 394 608 ⁴⁰
414 583 528 624 Ecce
551 577 785 633 concupivi
813 575 1020 618 mandata
1046 582 1143 628 tua;

458 640 502 682 in
528 637 735 693 aequitate
763 642 838 678 tua
863 634 1038 676 vivifica
1062 647 1144 675 nie.

104 702 222 745 VAU.
356 698 388 724 ⁴¹
411 699 468 740 Et
489 697 639 740 veniat
663 709 793 751 super
819 708 888 736 me
912 691 1211 734 misericordia
1237 697 1332 744 tua,
1362 688 1573 741 Domine,

458 756 649 799 salutare
672 760 796 796 tuum
823 751 1065 795 secundum
1091 749 1312 805 eloquium
1335 754 1471 789 tuum.

361 815 397 842 Τ)
416 816 473 858 Et
498 812 771 870 respondebo
797 809 1164 867 exprobrantibus
1189 807 1298 850 mihi
1324 806 1526 860 verbum,

459 874 561 930 quia
581 871 754 930 speravi
782 871 827 912 in
853 868 1126 912 sermonibus
1151 867 1252 910 tuis.

359 934 396 960 4³³
414 935 471 976 Et
495 947 550 976 ne
575 932 754 974 auferas
781 930 834 972 de
861 942 933 971 ore
955 936 1051 970 meo
1077 927 1260 970 verbum
1287 922 1486 967 veritatis
1511 932 1839 976 usquequaque,

462 992 564 1048 quia
589 991 634 1033 in
658 988 841 1046 judiciis
864 987 949 1030 tuis
971 983 1291 1043 supersperavi.

363 1052 398 1079 ⁴¹¹
416 1053 476 1094 Et
497 1049 745 1094 custodiam
767 1048 912 1103 legem
936 1050 1059 1088 tuam
1083 1058 1268 1100 semper,

459 1110 504 1152 in
526 1108 741 1152 saeeulum
762 1112 806 1151 et
827 1106 873 1149 in
897 1105 1111 1149 saeculum
1132 1102 1296 1146 saeculi.

362 1170 398 1196 4⁵
416 1171 473 1212 Et
497 1168 785 1212 ambulabam
809 1166 855 1208 in
880 1163 1136 1217 latitudine,

461 1228 565 1284 quia
590 1226 803 1269 mandata
827 1230 903 1267 tua
925 1223 1156 1279 exquisivi.

363 1288 400 1315 4⁶
418 1289 476 1331 Et
500 1287 711 1343 loquebar
733 1285 778 1327 in
801 1282 1067 1327 testimoniis
1092 1282 1179 1334 tuis
1200 1282 1247 1323 in
1269 1283 1508 1337 conspectu
1532 1291 1705 1333 regum,

463 1352 507 1390 et
530 1361 617 1389 non
641 1343 961 1388 confundebar.

363 1406 397 1433 4⁷
418 1407 475 1448 Et
501 1405 750 1448 meditabar
773 1403 819 1445 in
847 1400 1069 1444 mandatis
1091 1400 1198 1456 tuis,

464 1479 563 1520 quae
586 1462 736 1506 dilexi.

365 1524 402 1551 ‘¹8
421 1525 477 1566 Et
502 1522 649 1566 levavi
675 1535 831 1563 manus
854 1534 975 1562 meas
996 1518 1052 1561 ad
1076 1518 1288 1560 mandata
1313 1521 1408 1570 tua,
1437 1528 1535 1570 quae
1557 1510 1713 1565 dilexi,

466 1587 509 1625 et
531 1580 769 1624 exercebar
790 1579 835 1621 in
857 1576 1249 1634 justificationibus
1271 1574 1371 1617 tuis.

110 1648 238 1690 ZAIN.
362 1642 399 1668 4⁹
416 1642 587 1684 Memor
612 1643 705 1682 esto
727 1638 850 1681 verbi
872 1636 938 1680 tui
959 1650 1083 1680 servo
1108 1640 1201 1690 tuo,

464 1700 511 1742 in
538 1713 622 1755 quo
647 1697 758 1741 mihi
786 1711 911 1754 spem
937 1695 1112 1740 dedisti.

367 1760 403 1787 5⁰
421 1760 534 1802 Haec
560 1772 630 1801 me
658 1757 886 1800 consolata
907 1760 972 1799 est
994 1755 1039 1797 in
1064 1753 1316 1796 humilitate
1344 1766 1459 1806 mea,

467 1817 570 1874 quia
595 1816 819 1872 eloquium
843 1820 971 1858 tuum
995 1813 1243 1856 vivificavit
1267 1826 1350 1854 me.

368 1878 401 1905 ⁵¹
423 1876 608 1934 Superbi
629 1876 779 1931 inique
805 1874 1000 1930 agebant
1025 1885 1356 1928 usquequaque,

468 1951 494 1979 a
517 1935 616 1992 lege
641 1942 791 1978 autem
812 1939 889 1976 tua
914 1947 1002 1976 non
1028 1930 1263 1975 declinavi.

370 1995 406 2024 5²
425 1996 596 2040 Memor
621 1994 690 2037 fui
715 1993 983 2050 judiciorum
1005 1997 1180 2044 tuorum
1201 2004 1227 2032 a
1249 1989 1431 2044 saeculo,
1461 1987 1670 2042 Domine,

468 2060 512 2099 et
534 2053 785 2097 consolatus
808 2067 918 2096 sum.
1370 2070 1371 2073 ¹

371 2114 408 2142 53
427 2113 634 2158 Defectio
659 2113 803 2155 tenuit
827 2126 918 2168 me,

471 2187 547 2230 pro
573 2171 879 2229 peccatoribus
907 2169 1313 2225 derelinquentibus
1339 2167 1485 2222 legem
1508 2170 1644 2208 tuam.

372 2232 408 2260 54
426 2231 681 2276 Cantabiles
708 2230 819 2273 mihi
841 2234 966 2273 erant
989 2227 1330 2285 justificationes
1356 2230 1445 2268 tuae

471 2291 515 2333 in
541 2291 637 2334 loco
664 2288 1032 2347 peregrinationis
1055 2302 1180 2330 meae.
1206 2327 1209 2330 ,

376 2352 412 2378 55
430 2351 600 2393 Memor
621 2349 688 2392 fui
715 2353 844 2391 nocte
870 2346 1061 2391 nominis
1083 2346 1166 2402 tui,
1191 2344 1400 2400 Domine,

474 2415 516 2453 et
542 2408 762 2452 custodivi
787 2408 932 2463 legem
958 2412 1094 2449 tuam.

375 2470 410 2497 56
429 2471 543 2513 Haec
568 2468 692 2510 facta
714 2472 779 2510 est
804 2466 933 2521 mihi,

476 2528 578 2584 quia
602 2526 941 2583 justificationes
967 2530 1066 2567 tuas
1088 2523 1318 2579 exquisivi.

121 2593 273 2636 HETH.
375 2588 409 2616 5⁷
429 2587 578 2631 Portio
603 2601 724 2642 mea,
752 2585 961 2641 Domine,

475 2646 589 2702 dixi,
617 2645 838 2689 custodire
864 2644 1010 2699 legem
1032 2648 1168 2685 tuam.

358 2707 394 2734 58
413 2708 686 2762 Deprecatus
707 2719 805 2747 sum
826 2704 993 2746 faciem
1018 2708 1142 2745 tuam
1164 2701 1208 2743 in
1231 2705 1321 2743 toto
1348 2700 1477 2744 corde
1503 2713 1628 2756 meog

479 2765 684 2808 miserere
706 2764 793 2806 mei
815 2762 1059 2806 secundum
1085 2760 1307 2816 eloquium
1333 2765 1471 2802 tuum.

377 2825 414 2852 59
431 2823 637 2880 Cogitavi
662 2823 757 2865 vias
783 2836 924 2878 meas,

479 2890 523 2927 et
548 2881 904 2938 convertipedes
931 2895 1050 2923 meos
1074 2880 1120 2922 in
1142 2878 1394 2921 testimonia
1419 2882 1508 2920 tua.

380 2943 417 2971 ⁶⁰
435 2945 621 2987 Paratus
647 2956 764 2998 sum,
791 2946 836 2983 et
861 2956 948 2983 non
973 2955 1069 2982 sum
1094 2938 1315 2991 turbatus,

476 3008 526 3046 ut
547 3000 794 3045 custodiam
820 2999 1031 3042 mandata
1055 3003 1145 3041 tua.

379 3062 414 3089 ⁶¹
434 3063 582 3105 Funes
607 3065 891 3117 peccatorum
914 3056 1324 3114 circumplexi-sunt
1349 3069 1439 3111 me,

481 3127 525 3165 et
549 3121 696 3176 legem
718 3124 841 3162 tuam
862 3132 950 3161 non
973 3132 1072 3160 sum
1096 3116 1272 3160 oblitus.

382 3179 419 3208 ⁶2
435 3180 586 3224 Media
608 3184 738 3223 nocte
763 3177 1020 3234 surgebam,
1046 3175 1104 3219 ad
1130 3174 1430 3218 confitendum
1450 3170 1531 3214 tibi

480 3254 612 3296 super
633 3238 802 3295 judicia
827 3235 1156 3293 justificationis
1181 3240 1282 3277 tuae.

389 3300 426 3327 ⁶3
444 3299 671 3355 Particeps
697 3312 779 3353 ego
806 3311 903 3339 sum
929 3295 1127 3338 omnium
1149 3293 1400 3337 timentium
1426 3296 1489 3347 te,

483 3365 526 3403 et
548 3357 896 3402 custodientium
922 3354 1135 3397 mandata
1159 3358 1245 3396 tua.

385 3418 421 3446 ⁶4
438 3416 742 3461 Misericordia
767 3421 864 3470 tua,
893 3413 1103 3469 Domine,
1130 3412 1261 3469 plena
1283 3417 1349 3455 est
1374 3416 1512 3466 terra3

483 3476 823 3534 justificationes
848 3480 958 3524 tuas
973 3473 1080 3516 doce
1106 3487 1188 3515 me.

133 3539 277 3583 TETH.
384 3538 421 3565 ¹³5
441 3537 696 3581 Bonitatem
721 3534 872 3577 fecisti
900 3547 1001 3575 cum
1024 3545 1151 3574 servo
1176 3536 1274 3587 tuo,
1302 3529 1506 3586 Domine,

487 3595 729 3640 secur-dum
752 3594 935 3636 verbum
956 3596 1096 3634 tuum.
