2423 3861
644 123 716 165 Ps,
751 123 902 178 XXX,
939 122 991 166 15
1024 148 1083 154 —
1113 120 1292 168 XXXI,
1327 120 1361 163 9.
1832 115 1914 159 567

274 293 327 336 In
354 308 403 337 eo
429 294 534 337 dum
560 292 848 336 convenirent
869 291 1000 333 simul
1022 291 1255 334 adversum
1282 305 1367 344 me,

331 353 532 409 accipere
552 351 749 394 animam
773 365 916 393 meam
943 349 1161 392 consiliati
1185 354 1301 393 sunt.

214 410 250 437 ¹⁵
269 413 363 467 Ego
385 418 533 454 autem
554 410 600 453 in
627 415 669 452 te
694 409 888 465 speravi,
918 408 1131 462 Domine3

331 471 419 512 dixi
445 487 452 513 :
480 471 598 512 Deus
624 482 746 511 meus
772 482 816 510 cs
843 473 914 521 tu;

277 529 310 555 ¹⁶
328 530 370 571 iu
399 528 601 571 manibus
623 526 709 570 tuis
734 533 871 570 sortes
898 541 1022 569 meae.

274 589 406 644 Eripe
432 602 500 631 me
527 587 578 630 de
606 600 739 628 mauu
764 585 1045 628 inimicorum
1068 599 1263 627 meorum
1285 591 1327 628 et
1350 600 1373 627 a
1398 583 1761 641 persequentibus
1785 595 1868 626 me.

274 646 307 672 ¹⁷
327 647 508 690 Illustra
530 645 694 688 faeiem
716 649 840 686 tuam
858 659 988 700 super
1013 657 1187 686 servum
1213 648 1337 685 tuum
1355 661 1362 697 3

273 706 447 749 salvum
470 719 538 748 me
560 705 634 747 fac
661 703 705 745 in
733 703 1033 746 misericordia
1054 707 1143 744 tua.

278 764 309 791 ¹⁸
330 765 540 819 Domine,
563 777 650 806 non
673 762 935 816 confundar,
964 760 1173 816 quoniam
1198 760 1404 803 invocavi
1431 766 1486 803 te.

274 824 550 867 Erubescant
573 821 720 879 impii,
747 827 792 865 et
813 820 1090 864 deducantur
1114 819 1158 861 in
1180 819 1430 874 infernum,

274 883 310 909 ¹⁰
328 888 451 925 muta
473 883 582 925 fiant
603 881 722 924 labia
748 880 920 934 dolosa,

273 956 371 997 quae
397 942 635 998 loquuntur
659 940 870 983 adversus
892 939 1063 995 justum
1087 935 1394 993 iniquitatem,

331 1001 376 1043 iu
403 1000 628 1058 superbia,
653 1005 695 1043 et
721 999 763 1041 iu
791 998 1016 1041 abusione.

214 1058 252 1086 ‘²⁰
269 1059 410 1111 Quam
433 1073 595 1115 magna
622 1058 862 1101 multitudo
888 1056 1137 1100 dulcedinis
1159 1061 1269 1111 tuae,
1299 1054 1508 1110 Domine,

335 1134 466 1175 quam
489 1117 760 1162 abscondisti
787 1116 1046 1159 timentibus
1070 1115 1136 1158 te!

274 1177 509 1222 Perfecisti
529 1178 590 1221 eis
609 1177 682 1233 qui
702 1181 881 1234 sperant
898 1176 944 1218 in
962 1181 1017 1231 te,
1038 1174 1082 1216 in
1103 1179 1341 1230 conspectu
1357 1173 1548 1216 filiorum
1563 1173 1806 1217 hominum.

274 1236 307 1263 ²¹
324 1237 584 1280 Abscondes
599 1250 672 1279 eos
686 1236 732 1278 in
747 1234 1008 1278 abscondito
1022 1233 1157 1276 faciei
1174 1238 1274 1287 tuae,
1288 1247 1314 1275 a
1329 1232 1666 1275 conturbatione
1680 1232 1800 1276 homi
1808 1247 1926 1275 uum.

336 1298 545 1352 Proteges
563 1310 635 1339 eos
653 1295 700 1337 in
718 1293 1006 1338 tabernaculo
1026 1298 1123 1348 tuo,
1143 1307 1168 1334 a
1189 1287 1542 1335 contradictione
1560 1291 1828 1347 linguarum.

215 1354 253 1381 Ὦ
272 1355 539 1399 Benedictus
567 1354 803 1407 Dominus,

329 1414 538 1470 quoniam
556 1413 809 1455 mirificavit
827 1412 1175 1455 misericordiam
1194 1425 1320 1453 suam
1338 1410 1447 1452 mihi
1465 1410 1511 1452 in
1530 1410 1712 1453 civitate
1731 1409 1915 1454 munita.

214 1473 251 1499 ‘²3
269 1475 366 1528 Ego
387 1479 535 1515 autem
559 1471 651 1514 dixi
673 1472 719 1513 in
746 1484 928 1513 excessu
951 1470 1112 1513 mentis
1138 1484 1249 1512 meae
1270 1486 1278 1513 :

334 1531 565 1586 Projectus
590 1545 689 1573 sum
713 1544 739 1572 a
765 1529 884 1572 facie
910 1528 1138 1572 oculorum
1160 1533 1349 1571 tuorum.

333 1590 441 1633 Ideo
459 1589 678 1632 exaudisti
697 1602 853 1631 vocem
873 1587 1081 1630 orationis
1104 1601 1236 1643 meae,
1256 1586 1362 1629 dum
1381 1587 1619 1630 clamarem
1645 1586 1702 1629 ad
1723 1592 1779 1630 te.

214 1647 251 1675 24
270 1648 459 1704 Diligite
482 1648 746 1702 Dominum,
774 1661 925 1690 omnes
951 1645 1094 1689 sancti
1123 1645 1239 1702 ejus,

333 1708 540 1764 quoniam
567 1707 801 1750 veritatem
827 1706 1020 1761 requiret
1048 1705 1286 1760 Dominus,

333 1772 379 1810 et
401 1767 617 1810 retribuet
637 1765 918 1809 abundanter
942 1764 1217 1807 facientibus
1247 1764 1515 1820 superbiam.

217 1825 254 1853 25
271 1826 474 1870 Viriliter
498 1826 638 1881 agite,
663 1830 706 1868 et
733 1825 1010 1868 confortetur
1036 1838 1108 1867 cor
1129 1828 1345 1879 vestrum,

335 1899 485 1929 omnes
512 1884 585 1941 qui
611 1884 798 1941 speratis
823 1884 871 1926 in
898 1882 1101 1926 Domino.

811 1993 1025 2035 PSALMus
1064 1992 1221 2034 XXXI

513 2081 648 2123 Beati
678 2095 865 2135 quorum
896 2080 1085 2122 remis-sce
1119 2084 1218 2121 sunt
1251 2079 1516 2134 iniquitates.

158 2168 253 2226 Ipsi
280 2168 427 2211 David
449 2167 717 2210 intellectus.

235 2242 250 2268 1
272 2242 401 2286 Beati
427 2256 613 2298 quorum
638 2241 833 2284 remissae
859 2246 961 2284 sunt
989 2240 1268 2296 iniquitates,

337 2307 380 2344 et
406 2314 590 2357 quorum
616 2306 732 2343 tecta
756 2305 859 2343 sunt
883 2304 1081 2356 peccata.

237 2359 255 2387 2
273 2361 437 2404 Beatus
459 2359 527 2402 vir
552 2360 621 2402 cui
648 2374 735 2402 non
760 2358 1001 2415 imputavit
1025 2357 1241 2400 Dominus
1266 2363 1518 2414 peccatum,

336 2434 417 2463 nec
444 2425 510 2463 est
533 2419 581 2461 in
604 2419 762 2475 spiritu
787 2418 886 2474 ejus
912 2417 1052 2461 dolus.

238 2479 257 2507 3
272 2479 490 2531 Quoniam
515 2479 656 2532 tacui,
683 2478 1044 2520 inveteraverunt
1070 2489 1168 2518 ossa
1192 2489 1312 2531 mea,

338 2539 444 2582 dum
467 2538 707 2581 clamarem
730 2542 821 2580 tota
849 2536 933 2579 die.

237 2598 256 2626 4
273 2598 491 2650 Quoniam
517 2597 588 2640 die
609 2611 661 2639 ac
686 2602 816 2639 nocte
842 2600 1028 2652 gravata
1055 2599 1119 2638 est
1144 2608 1274 2651 super
1297 2608 1366 2637 me
1391 2608 1548 2636 manus
1572 2599 1666 2649 tua,

339 2671 576 2700 conversus
597 2671 696 2699 sum
720 2656 767 2698 in
795 2669 993 2698 aerumna
1018 2668 1137 2709 mea,
1161 2653 1268 2696 dum
1294 2652 1530 2708 configitur
1554 2652 1694 2708 spina.

238 2716 257 2743 5
274 2716 500 2760 Delictum
526 2731 674 2760 meum
697 2715 926 2771 cognitum
948 2713 1030 2756 tibi
1054 2713 1165 2768 feci,

340 2781 383 2818 et
406 2775 678 2831 injustitiam
705 2789 850 2817 meam
873 2788 960 2816 non
985 2771 1213 2814 abscondi.

281 2835 414 2879 Dixi:
442 2834 692 2879 Confitebor
717 2832 952 2877 adversum
977 2845 1047 2874 me
1064 2830 1337 2886 injustitiam
1356 2844 1501 2874 meam
1522 2827 1738 2885 Domino3

340 2900 384 2938 et
407 2898 456 2937 tu
478 2894 687 2937 remisisti
708 2893 986 2950 impietatem
1008 2889 1179 2947 peccati
1204 2889 1304 2933 mei.

242 2953 260 2980 6
277 2954 362 2997 Pro
383 2954 467 2997 hac
490 2953 634 2997 orabit
659 2953 716 2996 ad
738 2958 782 2996 te
809 2951 949 2994 omnis
972 2954 1150 2992 sanctus

339 3013 387 3055 in
414 3020 609 3069 tempore
633 3018 890 3069 opportuno.

284 3072 603 3115 Verumtamen
624 3072 672 3114 in
694 3071 862 3114 diluvio
887 3083 1100 3125 aquarum
1125 3067 1380 3123 multarum,

341 3132 398 3174 ad
425 3146 525 3175 eum
549 3146 637 3174 non
662 3129 1050 3188 approximabunt.

243 3188 258 3215 '¹
278 3190 345 3232 Tu
372 3205 417 3234 es
442 3190 670 3246 refugium
696 3204 844 3233 meum
865 3204 891 3231 a
916 3187 1201 3230 tribulatione
1223 3201 1320 3243 quae
1347 3186 1639 3230 circumdedit
1662 3200 1755 3238 me3

343 3250 559 3293 exultatio
587 3264 705 3305 mea,
733 3263 834 3292 erue
860 3262 929 3290 me
959 3262 984 3289 a
1011 3245 1390 3290 circumdantibus
1415 3260 1498 3289 me.

245 3308 262 3335 ⁸
278 3309 567 3352 Intellectum
587 3309 670 3351 tibi
690 3308 825 3363 dabo,
846 3312 889 3350 et
905 3307 1122 3349 instruam
1139 3310 1183 3348 te
1200 3304 1247 3347 in
1264 3305 1337 3348 via
1355 3305 1437 3347 hac
1457 3319 1541 3360 qua
1561 3303 1774 3361 gradieris
1790 3321 1799 3359 ;

344 3368 528 3411 firmabo
554 3382 684 3424 super
709 3374 751 3411 te
777 3366 925 3410 oculos
950 3378 1083 3408 meos.

245 3426 263 3453 ⁹
280 3427 430 3471 Nolite
454 3427 545 3470 fieri
573 3427 688 3469 sicut
713 3440 849 3482 equus
875 3430 919 3468 et
943 3423 1110 3480 mulus,

347 3486 502 3542 quibus
530 3501 616 3528 non
643 3491 707 3528 cst
733 3484 1000 3527 intellectus.

112 3629 141 3662 1]
159 3629 254 3657 Rom.
273 3629 330 3664 IV,
348 3631 373 3657 7.
390 3643 427 3649 -
442 3630 472 3663 5]
492 3631 535 3657 Is.
554 3630 654 3664 LXV,
669 3632 713 3657 24.

2032 415 2179 442 Iterat-rr

2023 458 2129 486 crath)
2153 464 2184 485 vi

2042 502 2170 530 num—1³2

2043 551 2170 573 sensas,

2019 1056 2214 1089 Anticipntrz

2019 1105 2094 1134 grat
2100 1108 2201 1128 ‘iarn'u

2063 1143 2161 1172 aenio.

2047 2175 2190 2204 Titulus.

2025 2246 2215 2275 Beatitudi-

2032 2298 2108 2319 nem
2126 2291 2210 2318 hauc

2085 2335 2155 2367 ipse

2001 2384 2162 2412 expertus
2187 2382 2239 2406 esu

2042 2430 2046 2434 ⁴
2062 2425 2184 2450 orator.

2046 2957 2203 2985 Eamdem

2012 3000 2231 3034 experientur

2067 3047 2100 3072 et
2118 3044 2175 3072 alii

2019 3092 2222 3121 peccatores.
