2456 3861
458 120 540 163 112
990 116 1106 160 LEV.
1141 116 1275 170 XXI,
1312 117 1360 158 11
1399 141 1457 148 —-
1488 115 1649 170 XXII,
1686 116 1752 159 18.

457 303 590 355 caput
622 298 775 340 fusum
804 302 869 340 est
901 294 1123 338 unctionis
1157 293 1325 347 oleum,
1356 298 1399 335 et
1432 292 1559 348 cujus
1594 306 1750 334 manus
1779 292 1826 334 in
1858 293 2104 337 sacerdotio
2137 307 2289 337 conse-

457 364 592 402 cratae
625 362 748 411 sunt,
775 355 1047 409 vestitusque
1074 358 1139 395 est
1167 351 1333 394 sanctis
1365 351 1586 405 vestibus,
1616 357 1750 407 caput
1781 364 1911 394 suum
1943 365 2031 394 non
2064 351 2288 410 discoope-

455 417 558 471 riet,
585 415 851 459 vestimenta
884 427 972 456 non
1001 410 1195 465 scindet,
1224 410 1256 436 ¹¹
1284 416 1327 454 et
1355 410 1412 453 ad
1442 424 1620 453 omnem
1642 415 1866 453 mortuum
1898 424 1986 453 non
2018 410 2290 467 ingredietur

457 475 667 529 omnino;
700 487 829 530 super
862 477 985 529 patre
1019 484 1190 526 quoque
1223 484 1301 513 suo
1335 475 1378 512 et
1410 474 1551 512 matre
1584 483 1672 512 non
1707 469 2096 513 contaminabitur.
2135 469 2172 497 ¹2
2197 472 2289 514 Nec

459 534 706 590 egredietur
728 532 782 575 de
803 530 990 585 sanctis,
1008 544 1064 573 ne
1089 528 1259 586 polluat
1285 528 1588 572 sanctuarium
1615 528 1818 583 Domini,
1838 528 1940 585 quia
1959 528 2106 572 oleum
2123 536 2291 574 sanctae

457 592 677 636 unctionis
702 590 784 634 Dei
814 589 881 632 sui
914 603 1045 646 super
1077 602 1176 631 eum
1208 593 1287 631 est.
1315 589 1409 644 Ego
1445 588 1677 631 Dominus.
1712 587 1748 614 ¹3
1770 587 2003 643 Virginem
2029 587 2162 631 ducet
2185 603 2291 632 uxo-

457 667 546 694 rem
564 668 573 705 3
601 651 634 677 11
652 649 836 693 viduam
860 653 1011 692 autem
1029 653 1072 691 et
1092 647 1396 704 repudiatam,
1417 652 1460 690 et
1484 646 1733 701 sordidam,
1753 652 1886 703 atque
1905 646 2183 691 meretricem
2204 663 2292 691 non

456 710 666 767 accipiet,
694 708 770 752 sed
800 708 996 765 puellam
1029 707 1083 750 de
1112 706 1274 764 populo
1307 721 1407 762 suo,
1443 706 1478 733 ¹5
1503 720 1558 750 ne
1588 706 1875 749 commisceat
1905 706 2089 763 stirpem
2118 706 2292 762 generis

456 769 522 812 sui
546 769 680 824 vulgo
706 767 852 824 gentis
878 782 999 822 suae3
1028 766 1130 822 quia
1157 780 1237 822 ego
1265 766 1483 810 Dominus
1510 765 1583 821 qui
1609 765 1838 809 sanctifico
1865 779 1980 808 eum.

169 834 372 884 Quinamad
518 828 551 855 ¹⁶
570 829 852 883 Locutusque
878 832 944 870 est
971 826 1188 870 Dominus
1213 826 1270 868 ad
1297 826 1504 882 Moysen,
1533 825 1684 869 dicens
1710 841 1718 869 :
1747 824 1780 850 ¹⁷
1800 825 1999 881 Loquere
2024 824 2081 868 ad
2107 825 2258 869 Aaron
2282 842 2292 870 z

157 881 382 958 sacfggpttimm
458 889 605 931 Homo
640 887 694 930 de
730 886 898 930 semine
931 892 1006 929 tuo
1043 899 1120 942 per
1151 884 1349 927 familias
1388 884 1460 940 qui
1497 883 1702 928 habuerit
1735 884 1981 940 maculam,
2015 899 2104 928 non
2137 884 2295 928 offeret

320 946 327 953 ‘
456 961 592 1005 panes
621 948 713 990 Deo
739 960 817 989 suo
838 963 846 1001 ;
883 945 918 972 18
943 959 1024 989 nec
1057 944 1240 987 accedet
1264 943 1322 987 ad
1348 943 1644 987 ministerium
1675 943 1771 999 ejus
1802 960 1810 987 :
1836 943 1873 986 si
1901 958 2046 987 caecus
2072 944 2232 998 fuerit,
2257 943 2294 987 si

458 1006 664 1061 claudus,
686 1005 723 1048 si
749 1019 884 1062 parvo
911 1005 981 1048 vel
1007 1003 1165 1060 grandi
1199 1003 1269 1046 vel
1303 1008 1417 1046 torto
1447 1017 1576 1057 naso,
1611 1002 1647 1028 19
1672 1002 1708 1045 si
1735 1003 1880 1047 fiaoto
1915 1003 2046 1059 pede,
2074 1003 2111 1046 si
2137 1017 2292 1059 manu,

457 1065 493 1093 20
518 1066 553 1109 si
580 1066 763 1121 gibbus,
786 1064 821 1107 si
844 1064 1012 1121 lippus,
1039 1063 1074 1106 si
1096 1062 1355 1118 albuginem
1381 1062 1549 1104 habens
1582 1062 1629 1104 in
1656 1061 1805 1116 oculo,
1831 1061 1868 1104 si
1893 1062 2049 1117 jugem
2075 1061 2293 1117 scabiem,

456 1125 492 1169 si
518 1124 828 1182 impetiginem
849 1123 895 1165 in
922 1136 1121 1179 corpore,
1140 1121 1211 1164 vel
1233 1121 1476 1164 herniosus.
1503 1119 1537 1146 2¹
1562 1120 1717 1164 Omnis
1745 1120 1818 1176 qui
1840 1121 2045 1164 habuerit
2071 1121 2294 1164 maculam

457 1185 510 1228 de
547 1184 715 1228 semine
748 1185 898 1226 Aaron
934 1180 1196 1235 sacerdotis,
1230 1195 1319 1223 non
1354 1179 1538 1223 accedet
1571 1179 1731 1223 offerre
1762 1179 1930 1222 hostias
1967 1180 2181 1236 Domino,
2215 1195 2295 1224 nec

456 1258 590 1301 panes
620 1245 713 1286 Deo
739 1256 816 1285 suo
838 1259 846 1297 3
882 1240 919 1266 “22
945 1245 1146 1284 vescetur
1170 1244 1321 1282 tamen
1347 1239 1536 1296 panibus
1570 1238 1644 1294 qui
1670 1238 1918 1282 offeruntur
1948 1239 1995 1282 in
2021 1239 2294 1296 sanctuario,

456 1303 492 1329 '23
513 1303 573 1345 ita
603 1303 858 1357 dumtaxat,
884 1305 933 1343 ut
956 1300 1074 1342 intra
1103 1298 1254 1342 velum
1283 1313 1370 1342 non
1400 1298 1693 1354 ingrediatur,
1721 1312 1802 1341 nec
1836 1297 2022 1342 accedat
2051 1298 2108 1341 ad
2133 1298 2293 1354 altare,

456 1362 557 1418 quia
584 1361 808 1405 maculam
833 1360 988 1415 habet,
1013 1364 1056 1402 et
1082 1358 1385 1402 contaminare
1411 1372 1499 1400 non
1522 1357 1654 1401 debet
1682 1357 1988 1401 sanctuarium
2014 1372 2176 1401 meum.
2201 1359 2294 1413 Ego

457 1421 674 1465 Dominus
702 1421 775 1477 qui
801 1419 1030 1462 sanctifico
1056 1433 1143 1462 eos.
1178 1417 1214 1444 “24
1243 1418 1437 1460 Locutus
1461 1421 1526 1460 est
1555 1431 1659 1472 ergo
1685 1417 1862 1473 Moyses
1887 1417 1945 1460 ad
1971 1418 2143 1473 Aaron,
2172 1422 2215 1460 et
2239 1416 2297 1460 ad

455 1481 568 1524 filios
594 1480 713 1537 ejus,
741 1486 783 1523 et
808 1479 865 1522 ad
892 1493 1069 1522 omnem
1092 1477 1251 1533 Israel,
1277 1482 1436 1520 cuncta
1465 1491 1562 1532 quae
1588 1476 1770 1519 fuerant
1795 1475 1881 1519 sibi
1906 1476 2137 1533 imperata.

677 1607 701 1665 ξ
734 1607 796 1649 II.
823 1631 882 1638 -
914 1606 984 1649 De
1015 1620 1090 1649 esu
1121 1605 1496 1660 sanctificatorum
1527 1604 1785 1660 (ictibusque
1818 1603 2076 1648 hostiarum.

201 1738 342 1776 Quinam
516 1720 623 1764 CAP.
654 1719 807 1762 XXII.
835 1745 892 1751 —
925 1717 937 1744 ¹
966 1718 1161 1761 Locutus
1195 1730 1366 1772 quoque
1400 1721 1465 1759 est
1504 1715 1722 1759 Dominus
1760 1715 1817 1759 ad
1855 1715 2063 1772 Moysen,
2103 1716 2254 1760 dicens
2285 1734 2295 1761 :

164 1786 207 1833 au
224 1791 283 1812 esu
302 1790 376 1812 8³¹1·
456 1779 473 1806 “²
499 1781 698 1835 Loquere
731 1778 788 1821 ad
815 1780 965 1821 Aaron
992 1781 1033 1820 et
1059 1776 1116 1819 ad
1142 1775 1255 1819 filios
1290 1776 1407 1832 ejus,
1435 1780 1483 1817 ut
1510 1780 1697 1818 caveant
1722 1775 1778 1818 ab
1804 1775 1873 1818 his
1907 1789 2005 1831 quae
2040 1784 2295 1819 consecrata

162 1829 391 1902 ctgqgglthrium
456 1845 560 1882 sunt
592 1838 784 1882 filiorum
817 1836 977 1890 Israel,
1015 1841 1058 1879 et
1091 1850 1179 1878 non
1213 1835 1519 1878 contaminent
1555 1848 1717 1877 nomen
1751 1834 2130 1878 sanctificatorum
2164 1835 2294 1891 mihi,

336 1894 342 1901 ’
458 1913 556 1955 quae
589 1897 674 1955 ipsi
707 1897 914 1941 offerunt.
950 1897 1044 1951 Ego
1082 1894 1315 1938 Dominus.
1349 1894 1366 1920 3
1393 1893 1476 1936 Dic
1509 1893 1565 1936 ad
1593 1907 1687 1949 θοε,
1714 1899 1757 1937 θῖ
1789 1893 1846 1937 ad
1880 1899 2075 1950 posteros
2102 1909 2253 1938 eorum
2285 1911 2295 1938 :

459 1958 613 2002 Omnis
643 1957 795 2012 homo,
816 1955 889 2012 qui
914 1954 1151 1999 accesserit
1177 1953 1231 1997 de
1264 1953 1400 2010 stirpe
1427 1958 1571 1996 vestra
1597 1953 1654 1996 ad
1681 1967 1731 1996 ea
1758 1967 1856 2010 quae
1876 1958 2143 1997 consecrata
2173 1960 2295 2008 sunt,

459 2024 501 2061 et
539 2031 636 2073 quae
670 2016 926 2060 obtulerunt
963 2013 1043 2057 filii
1077 2013 1217 2057 Israel
1252 2012 1466 2067 Domino,
1498 2012 1544 2055 in
1578 2027 1662 2068 quo
1696 2018 1761 2056 est
1792 2012 2101 2069 immunditia,
2137 2013 2297 2070 peribit

459 2091 608 2120 coram
635 2075 840 2119 Domino.
869 2076 963 2131 Ego
989 2088 1088 2116 sum
1116 2072 1348 2116 Dominus.
1374 2071 1391 2098 4
1414 2073 1561 2115 Homo
1590 2072 1644 2115 de
1669 2072 1837 2115 semine
1864 2072 2037 2128 Aaron,
2064 2072 2138 2129 qui
2160 2072 2297 2116 fuerit

458 2137 676 2193 leprosus,
706 2139 784 2177 aut
817 2134 990 2191 patiens
1015 2133 1187 2176 fluxum
1219 2131 1422 2186 seminis,
1449 2146 1535 2174 non
1567 2137 1768 2174 vescetur
1798 2131 1852 2175 de
1883 2131 1950 2174 his
1981 2146 2080 2188 quae
2102 2131 2295 2176 sanctifi-

459 2201 558 2239 cata
584 2200 687 2238 sunt
712 2194 842 2249 mihi,
870 2193 1009 2237 donec
1035 2197 1227 2236 sanetur.
1251 2191 1333 2242 Qui
1355 2190 1552 2247 tetigerit
1577 2190 1861 2234 immundum
1883 2205 2015 2248 super
2039 2196 2232 2246 mortuo,
2253 2195 2296 2234 et

459 2270 512 2298 ex
540 2269 623 2310 quo
651 2253 874 2309 egreditur
898 2267 1050 2296 semen
1073 2251 1197 2308 quasi
1225 2251 1387 2306 coitus,
1415 2251 1432 2277 5
1454 2256 1496 2293 θῖ
1523 2250 1596 2306 qui
1628 2250 1773 2306 tangit
1798 2250 1976 2307 reptile,
2005 2256 2048 2294 et
2071 2250 2296 2306 quodlibet

459 2313 761 2369 immundum,
790 2312 919 2369 cujus
952 2316 1097 2355 tactus
1125 2316 1190 2354 est
1215 2309 1439 2365 sordidus,
1467 2310 1484 2336 6
1505 2309 1762 2352 immundus
1789 2310 1870 2353 erit
1904 2324 2040 2366 usque
2062 2309 2119 2353 ad
2145 2324 2294 2367 vespe-

458 2388 577 2428 rum,
605 2378 648 2416 et
672 2387 761 2416 non
786 2376 988 2415 vescetur
1012 2371 1081 2414 his
1107 2384 1206 2426 quae
1233 2369 1510 2413 sanctificata
1536 2374 1668 2425 sunt3
1704 2369 1780 2412 sed
1807 2384 1909 2412 cum
1935 2369 2094 2412 laverit
2119 2383 2296 2412 carnem

460 2447 586 2476 suam
611 2447 746 2488 aqua,
774 2431 788 2457 ⁷
813 2436 856 2474 et
882 2430 1139 2474 occubuerit
1163 2429 1249 2484 sol,
1276 2434 1382 2472 tunc
1409 2429 1649 2471 mundatus
1676 2434 1880 2472 vescetur
1905 2428 1959 2472 de
1984 2427 2294 2484 sanctificatis,

461 2492 563 2549 quia
590 2492 713 2535 cibus
742 2491 863 2534 illius
889 2495 967 2533 est.
991 2490 1007 2516 8
1026 2488 1314 2532 Morticinum
1336 2495 1379 2531 et
1405 2503 1456 2531 ca
1490 2493 1586 2530 tum
1610 2503 1636 2530 a
1662 2487 1804 2531 bestia
1830 2503 1917 2532 non
1943 2487 2197 2544 comedent,
2217 2501 2296 2531 nec

460 2551 713 2610 polluentur
737 2550 784 2593 in
807 2550 881 2593 eis.
911 2551 1005 2605 Ego
1032 2564 1131 2592 sum
1158 2547 1389 2591 Dominus.
1416 2547 1433 2573 9
1455 2503 1720 2590 (gustodiant
1746 2552 1970 2604 praecepta
1997 2561 2116 2602 mea,
2141 2552 2189 2589 ut
2210 2561 2297 2590 non

460 2611 725 2667 subjaceant
747 2615 952 2667 peccato,
972 2614 1015 2652 et
1041 2607 1286 2651 moriantur
1306 2607 1351 2649 in
1378 2606 1651 2663 sanctuario,
1672 2621 1774 2649 cum
1795 2606 2034 2663 polluerint
2056 2606 2182 2649 illud.
2204 2607 2297 2662 Ego

463 2670 681 2713 Dominus
708 2669 780 2725 qui
807 2668 1035 2712 sanctifico
1064 2682 1149 2711 eos.
1182 2666 1218 2693 '¹0
1240 2666 1394 2710 Omnis
1423 2666 1676 2722 alienigena
1709 2680 1796 2709 non
1823 2665 2026 2709 comedet
2049 2665 2103 2709 de
2135 2665 2296 2708 sancti·

462 2729 625 2783 ficatis,
643 2728 887 2784 inquilinus
913 2726 1154 2771 sacerdotis
1181 2732 1224 2770 et
1250 2725 1546 2769 mercenarius
1573 2740 1660 2768 non
1678 2730 1912 2768 vescentur
1931 2739 1982 2768 ex
2003 2725 2091 2780 eis;
2115 2724 2148 2751 ¹¹
2169 2739 2299 2781 quem

461 2795 611 2831 autem
634 2787 839 2831 sacerdos
866 2787 1042 2841 emerit,
1063 2791 1106 2830 et
1132 2785 1204 2842 qui
1227 2785 1491 2828 vernaculus
1518 2784 1675 2828 domus
1698 2785 1794 2841 ejus
1819 2784 1978 2838 fuerit,
1997 2784 2042 2826 hi
2066 2783 2299 2827 comedent

464 2861 517 2890 ex
548 2847 623 2890 eis.
662 2846 694 2872 ¹⁴2
720 2846 763 2890 Si
794 2846 885 2889 filia
911 2845 1152 2889 sacerdotis
1180 2844 1363 2888 cuilibet
1397 2859 1451 2887 ex
1476 2844 1639 2901 populo
1673 2848 1810 2900 nupta
1840 2843 1998 2899 fuerit,
2023 2843 2076 2887 de
2105 2843 2174 2886 his
2200 2857 2297 2899 quae

463 2906 742 2949 sanctificata
774 2911 897 2961 sunt,
925 2911 967 2949 et
997 2905 1051 2948 de
1085 2904 1292 2962 primitiis
1325 2918 1413 2947 non
1443 2909 1674 2958 vescetur3
1711 2902 1747 2929 ¹3
1769 2902 1838 2945 sin
1870 2908 2021 2945 autem
2047 2903 2202 2957 vidua,
2228 2901 2298 2945 vel

463 2965 716 3022 repudiata,
751 2971 793 3008 et
829 2965 995 3020 absque
1028 2963 1178 3007 liberis
1211 2977 1384 3006 reversa
1418 2963 1555 3006 fuerit
1587 2963 1642 3006 ad
1677 2962 1859 3005 domum
1891 2962 2029 3018 patris
2058 2962 2149 3017 sui,
2185 2961 2299 3005 sicut

464 3024 612 3082 puella
643 3030 952 3079 consueverat,
978 3024 1121 3067 aletur
1153 3022 1264 3066 cibis
1296 3022 1435 3079 patris
1464 3022 1544 3065 sui.
1569 3021 1723 3066 Omnis
1755 3020 2008 3076 alienigena
2037 3019 2298 3065 comedendi

465 3098 519 3127 ex
542 3083 603 3126 eis
629 3097 717 3126 non
746 3083 880 3125 habet
902 3088 1180 3140 potestatem.
1216 3082 1251 3108 11
1279 3082 1360 3132 Qui
1395 3081 1636 3126 comederit
1666 3081 1719 3124 de
1752 3080 2041 3123 sanctificatis
2075 3094 2151 3137 per
2174 3079 2297 3135 igno-

465 3143 679 3196 rantiam,
704 3142 839 3185 addet
866 3141 1065 3197 quintam
1090 3147 1261 3199 partem
1288 3155 1389 3185 cum
1414 3155 1464 3184 eo
1491 3140 1606 3197 quod
1630 3139 1842 3193 comedit,
1863 3144 1906 3182 et
1932 3139 2057 3182 dabit
2082 3137 2299 3182 sacerdoti

465 3202 513 3245 in
545 3201 861 3245 sanctuarium.
898 3200 932 3227 ¹⁵
955 3202 1046 3244 Nec
1081 3201 1450 3244 contaminabunt
1480 3199 1757 3243 sanctificata
1786 3198 1979 3241 filiorum
2008 3197 2169 3252 Israel,
2201 3211 2298 3253 quae

468 3261 662 3305 offerunt
689 3260 900 3315 Domino,
929 3259 963 3286 ¹⁶
982 3274 1035 3302 ne
1061 3261 1178 3304 forte
1202 3260 1451 3303 sustineant
1473 3259 1754 3315 iniquitatem
1781 3257 1932 3300 delicti
1958 3257 2046 3314 sui,
2074 3271 2176 3300 cum
2201 3270 2298 3299 san-

469 3320 664 3364 ctificata
690 3318 975 3363 comederint.
1004 3320 1097 3375 Ego
1126 3319 1343 3362 Dominus
1370 3318 1443 3374 qui
1469 3318 1697 3361 sanctifico
1724 3331 1809 3360 eos.

234 3393 336 3420 notes
530 3380 562 3406 '¹⁷
590 3381 870 3434 Locutusque
900 3383 965 3421 est
995 3378 1213 3421 Dominus
1241 3378 1298 3421 ad
1325 3379 1532 3434 Moysen,
1559 3377 1709 3421 dicens
1741 3393 1749 3420 :
1784 3375 1819 3402 ¹⁸
1846 3378 2043 3432 Loquere
2067 3375 2124 3419 ad
2151 3377 2299 3419 Aaron

170 3434 395 3464 victimarum.
471 3446 513 3482 et
539 3439 651 3482 filios
674 3438 771 3494 ejus
793 3443 835 3481 et
856 3437 913 3480 ad
947 3451 1099 3481 omnes
1125 3437 1238 3479 filios
1272 3437 1432 3491 Israel,
1463 3436 1670 3492 dicesque
1697 3435 1754 3478 ad
1781 3449 1853 3479 eos
1883 3452 1891 3479 :
1919 3435 2067 3478 Homo
2094 3434 2148 3478 de
2170 3434 2298 3478 domo

471 3498 631 3553 Israel,
666 3504 709 3541 et
741 3497 795 3540 de
827 3496 1012 3540 advenis
1046 3495 1119 3552 qui
1152 3495 1357 3538 habitant
1390 3495 1508 3552 apud
1545 3510 1642 3551 vos,
1678 3493 1750 3551 qui
1784 3493 1993 3538 obtulerit
2030 3493 2300 3537 oblationem

473 3639 519 3671 13]
539 3639 592 3666 Ez.
611 3638 730 3672 XLIV,
752 3641 795 3666 22.
829 3653 865 3657 —
892 3639 921 3672 8]
941 3639 1001 3665 Ex.
1020 3637 1141 3671 XXII,
1158 3638 1203 3664 31.
1222 3636 1299 3668 Sup.
1319 3636 1430 3671 XVII,
1449 3638 1491 3664 15.
1515 3636 1612 3664 Deut.
1631 3635 1722 3670 XIV,
1739 3637 1783 3663 21.
1806 3635 1860 3662 ΕΖ.
1880 3634 1999 3669 XLIV,
2015 3637 2060 3663 31.
