2353 3829
265 107 372 139 v111
930 89 1428 134 INTRODUCTIO

264 284 390 318 vero
418 267 797 331 peculiaribus,
828 266 880 312 in
907 264 1236 326 marginibus
1260 261 1555 324 inscriptis,
1576 266 1792 324 eventa,
1819 275 2095 311 sermones

265 357 314 399 et
339 349 764 399 ratiocinationes
791 341 1203 407 designavimus.

329 433 382 480 20
417 432 695 480 Neminem
730 443 856 477 sane
891 427 1055 488 fugiet
1089 425 1200 474 illas
1234 426 1524 474 divisiones
1559 439 1944 489 nonnunquam
1980 441 2098 476 esse

262 514 596 577 susjectivas,
639 517 694 560 ut
733 511 906 570 aiunt3
946 514 1174 557 attamen
1215 508 1523 557 curavimus
1565 522 1631 556 ne
1671 507 1775 555 ulla
1811 513 2011 557 temere
2049 512 2099 557 et

263 598 377 645 sine
405 610 561 643 causa
588 594 968 652 adduceretur,
1000 591 1223 653 ideoque
1253 591 1643 639 elaboravimus
1674 595 1728 638 ut
1757 590 1927 652 ipsam
1953 605 2098 639 men-

262 684 366 726 tem
397 679 686 724 Auctorum
723 687 995 722 sacrorum
1035 673 1548 735 introspisceremus.
1577 672 1740 721 Nobis
1768 672 1923 720 etiam
1952 672 2097 734 adju-

263 765 440 807 mento
464 757 678 806 fuerunt.
701 757 966 819 praecipua
991 762 1186 804 nostrae
1213 755 1381 804 aetatis
1401 754 1806 816 commentaria,
1830 754 1881 801 in
1905 755 2101 817 quibus

263 846 434 888 textus
473 853 620 888 sacer
658 840 720 887 ad
762 838 1070 901 partitiones
1108 837 1306 900 logicas
1344 851 1554 900 semper
1591 837 1884 900 reducitur,
1926 836 2098 898 prius-

237 937 419 986 «quam
450 921 781 969 membratim
811 926 859 968 et
887 920 1165 987 enodati-us
1192 919 1487 981 explicetur
1515 919 1547 967 ¹.
1963 919 1966 922 ’
2133 913 2135 915 ’

328 1004 379 1052 30
418 1004 673 1053 Dedimus
700 1017 915 1064 operam
944 1006 1000 1050 ut
1034 1001 1323 1051 divisiones
1357 1017 1386 1051 a
1421 1003 1574 1051 nobis
1601 1002 1769 1052 allatae
1797 1016 1894 1051 nec
1920 1002 2101 1065 plures

261 1093 466 1147 essent,
505 1100 602 1134 nec
640 1085 945 1148 paucioreS,
982 1098 1141 1147 quam
1181 1085 1324 1147 quod
1364 1084 1613 1133 materies
1650 1085 1920 1146 postulare
1957 1084 2101 1133 vide-

264 1171 415 1219 batur
441 1168 475 1217 ².

327 1254 380 1300 40
418 1254 474 1301 In
510 1253 673 1301 titulis
705 1252 769 1300 ad
809 1252 1074 1313 margines
1108 1250 1404 1312 inscriptiS,
1443 1263 1566 1298 cum
1602 1263 1745 1311 saepe
1781 1249 1973 1298 frustra
2013 1264 2101 1299 vo-

261 1336 546 1384 luissemus
571 1334 752 1396 paucis
772 1333 949 1381 verbis
969 1332 1246 1394 complecti
1271 1337 1525 1380 eventum
1552 1331 1731 1380 multis
1751 1331 2097 1394 implicatum,

260 1423 348 1466 aut
383 1416 834 1465 ratiocinationem
872 1416 1112 1477 longam,
1151 1414 1447 1477 parendum
1485 1413 1798 1462 censuimus
1836 1413 2021 1463 effato:
2058 1416 2097 1462 Α

258 1500 454 1564 potiori
490 1498 545 1559 fit
585 1497 984 1553 denominatim·
1019 1503 1203 1560 atque,
1240 1496 1293 1543 in
1333 1496 1507 1559 factiS,
1546 1496 1796 1558 adjuncta
1834 1496 2103 1545 notatione

260 1581 521 1644 digniora,
548 1581 598 1628 in
624 1580 969 1639 orationibUS,
994 1579 1284 1627 sententias
1309 1578 1477 1640 magis
1500 1578 1836 1641 conspicuas,
1860 1592 1887 1627 e
1907 1578 2103 1641 quibus

263 1664 493 1713 narratio
521 1663 752 1711 colorem
780 1667 830 1710 et
855 1661 1065 1710 titulum
1093 1674 1368 1709 assumere
1390 1663 1619 1723 pot-erat,
1644 1659 1715 1708 ibi
1741 1666 1946 1709 tantum
1975 1660 2104 1709 rese-

262 1746 428 1795 renda
454 1759 571 1794 esse
598 1743 1036 1793 existimavimus.

327 1827 379 1874 5⁰
406 1826 512 1875 Etsi
549 1827 783 1889 capitum
819 1832 869 1873 et
901 1825 1290 1874 versiculorum
1324 1830 1533 1874 veteres
1567 1838 1823 1874 numeros
1849 1825 2103 1874 retinere-

264 1925 407 1972 muS,
437 1925 467 1958 a
500 1910 695 1972 quibus
730 1899 856 1957 sane
892 1907 1067 1957 recedi
1103 1922 1210 1956 non
1251 1913 1457 1969 posset,
1487 1907 1616 1971 quin
1650 1912 1794 1957 totus
1827 1907 2103 1957 subverte-

262 1999 408 2042 retur
454 2007 584 2041 usus
626 1997 676 2040 et
717 1992 847 2040 ordo
890 1991 1148 2053 allegandi
1196 1990 1594 2053 Scripturarum
1642 1990 1779 2052 loca,
1828 2003 2102 2053 nunquam

261 2080 437 2124 tamen
463 2080 639 2136 textus
666 2074 971 2123 continuam
997 2073 1190 2122 seriem
1218 2073 1631 2135 interrupimuS,
1657 2086 1756 2121 nec
1782 2071 1851 2120 ad
1873 2071 2094 2125 {inea-m,

262 2164 319 2206 ut
346 2159 556 2219 dicitur,
587 2157 960 2217 transivimuS,
991 2156 1092 2204 nisi
1119 2155 1334 2218 quando
1371 2155 1662 2204 divisiones
1697 2170 1726 2203 a
1759 2154 1914 2203 nobis
1944 2167 2103 2202 usur-

262 2246 397 2303 patae
433 2241 484 2288 id
519 2240 894 2303 requirebant:
926 2239 1066 2302 quod
1104 2237 1413 2299 ceteroquin
1452 2251 1550 2286 nos
1583 2237 1648 2286 ad
1676 2236 1961 2299 pristinum
1994 2248 2103 2283 mo-

262 2337 373 2371 rem
414 2323 712 2371 excutiendi
760 2322 945 2370 Libros
984 2334 1164 2370 sacros
1205 2320 1525 2381 reducebat,
1566 2325 1625 2368 ut
1665 2319 1847 2366 videre
1887 2317 2008 2366 licet
2050 2316 2099 2364 in

262 2405 494 2468 antiquis
522 2405 719 2453 Bibliis.
751 2405 960 2453 Recens
987 2403 1129 2451 enim
1159 2402 1350 2450 modus
1377 2401 1445 2449 ud
1471 2400 1672 2448 lineam
1700 2398 1970 2461 rejiciendi
2000 2397 2102 2446 ini-

262 2486 390 2535 tium
424 2488 848 2550 uniuscujusque
872 2500 1082 2546 versuS,
1105 2485 1307 2534 nedum
1333 2484 1400 2533 sit
1425 2483 1582 2545 utilis,
1614 2495 1797 2530 rerum
1821 2480 2103 2529 sententia—

264 2583 492 2631 rumque
523 2569 763 2618 ordinem
792 2574 842 2617 et
869 2582 1090 2617 sensum
1118 2567 1373 2616 continuo
1401 2565 1656 2627 infringit.

329 2651 379 2698 6⁰
416 2653 547 2700 Loca
585 2651 827 2713 parallela
863 2652 1026 2699 Vetus
1061 2650 1197 2698 inter
1231 2653 1282 2697 et
1314 2648 1524 2696 Novum
1559 2647 1983 2709 Testamentum,
2021 2644 2104 2693 vel

264 2733 403 2781 inter
437 2733 675 2780 diversas
710 2733 822 2781 sive
855 2732 1059 2780 Veteris
1094 2732 1206 2780 sive
1240 2730 1375 2778 Novi
1411 2728 1731 2777 Testamenti
1767 2733 1971 2791 partes,
2000 2739 2105 2790 qua

264 2814 376 2863 fieri
408 2815 574 2878 potuit
594 2814 864 2875 diligentia
883 2813 1271 2862 adnotavimus
1298 2811 1430 2870 Quia
1449 2825 1574 2860 vero
1594 2811 1696 2860 illae
1715 2809 2101 2870 adnotationeS,

265 2896 308 2944 si
353 2897 400 2943 in
442 2897 555 2958 ipso
601 2902 744 2945 textu
784 2896 1281 2957 interponerentur,
1327 2893 1634 2956 frequentes
1676 2898 1726 2941 et
1769 2893 2103 2955 importunos

266 2979 580 3027 inducerent
606 2979 781 3027 hiatus
816 2978 989 3041 (quod
1024 2977 1077 3024 in
1113 2976 1381 3040 plerisque
1416 2976 1583 3025 nostri
1620 2975 1877 3038 temporis
1914 2973 2102 3022 editio—

266 3060 424 3108 nibus
451 3074 553 3108 non
587 3061 713 3108 satis
741 3065 952 3109 cautum
989 3058 1139 3122 fuit),
1175 3058 1292 3106 ideo
1327 3059 1391 3106 ad
1423 3059 1620 3107 calcem
1657 3058 1864 3120 paginas
1891 3056 2104 3105 fuerunt

323 3258 333 3283 ¹
364 3257 478 3298 Inter
502 3264 698 3299 auctores
724 3259 882 3311 qui-bus
910 3259 948 3298 in
978 3259 1056 3298 hoc
1084 3262 1230 3298 nostro
1258 3269 1389 3309 opere
1418 3257 1484 3297 usi
1511 3269 1682 3303 sumus,
1713 3255 1835 3295 liceat
1861 3254 1989 3294 citare
2016 3253 2101 3293 cla-

268 3325 462 3365 rissimos
498 3325 697 3378 Rispium,
728 3326 907 3378 (lorluy,
946 3324 1182 3372 Delitzsch,
1220 3323 1378 3373 Drach,
1417 3322 1590 3371 Ewald,
1620 3322 1809 3363 Kaulen.
1839 3320 1956 3368 Keil,
1987 3318 2103 3359 Kna-

269 3390 501 3438 benbauer,
527 3392 637 3433 ι1.-Ρ.
662 3393 829 3442 Lange,
851 3392 1056 3440 Rohttng,
1082 3391 1398 3439 Rosenmiiller,
1421 3390 1611 3440 Schanz,
1632 3388 1817 3441 Schogg,
1833 3387 2100 3441 Vigouroux.

323 3464 337 3489 ὲ
380 3459 571 3511 Exempli
609 3459 764 3511 gratia,
798 3464 940 3500 nostro
975 3471 1126 3508 sensu,
1165 3458 1294 3498 latius
1336 3457 1425 3498 susa
1459 3463 1523 3498 est
1559 3456 1775 3508 Anwtysis
1811 3455 1995 3502 biblica,
2027 3466 2102 3493 seu

275 3525 488 3564 Uniwrsae
525 3527 766 3573 Scripturae
801 3527 944 3567 Smrae
980 3528 1138 3577 αἠαἰῃί
1161 3539 1210 3565 ca
1246 3525 1463 3575 expositio
1505 3523 1553 3565 P.
1593 3522 1764 3563 Henrici
1800 3521 1972 3573 Kilber,
2008 3531 2102 3574 quae

272 3591 363 3630 ideo
388 3592 573 3632 animum
603 3594 770 3634 lectoris
796 3605 908 3646 saepe
934 3596 1156 3634 conturbat
1182 3597 1224 3632 et
1249 3591 1449 3644 implicat.
