2391 3861
698 162 715 203 Ι
751 164 858 205 Tm.
897 164 936 208 Ῐ,
972 164 1026 205 20
1057 188 1114 193 —-
1151 162 1242 206 111.
1280 161 1344 203 16.
1818 160 1923 201 1311

111 329 263 378 fidem,
299 335 342 371 et.
378 328 538 371 bonam
573 328 908 378 conscientiam,
944 342 1072 381 quum
1113 326 1290 381 qnidam
1329 325 1610 380 repellentes,
1647 324 1759 365 eirea
1801 324 1927 367 tidem

111 379 514 442 naufragaverunt3
544 385 580 411 '2¹'
602 401 653 428 ex
682 386 840 440 quibus
869 391 933 427 est
967 386 1239 440 llymenzeus
1269 389 1312 427 et
1338 382 1603 438 Alexander,
1632 396 1737 437 quos
1769 382 1930 425 tradidi

107 446 307 501 Satanae,
334 451 378 488 ut
405 445 579 488 discant
605 460 687 486 non
715 444 1032 500 blasphemare.

414 597 436 648 ς’
471 595 532 637 ΙΙ.
565 620 623 626 —
658 594 725 635 De
750 607 878 648 prece
902 593 1087 648 publica
1121 598 1157 633 et
1190 591 1364 633 coetilms
1397 592 1626 646 reliqiosz's.

166 732 272 774 CAP.
306 730 366 772 II.
394 756 450 762 —
481 730 700 773 ¹0bscero
727 728 862 781 igitur
894 727 1081 782 primum
1113 726 1310 767 omnium
1341 725 1430 768 fieri
1463 725 1809 783 obsecrationes,
1837 741 1930 770 ora-

106 789 268 843 tiones,
293 788 633 844 postulationes,
662 787 900 843 gratiarnm
936 785 1152 837 actiones,
1181 798 1256 839 pro
1283 783 1487 825 omnibus
1512 784 1789 838 hominibns3
1819 784 1836 811 ²
1854 801 1928 843 pro

106 847 284 902 regibus
308 855 351 889 et
385 847 589 889 omnibus
622 848 692 902 qui
728 846 769 886 in
806 844 1079 885 sublimitate
1114 849 1236 897 sunt,
1265 848 1312 885 nt
1345 842 1537 897 quietam
1574 850 1618 885 et
1643 845 1926 899 tranquillam

106 905 246 947 vitam
275 920 480 961 agamus,
511 906 555 947 in
584 905 702 947 omni
729 904 893 960 pietate
926 909 970 944 et
1003 901 1220 943 castitate.
1254 900 1271 926 3
1298 902 1397 943 Hoc
1427 901 1545 943 enim
1579 901 1743 944 bonum
1774 910 1858 959 est,
1887 912 1930 947 et

105 970 338 1020 acceptum
363 979 509 1008 coram
536 965 754 1007 salvatore
785 968 931 1004 nostro
969 962 1081 1015 Deo,
1108 961 1123 985 ²¹
1142 960 1215 1015 qui
1247 973 1396 1002 omnes
1431 960 1630 1002 homines
1660 961 1756 1002 vnlt
1785 963 1929 1006 salvos

106 1022 217 1078 fieri,
246 1029 288 1066 et
313 1024 369 1066 ad
400 1023 674 1078 agnitionem
701 1021 899 1064 veritatis
930 1019 1091 1062 venire.
1115 1019 1132 1045 ⁵
1164 1018 1432 1077 Unus-enim
1461 1019 1599 1074 Deus,
1628 1034 1738 1061 unns
1769 1028 1811 1064 et
1840 1036 1926 1065 me-

106 1082 248 1125 diator
275 1083 355 1126 Dei
382 1089 426 1125 et
456 1083 704 1138 hominum,
732 1081 862 1123 homo
888 1079 1087 1122 Clu-istus
1117 1078 1144 1120 J
1151 1092 1269 1133 esus,
1293 1077 1310 1103 ⁶
1328 1077 1400 1132 qui
1428 1077 1550 1120 dedit
1579 1078 1929 1134 redemptionem

104 1141 391 1198 semetipsum
418 1156 493 1197 pro
521 1142 745 1196 omnibus,
769 1138 1072 1182 testimonium
1103 1136 1373 1193 temporibus
1404 1136 1517 1190 suis;
1543 1136 1557 1161 ⁷
1576 1136 1622 1178 in
1649 1151 1732 1192 quo
1763 1139 1929 1194 positus

105 1215 202 1242 sum
227 1215 307 1256 ego
342 1200 605 1257 praedieator
631 1206 674 1244 et
699 1197 923 1256 apostolus
948 1196 1212 1254 (veritatem
1248 1196 1359 1251 dico,
1387 1209 1474 1238 non
1510 1196 1752 1252 mentior),
1779 1197 1931 1240 doctor

103 1260 305 1315 gentium
327 1260 372 1302 in
396 1260 479 1302 fide
508 1267 551 1302 et
578 1260 776 1302 veritate.

164 1318 181 1344 ⁸
202 1319 312 1362 Volo
334 1333 438 1375 ergo
464 1319 579 1362 viros
602 1332 724 1362 orare
747 1318 793 1360 in
821 1317 938 1360 omni
961 1317 1079 1372 loco,
1106 1317 1306 1360 levantes
1329 1330 1458 1372 puras
1481 1330 1657 1371 manus,
1685 1316 1780 1359 sine
1800 1317 1866 1359 ira
1888 1323 1930 1360 et

109 1377 437 1434 disceptatione.
462 1378 479 1404 9
498 1378 710 1421 Similiter
731 1383 774 1420 et
798 1377 1000 1419 mulieres
1024 1376 1068 1418 in
1091 1376 1246 1419 habitu
1274 1381 1448 1430 ornato,
1476 1389 1574 1417 eum
1598 1376 1865 1418 verecundia
1888 1382 1930 1419 et

103 1436 340 1480 sobrietate
366 1442 571 1480 ornantes
598 1451 663 1491 se,
690 1441 734 1479 et
756 1450 841 1479 non
864 1436 910 1478 in
934 1436 1059 1478 tortis
1083 1435 1289 1489 crinibus,
1316 1440 1393 1477 aut
1418 1448 1537 1489 auro,
1564 1440 1640 1476 aut
1662 1435 1927 1491 margaritis,

104 1495 173 1538 vel
200 1501 321 1539 veste
343 1496 557 1552 pretiosa3
588 1495 623 1521 '¹⁰
640 1496 715 1538 sed
742 1495 856 1551 quod
880 1495 1006 1537 decet
1032 1494 1258 1549 mulieres,
1287 1493 1593 1550 promittentes
1617 1493 1828 1549 pietatem
1854 1509 1930 1550 per

103 1569 233 1610 opera
255 1555 384 1598 bona.

164 1613 193 1639 ¹¹
214 1613 373 1656 Mulier
395 1613 439 1656 in
465 1614 641 1657 silentio
665 1614 808 1656 discat
832 1628 932 1656 cnm
955 1612 1073 1655 omni
1101 1612 1390 1668 subjectione.
1412 1612 1446 1638 '¹³
1467 1614 1634 1656 Docere
1660 1617 1809 1656 autem
1835 1628 1929 1655 mu-

102 1672 197 1715 lieri
225 1687 311 1715 non
334 1672 555 1728 permitto,
584 1686 722 1727 neque
745 1671 962 1715 dominari
988 1671 1034 1712 in
1055 1671 1208 1725 virum,
1232 1671 1307 1713 sed
1331 1685 1424 1714 esse
1449 1671 1495 1713 in
1521 1669 1710 1716 silentio.
1736 1671 1929 1714 13Adam

101 1731 219 1774 enim
245 1731 412 1787 primus
446 1731 665 1774 formatus
692 1736 778 1787 est,
810 1730 969 1774 deinde
997 1731 1149 1783 Heva3
1182 1730 1216 1756 ¹4
1238 1735 1281 1773 et
1307 1730 1453 1772 Adam
1484 1745 1570 1773 non
1602 1736 1668 1774 est
1700 1731 1927 1786 seductus,

102 1790 260 1833 mulier
291 1796 441 1833 autem
478 1790 661 1833 seducta
698 1790 743 1832 in
781 1789 1147 1846 p1·aevaricatione
1183 1789 1287 1831 fuit.
1323 1788 1358 1815 ¹5
1386 1789 1640 1842 Salvabitur
1672 1795 1822 1833 autem
1854 1804 1930 1845 per

101 1849 291 1893 tiliorum
313 1849 660 1905 generationem,
687 1849 722 1891 si
745 1847 1036 1906 permanserit
1062 1847 1108 1889 in
1130 1848 1236 1904 fide,
1260 1852 1304 1891 et
1330 1847 1589 1904 dilectione,
1613 1855 1656 1892 et
1681 1847 1929 1892 sanctifica—

100 1908 220 1951 tione
245 1923 345 1950 cum
376 1908 625 1951 sobrietate.

368 2053 391 2105 ξ
424 2050 511 2092 ΠΙ.
537 2075 592 2082 -
630 2050 821 2102 Quinam
853 2052 898 2092 in
930 2065 1105 2092 sacrum
1138 2051 1431 2093 ministerium
1464 2051 1661 2106 eliyendi.

160 2187 265 2231 CAP.
297 2188 386 2230 III.
417 2213 475 2219 —-
506 2187 575 2229 1F
578 2187 707 2230 idelis
741 2201 911 2230 sermo:
947 2187 982 2229 si
1018 2187 1113 2242 quis
1148 2186 1452 2243 episcopatum
1488 2187 1728 2243 desiderat,
1764 2188 1929 2232 bonum

101 2261 206 2303 opus
240 2246 475 2290 desiderat„
503 2245 520 2271 2
547 2247 730 2302 Oportet
759 2260 862 2300 ergo
897 2246 1151 2302 episcopum
1185 2245 1616 2302 irreprehensibilem
1647 2261 1764 2303 esse,
1799 2247 1929 2291 unius

100 2306 246 2349 uxoris
268 2305 435 2361 virum,
462 2305 678 2360 sobrium,
707 2305 989 2362 prudentem,
1014 2310 1238 2360 ornat-um,
1264 2305 1496 2360 pudicum,
1532 2305 1818 2362 hospitalem,
1851 2307 1926 2350 do-

100 2370 286 2421 ctorem,
313 2365 331 2391 3
348 2379 435 2408 non
459 2365 756 2420 vinolentum,
781 2378 868 2407 non
894 2378 1218 2420 percussorem,
1243 2363 1319 2406 sed
1346 2364 1613 2418 modestum,
1641 2378 1729 2408 non
1762 2365 1927 2421 litigio—

99 2438 218 2478 sum,
245 2439 333 2467 non
359 2424 589 2480 cupidum,
624 2422 701 2466 Sed
727 2423 744 2449 4
762 2438 852 2466 suae
879 2423 1028 2466 domui
1063 2423 1173 2465 bene
1207 2423 1514 2479 praepositum,
1546 2423 1659 2466 filios
1689 2424 1928 2468 habentem

99 2483 299 2526 subditos
325 2498 426 2527 eum
453 2483 571 2526 omni
602 2482 808 2525 castitate
832 2483 849 2508 ⁵
869 2483 930 2539 (si
954 2482 1050 2538 quis
1079 2487 1228 2525 autem
1255 2481 1405 2524 domui
1434 2496 1524 2525 suae
1554 2497 1740 2539 praeesse
1762 2485 1924 2539 nescit,

100 2543 316 2598 quomodo
354 2542 552 2585 ecclesiae
591 2542 675 2585 Dei
708 2542 989 2598 diligentiam
1026 2541 1208 2584 habebit
1226 2538 1268 2593 ‘?)
1296 2538 1325 2592 ⁶,
1351 2555 1438 2584 non
1466 2542 1758 2598 neophytum,
1794 2558 1848 2586 ne
1880 2544 1926 2586 in

99 2601 352 2657 superbiam
377 2601 539 2655 elatus,
569 2602 615 2643 in
645 2601 867 2657 judicium
893 2601 1063 2644 ineidat
1097 2600 1277 2643 diaboli.
1305 2600 1320 2626 7
1341 2601 1522 2657 Oportet
1551 2606 1701 2644 antem
1729 2601 1858 2644 illum
1884 2609 1926 2646 et

100 2660 401 2703 testimonium
428 2661 590 2703 habere
622 2661 787 2703 bonum
812 2661 868 2703 ab
894 2659 948 2703 iis
975 2660 1049 2716 qui
1078 2659 1189 2702 foris
1218 2665 1340 2714 sunt,
1370 2665 1417 2701 ut
1447 2674 1534 2702 non
1564 2659 1609 2701 in
1643 2661 1925 2717 opprobrium

99 2718 288 2772 incidat,
312 2726 355 2763 et
378 2719 425 2762 in
448 2720 655 2774 laqueum
679 2720 858 2764 diaboli.

159 2778 176 2803 ⁸
195 2778 417 2822 Diaconos
442 2779 646 2822 similiter
678 2780 882 2835 pudicos,
917 2795 1005 2823 non
1035 2781 1276 2836 bilingues,
1312 2795 1398 2823 non
1432 2779 1573 2822 multo
1598 2780 1700 2824 vino
1731 2781 1922 2837 deditos,

100 2851 187 2880 non
221 2843 345 2894 turpe
379 2837 549 2880 lucrum
583 2843 823 2894 sectantes,
855 2839 872 2864 9
896 2839 1110 2883 habentes
1145 2845 1405 2896 mysterium
1441 2839 1542 2882 fidei
1575 2838 1620 2881 in
1655 2840 1925 2883 conscientia

99 2911 221 2953 pura,
245 2896 278 2923 ¹⁰
296 2897 354 2939 Et
374 2897 420 2938 hi
445 2903 593 2939 autem
616 2897 854 2953 probentur
875 2898 1091 2954 primum3
1120 2904 1163 2942 et
1188 2899 1250 2941 sic
1277 2898 1539 2953 ministrent,
1564 2898 1737 2940 nullum
1759 2899 1923 2942 crimen

99 2955 327 2999 habentes.
358 2955 387 2981 ¹¹
410 2955 616 2999 Mulieres
645 2956 849 3000 similiter
874 2958 1078 3014 pudicas,
1106 2972 1193 3001 non
1217 2957 1518 3012 detrahentes,
1550 2957 1738 3014 sobrias,
1773 2958 1924 3002 fideles

98 3015 143 3056 in
170 3015 387 3058 omnibns.
413 3014 447 3040 '¹²
467 3015 654 3058 Diaconi
679 3015 768 3057 sint
797 3016 925 3059 unius
954 3017 1100 3060 uxoris
1122 3016 1226 3072 viri,
1253 3016 1327 3072 qui
1354 3016 1455 3059 filiis
1481 3016 1571 3059 suis
1601 3016 1712 3059 bene
1742 3017 1924 3074 praesint

98 3078 142 3116 et
173 3074 263 3117 suis
297 3074 514 3117 domibus.
549 3073 582 3100 ¹3
603 3074 685 3124 Qui
723 3075 839 3118 enim
872 3076 985 3119 bene
1017 3076 1388 3131 ministraverint,
1421 3075 1607 3131 gradum
1642 3075 1807 3119 bonum
1839 3077 1923 3119 sibi

97 3133 346 3188 acquirent,
371 3138 414 3176 et
440 3133 628 3176 multam
654 3133 863 3177 fiduciam
887 3135 931 3176 in
958 3135 1044 3178 fide
1069 3149 1167 3191 quae
1192 3140 1258 3178 est
1282 3135 1328 3177 in
1354 3135 1527 3178 Christo
1554 3135 1674 3178 Jesu.

160 3191 193 3218 ¹4
217 3192 330 3235 Haec
365 3192 447 3235 tibi
481 3192 645 3248 scribo,
680 3207 860 3248 sperans
890 3208 959 3237 me
988 3194 1044 3236 ad
1074 3200 1118 3238 te
1143 3194 1292 3237 venire
1327 3194 1437 3248 eito;
1468 3193 1502 3220 '¹5
1528 3193 1564 3236 si
1597 3199 1747 3237 autem
1776 3194 1923 3237 tarda-

99 3265 220 3307 vero,
260 3255 308 3294 ut
344 3252 457 3295 scias
491 3252 709 3307 quomodo
746 3257 945 3308 oporteat
981 3258 1023 3296 te
1057 3253 1101 3296 in
1139 3253 1270 3296 domo
1308 3253 1389 3296 Dei
1428 3254 1696 3308 conversari,
1727 3267 1825 3308 quae
1859 3259 1924 3296 est

98 3310 285 3353 ecclesia
327 3312 409 3354 Dei
447 3311 561 3366 vivi,
601 3311 807 3353 columna
843 3316 886 3354 et
922 3311 1248 3355 firmamentum
1281 3312 1494 3356 veritatis.
1532 3312 1565 3337 ¹⁶
1588 3314 1644 3354 Et
1685 3311 1924 3356 manifeste

99 3383 311 3425 magnum
347 3375 413 3413 est
454 3370 632 3427 pietatis
675 3376 1023 3425 sacramentum,
1062 3371 1177 3426 quod
1216 3371 1555 3414 manifestatum
1590 3376 1655 3414 est
1690 3371 1735 3412 in
1770 3385 1920 3428 carne,

99 3428 390 3484 justificatum
423 3435 489 3473 est
520 3430 563 3471 in
599 3429 776 3485 spiritu,
811 3429 1018 3485 apparuit
1048 3430 1242 3485 angelis,
1277 3430 1569 3486 praedicatum
1599 3435 1664 3472 est
1695 3429 1921 3488 gentibus,

101 3487 316 3530 creditum
340 3493 407 3531 est
427 3488 473 3530 in
500 3488 685 3544 mundo,
708 3493 984 3544 assumptum
1010 3495 1075 3531 est
1096 3489 1141 3530 in
1168 3489 1322 3544 gloria.

97 3660 161 3693 031
182 3660 271 3688 Pctr.
292 3661 355 3695 ΙΙΙ,
372 3664 398 3689 3.
424 3676 457 3679 -
484 3663 530 3694 12]
558 3662 571 3689 Ι
597 3663 668 3688 ζαν.
692 3662 783 3688 XX.
799 3664 844 3689 32.
871 3676 903 3680 —
933 3663 977 3695 13]
997 3662 1075 3690 Gen.
1098 3662 1122 3696 1,
1139 3663 1183 3689 27.
1213 3676 1248 3680 -
1280 3662 1325 3695 14]
1344 3662 1423 3690 Gen.
1450 3662 1515 3697 ΙΙΙ,
1540 3665 1565 3691 6.
1587 3678 1623 3683 -
1648 3664 1676 3697 22.
1704 3663 1765 3693 Tit.
1791 3665 1817 3699 Ι,
1837 3667 1863 3694 7.

2030 734 2199 764 Orationis

2016 778 2217 813 necessitas,

2029 821 2200 855 objectum

2029 870 2063 893 ct
2085 873 2201 894 cansw.

2059 1326 2176 1352 Modus

2055 1367 2179 1396 orandi.

2018 1615 2217 1644 Muneribus

2014 1659 2047 1687 in
2065 1660 2218 1689 ecclesiis

2029 1703 2205 1732 silendum.

1997 2198 2098 2225 Dotes
2110 2197 2233 2230 episco-

2050 2246 2179 2272 porum.

2023 2780 2158 2809 Diaconi
2173 2784 2205 2809 et

2010 2823 2215 2853 diaconissae.

2053 3199 2176 3232 Quanti

2034 3239 2190 3270 ponderis

2020 3282 2088 3311 sint
2108 3284 2204 3313 Pauli

2026 3328 2192 3358 illaudata.
