2423 3861
154 1290 286 1318 Titulus

135 1333 306 1361 sermonis.

126 1584 312 1617 captivitas

115 1627 333 1661 septuaginta

135 1679 307 1700 annornm.

157 2885 298 2914 Chaldaei

161 2937 293 2963 quoque

132 2978 325 3007 punientur.

110 3345 202 3373 Calix
223 3345 349 3374 suroris

171 3389 202 3414 1›‹
209 3388 299 3416 »mini

135 3432 332 3464 propinatur

162 3476 252 3504 Juda
269 3480 303 3505 ct,

148 3520 317 3553 gentibus.

408 98 490 141 872
951 95 1054 136 JER.
1088 93 1258 146 XXIV,
1295 92 1320 134 8
1355 117 1409 123 —-
1441 92 1586 144 XXV,
1623 91 1689 133 15.

407 267 521 310 dabo
559 266 620 309 eis
658 279 730 307 cor
763 269 810 304 ut
846 261 989 303 sciant
1026 274 1116 307 me,
1151 260 1252 314 quia
1288 273 1370 314 ego
1407 273 1506 301 sum
1541 258 1784 311 Dominus;
1822 264 1865 300 et.
1897 264 2025 302 erunt
2053 258 2161 302 mihi
2193 257 2237 301 in

406 325 638 382 populum,
667 330 709 365 et-
735 335 815 376 ego
846 333 918 362 ero
941 319 1001 362 eis
1028 319 1073 360 in
1102 320 1266 372 Deum,
1291 317 1393 373 quia
1422 322 1699 360 revertentur
1728 316 1785 359 ad
1816 331 1885 359 me
1910 317 1957 360 in
1986 324 2078 362 toto
2109 318 2238 361 corde

406 399 496 427 suo.

464 444 480 469 ⁸
501 444 557 485 Et
583 441 697 482 sicut
722 439 829 481 ficus
855 438 1059 494 pessimae
1085 451 1182 492 quae
1214 436 1386 479 comedi
1412 450 1499 479 non
1526 439 1730 492 possunt,
1755 449 1805 478 eo
1831 435 1946 491 quod
1973 435 2062 478 sint
2084 437 2237 492 malae,

404 503 501 544 haec
530 499 639 542 dicit
666 497 903 552 Dominus,
930 497 993 539 sic
1024 496 1138 539 dabo
1169 495 1421 550 Sedeciam,
1452 509 1602 550 regem
1629 495 1656 537 J
1663 494 1770 549 uda,
1797 500 1840 537 et
1866 494 2088 550 principes
2122 496 2238 551 ejus,

405 567 449 603 et
473 559 664 613 reliquos
694 557 747 599 de
770 556 1041 609 Jerusalem,
1069 555 1142 611 qui
1171 559 1480 597 remanserunt
1508 554 1554 596 in
1589 554 1696 596 urbe
1726 553 1830 609 hac,
1858 559 1901 596 et
1927 555 2002 609 qui
2034 554 2241 597 habitant

404 619 450 661 in
481 624 597 660 terra
623 615 826 672 AEgypti.
854 616 871 641 9
890 615 949 657 Εῖ
975 615 1089 658 dabo
1113 628 1185 657 eos
1211 614 1256 656 in
1278 613 1583 669 vexationem,
1619 612 2002 668 afflictionemque
2037 613 2240 656 omnibus

404 676 552 732 regnis
581 681 730 730 terrae,
761 674 807 716 in
834 673 1137 731 opprobrium,
1166 679 1210 716 et
1242 673 1286 715 in
1316 672 1600 729 parabolam,
1630 676 1674 715 et
1706 672 1751 714 in
1781 673 2085 728 proverbium,
2120 677 2164 714 et
2195 672 2240 715 in

404 735 767 778 maledictionem
799 734 845 776 in
879 733 1096 776 universis
1134 733 1242 776 locis
1272 732 1329 774 ad
1360 747 1458 788 quae
1489 731 1603 787 ejeci
1637 745 1723 776 eos.
1754 730 1790 757 10
1812 731 1870 773 Et
1901 732 2079 774 mittam
2107 731 2154 773 in
2180 725 2241 774 eis

405 794 626 851 gladium,
659 800 701 838 et
729 794 920 849 famem,
948 797 992 835 et
1017 796 1208 848 pest-em,
1233 791 1373 834 donec
1399 795 1717 834 consumantur
1743 790 1797 833 de
1827 796 1943 832 terra
1975 805 2107 846 quam
2140 789 2241 833 dedi

405 853 466 897 eis
492 859 536 897 et
557 853 759 910 patribus
781 867 943 895 eorum.

505 976 661 1018 SERMO
696 975 830 1017 VIII.
857 1000 916 1007 —-
949 974 1235 1016 CAPTIvirAs
1270 984 1596 1016 SEPTUAGINTA
1629 983 1859 1015 ANNORUM
1894 984 2141 1014 msrlnorn

1205 1051 1444 1082 PRAEDICTA

752 1157 775 1214 ξ
812 1158 846 1200 I.
880 1184 940 1188 —
973 1157 1060 1199 Dei
1081 1156 1262 1212 judicia
1293 1157 1338 1198 in
1370 1155 1543 1197 Juclam
1575 1161 1616 1197 et
1645 1155 1692 1197 in
1729 1154 1896 1199 Gentes.

464 1268 570 1311 CAP.
591 1268 735 1309 XXV.
750 1292 809 1298 —
830 1265 839 1291 ¹
861 1265 1060 1308 Verbum
1083 1264 1198 1320 quod
1221 1264 1394 1307 factum
1414 1268 1480 1306 est
1500 1263 1557 1305 ad
1577 1262 1840 1318 Jeremiam,
1862 1262 1916 1305 de
1939 1262 2059 1305 omni
2081 1263 2243 1319 populo

405 1327 544 1382 Juda,
575 1327 621 1368 in
651 1340 767 1368 anno
801 1330 956 1380 quarto
990 1324 1194 1379 Joakim,
1229 1324 1308 1366 filii
1343 1323 1501 1378 Josiae,
1537 1322 1654 1378 regis
1689 1322 1808 1364 Juda
1846 1321 1969 1378 (ipse
2003 1326 2069 1364 est
2103 1336 2244 1364 annus

404 1386 573 1442 primus
602 1384 1034 1439 Nabuchodonosor,
1065 1383 1181 1439 regis
1214 1382 1503 1439 Babylonis),
1536 1381 1553 1406 2
1578 1381 1694 1437 quod
1726 1381 1898 1424 locutus
1930 1386 1995 1424 est
2025 1382 2052 1424 J
2058 1381 2243 1424 eremias

404 1446 620 1502 propheta
653 1445 710 1487 ad
747 1458 924 1487 omnem
958 1443 1170 1500 populum
1205 1442 1343 1499 Juda,
1381 1447 1424 1485 et
1456 1442 1512 1484 ad
1547 1441 1775 1484 universos
1809 1440 2082 1483 habitatores
2117 1441 2245 1483 Jeru-

406 1505 566 1561 salem,
599 1504 749 1547 diceus
772 1521 780 1547 :

465 1565 538 1607 3A
564 1564 695 1607 tertio
726 1563 898 1606 decimo
925 1577 1040 1605 anno
1071 1561 1229 1616 Josiae,
1255 1561 1335 1603 filii
1362 1562 1530 1616 Amon,
1561 1560 1678 1616 regis
1704 1560 1844 1615 Juda,
1868 1574 2004 1616 usque
2034 1560 2091 1603 ad
2126 1559 2244 1602 diem

406 1625 542 1678 hanc,
565 1623 649 1666 iste
676 1622 831 1666 tertius
854 1628 897 1665 et
917 1621 1160 1677 vigesimus
1182 1634 1344 1675 annus,
1372 1620 1547 1663 factum
1571 1626 1636 1662 est
1653 1619 1838 1662 verbum
1863 1619 2043 1662 Domini
2070 1618 2126 1661 ad
2153 1633 2244 1674 me,

408 1689 451 1726 et
476 1683 652 1726 locutus
677 1697 775 1725 sum
804 1681 861 1724 ad
886 1695 964 1724 vos
995 1681 1048 1723 de
1077 1685 1207 1723 nocte
1233 1693 1523 1735 consurgens,
1556 1684 1599 1722 et
1624 1679 1828 1734 loquens,
1861 1684 1903 1721 et
1928 1693 2015 1721 non
2041 1678 2244 1721 audistis.

408 1743 425 1769 4
451 1743 510 1785 Et
543 1741 665 1784 misit
699 1741 917 1784 Dominus
950 1740 1006 1783 ad
1045 1754 1122 1782 vos
1158 1753 1308 1782 omnes
1351 1753 1499 1781 servos
1538 1753 1638 1781 suos
1674 1738 1931 1794 prophetaS,
1975 1751 2245 1792 consurgens

410 1802 627 1856 diluculo,
656 1801 948 1856 mittensque,
978 1804 1021 1843 et
1052 1814 1139 1842 non
1165 1798 1373 1854 audistis,
1399 1812 1539 1853 neque
1568 1797 1820 1840 inclinastis
1845 1811 1973 1839 aures
1998 1802 2172 1840 vestras
2198 1802 2246 1839 ut

409 1861 642 1916 audiretis,
666 1861 682 1886 5
701 1875 799 1902 cum
833 1859 1026 1902 diceret:
1056 1857 1349 1901 Revertimini
1379 1857 1679 1912 unusquisque
1708 1871 1734 1898 a
1760 1856 1833 1898 via
1866 1870 1946 1898 sua
1979 1856 2116 1912 mala,
2146 1862 2190 1898 et
2220 1870 2247 1897 a

410 1921 612 1978 pessimis
639 1919 985 1975 cogitationibus
1007 1917 1185 1973 vestris,
1210 1922 1254 1960 et
1283 1916 1545 1959 habitabitis
1571 1916 1617 1958 in
1643 1920 1758 1958 terra
1782 1930 1914 1971 quam
1941 1914 2062 1957 dedit
2095 1914 2246 1958 Domi-

410 1995 490 2023 nus
512 1980 638 2023 vobis
666 1985 707 2022 et
732 1979 932 2035 patribus
955 1978 1134 2032 vestris,
1158 1992 1183 2019 a
1209 1976 1372 2019 saeculo
1404 1981 1446 2018 et
1476 1989 1613 2031 usque
1642 1975 1688 2017 in
1719 1975 1958 2029 saeculum3
1991 1974 2008 2000 ⁶
2039 1981 2083 2018 et
2109 1973 2247 2017 nolite

409 2040 472 2083 ire
501 2045 599 2096 post
629 2039 733 2082 deos
767 2038 955 2093 alienos,
988 2043 1038 2080 ut
1066 2036 1268 2080 serviatis
1303 2035 1364 2078 eis
1390 2035 1671 2090 adoretisque
1694 2049 1787 2091 eos,
1811 2048 1954 2089 neque
1980 2048 2050 2076 me
2079 2033 2136 2076 ad
2162 2033 2246 2076 ira-

411 2099 620 2142 cundiam
643 2097 890 2155 provocetis
914 2096 958 2139 in
986 2096 1192 2153 operibus
1218 2109 1434 2137 manuum
1455 2100 1724 2149 vestrarum,
1752 2099 1795 2137 et
1817 2108 1904 2136 non
1926 2092 2132 2149 affligam
2154 2107 2246 2136 VOS.

411 2158 425 2183 7
446 2160 503 2201 Et
528 2172 616 2200 non
637 2157 826 2200 audistis
857 2171 947 2212 me,
976 2156 1085 2198 dicit
1117 2155 1355 2211 Dominus,
1386 2160 1435 2196 ut
1461 2168 1531 2197 me
1555 2154 1613 2196 ad
1643 2153 1920 2196 iracundiam
1946 2151 2246 2209 provocaretis

409 2218 454 2259 in
481 2217 685 2273 operibus
712 2231 925 2259 manuum
951 2221 1214 2271 vestrarum,
1236 2214 1284 2257 in
1307 2214 1475 2256 malum
1502 2218 1710 2256 vestrum.

469 2277 485 2303 8
505 2278 741 2334 Propterea
763 2277 858 2319 haec
886 2275 995 2318 dicit
1026 2275 1243 2318 Dominus
1268 2273 1545 2317 exercituum
1568 2289 1575 2317 :
1608 2274 1691 2316 Pro
1721 2287 1771 2316 eo
1799 2272 1914 2329 quod
1943 2287 2031 2315 non
2060 2271 2247 2314 audistis

410 2337 544 2380 verba
568 2351 687 2391 mea,
714 2335 851 2379 9ecce
881 2350 962 2391 ego
993 2334 1171 2377 mittam
1205 2339 1248 2377 et
1281 2347 1506 2376 assumam
1539 2332 1769 2375 universas
1803 2331 2090 2388 cognationes
2123 2331 2246 2386 aqui-

410 2396 544 2449 lonis,
567 2395 630 2438 ait
653 2395 884 2450 Dominus,
908 2400 953 2437 et
974 2394 1398 2448 Nabuchodonosor,
1425 2406 1576 2448 regem
1605 2391 1861 2448 Babylonis,
1881 2405 2058 2434 servum
2083 2404 2245 2445 meum,

412 2460 455 2498 et
478 2455 701 2498 adducam
727 2469 800 2497 eos
830 2469 959 2511 super
985 2460 1148 2497 terram
1178 2454 1330 2509 istam,
1358 2458 1401 2496 et
1430 2466 1560 2508 super
1586 2451 1859 2494 habitatores
1889 2451 2006 2506 ejus,
2042 2455 2086 2493 et
2118 2463 2247 2506 super

412 2529 562 2557 omnes
588 2514 791 2557 nationes
820 2528 919 2569 quae
944 2513 991 2556 in
1018 2512 1206 2556 circuitu
1231 2512 1352 2554 illius
1378 2517 1508 2566 sunt;
1536 2516 1579 2554 et
1603 2510 1871 2554 interficiam
1900 2524 1993 2563 eos,
2020 2515 2063 2552 et
2085 2522 2246 2565 ponam

412 2588 483 2617 eos
506 2573 551 2616 in
573 2580 796 2630 stuporem
819 2579 862 2616 et
884 2573 929 2615 in
952 2572 1154 2628 sibilum,
1179 2578 1221 2615 et
1239 2571 1284 2614 in
1311 2571 1572 2614 solitudines
1594 2570 1900 2626 sempiternas.
1922 2568 1957 2595 ¹⁰
1973 2568 2247 2623 perdamque

412 2648 467 2676 ex
495 2633 556 2676 eis
587 2647 742 2676 vocem
772 2632 926 2689 gaudii
957 2638 1001 2675 et
1033 2646 1189 2675 vocem
1220 2631 1415 2686 laetitiae,
1439 2644 1595 2673 vocem
1623 2629 1772 2686 sponsi
1799 2634 1842 2672 et
1871 2642 2024 2672 vocem
2050 2641 2244 2684 sponsae,

411 2707 564 2736 vocem
603 2693 734 2735 molae
763 2698 807 2735 et
832 2692 982 2734 lumen
1009 2691 1215 2734 lucernae.
1252 2691 1285 2717 '¹¹
1314 2691 1371 2733 Et
1397 2690 1479 2734 erit
1508 2689 1715 2732 universa
1741 2694 1856 2732 terra
1889 2688 1986 2730 haec
2017 2687 2062 2729 in
2095 2685 2246 2729 solitu-

413 2751 583 2808 dinem,
607 2757 650 2795 et
674 2751 720 2794 in
746 2756 995 2808 stuporem3
1026 2756 1069 2793 et
1094 2751 1288 2793 servient
1317 2764 1468 2793 omnes
1494 2753 1648 2805 gentes
1673 2747 1772 2791 istae
1797 2748 1892 2803 regi
1917 2745 2160 2802 Babylonis
2183 2760 2247 2789 se-

413 2812 649 2868 ptuaginta
669 2811 812 2855 annis.

473 2870 508 2896 ¹²
527 2872 724 2926 Cumque
748 2871 922 2928 impleti
953 2871 1121 2914 fuerint
1147 2870 1432 2926 septuaginta
1457 2868 1584 2924 anni,
1611 2867 1804 2911 visitabo
1826 2880 1955 2923 super
1983 2879 2134 2920 regem
2164 2866 2245 2908 Ba-

413 2930 588 2986 bylonis
611 2936 654 2974 et
675 2945 805 2987 super
822 2936 1001 2986 gentem
1019 2930 1158 2985 illam,
1179 2929 1288 2972 dicit
1312 2929 1543 2983 Dominus,
1566 2927 1850 2983 iniquitatem
1872 2939 2035 2978 eorum,
2054 2930 2096 2967 et
2119 2939 2247 2980 super

413 2995 574 3032 terram
609 2989 942 3046 Chaldaeorum,
977 2996 1020 3033 et
1053 3003 1216 3046 ponam
1248 2989 1374 3031 illam
1410 2988 1456 3030 in
1494 2986 1755 3030 solitudines
1788 2984 2093 3041 sempiternas.
2136 2983 2168 3010 ¹3
2191 2984 2248 3026 Et

413 3047 634 3090 adducam
668 3063 798 3105 super
826 3054 989 3092 terram
1020 3049 1145 3091 illam
1179 3048 1327 3091 omnia
1350 3048 1485 3090 verba
1512 3061 1628 3102 mea,
1653 3060 1750 3101 quae
1772 3044 1944 3087 locutus
1970 3058 2068 3086 sum
2095 3049 2248 3086 contra

415 3122 532 3163 eam,
557 3121 685 3150 omne
708 3107 821 3163 quod
843 3109 1058 3166 scriptum
1083 3112 1151 3152 est
1172 3107 1216 3150 in
1241 3107 1354 3150 libro
1372 3107 1476 3162 isto,
1501 3118 1792 3162 quaecumque
1817 3103 2100 3160 prophetavit
2124 3102 2151 3144 J
2158 3116 2247 3145 ere-

416 3167 526 3210 mias
551 3166 787 3209 adversum
821 3182 971 3211 omnes
1006 3172 1185 3224 gentes3
1220 3166 1254 3192 ¹4
1273 3167 1375 3222 quia
1401 3165 1647 3209 servierunt
1673 3163 1755 3218 eis,
1783 3177 1883 3205 cum
1914 3167 2060 3206 essent
2092 3167 2246 3218 gentes

415 3227 589 3282 multae,
617 3231 660 3269 et
684 3240 810 3282 reges
834 3227 1010 3282 magni,
1035 3233 1078 3270 et
1098 3226 1284 3269 reddam
1305 3226 1366 3269 eis
1393 3223 1637 3268 secundum
1666 3236 1798 3279 opera
1821 3236 1993 3278 eorum,
2021 3226 2064 3264 et
2093 3234 2246 3264 secun-

415 3287 521 3329 dum
544 3287 668 3329 facta
694 3300 906 3328 manuum
930 3301 1120 3328 suarum.

476 3347 510 3373 ¹⁵
528 3346 640 3397 Quia
662 3345 725 3388 sic
747 3345 857 3388 dicit
884 3346 1100 3388 Dominus
1123 3347 1419 3399 exercituum,
1445 3346 1562 3388 Deus
1593 3342 1759 3386 Israel:
1786 3343 1917 3386 Sume
1947 3341 2130 3385 calicem
2154 3339 2247 3382 vini

415 3406 576 3449 furoris
609 3406 742 3461 hujus
769 3405 822 3447 de
856 3419 990 3447 manu
1023 3419 1141 3460 mea,
1172 3413 1216 3448 et
1248 3403 1505 3462 propina-bis
1535 3402 1589 3446 de
1621 3401 1698 3444 illo
1733 3401 1905 3445 cunctis
1935 3399 2163 3457 gentibus,
2189 3398 2247 3442 ad

415 3566 445 3598 5]
469 3566 513 3592 lv
533 3566 615 3598 Reg.
634 3566 744 3599 XVII,
762 3568 806 3594 13.
829 3565 906 3597 SUI).
922 3564 1053 3598 XVIII,
1072 3566 1114 3591 11.
1139 3561 1204 3589 Inf.
1223 3561 1362 3596 XXXV,
1383 3563 1423 3589 15.
1437 3574 1474 3579 —
1492 3560 1538 3593 11]
1560 3559 1593 3587 ΙΙ
1613 3559 1685 3587 Par.
1703 3558 1864 3594 XXXVI,
1880 3560 1925 3587 22.
1949 3558 1963 3586 Ι
1982 3557 2077 3586 Esdl'.
2097 3558 2122 3590 1,
2136 3559 2161 3586 1.
2181 3554 2257 3586 1112·

416 3610 540 3644 XXVI,
561 3612 577 3637 6
595 3612 629 3636 et
646 3609 776 3644 XXIX,
796 3611 839 3637 10.
862 3609 943 3636 Dan.
964 3607 1023 3642 IX,
1040 3609 1065 3635 2.
