2456 3861
747 145 860 187 Lssv.
896 145 975 200 IV,
1010 146 1064 188 28
1096 172 1155 178 -
1188 147 1275 201 VI,
1309 146 1348 189 3.
1901 152 1955 194 95

136 311 374 367 quidquam
407 310 460 354 de
493 311 561 353 his
597 326 695 367 quae
731 313 909 355 Domini
946 313 1043 370 lege
1077 315 1376 370 prohibentur,
1406 320 1538 371 atque
1571 316 1818 373 delinquat,
1853 317 1888 344 9⁸
1914 324 1958 361 et

135 369 391 425 cognoverit
424 375 655 425 peccatum
693 386 839 426 suum,
877 372 1033 415 offeret
1067 387 1245 429 capram
1278 373 1642 429 immaculatam;
1677 376 1714 401 ⁹²⁹
1738 382 1956 432 ponetque

135 442 314 470 manum
346 442 475 484 super
507 434 641 485 caput
673 430 829 473 hostiae
862 445 960 486 (11138
994 445 1071 487 pro
1104 438 1286 487 peccato
1318 438 1403 488 est,
1427 438 1471 476 et
1501 433 1753 477 immolabit
1781 449 1878 477 eam
1910 435 1955 478 in

133 486 229 529 loco
251 486 511 530 holocausti.
544 487 581 513 3⁰
602 488 832 544 Tolletque
865 490 1067 532 sacerdos
1097 491 1150 533 de
1172 491 1387 547 sanguine
1414 491 1460 534 in
1486 492 1627 548 digito
1652 507 1757 547 suo;
1792 498 1836 536 et
1860 499 1956 536 tan-

131 559 240 601 gens
266 558 427 587 cornua
450 546 602 588 altaris
624 546 889 602 holocausti,
913 548 1129 603 reliquum
1151 550 1311 592 fundet
1334 551 1391 593 ad
1413 550 1555 593 basim
1578 551 1688 607 ejus.
1714 551 1747 578 3¹
1769 553 1956 596 Omnem

130 608 280 646 autem
302 603 479 660 adipem
504 605 733 659 auferens,
760 605 874 648 sicut
895 606 1060 648 auferri
1091 607 1204 650 solet
1228 607 1281 651 de
1311 609 1505 652 victimis
1527 610 1830 667 pacificorum,
1853 611 1956 654 ado-

132 662 241 704 lebit
269 677 399 719 super
427 663 566 705 altare
599 663 644 704 in
678 663 855 706 odorem
888 665 1121 707 suavitatis
1151 666 1371 721 Domino,
1407 669 1667 724 rogabitque
1699 684 1777 725 pro
1812 685 1883 725 eo,
1913 675 1958 713 et

132 720 379 764 dimittetur
403 721 457 765 ei.
484 720 520 747 ³²³·
541 721 615 765 Sin
641 726 791 764 autem
821 722 874 765 de
897 722 1127 778 pecoribus
1153 723 1364 767 obtulerit
1393 726 1622 769 victimam
1649 742 1726 783 pro
1751 734 1957 785 peccato,

133 793 258 822 ovem
283 779 454 823 scilicet
481 779 838 835 immaculatam,
865 780 902 806 33
922 786 1057 837 ponet
1082 796 1263 824 manum
1289 797 1417 839 super
1442 790 1575 840 caput
1596 786 1712 842 ejus,
1737 793 1781 830 et
1800 787 1956 831 immo-

131 838 241 881 labit
273 852 372 881 eam
408 838 454 880 in
493 838 589 881 loco
625 838 699 880 ubi
737 839 879 882 solent
915 839 1027 882 caedi
1061 840 1414 884 holocaustorum
1446 843 1616 887 hostiae.
1654 845 1689 871 3¹
1720 847 1955 901 Sumetque

129 896 331 940 sacerdos
352 896 406 939 de
428 897 644 953 sanguine
663 897 760 953 ejus
782 897 924 954 digito
945 913 1042 954 suo,
1062 903 1106 941 et
1133 903 1320 955 tangens
1341 914 1504 944 cornua
1521 902 1674 945 altaris
1696 904 1954 959 holocausti,

129 954 345 1011 reliquum
369 955 531 998 fundet
552 955 608 998 ad
635 956 778 998 basim
800 956 909 1012 ejus.
937 957 973 983 35
992 957 1181 1001 Omnem
1202 972 1372 1014 quoque
1398 959 1576 1016 adipem
1594 962 1822 1018 auferens,
1843 963 1957 1006 sicut

127 1013 291 1057 auferri
325 1014 438 1057 solet
472 1014 608 1070 adeps
641 1015 792 1058 arietis
825 1015 898 1071 qui
935 1016 1194 1059 immolatur
1225 1031 1302 1074 pro
1335 1018 1553 1075 pacificis,
1581 1020 1797 1063 cremabit
1828 1035 1957 1077 super

128 1072 266 1116 altare
298 1072 344 1115 in
376 1072 607 1116 incensum
642 1073 850 1130 Domini,
882 1075 1145 1131 rogabitque
1166 1090 1246 1132 pro
1275 1090 1347 1132 eo,
1375 1082 1420 1119 et
1448 1091 1525 1134 pro
1554 1084 1738 1134 peccato
1767 1079 1885 1135 ejus,
1912 1085 1956 1123 et

127 1131 377 1175 dimittetur
401 1131 455 1175 ei.

187 1190 293 1234 CAP.
322 1191 375 1234 V.
393 1217 453 1222 ——
480 1190 490 1217 ¹
519 1192 562 1236 Si
584 1192 837 1248 peccaverit
858 1192 1028 1248 anima,
1052 1198 1096 1236 et
1116 1193 1307 1237 audierit
1332 1208 1486 1238 vocem
1510 1195 1721 1252 jurantis,
1744 1196 1955 1252 testisque

126 1249 264 1292 fuerit
284 1250 400 1305 quod
421 1256 499 1293 aut
518 1250 613 1307 ipse
639 1250 772 1306 vidit,
796 1256 873 1293 aut
898 1251 1098 1295 conscius
1123 1257 1210 1307 est,
1233 1252 1318 1295 nisi
1343 1253 1630 1311 indicaverit,
1652 1255 1849 1312 portabit
1872 1256 1955 1298 ini-

125 1307 343 1363 quitatem
379 1323 519 1353 suam.
558 1308 575 1334 '²
604 1309 770 1352 Anima
806 1324 903 1365 (11138
938 1310 1137 1366 tetigerit
1169 1311 1336 1367 aliquid
1371 1312 1670 1370 immundum,
1708 1314 1802 1357 sive
1838 1315 1955 1370 quod

125 1367 321 1410 occisum
342 1382 368 1410 a
396 1367 539 1411 bestia
561 1374 648 1422 est,
676 1374 753 1411 aut
775 1383 852 1425 per
874 1383 918 1412 se
945 1374 1187 1425 mortuum,
1214 1375 1292 1413 aut
1312 1371 1540 1427 quodlibet
1564 1372 1685 1415 aliud
1707 1372 1884 1429 reptile,
1911 1379 1956 1417 et

126 1426 266 1468 oblita
290 1426 427 1469 fuerit
450 1427 748 1470 immunditiae
772 1442 884 1481 suae,
911 1443 986 1471 rea
1007 1433 1094 1484 est,
1121 1433 1166 1471 et
1191 1429 1406 1485 deliquitg
1441 1430 1458 1457 3
1482 1435 1527 1473 et
1547 1431 1583 1473 si
1608 1431 1809 1487 tetigerit
1830 1432 1954 1488 quid—

127 1498 258 1540 quam
295 1485 349 1528 de
384 1485 673 1528 immunditia
708 1486 920 1543 hominis,
954 1487 1087 1543 juxta
1132 1501 1309 1531 omnem
1348 1488 1653 1545 impuritatem
1693 1505 1780 1546 qua
1816 1491 1954 1547 pollui

125 1543 255 1599 solet,
294 1543 519 1600 oblitaque
563 1545 823 1600 cognoverit
857 1550 1031 1602 postea,
1074 1546 1326 1602 subjacebit
1366 1547 1541 1593 delicto.
1583 1548 1601 1575 4
1633 1549 1818 1605 Anima,
1856 1564 1954 1605 quae

124 1603 360 1658 juraverit,
389 1608 433 1646 et
457 1603 690 1660 protulerit
711 1603 842 1647 labiis
863 1604 972 1661 suis,
996 1610 1045 1648 ut
1070 1605 1142 1649 vel
1167 1605 1283 1648 male
1309 1606 1414 1662 quid
1440 1608 1631 1663 faceret,
1657 1608 1729 1650 vel
1755 1607 1886 1664 bene,
1911 1614 1955 1652 et

123 1661 317 1717 idipsum
348 1661 600 1719 juramento
633 1668 678 1705 et
710 1677 909 1707 sermone
938 1664 1200 1720 firmaverit,
1235 1664 1459 1720 oblitaque
1496 1671 1650 1722 postea
1681 1666 1954 1710 intellexerit

122 1720 337 1763 delictum
361 1735 508 1777 suum,
536 1722 553 1748 ⁵
577 1727 684 1778 agat
708 1722 1019 1778 poenitentiam
1043 1737 1121 1779 pro
1146 1729 1350 1779 peccato,
1381 1724 1399 1750 6
1419 1729 1464 1767 et
1485 1725 1645 1768 offerat
1666 1726 1719 1769 de
1745 1726 1954 1782 gregibus

121 1793 288 1835 agnam
328 1780 421 1824 sive
459 1795 667 1837 capram3
711 1781 940 1837 orabitque
977 1797 1055 1838 pro
1091 1797 1145 1825 ea
1180 1783 1385 1826 sacerdos
1425 1788 1470 1826 et
1509 1798 1587 1840 pro
1620 1790 1804 1841 peccato
1841 1786 1952 1842 ejus.

122 1837 139 1863 7
166 1838 243 1882 Sin
275 1843 425 1882 autem
457 1853 544 1882 non
576 1840 769 1896 potuerit
799 1840 957 1884 offerre
989 1855 1143 1898 pecus,
1171 1841 1333 1885 offerat
1364 1842 1472 1886 duos
1504 1848 1714 1900 turtures,
1741 1844 1813 1888 vel
1845 1845 1953 1888 duos

124 1898 266 1954 pullos
299 1898 603 1941 columbarum
638 1899 849 1956 Domino,
876 1914 1014 1943 unum
1042 1915 1120 1957 pro
1152 1905 1358 1958 peccato,
1385 1906 1430 1944 et
1453 1901 1643 1945 alterum
1670 1903 1717 1945 in
1746 1903 1952 1947 holocau-

124 1961 269 2012 stum3
305 1957 322 1983 ⁸
344 1957 554 2014 dabitque
576 1972 649 2001 eos
674 1959 912 2015 sacerdoti,
944 1959 1017 2015 qui
1051 1960 1243 2016 primum
1272 1960 1462 2004 offerens
1491 1975 1568 2017 pro
1590 1967 1794 2018 peccato,
1817 1968 1951 2006 retor-

124 2015 277 2070 quebit
302 2022 436 2073 caput
456 2018 554 2074 ejus
571 2017 627 2060 ad
649 2018 886 2074 pennulas,
904 2018 970 2061 ita
994 2023 1043 2062 ut
1065 2019 1178 2062 collo
1203 2019 1392 2076 haereat,
1412 2025 1456 2063 et
1474 2034 1560 2063 non
1583 2021 1759 2077 penitus
1776 2021 1951 2064 abrum-

125 2080 264 2131 patur.
288 2075 305 2101 9
331 2077 389 2118 Et
409 2082 616 2133 asperget
644 2077 698 2119 de
728 2077 944 2133 sanguine
970 2078 1067 2133 ejus
1096 2078 1312 2134 parietem
1344 2078 1529 2135 altaris3
1558 2079 1772 2136 quidquid
1801 2086 1952 2124 autem

124 2133 341 2189 reliquum
366 2135 523 2191 fuerit,
542 2135 683 2179 faciet
707 2136 924 2180 distillare
945 2137 1002 2180 ad
1027 2137 1374 2181 fundamentum
1399 2138 1518 2194 ejus,
1537 2138 1640 2194 quia
1664 2153 1743 2195 pro
1767 2146 1951 2196 peccato

123 2197 202 2237 est.
232 2193 267 2219 ¹⁰
288 2194 494 2237 Alterum
519 2208 622 2238 vero
651 2195 850 2239 adolebit
880 2195 927 2238 in
956 2196 1285 2253 holocaustum,
1313 2202 1362 2240 ut
1390 2197 1484 2241 fieri
1514 2197 1654 2254 solet;
1688 2198 1950 2255 rogabitque

123 2266 201 2308 pro
226 2266 277 2295 eo
303 2253 507 2307 sacerdos
529 2258 573 2296 et
597 2268 674 2310 pro
699 2260 882 2310 peccato
909 2255 1025 2312 ejus,
1049 2261 1094 2299 et
1114 2256 1364 2299 dimittetur
1389 2256 1441 2299 ei.
1477 2255 1508 2283 ¹¹
1535 2256 1658 2308 Quod
1685 2257 1721 2299 si
1747 2271 1834 2301 non
1857 2258 1950 2313 qui-

124 2311 239 2354 verit·
275 2326 431 2355 manus
467 2312 564 2368 ejus
605 2312 711 2356 duos
745 2313 904 2357 offerre
940 2319 1151 2371 turtures,
1190 2320 1265 2359 aut
1302 2315 1410 2358 duos
1446 2315 1589 2372 pullos
1623 2316 1949 2373 columbarum,

122 2370 281 2413 offeret
304 2385 382 2427 pro
407 2377 591 2427 peccato
613 2386 690 2414 suo
712 2372 872 2415 similae
898 2378 1069 2429 partem
1090 2374 1192 2430 ephi
1222 2374 1444 2417 decimam
1463 2392 1472 2430 3
1500 2389 1588 2418 non
1610 2375 1760 2418 mittet
1780 2375 1826 2418 in
1852 2390 1951 2419 eam

121 2429 289 2486 oleum,
323 2444 405 2473 nec
437 2430 579 2473 thuris
611 2431 779 2486 aliquid
811 2431 1030 2489 imponet,
1065 2432 1169 2488 quia
1200 2447 1278 2489 pro
1310 2439 1495 2489 peccato
1528 2439 1622 2489 est3
1659 2434 1695 2460 ¹²
1719 2434 1950 2491 tradetque

121 2502 221 2531 eam
258 2489 496 2545 sacerdoti,
535 2489 607 2545 qui
645 2490 827 2546 plenum
863 2506 918 2534 ex
951 2505 1003 2534 ea
1038 2491 1256 2547 pugillum
1301 2492 1529 2549 hauriens,
1565 2493 1780 2536 cremabit
1821 2508 1950 2549 super

121 2547 282 2604 altare,
307 2548 354 2591 in
380 2549 704 2592 monimentum
729 2549 826 2605 ejus
851 2550 924 2605 qui
950 2550 1179 2607 obtulerit,
1211 2551 1247 2577 ¹3
1269 2565 1430 2607 rogans
1461 2566 1539 2608 pro
1564 2552 1642 2595 illo
1667 2557 1711 2596 et
1732 2552 1946 2608 expians;

121 2607 338 2663 reliquam
362 2622 465 2651 vero
487 2612 659 2664 partem
682 2608 777 2665 ipse
802 2609 986 2652 habebit
1009 2609 1055 2651 in
1082 2624 1276 2653 munere.

181 2665 216 2692 ¹4
239 2668 518 2723 Locutusque
548 2673 614 2710 est
643 2667 859 2710 Dominus
884 2668 940 2711 ad
962 2668 1167 2725 Moysen,
1191 2669 1343 2712 dicens
1372 2686 1381 2713 :
1411 2669 1443 2696 ¹5
1464 2670 1651 2725 Anima,
1678 2671 1715 2714 si
1740 2671 1948 2728 praevari-

121 2740 226 2769 cans
252 2726 543 2782 ceremonias,
567 2740 644 2782 per
664 2741 874 2782 errorem,
897 2727 942 2769 in
968 2727 1036 2770 his
1057 2742 1157 2783 quae
1187 2728 1380 2771 Domino
1401 2733 1503 2772 sunt
1527 2730 1826 2785 sanctificata,
1848 2744 1948 2786 pec-

121 2779 308 2840 caverit,
341 2785 497 2828 offeret
529 2799 606 2841 pro
640 2785 803 2829 delicto
828 2800 904 2829 suo
937 2786 1122 2829 arietem
1152 2787 1491 2831 immaculatum
1524 2788 1578 2831 de
1611 2789 1840 2845 gregibus,
1875 2789 1948 2845 qui

121 2843 208 2887 emi
234 2849 380 2900 potest
408 2844 577 2887 duobus
606 2844 745 2901 siclis,
768 2845 898 2901 juxta
923 2845 1093 2902 pondus
1119 2846 1360 2889 sanctuarii
1381 2864 1390 2902 3
1426 2846 1458 2874 ¹6
1482 2847 1714 2904 ipsumque
1743 2849 1858 2904 quod
1883 2848 1948 2890 in-

121 2903 225 2946 tulit
249 2902 400 2945 damni
425 2903 648 2959 restituet,
671 2909 715 2947 et
744 2904 946 2960 quintam
974 2910 1146 2961 partem
1171 2910 1306 2962 ponet
1331 2921 1482 2963 supra,
1505 2907 1685 2950 tradens
1706 2907 1946 2963 sacerdoti,

122 2962 195 3018 qui
220 2962 397 3018 rogabit
425 2976 502 3018 pro
523 2976 575 3006 eo
600 2963 790 3006 offerens
819 2963 1024 3020 arietem,
1051 2970 1096 3007 et
1125 2964 1373 3008 dimittetur
1398 2966 1452 3010 ei.
1483 2965 1517 2992 ¹⁷
1540 2966 1705 3009 Anima
1731 2965 1767 3009 si
1792 2980 1948 3022 pecca-

122 3021 236 3063 verit
259 3035 338 3077 per
364 3021 684 3077 ignorantiam,
711 3023 957 3079 feceritque
990 3038 1127 3066 unum
1160 3038 1216 3067 ex
1244 3024 1312 3067 his
1338 3039 1436 3080 quae
1469 3025 1648 3068 Domini
1675 3026 1773 3081 lege
1803 3025 1947 3083 prohi-

123 3079 292 3136 bentur,
320 3085 364 3123 et
397 3081 569 3136 peccati
601 3096 677 3125 rea
709 3081 983 3126 intellexerit
1014 3082 1300 3138 iniquitatem
1333 3098 1479 3140 suam,
1511 3083 1546 3110 ¹8
1572 3084 1730 3128 offeret
1762 3084 1943 3127 arietem

122 3138 459 3181 immaculatum
492 3139 546 3182 de
576 3141 784 3197 gregibus
817 3141 1054 3197 sacerdoti,
1078 3142 1208 3198 juxta
1236 3157 1489 3186 mensuram
1520 3143 1947 3199 aestimationemque

121 3197 320 3253 peccati3
344 3198 417 3253 qui
441 3198 586 3242 orabit
611 3213 689 3256 pro
710 3214 781 3255 eo,
801 3200 903 3256 quia
927 3200 1128 3244 nesciens
1154 3201 1338 3257 fecerit,
1362 3206 1407 3244 et
1432 3201 1681 3245 dimittetur
1702 3203 1762 3258 ei,
1788 3201 1823 3228 ¹9
1845 3202 1948 3258 quia

121 3270 199 3312 per
219 3271 409 3300 errorem
434 3256 620 3314 deliquit
643 3259 691 3301 in
717 3259 970 3304 Dominum.

181 3315 290 3359 CAP.
317 3317 396 3359 VI.
419 3342 477 3349 —
502 3316 515 3343 ¹
539 3318 732 3361 Locutus
758 3324 824 3361 est
846 3319 1062 3362 Dominus
1084 3320 1140 3362 ad
1166 3319 1372 3376 Moysen,
1397 3320 1547 3363 dicens
1577 3337 1586 3364 z
1616 3320 1633 3346 2
1658 3320 1822 3363 Anima
1848 3335 1945 3375 (11138

122 3375 394 3431 peccaverit,
414 3380 458 3419 et
479 3382 734 3433 contempto
758 3377 969 3433 Domino,
990 3379 1220 3434 negaverit
1240 3380 1440 3435 proximo
1462 3393 1540 3422 suo
1562 3379 1809 3435 depositum
1832 3380 1946 3434 quod

123 3432 224 3475 fidei
259 3433 356 3489 ejus
385 3435 603 3478 creditum
631 3437 800 3492 fuerat,
823 3437 895 3480 vel
926 3437 970 3479 vi
1004 3438 1171 3493 aliquid
1202 3438 1454 3494 extorserit,
1484 3442 1561 3480 aut
1586 3437 1856 3480 calumniam
1879 3439 1946 3481 fe-

124 3491 252 3547 cerit,
279 3493 296 3519 3
316 3492 409 3536 sive
437 3508 530 3537 rem
553 3495 774 3551 perditam
806 3495 1047 3553 invenerit,
1076 3501 1120 3539 et
1149 3496 1352 3540 inficians
1381 3496 1559 3553 insuper
1587 3496 1875 3554 pejeraverit,
1901 3502 1946 3541 et

126 3635 154 3668 7]
174 3635 239 3663 Ins.
264 3636 351 3673 XII,
372 3640 397 3666 8.
419 3638 499 3667 Luc.
519 3640 564 3674 11,
580 3642 623 3668 2-1.

2057 1209 2119 1236 Pro
2131 1206 2233 1234 variis

2103 1250 2180 1279 aliis

2066 1295 2224 1329 peccatis.

2032 2682 2096 2710 Pro
2113 2682 2238 2710 delicto

2014 2725 2047 2755 in
2065 2725 2190 2754 ritibus
2208 2734 2256 2754 sa-

2095 2777 2169 2805 cris,

2049 3331 2103 3360 vel
2129 3331 2218 3359 circa
2249 3361 2251 3363 ,

2094 3377 2180 3403 bona

2055 3418 2209 3452 proximi.
