2423 3861
842 138 959 180 DAN.
997 138 1091 193 111,
1128 138 1258 180 1-23.
1884 136 1968 179 977

405 391 429 448 ξ
466 391 553 434 ΙΙΙ.
587 417 647 424 ——
677 392 902 446 Ananias,
935 392 1102 435 Misccel
1132 398 1169 435 et
1201 393 1398 434 Azariccs
1430 393 1474 434 in
1501 391 1690 446 fornace

194 545 301 588 CAP.
338 544 426 587 ΙΙΙ.
453 571 512 576 -
542 543 551 569 ¹
578 544 986 587 Nabuchodonosor
1018 558 1095 587 rex
1128 543 1239 586 fecit
1271 548 1467 586 statuam
1500 557 1702 598 auream,
1731 542 1970 586 altitudine

135 604 387 647 cubitorum
415 603 671 658 sexaginta,
699 602 937 645 latitudine
968 602 1217 645 cubitorum
1243 616 1342 657 sex,
1369 607 1413 645 et
1436 602 1596 645 statuit
1620 615 1718 645 eam
1739 601 1785 644 in
1812 615 1970 658 campo

138 664 279 718 l‘ura,
306 662 548 719 provinciae
586 661 843 718 Babylonis.
870 661 887 686 ⁹2
913 662 1071 717 Itaque
1102 661 1510 704 Nabuchodonosor
1534 675 1612 703 rex
1638 661 1759 704 misit
1783 661 1840 704 ad
1867 675 1969 704 con-

134 721 384 778 gregandos
410 726 632 778 satrapas,
659 721 966 776 magistratus,
995 726 1039 763 et
1063 720 1257 776 judices,
1288 721 1441 775 duces,
1469 725 1511 763 et
1534 726 1765 775 tyrannos,
1789 725 1833 763 et
1858 735 1969 777 prae—

133 783 298 836 fectos,
334 795 573 836 omnesque
607 780 828 837 principes
860 780 1114 835 regionum,
1149 786 1198 822 ut
1231 780 1517 823 convenirent
1550 779 1605 822 ad
1641 779 1969 824 dedicationem

134 846 295 883 statuae
325 855 459 896 quam
491 845 691 883 erexerat
724 838 1135 881 Nabuchodonosor
1167 853 1258 882 rex,
1281 838 1299 865 3
1319 839 1444 881 Tunc
1478 839 1737 894 congregati
1770 844 1874 882 sunt
1901 854 1969 882 sa-

133 913 293 957 trapae,
321 899 629 954 magistratus,
657 903 701 941 et
725 898 920 954 judices,
949 897 1103 954 duces,
1131 904 1175 941 et
1200 898 1399 954 tyranni,
1423 903 1467 940 et
1493 898 1730 954 optimates
1748 898 1823 954 qui
1845 905 1969 942 erant

132 959 179 1001 in
205 958 500 1016 potestatibus
527 957 778 1012 constituti,
803 963 846 1000 et
871 957 1066 1000 universi
1091 958 1314 1014 principes
1338 957 1584 1013 regionum,
1608 961 1658 999 ut
1682 957 1969 1001 convenirent

131 1019 188 1061 ad
227 1017 556 1061 dedicationem
594 1022 755 1059 statuae
792 1031 924 1072 quam
966 1022 1167 1060 erexerat
1202 1016 1613 1060 Nabuchodonosor
1652 1030 1743 1059 rex.
1782 1017 1969 1060 Stabant

131 1083 283 1121 autem
321 1077 366 1119 in
404 1082 643 1133 conspectu
681 1081 842 1119 statuae
881 1090 1013 1131 quam
1050 1080 1257 1133 posuerat
1295 1075 1704 1119 Nabuchodonosor
1743 1090 1848 1130 rex3
1887 1075 1970 1119 4et

131 1151 279 1194 praeco
313 1136 538 1179 clamabat
571 1136 774 1179 valenter
801 1153 810 1179 :
838 1135 976 1178 Vobis
1014 1135 1177 1178 dicitur
1212 1135 1407 1192 populis,
1442 1135 1664 1189 tribubus,
1692 1140 1736 1177 et
1769 1135 1933 1190 linguis
1960 1152 1968 1178 :

131 1198 148 1222 ⁴³
175 1198 229 1240 In
251 1197 359 1240 hora
385 1210 470 1252 qua
496 1195 726 1238 audieritis
753 1195 946 1238 sonitum
972 1195 1116 1251 tubae,
1143 1200 1185 1238 et
1210 1195 1393 1250 fistulae,
1422 1200 1464 1237 et
1495 1194 1696 1250 citharae,
1720 1195 1967 1249 sambucae,

131 1264 175 1300 et
197 1255 416 1313 psalterii,
444 1260 488 1299 et
510 1255 810 1312 symphoniae,
834 1259 878 1298 et
899 1255 1094 1298 universi
1117 1255 1291 1310 generis
1314 1254 1602 1310 musicorum,
1631 1254 1841 1297 cadentes
1865 1253 1969 1297 ado-

129 1322 224 1360 rate
254 1320 451 1359 statuam
481 1329 661 1357 auream
686 1329 820 1370 quam
846 1314 1078 1357 constituit
1102 1314 1512 1357 Nabuchodonosor
1539 1328 1630 1356 reX.
1657 1314 1675 1340 ⁶
1694 1313 1740 1357 Si
1770 1313 1868 1369 quis
1892 1328 1969 1356 au-

131 1387 224 1418 tem
253 1389 342 1418 non
375 1379 620 1431 prostratus
649 1373 921 1430 adoraverit,
953 1373 1110 1416 eadem
1139 1374 1246 1416 hora
1277 1373 1477 1416 mittetur
1508 1373 1555 1415 in
1589 1374 1820 1416 fornacem
1851 1373 1969 1429 ignis

130 1435 341 1478 ardentis.
373 1434 388 1460 7
419 1435 525 1476 Post
557 1434 654 1476 haec
685 1433 835 1488 igitur,
862 1433 1016 1475 statim
1050 1438 1098 1475 ut
1134 1433 1372 1476 audierunt
1405 1447 1556 1475 omnes
1589 1432 1741 1489 populi
1775 1432 1969 1475 sonitum

132 1494 273 1548 tubae,
299 1493 483 1545 fistulae,
507 1499 551 1535 et
573 1493 778 1547 citharae,
806 1492 1055 1548 sambucae,
1075 1498 1119 1535 et
1143 1492 1355 1548 psalterii,
1380 1497 1423 1534 et
1448 1491 1741 1548 symphoniae,
1762 1497 1804 1534 et
1827 1491 1970 1534 omnis

131 1553 305 1609 generis
330 1552 620 1607 musicorum,
651 1551 862 1594 cadentes
888 1565 1040 1594 omnes
1071 1551 1245 1607 populi,
1275 1551 1438 1605 tribus,
1466 1556 1510 1593 et
1542 1551 1732 1606 linguae,
1758 1551 1969 1594 adorave-

129 1617 232 1655 runt
257 1617 453 1655 statuam
477 1625 659 1654 auream
683 1625 816 1666 quam
839 1610 1130 1653 constit-uerat
1156 1609 1568 1652 Nabuchodonosor
1592 1625 1683 1653 rex:

189 1671 207 1699 8
239 1671 489 1727 Statimque
525 1670 572 1713 in
608 1670 705 1726 ipso
743 1675 941 1726 tempore
976 1669 1239 1713 accedentes
1277 1668 1361 1710 viri
1404 1669 1605 1712 Chaldaei
1648 1676 1971 1714 accusaverunt

129 1732 336 1786 Judaeos,
369 1730 387 1757 9
412 1730 708 1786 dixeruntque
741 1729 1154 1772 Nabuchodonosor
1185 1729 1280 1784 regi
1308 1745 1316 1771 :
1355 1729 1476 1783 Rex,
1512 1728 1561 1770 in
1596 1734 1811 1771 aeternum
1843 1730 1968 1772 vive!

134 1791 166 1817 ¹⁰
183 1793 272 1847 Tu,
295 1805 393 1847 reX,
421 1789 607 1847 posuisti
634 1789 883 1844 decretum,
907 1794 956 1831 ut
982 1788 1125 1831 omnis
1146 1789 1280 1831 homo
1303 1788 1378 1844 qui
1403 1788 1595 1831 audierit
1619 1788 1813 1831 sonitum
1836 1789 1968 1837 tubae,

130 1851 313 1905 fistulae,
351 1856 394 1893 et
432 1850 637 1905 citharae,
673 1848 918 1903 sambucae,
955 1853 1000 1891 et
1033 1848 1255 1905 psalterii,
1292 1853 1336 1891 et
1368 1848 1665 1905 symphoniae,
1701 1853 1744 1891 et
1775 1849 1969 1892 universi

130 1911 303 1967 generis
330 1910 623 1965 musicorum,
654 1913 904 1965 prosternat
934 1923 1000 1964 se,
1028 1913 1072 1951 et
1100 1908 1256 1951 adoret
1289 1912 1485 1950 statuam
1510 1922 1719 1962 auream;
1748 1907 1780 1933 ‘¹¹
1804 1909 1841 1950 si
1875 1909 1970 1964 quis

129 1974 280 2013 autem
316 1984 406 2012 non
442 1968 677 2026 procidens
711 1967 984 2023 adoraverit,
1020 1967 1225 2010 mittatur
1257 1967 1305 2009 in
1338 1967 1570 2010 fornacem
1607 1967 1722 2022 ignis
1760 1967 1969 2010 ardentis.

131 2029 168 2056 '¹2
186 2030 296 2073 Sunt
323 2043 428 2084 ergo
449 2028 534 2071 viri
557 2027 729 2082 Judaei,
754 2041 862 2082 quos
885 2027 1165 2070 constituisti
1182 2041 1312 2083 super
1338 2040 1469 2083 opera
1494 2027 1688 2082 regionis
1712 2027 1969 2083 Babylonis,

131 2089 337 2144 Sidrach,
371 2088 547 2131 Misach
585 2093 628 2130 et
665 2086 939 2141 Abdenag03
976 2086 1059 2128 viri
1093 2086 1167 2129 isti
1205 2091 1585 2142 contempserunt,
1615 2100 1713 2140 reX,
1746 2085 1971 2129 decretum

130 2155 277 2205 tuum,
311 2148 417 2192 deos
452 2152 552 2190 tuos
589 2160 676 2189 non
715 2145 885 2201 colunt,
921 2151 965 2188 et
1001 2151 1197 2188 statuam
1235 2159 1440 2200 auream,
1478 2160 1609 2200 quam
1646 2145 1849 2201 erexisti,
1884 2159 1971 2188 non

130 2209 330 2251 adorant.
485 2205 487 2207 ’
1358 2238 1364 2244 .

194 2267 228 2293 ¹3
244 2268 370 2310 Tunc
396 2255 893 2320 Nabuchodonosor,.in
915 2265 1064 2308 furore
1087 2271 1130 2308 et
1154 2266 1200 2307 in
1226 2265 1311 2320 ira,
1336 2265 1547 2321 praecepit
1573 2270 1622 2307 ut
1647 2264 1973 2319 adducerentur

131 2326 337 2381 Sidrach,
369 2326 544 2368 Misach
569 2330 613 2368 et
638 2324 909 2380 Abdenago,
938 2325 1011 2380 qui
1042 2324 1281 2367 confestim
1314 2324 1497 2367 adducti
1522 2329 1626 2366 sunt
1657 2324 1704 2366 in
1731 2331 1971 2382 conspectu

130 2386 261 2442 regis,
293 2385 326 2411 ¹4
345 2384 733 2439 Pronuntiansque
759 2384 1171 2427 Nabuchodonosor
1196 2398 1293 2440 rex,
1324 2383 1387 2426 ait
1418 2384 1479 2426 eis
1503 2400 1510 2427 :
1534 2384 1728 2440 Verene,
1763 2383 1969 2440 Sidrach,

131 2445 305 2488 Misach
330 2450 374 2488 et
401 2444 672 2500 Abdenago,
704 2443 809 2486 deos
839 2457 960 2486 meos
989 2458 1077 2485 non
1104 2442 1271 2498 colitis,
1299 2448 1343 2486 et
1375 2448 1571 2485 statuam
1597 2457 1804 2499 auream,
1839 2458 1972 2500 quam

132 2504 363 2560 constitui,
395 2518 484 2547 non
519 2502 752 2546 adoratis?
788 2502 824 2528 ¹5
850 2503 980 2546 Nunc
1008 2517 1111 2558 ergo
1143 2502 1182 2544 si
1214 2502 1320 2545 estis
1353 2502 1516 2559 parati,
1554 2516 1833 2559 quacumque
1864 2504 1971 2547 hora

131 2563 361 2608 audieritis
387 2563 583 2607 sonitum
609 2562 751 2618 tubae,
776 2562 959 2618 fistula—3,
984 2562 1186 2618 citharae,
1212 2561 1459 2617 sambucae,
1486 2567 1530 2604 et
1555 2562 1768 2619 psalterii,
1788 2568 1832 2605 et
1853 2577 1971 2620 sym-

130 2623 330 2681 phoniae,
366 2622 597 2678 omnisque
626 2622 800 2677 generis
834 2621 1123 2676 musicorum,
1157 2621 1423 2677 prosternite
1456 2635 1554 2676 vos,
1592 2626 1636 2664 et
1667 2622 1849 2665 adorate
1883 2628 1972 2665 sta-

131 2692 256 2726 tuam
279 2698 411 2739 quam
440 2682 544 2725 feci.
572 2681 696 2732 Quod
719 2680 757 2723 si
780 2694 870 2725 non
895 2680 1209 2736 adoraveritis,
1238 2680 1395 2723 eadem
1417 2681 1523 2723 hora
1547 2681 1789 2724 mittemini
1813 2682 1860 2724 in
1881 2682 1970 2725 for-

131 2757 289 2786 nacem
322 2742 439 2799 ignis
473 2741 684 2784 ardentis.
713 2742 770 2782 Et
800 2740 897 2796 quis
926 2746 992 2783 est
1027 2741 1146 2783 Deus
1181 2740 1254 2795 qui
1284 2739 1442 2796 eripiet
1466 2755 1544 2783 vos
1579 2740 1632 2783 de
1665 2756 1801 2784 manu
1834 2742 1970 2790 mea?

134 2803 169 2829 ¹⁶
187 2802 522 2860 Respondentes
557 2800 762 2855 Sidrach,
790 2799 965 2842 Misach
991 2805 1035 2843 et
1064 2799 1331 2855 Abdenago,
1367 2799 1575 2842 dixerunt
1606 2800 1701 2857 regi
1731 2801 1969 2844 Nabucho-

132 2863 350 2906 donosor:
379 2862 480 2918 Non
512 2864 683 2916 oportet
713 2873 792 2902 nos
818 2858 872 2901 de
900 2859 984 2902 hac
1013 2873 1060 2902 re
1085 2859 1349 2914 respondere
1378 2858 1487 2914 tibi3
1516 2858 1546 2885 ¹7
1571 2873 1672 2903 ecce
1697 2860 1817 2903 enim
1850 2861 1969 2904 Deus

132 2927 291 2977 noster,
316 2935 446 2978 quem
470 2920 677 2974 colimus,
700 2923 844 2974 potest
875 2919 1041 2975 eripere
1067 2931 1146 2960 nos
1173 2917 1226 2960 de
1252 2918 1427 2961 camino
1455 2918 1572 2974 ignis
1601 2917 1820 2974 ardentis,
1848 2924 1892 2963 et
1917 2920 1971 2963 de

132 2981 339 3025 manibus
365 2981 474 3036 tuis,
503 2993 527 3023 ο
560 2993 656 3034 rex,
692 2978 893 3021 liberare.
922 2977 957 3004 ¹⁸
983 2977 1107 3027 Quod
1137 2976 1174 3019 si
1204 2977 1417 3032 noluerit,
1453 2983 1608 3021 notum
1641 2979 1699 3021 sit
1731 2979 1834 3035 tibi,
1869 2994 1966 3035 rex,

132 3040 235 3097 quia
262 3040 364 3084 deos
390 3046 489 3083 tuos
515 3052 603 3081 non
630 3037 837 3093 colimus,
865 3043 908 3080 et
930 3042 1126 3079 statuam
1151 3050 1354 3091 auream,
1376 3051 1510 3093 quam
1531 3037 1730 3095 erexisti,
1758 3052 1846 3081 11011
1867 3039 1971 3082 ado—

131 3114 295 3143 ramus
353 3128 356 3129 ν

195 3159 229 3185 ¹9
250 3160 376 3202 Tunc
406 3158 818 3202 Nabuchodonosor
849 3156 1044 3213 repletus
1075 3162 1141 3199 est
1173 3156 1344 3212 furore,
1372 3162 1416 3199 et
1449 3164 1654 3214 aspectus
1684 3158 1820 3202 faciei
1850 3159 1970 3201 illius
2001 3156 2006 3161 ⁸

131 3219 395 3263 immutatus
422 3224 488 3261 est
514 3232 644 3275 super
670 3218 874 3272 Sidrach,
905 3216 1079 3258 Misach
1105 3221 1148 3258 et
1177 3215 1452 3272 Abdenag03
1481 3222 1525 3259 et
1557 3218 1771 3274 praecepit
1797 3223 1846 3260 ut
1874 3232 1970 3260 suc-

117 3278 394 3321 'cenderetur
417 3278 582 3320 fornax
610 3277 864 3334 septuplum
886 3289 1020 3331 quam
1041 3274 1249 3318 succendi
1277 3282 1579 3319 consueverat.
1607 3276 1644 3302 ⁶20
1666 3277 1722 3319 Et
1748 3277 1853 3319 viris
1878 3277 1968 3319 for-

135 3337 316 3380 tissimis
350 3337 404 3381 de
435 3337 633 3381 exercitu
666 3350 744 3379 suo
777 3335 928 3391 jussit,
964 3339 1012 3376 ut
1045 3334 1196 3390 ligatis
1228 3334 1418 3391 pedibus
1449 3335 1657 3391 Sidrach,
1697 3335 1890 3390 Misach,
1925 3342 1969 3379 et

134 3396 405 3453 Abdenago,
428 3396 658 3440 mitterent
684 3410 758 3438 eos
782 3395 829 3437 in
854 3395 1086 3437 fornacem
1107 3393 1224 3450 ignis
1249 3394 1460 3438 ardentis.
1483 3394 1517 3420 2¹
1538 3396 1596 3437 Et
1618 3394 1857 3438 confestim
1883 3395 1966 3438 viri

132 3455 200 3497 illi
222 3456 384 3512 vincti,
411 3471 512 3500 cum
533 3455 704 3498 braccis
727 3455 836 3510 suis,
864 3460 908 3497 et
934 3453 1076 3508 tiaris,
1105 3458 1148 3496 et
1169 3454 1504 3510 calceamentis,
1532 3459 1575 3497 et
1601 3454 1819 3510 vestibus,
1843 3454 1967 3498 missi

135 3519 237 3557 sunt
260 3515 308 3557 in
331 3516 530 3559 medium
550 3514 747 3558 fornacis
769 3514 886 3569 ignis
911 3512 1134 3568 ardentis3
1158 3511 1195 3538 ⁵²⁸²
1212 3527 1317 3555 nam
1339 3514 1478 3570 jussio
1499 3513 1616 3568 regis
1637 3513 1839 3570 urgebat.
1860 3515 1967 3557 For-

134 3588 222 3615 nax
247 3580 398 3617 autem
419 3589 630 3617 succensa
653 3578 746 3617 erat
772 3572 903 3615 nimis
924 3590 933 3625 ς
965 3587 1090 3629 porro
1113 3573 1230 3615 viros
1254 3572 1376 3628 illos,
1404 3572 1478 3628 qui
1511 3572 1724 3615 miserant
1758 3573 1964 3619 Sidrach.

135 3632 308 3675 Misach
333 3637 377 3676 et
401 3633 671 3688 Abdenago,
698 3631 927 3675 interfecit
955 3631 1137 3674 flamma
1168 3631 1299 3687 ignis.
1327 3630 1364 3658 “23
1385 3632 1482 3676 Viri
1516 3637 1666 3675 autem
1698 3632 1745 3675 hi
1777 3638 1885 3690 tres,
1919 3633 1965 3677 id

1702 3713 1755 3756 62

2037 558 2156 587 Statua
2170 559 2276 587 Nam.

2052 602 2262 630 chodonosw

2051 647 2092 674 ab
2110 647 2243 675 omnibu
2252 654 2265 673 s

2069 690 2244 720 adoranda.

2116 1673 2204 1702 soen

2075 1717 2240 1751 Danielis,

2048 1762 2135 1794 apud
2154 1768 2266 1795 regem

2074 1805 2226 1835 accusati
2235 1827 2242 1841 ,

2053 2286 2087 2309 et
2104 2279 2269 2308 adoratio-

2038 2331 2113 2352 nem
2143 2331 2278 2357 Duplam.

2053 2373 2266 2402 recusantes,
2296 2391 2301 2395 .

2048 3166 2280 3202 conjiciuntur

2049 3211 2082 3239 in
2102 3212 2276 3239 fornacem

2107 3262 2206 3289 lgm—3.
