2391 3861
865 701 908 753 Ε
923 701 962 753 1)
975 701 996 753 1
1011 700 1156 754 Sis)
1175 701 1213 752 l,
1226 701 1272 753 A

257 874 650 971 BEATI
730 871 1117 969 PAULI
1192 869 1867 970 APOSTOLI

548 1081 659 1146 AD
713 1080 1255 1147 CORINTHIOS
1307 1080 1581 1145 PRIMA

1003 1260 1232 1283 »ἡκ-«μ-

824 1428 868 1482 Ε
883 1429 934 1481 Χ
951 1428 996 1483 Ο
1014 1429 1063 1481 R
1079 1429 1124 1482 D
1142 1429 1163 1481 I
1182 1428 1229 1482 U
1247 1428 1302 1481 M

327 1506 431 1546 (er.
463 1504 480 1545 i

170 1577 434 1665 xxia—2²³2
465 1609 623 1651 AULUS,
644 1602 824 1639 vocatus
847 1596 1072 1653 apostolus
1095 1597 1122 1638 J
1127 1611 1203 1639 esu
1229 1596 1393 1638 Christi
1420 1611 1495 1652 per
1516 1597 1793 1641 voluntatem
1817 1599 1911 1655 Dei,
1936 1605 1979 1643 et

375 1639 441 1712 Ji(
493 1655 729 1698 Sosthenes
751 1655 904 1709 frater,
936 1654 952 1680 ²
973 1654 1172 1698 ecciesiae
1200 1655 1281 1697 Dei
1309 1669 1405 1710 quae
1438 1661 1504 1698 est
1535 1656 1756 1712 Corinthi,
1783 1659 1978 1701 sanctifi-

493 1714 603 1757 catis
639 1714 685 1756 in
723 1713 897 1757 Christo
934 1714 1062 1765 Jesu,
1098 1713 1266 1757 vocatis
1303 1714 1489 1767 sanctis,
1528 1729 1628 1757 cum
1665 1715 1868 1760 omnibus
1905 1718 1978 1773 qui

492 1774 702 1817 invocant
735 1787 897 1816 nornen
932 1773 1111 1816 Domini
1146 1773 1282 1816 nostri
1317 1773 1425 1816 Jesu
1458 1773 1641 1830 Christi,
1668 1775 1714 1816 in
1737 1775 1857 1818 omni
1884 1776 1979 1819 loco

247 1865 251 1868 .
354 1864 357 1869 -
492 1833 684 1890 ipsorum
709 1838 753 1875 et
775 1837 936 1876 nostro.
964 1832 981 1859 3
998 1832 1152 1875 Gratia
1176 1831 1300 1874 vobis
1323 1838 1366 1875 et
1388 1847 1475 1889 pax
1497 1848 1522 1876 a
1546 1835 1638 1877 Deo
1663 1834 1793 1877 Patre
1816 1840 1977 1891 nostro,

145 1899 189 1935 et
213 1894 401 1937 Domino
428 1895 456 1936 J
460 1907 535 1936 esu
563 1892 750 1937 ChristO.

204 1952 220 1978 4
239 1953 415 1997 Gratias
448 1966 533 2008 ago
568 1952 661 1994 Deo
687 1965 785 1994 meo
814 1965 987 2008 semper
1016 1965 1093 2008 pro
1123 1951 1269 2007 vobis,
1301 1952 1346 1994 in
1371 1954 1515 2008 gratia
1543 1953 1624 1996 Dei
1651 1968 1750 2010 quae
1778 1953 1883 1996 data
1914 1961 1978 1997 est

144 2011 270 2055 vobis
306 2012 352 2054 in
382 2012 559 2057 Christo
588 2011 718 2065 Jesu,
745 2010 762 2037 5
788 2010 904 2066 quod
935 2010 980 2052 in
1014 2010 1218 2054 omnibus
1249 2011 1409 2054 divites
1442 2012 1556 2055 facti
1589 2013 1694 2056 est-is
1723 2013 1769 2056 in
1799 2012 1898 2070 illo,
1932 2014 1977 2056 in

144 2071 263 2114 omni
289 2071 432 2127 verbo,
456 2076 501 2114 et
525 2070 571 2113 in
597 2069 717 2113 omni
742 2069 929 2113 scientia
949 2087 958 2124 3
986 2069 1003 2096 6
1021 2069 1135 2112 sicut
1153 2070 1457 2114 testimonium
1479 2071 1643 2115 Christi
1666 2073 1976 2116 confirmatum

143 2135 211 2173 est
234 2130 281 2173 in
303 2130 458 2174 vobis:
479 2130 494 2156 7
514 2130 576 2172 ita-
606 2134 654 2171 ut
679 2129 790 2172 nihil
816 2128 942 2172 vobis
968 2128 1083 2172 desit
1109 2129 1153 2171 in
1179 2128 1271 2172 ulla
1297 2130 1461 2186 gratia,
1489 2131 1827 2187 expectantibus
1854 2146 1975 2175 reve-

142 2188 357 2232 lationem
391 2189 572 2233 Domini
602 2188 740 2231 nostri
774 2189 882 2231 Jesu
917 2188 1102 2244 Christi,
1128 2187 1146 2215 3
1165 2189 1236 2244 qui
1269 2195 1312 2231 et
1335 2190 1614 2232 confirmabit
1646 2205 1724 2233 vos
1759 2205 1895 2246 usque
1928 2192 1974 2234 in

143 2248 277 2291 finem
303 2248 398 2292 sine
420 2249 625 2303 crimine,
648 2247 695 2290 in
718 2247 788 2290 die
811 2248 1028 2291 adventus
1054 2247 1233 2291 Domini
1260 2248 1397 2291 nostri
1428 2249 1454 2291 J
1460 2263 1536 2292 esu
1562 2249 1739 2293 Chn’sti.
1767 2249 1784 2276 ⁹
1805 2250 1973 2293 Fidelis

146 2308 276 2361 Deus,
304 2322 381 2364 per
402 2322 534 2364 quem
558 2306 705 2350 vocati
729 2307 833 2349 estis
859 2306 904 2348 in
931 2306 1189 2349 societatem
1215 2306 1321 2348 Filii
1347 2307 1443 2363 ejus
1472 2308 1499 2350 ,J
1505 2321 1579 2351 esu
1605 2308 1768 2352 Christi
1793 2308 1973 2352 Domini

143 2367 291 2408 nostri.

791 2470 833 2523 P
846 2470 929 2524 RI
945 2469 1060 2523 MA
1114 2470 1209 2524 ΡΑ
1222 2469 1320 2524 RS

191 2601 604 2644 REPREHENSIO
648 2603 991 2642 SCHISMATIS
1037 2603 1487 2643 CORINTHIORUM
1530 2605 1598 2643 ET
1639 2605 1929 2646 APOLOGIA

974 2677 1147 2717 PAULI

372 2799 394 2852 ξ
421 2798 454 2839 Ι.
477 2823 537 2829 —
556 2797 788 2854 Sapientia
813 2799 945 2854 hujus
970 2800 1145 2853 mundi,
1168 2801 1324 2855 prima
1346 2814 1483 2842 causa
1507 2801 1740 2844 scissionis.

201 2910 238 2938 10
255 2912 446 2955 Obsecro
472 2918 621 2955 autem
647 2927 744 2968 vos,
776 2914 958 2971 frat-res,
992 2929 1068 2971 per
1089 2929 1250 2959 nomen
1281 2914 1461 2958 Domini
1487 2915 1623 2958 nostri
1649 2916 1758 2958 Jesu
1785 2916 1967 2967 Christi,

141 2977 187 3014 ut
219 2970 413 3027 idipsum
447 2971 607 3014 dicatis
642 2986 813 3029 omnes,
845 2978 888 3017 et
920 2988 1008 3017 non
1038 2974 1128 3017 sint
1161 2974 1207 3017 in
1237 2974 1362 3017 vobis
1396 2973 1666 3030 schismata,
1694 2974 1790 3018 sitis
1819 2980 1969 3019 autem

139 3029 327 3087 perfecti
353 3030 399 3072 in
430 3030 585 3073 eodem
610 3045 740 3074 sensu
767 3037 810 3075 et
834 3032 881 3075 in
909 3033 1065 3076 eadem
1098 3033 1333 3077 sententia.
1362 3032 1391 3059 ¹¹
1413 3033 1723 3089 Significatum
1757 3039 1824 3077 est
1849 3034 1968 3078 enim

139 3089 247 3131 mihi
267 3089 322 3132 de
344 3089 482 3144 vobis,
507 3089 670 3133 fratres
692 3090 800 3147 mei,
823 3091 879 3134 ab
904 3092 958 3134 iis
980 3092 1054 3148 qui
1077 3098 1180 3135 sunt
1206 3092 1388 3149 Chloes,
1412 3092 1513 3149 quia
1537 3092 1841 3136 contentiones
1867 3101 1968 3136 sunt

137 3148 251 3191 inter
287 3163 378 3192 vos.
414 3147 449 3174 ¹2
477 3149 576 3192 Hoc
615 3154 766 3193 autem
800 3150 919 3207 dico,
951 3151 1067 3207 quod
1102 3152 1400 3208 unusquisque
1443 3156 1638 3195 vestrum
1674 3152 1784 3195 dicit
1825 3169 1833 3195 ε
1874 3154 1966 3208 Ego

138 3207 317 3262 quidem
348 3223 446 3251 sum
484 3208 640 3263 Pauli3
677 3223 757 3264 ego
793 3215 942 3253 autem
976 3211 1170 3268 Apollo;
1204 3225 1286 3268 ego
1325 3225 1427 3255 vero
1465 3211 1655 3267 Cephae3
1696 3226 1776 3267 ego
1817 3216 1962 3254 autem

138 3266 314 3309 Christi.
341 3266 376 3294 13
393 3267 571 3311 Divisus
594 3274 659 3311 est
682 3268 913 3312 Christus?
934 3271 1160 3326 Numquid
1185 3271 1346 3314 Paulus
1370 3270 1603 3313 crucifixus
1626 3276 1690 3314 est
1713 3283 1788 3326 pro
1808 3269 1964 3312 vobis?

137 3331 214 3368 aut,
245 3326 291 3368 in
326 3327 503 3370 nomine
538 3327 666 3370 Pauli
700 3327 915 3385 baptizati
950 3329 1090 3372 estis?
1120 3329 1154 3356 ¹4
1173 3330 1350 3374 Gratias
1375 3343 1459 3385 ago
1487 3330 1578 3373 Deo
1605 3329 1719 3384 quod
1743 3327 1965 3372 neminem

138 3390 335 3428 vestrum
360 3386 607 3443 baptizavi,
637 3386 723 3430 nisi
754 3387 959 3444 Crispum
985 3392 1028 3431 et
1053 3388 1238 3444 Caium;
1270 3388 1303 3416 ¹⁵
1321 3403 1375 3432 ne
1401 3389 1498 3445 quis
1524 3388 1644 3431 dicat
1676 3387 1791 3443 quod
1817 3387 1863 3430 in
1888 3401 1964 3431 no-

137 3443 256 3487 mine
274 3459 371 3488 meo
385 3445 601 3503 baptizati
621 3446 738 3490 estis.
759 3446 791 3473 ¹⁶
807 3447 1039 3503 Baptizavi
1058 3452 1207 3491 autem
1227 3454 1269 3491 et
1288 3447 1525 3504 Stephanae
1545 3446 1747 3501 domum;
1769 3448 1964 3490 ceterum

137 3503 285 3546 nescio
308 3503 344 3546 si
370 3519 501 3560 quem
527 3505 665 3550 alium
691 3505 1024 3562 baptizaverim.

138 3679 168 3714 9}
191 3679 205 3706 Ι
223 3679 336 3707 Thess.
355 3681 393 3714 V,
412 3683 455 3711 24.
475 3697 511 3701 -—
540 3684 587 3717 12]
606 3684 680 3711 Act.
707 3681 844 3716 XVIII,
863 3683 906 3709 24.
925 3696 959 3700 —
986 3681 1032 3715 14]
1054 3682 1128 3709 Act.
1148 3681 1324 3715 xx'111‚s.

2079 1615 2255 1644 salutatio.

2070 1958 2262 1987 Gratiarum

2054 2001 2144 2030 actio
2162 2003 2201 2031 de
2216 2003 2273 2031 Cv-

2062 2045 2229 2076 rinthioru
2237 2054 2268 2074 m

2091 2088 2234 2119 divitiis.

2058 2922 2223 2952 Schismat
2230 2923 2257 2952 is

2035 2966 2219 3000 descriptio
2241 2973 2272 2995 e:

2053 3010 2246 3043 reprobatio

2055 3054 2246 3084 summaria.
