2456 3861
736 123 884 166 DEUT.
915 123 970 175 V,
1005 123 1060 166 20
1092 149 1150 154 -—
1180 122 1268 176 VI,
1305 121 1371 164 13.
1878 121 1961 164 167

141 295 294 338 facies
313 293 349 320 ”2⁰
367 294 460 336 Nec
479 293 667 348 loqueris
686 298 837 335 contra
862 291 1112 348 proximum
1137 298 1262 335 tuum
1287 290 1455 333 falsum
1473 289 1790 334 testimonium.
1810 288 1841 315 ‘²¹
1863 290 1961 331 Non

141 353 423 409 concupisces
460 366 642 395 uxomm
676 350 863 408 proximi
905 350 989 406 tui,
1032 365 1117 393 non
1162 350 1363 405 domum,
1403 363 1491 392 non
1534 362 1712 404 agrum,
1750 362 1836 391 non
1876 362 1961 390 ser-

140 427 264 466 vum,
300 425 386 454 11011
426 411 658 466 ancillam,
693 424 780 453 nou
820 410 998 465 bovem,
1034 424 1120 452 non
1158 409 1354 464 asinum,
1389 414 1432 452 et
1470 407 1675 451 univexsa
1711 421 1811 463 quae
1843 406 1962 449 illius

139 478 252 514 sunt.

197 529 234 556 ²2
261 530 373 572 Haec
406 530 541 573 verba
570 529 743 572 locutus
772 534 839 572 est
869 528 1084 571 Dominus
1117 527 1174 569 ad
1203 541 1379 570 omnem
1413 525 1746 568 multitudinem
1770 531 1963 568 vestram

137 589 183 631 in
217 595 384 643 monte,
427 588 481 631 de
520 588 665 631 medio
702 588 821 643 ignis
863 594 905 630 et
945 586 1094 637 nubis,
1140 592 1182 629 et
1221 585 1447 641 caliginis,
1483 598 1590 628 voce
1627 598 1813 640 magna,
1851 583 1963 626 nihil

137 647 302 690 addens
339 647 557 703 amplius3
601 652 644 689 et
683 646 859 702 scripsit
896 660 948 689 ea
980 645 1026 688 in
1069 644 1239 686 duabus
1284 643 1447 686 tabulis
1488 643 1696 700 lapideis,
1728 657 1836 699 quas
1876 647 1962 685 tra-

138 706 251 749 didit
284 706 406 748 mihi.
440 704 479 732 ‘²3
502 706 593 748 Vos
624 709 775 747 autem
815 710 1049 760 postquam
1080 702 1268 745 audistis
1301 716 1456 744 vocem
1490 702 1544 745 de
1577 702 1720 745 medio
1761 701 1961 746 tenebra-

138 779 253 820 rum,
296 771 338 808 et
378 770 575 807 montem
618 763 771 806 ardere
814 762 1009 817 vidistis,
1053 760 1302 804 accessistis
1341 760 1398 802 ad
1439 775 1509 803 me
1548 775 1699 804 omnes
1744 760 1964 817 principes

137 824 353 874 tribuum,
388 828 431 865 et
463 822 653 877 majores
686 828 814 876 natu,
853 827 986 877 atque
1019 819 1194 863 dixistis
1226 837 1235 863 :
1269 818 1305 845 ²⁴
1332 820 1446 862 Ecce
1480 819 1673 862 ostendit
1707 819 1835 862 nobis
1876 821 1964 862 Do-

137 882 281 924 minus
314 883 432 924 Dcus
458 886 605 924 noster
634 881 916 936 majestatem
945 887 988 923 et
1017 878 1374 934 magnitudinem
1405 892 1556 932 suam3
1588 892 1742 921 vocem
1771 878 1867 934 ejus
1892 892 1966 921 au-

133 940 329 983 divimus
355 940 408 983 de
434 939 579 983 medio
607 939 749 995 ignis3
784 945 828 982 et
856 938 1140 995 probavimus
1168 937 1319 992 hodie,
1350 936 1466 992 quod
1499 936 1705 992 loquente
1735 938 1828 980 Deo
1864 951 1964 980 cum

135 999 333 1055 homine,
376 998 537 1042 vixerit
579 998 724 1042 homo.
765 997 802 1025 25
833 998 922 1041 Cur
962 1011 1064 1053 ergo
1105 996 1364 1050 moriemur,
1398 1001 1441 1039 et
1475 995 1705 1038 devorabit
1737 1009 1814 1038 nos
1846 995 1964 1050 ignis

135 1058 207 1101 hic
236 1057 490 1101 maximus?
521 1057 566 1101 Si
595 1057 715 1100 enim
739 1057 1009 1100 audierimus
1033 1056 1150 1099 ultra
1176 1069 1331 1098 vocem
1362 1053 1542 1097 Domini
1574 1054 1655 1097 Dei
1685 1054 1843 1109 nostri,
1874 1068 1964 1097 mo-

134 1117 309 1160 riemur.
344 1116 381 1144 96
406 1117 521 1168 Quid
554 1122 620 1160 est
657 1117 799 1159 omnis
834 1130 956 1171 caro,
988 1121 1039 1158 ut
1068 1115 1223 1158 audiat
1258 1127 1412 1157 vocem
1445 1113 1528 1156 Dei
1560 1112 1774 1168 viventis,
1805 1112 1878 1168 qui
1912 1112 1965 1156 de

135 1176 280 1220 medio
312 1177 430 1232 ignis
463 1176 657 1232 loquitur
690 1176 804 1218 sicut
835 1189 913 1218 nos
947 1174 1221 1229 audivimus,
1259 1179 1301 1216 et
1333 1172 1472 1230 possit
1503 1171 1685 1215 vivere?
1719 1171 1754 1198 2⁷
1780 1172 1847 1215 Tu
1873 1185 1964 1214 ma-

135 1235 203 1291 gis
235 1236 416 1292 accede,
452 1242 495 1279 et
531 1235 635 1278 audi
670 1241 829 1278 cuncta
862 1249 962 1291 quae
998 1233 1160 1277 dixerit
1194 1232 1413 1276 Dominus
1448 1233 1566 1275 Deus
1597 1237 1745 1274 noster
1772 1231 1880 1284 tibi3
1907 1231 1967 1274 lo-

135 1295 367 1350 querisque
400 1295 457 1338 ad
490 1309 589 1350 nos,
627 1299 670 1338 et
702 1308 780 1337 nos
812 1295 1042 1337 audientes
1075 1293 1295 1336 faciemus
1321 1306 1384 1335 ea.
1416 1290 1453 1318 2⁸
1485 1289 1612 1341 Quod
1636 1305 1737 1333 cum
1768 1290 1965 1333 audisset

137 1353 374 1409 Dominus,
408 1355 472 1397 ait
503 1354 561 1396 ad
597 1368 667 1397 me
703 1370 713 1397 :
749 1353 916 1396 Audivi
951 1367 1106 1396 vocem
1141 1351 1376 1395 verborum
1414 1350 1564 1408 populi
1598 1350 1730 1405 hujus
1767 1363 1865 1405 quae
1902 1349 1964 1392 lo-

135 1413 224 1455 cuti
258 1420 361 1456 sunt
390 1413 496 1467 tibi3
535 1413 647 1456 bene
682 1413 832 1456 omnia
872 1418 975 1455 sunt
1015 1411 1165 1454 locuti.
1207 1410 1244 1437 29
1276 1410 1381 1460 Quis
1424 1410 1498 1453 det
1529 1409 1666 1453 talem
1699 1422 1770 1452 eos
1803 1408 1965 1452 habere

135 1478 348 1527 mentem,
375 1478 424 1514 ut
450 1472 640 1515 timeant
670 1485 758 1527 me,
791 1477 835 1514 et
868 1471 1121 1514 custodiant
1151 1470 1358 1512 'universa
1396 1468 1608 1511 mandata
1639 1482 1737 1511 mea
1768 1467 1816 1510 in
1845 1467 1964 1510 omni

134 1536 348 1587 tempore,
385 1536 433 1573 ut
465 1530 578 1574 bene
610 1531 667 1573 sit
699 1531 782 1586 eis,
818 1537 862 1574 et
894 1530 996 1572 filiis
1030 1544 1181 1573 eorum
1212 1529 1258 1571 in
1293 1527 1644 1584 sempiternum?
1677 1527 1714 1553 3⁰
1745 1527 1892 1582 Vade,
1922 1531 1966 1569 et

134 1589 205 1632 dic
238 1590 300 1633 eis
326 1607 335 1633 :
375 1589 666 1633 Revertimini
702 1589 747 1631 in
781 1589 971 1633 tentoria
1007 1594 1166 1632 vestra.
1205 1587 1238 1614 3¹
1267 1589 1334 1630 Tu
1368 1601 1470 1630 vero
1499 1587 1572 1628 hic
1601 1592 1669 1629 sta
1698 1600 1892 1641 mecum,
1923 1590 1963 1628 et

133 1648 287 1704 loquar
318 1649 400 1691 tibi
434 1649 583 1692 omnia
612 1648 824 1691 mandata
853 1663 971 1704 mea,
1002 1654 1045 1692 et
1076 1647 1345 1691 ceremonias
1375 1651 1509 1701 atque
1536 1645 1725 1701 judicia,
1758 1659 1856 1700 quae
1891 1644 1962 1687 do—

134 1708 252 1751 cebis
271 1723 364 1764 eos,
383 1713 432 1750 ut
457 1707 632 1750 faciant
657 1722 708 1750 ea
732 1707 911 1751 interra
938 1722 1070 1763 quam
1090 1707 1202 1750 dabo
1224 1706 1314 1748 illis
1331 1706 1378 1748 in
1404 1705 1737 1761 possessionem.
1757 1702 1794 1730 3⁹2
1812 1703 1962 1746 Custo-

133 1766 224 1810 dite
255 1767 393 1823 igitur
424 1773 468 1811 et
498 1767 639 1810 facite
672 1781 770 1823 quae
803 1767 1016 1824 praecepit
1052 1765 1269 1809 Dominus
1305 1766 1423 1808 Deus
1456 1763 1606 1818 vobis3
1651 1777 1739 1806 non
1773 1761 1964 1805 declina-

132 1825 236 1869 bitis
268 1840 412 1883 1100110
443 1827 501 1869 ad
536 1826 785 1882 dexteram,
820 1839 962 1882 neque
992 1825 1052 1869 ad
1084 1825 1336 1880 sinist1’am3
1372 1823 1410 1850 ³3
1440 1823 1517 1866 sed
1550 1837 1628 1880 per
1659 1822 1801 1877 viam,
1835 1835 1968 1876 quam

132 1886 345 1942 praecepit
362 1886 581 1929 Dominus
603 1886 722 1929 Deus
747 1890 912 1941 vester,
939 1884 1250 1940 ambulabitis,
1277 1889 1326 1926 ut
1343 1882 1528 1938 vivatis,
1546 1887 1591 1926 et
1615 1881 1728 1926 bene
1743 1880 1803 1923 sit
1819 1879 1963 1935 vobis,

133 1949 176 1987 et
208 1945 480 2002 protelentur
513 1944 605 1988 dies
637 1944 684 1987 in
717 1950 832 1988 terra
865 1943 1152 2001 possessionis
1187 1948 1360 1986 vestrae.

412 2069 435 2122 ξ
467 2067 530 2109 ΙΙ.
562 2091 622 2100 --
654 2067 846 2110 Dilectio
879 2067 987 2119 Dei,
1010 2066 1243 2123 proecipua
1275 2064 1525 2107 obedientiae
1555 2063 1688 2106 ratio.

168 2183 300 2226 'CAR
333 2183 416 2226 VI.
444 2208 505 2215 —
533 2181 546 2208 1
575 2183 690 2225 Haec
717 2187 821 2225 sunt
849 2186 1092 2239 praecepta,
1122 2186 1167 2224 et
1195 2179 1457 2223 ceremoniae
1485 2184 1619 2234 atque
1646 2177 1836 2233 judicia,
1868 2191 1967 2232 quae

133 2241 364 2284 mandavit
395 2241 614 2285 Dominus
644 2242 764 2284 Deus
793 2246 938 2284 vester
966 2246 1015 2283 ut
1044 2240 1247 2283 docerem
1275 2253 1373 2294 vos,
1404 2244 1448 2282 et
1472 2237 1653 2281 faciatis
1683 2251 1735 2280 ea
1760 2235 1808 2278 in
1837 2241 1964 2291 terra,

132 2301 188 2344 ad
229 2315 361 2357 quam
403 2300 766 2356 transgredimini
806 2299 1150 2356 possidendam3
1194 2297 1212 2325 2
1244 2304 1294 2341 ut
1333 2298 1492 2341 timeas
1534 2295 1778 2339 Dominum
1823 2296 1967 2338 Deum

132 2366 279 2415 tuum,
313 2366 358 2403 et
392 2359 615 2403 custodias
648 2359 798 2403 omnia
831 2359 1042 2401 mandata
1076 2364 1119 2401 et
1147 2363 1371 2415 praecepta
1403 2357 1521 2412 eJ'us,
1563 2369 1660 2411 quae
1694 2368 1776 2410 ego
1811 2353 1966 2410 praeci-

133 2419 205 2476 pio
238 2419 341 2474 tibi,
376 2424 420 2463 et
453 2419 577 2475 filiis,
614 2432 667 2461 ac
701 2417 937 2475 nepotibus
969 2417 1077 2473 tuis,
1113 2416 1284 2460 cunctis
1317 2416 1472 2460 diebus
1505 2414 1613 2457 vitae
1643 2420 1755 2469 tuae,
1788 2418 1839 2456 ut
1870 2427 1967 2469 pro-

133 2477 370 2534 longentur
402 2478 495 2521 dies
528 2478 608 2521 tui.
643 2477 660 2504 3
685 2477 826 2533 Audi,
862 2476 1020 2532 Israel,
1061 2481 1106 2519 et
1147 2476 1331 2519 observa
1365 2480 1414 2518 ut
1446 2473 1590 2517 facias
1623 2487 1723 2530 011εο
1755 2471 1967 2528 praecepit

132 2537 214 2580 tibi
251 2537 489 2593 Dominus,
523 2542 566 2580 et
598 2537 711 2580 bene
742 2537 800 2579 sit
833 2536 936 2592 tibi,
970 2541 1014 2579 et
1047 2534 1356 2591 multipliceris
1391 2533 1605 2590 amplius,
1640 2532 1756 2575 sicut
1795 2530 1965 2587 pollici-

133 2601 204 2639 tus
236 2602 302 2640 est
336 2596 553 2640 Dominus
595 2597 714 2639 Deus
747 2601 925 2653 patrum
957 2599 1134 2637 tuorum
1173 2593 1256 2636 tibi
1290 2598 1452 2636 terram
1486 2592 1601 2635 lacte
1633 2596 1678 2635 et
1709 2590 1841 2634 melle
1873 2603 1965 2632 mae

133 2660 327 2700 nantem.

191 2714 209 2740 4
233 2715 373 2770 Audi,
409 2714 548 2759 Israel
580 2731 589 2759 :
625 2714 843 2759 Dominus
875 2716 996 2758 Deus
1030 2718 1196 2769 noster,
1232 2711 1448 2755 Dominus
1481 2724 1594 2754 unus
1626 2714 1705 2753 est.
1747 2709 1765 2735 ⁵
1795 2707 1966 2764 Diliges

135 2774 378 2817 Dominum
413 2775 558 2817 Deum
590 2779 718 2817 tuum
749 2788 803 2817 ex
836 2779 928 2817 toto
962 2773 1092 2816 corde
1124 2778 1221 2828 tuo,
1256 2777 1299 2814 et
1328 2785 1382 2815 ex
1410 2776 1504 2814 tota
1531 2769 1684 2812 anima
1712 2773 1811 2823 tua,
1841 2772 1884 2810 et
1913 2781 1967 2810 ex

133 2838 227 2876 tota
250 2832 517 2876 fortitudine
540 2838 630 2877 tua.
656 2833 676 2860 ⁶
701 2834 929 2889 Eru'ntque
954 2832 1088 2875 verba
1113 2832 1232 2887 haec,
1254 2845 1352 2887 quae
1375 2844 1457 2886 ego
1475 2827 1686 2886 praecipio
1711 2826 1794 2870 tibi
1813 2825 1964 2881 hodie,

132 2891 179 2934 in
212 2892 342 2935 corde
375 2898 475 2947 tuo,
511 2892 526 2918 7
553 2898 597 2936 et
629 2892 828 2935 narrabis
862 2906 913 2935 ea
954 2891 1056 2934 filiis
1090 2891 1198 2946 tuis,
1232 2896 1278 2933 et
1317 2888 1603 2932 meditaberis
1633 2887 1682 2930 in
1714 2886 1776 2930 eis
1808 2885 1965 2929 sedens

132 2950 178 2993 in
210 2950 342 2994 domo
375 2956 472 3007 tua,
506 2957 550 2994 et
582 2951 818 2994 ambulans
844 2951 892 2994 in
919 2951 1098 3006 itinere,
1130 2949 1352 2993 dormiens
1379 2953 1512 3004 atque
1546 2959 1828 3002 consurgens.
1861 2944 1879 2972 ⁸
1909 2946 1964 2987 Et

133 3009 296 3065 ligabis
328 3024 379 3054 ea
411 3011 537 3065 quasi
569 3010 749 3066 signum
786 3011 835 3053 in
875 3023 1009 3052 manu
1049 3014 1146 3065 tua,
1180 3014 1395 3064 eruntque
1435 3013 1478 3051 et
1517 3005 1813 3049 movebuntur
1850 3003 1966 3046 inter

135 3067 283 3112 oculos
315 3074 434 3124 tuos,
469 3069 486 3096 9
511 3069 762 3126 scribesque
796 3084 846 3113 ea
878 3069 924 3112 in
957 3069 1111 3112 limine
1146 3074 1189 3112 et
1222 3068 1344 3111 ostiis
1379 3066 1534 3110 domus
1564 3071 1668 3108 tuae.
1749 3078 1752 3081 ’

176 3126 230 3154 ’10
254 3127 455 3184 Cumque
483 3128 780 3172 introduxerit
807 3134 852 3172 te
882 3128 1100 3171 Dominus
1131 3129 1250 3171 Deus
1278 3132 1379 3169 tuus
1406 3126 1454 3168 in
1483 3130 1646 3168 terram
1674 3137 1751 3180 pro
1781 3136 1866 3178 qua
1895 3122 1962 3177 ju-

133 3186 250 3230 ravit
277 3187 477 3243 patribus
511 3188 618 3243 tuis,
645 3188 895 3244 Abraham,
930 3187 1079 3243 Isaac,
1110 3193 1154 3230 et
1182 3186 1420 3241 50001),οϊ
1449 3183 1619 3228 dederit
1647 3182 1730 3226 tibi
1759 3181 1962 3225 civitates

136 3260 320 3302 magnas
353 3252 396 3290 et
429 3247 640 3304 optimas,
675 3261 783 3303 quas
816 3260 903 3289 non
945 3246 1197 3301 aedificasti,
1239 3245 1273 3271 11
1315 3244 1469 3288 domos
1508 3244 1661 3302 plenas
1703 3246 1962 3284 cunctarum

136 3317 288 3362 opum,
319 3319 426 3361 quas
460 3320 548 3349 non
581 3306 859 3361 exstruxisti,
887 3305 1119 3360 cisternas,
1147 3319 1255 3361 quas
1287 3318 1375 3347 non
1408 3302 1585 3357 fodisti,
1615 3301 1766 3343 vineta
1798 3304 1841 3341 et
1882 3297 1962 3340 oli-

134 3369 256 3419 veta,
289 3378 389 3420 quae
423 3379 511 3408 non
542 3365 777 3421 plantasti,
813 3364 850 3392 12
878 3364 1217 3418 etcomederis,
1251 3369 1295 3407 et
1327 3367 1550 3406 saturatus
1582 3359 1744 3411 fueris3
1782 3357 1818 3383 13
1854 3370 1962 3399 cave

135 3421 373 3478 diligenter
411 3438 466 3466 ne
506 3423 782 3467 obliviscaris
819 3423 1019 3479 Domini,
1055 3423 1128 3479 qui
1162 3422 1316 3466 eduxit
1349 3427 1392 3464 te
1425 3420 1479 3464 de
1516 3426 1629 3462 terra
1662 3415 1873 3472 AEgypti,
1908 3414 1961 3458 de

137 3587 185 3620 21]
206 3587 327 3615 Matth.
345 3588 384 3622 V,
400 3590 446 3615 28.
467 3589 562 3616 Rom.
581 3588 658 3622 VH,
675 3589 701 3616 7.
726 3603 763 3606 —
785 3587 815 3620 5]
835 3587 900 3615 inf.
922 3586 983 3620 XI,
1005 3588 1048 3613 13.
1071 3586 1192 3613 Matth.
1214 3584 1329 3617 XXII,
1349 3585 1393 3610 37.
1416 3582 1515 3609 Marc.
1539 3579 1620 3613 XII,
1636 3580 1681 3606 30.
1707 3577 1787 3605 Luc.
1806 3576 1848 3610 X,
1865 3578 1909 3604 27.
1928 3589 1960 3596 -

138 3631 186 3663 13]
206 3630 270 3658 Ins.
288 3630 330 3666 X,
350 3633 395 3658 20.
417 3631 539 3658 Matth.
557 3632 615 3666 IV,
632 3634 676 3658 10.
698 3631 779 3658 Luc.
797 3630 856 3663 lv:
872 3636 898 3657 s.

2039 531 2261 560 circumstan-

2040 575 2095 603 tite
2112 577 2256 608 promul-

2076 619 2225 653 gationis

2067 663 2234 698 Decalogi.

2042 2193 2264 2223 Introductio.

2034 2721 2122 2748 Deus
2145 2726 2272 2747 summe

2050 2767 2085 2792 et
2105 2763 2253 2796 practice

2050 2807 2240 2841 diligendus
2252 2813 2258 2837 ;

2054 3129 2143 3158 inter
2164 3130 2251 3156 bona

2027 3174 2181 3202 chanaan
2201 3178 2267 3200 non

2050 3216 2250 3245 obliviscen-

2112 3261 2184 3289 dus.
