2456 3861
795 124 838 165 11
877 125 982 166 PAR.
1021 124 1159 179 vin,
1193 126 1219 166 4
1251 150 1309 156 -
1342 125 1428 178 ix,
1464 126 1503 168 7.
1977 127 2060 170 415

239 291 401 335 Emath
436 293 572 348 Suba,
604 298 648 336 et
677 293 869 336 obtinuit
901 308 1012 338 eam.
1041 294 1057 320 ⁴¹⁴
1084 295 1141 336 Et
1167 294 1406 338 aedificavit
1432 295 1685 351 Palmyram
1718 294 1763 337 in
1794 295 1985 352 deserto,
2017 303 2060 339 ct

235 351 348 393 alias
371 352 575 395 civitates
596 352 916 395 munitissimas
942 353 1239 396 aedificavitin
1258 354 1434 397 Emath.
1461 354 1478 380 5
1499 353 1813 409 Exstruxitque
1839 355 2059 398 Bethoron

235 410 504 465 superiorem
523 417 567 454 et
592 411 812 454 Bethoron
835 411 1111 466 inferiorem,
1139 412 1343 455 civitates
1366 418 1581 467 muratas,
1608 412 1822 456 habentes
1848 419 1994 469 portas
2017 419 2060 457 et

237 476 384 511 vectes
409 475 453 512 et
478 484 596 512 seras
615 487 623 524 ;
649 470 666 496 ⁰
687 470 876 512 Balaath
902 470 1049 521 etiam,
1072 477 1116 513 et
1139 484 1289 514 omnes
1312 471 1440 514 urbes
1463 471 1734 514 firmissimas
1756 486 1852 527 quae
1878 473 2061 516 fuerunt

236 527 500 583 Salomonis,
544 534 812 584 cunctasque
850 528 979 571 urbes
1019 528 1352 585 quadrigarum,
1392 535 1434 573 et
1475 530 1602 573 urbes
1643 530 1855 586 equitum.
1899 531 2060 575 Omnia

233 600 522 643 quaecumque
564 587 706 630 voluit
749 587 955 630 Salomon
1003 592 1136 642 atque
1185 587 1421 644 disposuit,
1459 589 1698 632 aedificavit
1731 590 1775 632 in
1809 590 2058 633 Jerusalem

233 649 278 686 et
299 644 345 686 in
375 646 567 701 Libano,
597 651 640 689 et
663 646 709 687 in
733 645 939 688 universa
964 651 1079 687 terra
1104 646 1336 701 potestatis
1361 661 1467 690 suae.

291 703 306 729 ⁷
328 704 516 748 Omnem
534 704 747 760 populum
773 703 845 758 qui
874 703 1107 746 derelictus
1133 704 1281 746 fuerat
1304 705 1356 748 de
1381 706 1603 762 Hethaeis,
1631 713 1675 750 et
1700 708 1992 764 Amorrhaeis,
2015 713 2057 752 et

233 763 500 818 Pherezaeis,
531 769 576 805 et
602 763 804 817 Hevaeis,
831 766 875 804 et
904 761 1143 818 JebusaeiS,
1170 762 1244 817 qui
1274 777 1362 806 non
1392 770 1518 806 erant
1547 765 1600 808 de
1627 766 1760 822 stirpe
1787 767 1944 823 Israel,
1968 767 1985 794 ⁸
2003 767 2056 810 de

231 821 333 864 filiis
359 836 528 876 eorum,
557 826 601 864 et
622 821 675 864 de
701 820 907 877 posteris,
930 835 1037 876 quos
1059 835 1146 863 non
1167 820 1484 865 interfecerant
1513 823 1591 865 filii
1615 825 1773 880 Israel,
1797 826 2058 882 subjugavit

230 881 438 924 Salomon
471 879 516 921 in
546 879 800 922 tributarios
834 893 970 935 usque
1002 879 1047 922 in
1082 879 1200 923 diem
1232 880 1360 923 hanc.
1389 880 1406 906 9
1429 882 1560 924 Porro
1587 882 1642 925 de
1667 883 1768 925 filiis
1804 884 1939 927 Israel
1970 900 2057 929 non

231 939 376 995 posuit
412 943 460 981 ut
496 938 711 981 servirent
749 938 953 995 operibus
985 939 1134 995 regis;
1170 938 1254 994 ipsi
1290 939 1409 982 enim
1443 945 1568 983 erant
1600 941 1682 983 viri
1720 941 1975 1000 bellatores,
2013 949 2058 988 et

229 998 362 1041 duces
388 997 540 1054 primi,
567 1002 610 1040 et
631 997 852 1054 principes
878 998 1193 1054 quadrigarum
1226 1003 1270 1041 et
1298 999 1498 1054 equitum
1527 999 1636 1054 ejus.
1668 999 1702 1026 ¹⁰
1721 1001 1883 1043 Omnes
1908 1012 2057 1046 autem

229 1056 450 1113 principes
481 1057 698 1100 exercitus
736 1057 851 1112 regis
890 1056 1136 1100 Salomonis
1169 1057 1352 1100 fuerunt
1384 1058 1564 1101 ducenti
1600 1058 1945 1116 quinquaginta,
1983 1061 2058 1117 qui

227 1115 492 1159 erudiebant
516 1115 740 1172 populum.

289 1174 321 1200 ¹¹
350 1174 514 1217 Filiam
540 1188 641 1218 vero
669 1175 912 1218 Pharaonis
937 1175 1166 1218 transtulit
1191 1176 1244 1219 de
1271 1176 1453 1219 civitate
1478 1177 1620 1220 David
1650 1177 1695 1219 in
1721 1178 1902 1222 domum
1925 1193 2057 1235 quam

230 1234 529 1277 aedificaverat
550 1233 614 1289 ei3
640 1234 754 1277 dixit
779 1235 897 1278 enim
918 1248 995 1277 rex
1018 1251 1026 1278 :
1051 1234 1092 1277 N
1096 1249 1151 1277 on
1174 1234 1398 1278 habitabit
1423 1250 1532 1278 uxor
1554 1250 1652 1279 mea
1673 1236 1719 1279 in
1742 1238 1872 1281 domo
1895 1238 2054 1294 David,

227 1295 343 1349 regis
386 1293 545 1348 Israel,
584 1306 634 1336 eo
672 1294 788 1349 quod
825 1293 1104 1336 sanctificata
1143 1293 1220 1350 sit,
1261 1293 1365 1350 quia
1404 1294 1601 1350 ingressa
1635 1300 1701 1339 est
1737 1296 1782 1339 in
1819 1312 1917 1341 eam
1954 1312 2056 1340 arca

229 1353 424 1396 Domini.

292 1411 323 1437 ¹²
341 1412 467 1455 Tunc
489 1411 651 1455 obtulit
677 1411 883 1456 Salomon
905 1411 1165 1455 holocausta
1190 1412 1380 1456 Domino
1410 1427 1539 1470 super
1569 1413 1707 1457 altare
1734 1415 1914 1458 Domini
1940 1415 2056 1471 quod

223 1475 504 1514 exstruxerat
527 1476 631 1513 ante
662 1469 902 1526 porticum,
933 1470 968 1496 '¹3
985 1476 1034 1513 ut
1065 1485 1142 1526 per
1166 1471 1363 1526 singulos
1394 1472 1486 1515 dies
1517 1472 1750 1516 offerretur
1773 1474 1820 1516 in
1845 1489 1894 1517 eo
1927 1474 2057 1530 juxta

227 1534 501 1587 praeceptum
524 1529 667 1585 Moysi
692 1529 738 1571 in
759 1528 978 1585 sabbatis,
1005 1535 1049 1572 et
1070 1529 1116 1571 in
1146 1530 1364 1585 calendis,
1391 1535 1434 1574 et
1459 1531 1504 1573 in
1528 1531 1658 1574 festis
1684 1531 1859 1588 diebus,
1889 1538 1955 1576 ter
1980 1548 2056 1589 per

226 1603 406 1644 annum,
432 1588 478 1631 id
502 1592 568 1632 est
594 1587 639 1630 in
669 1587 951 1631 solemnitate
978 1589 1263 1644 Azymorum,
1290 1593 1335 1631 et
1358 1589 1406 1632 in
1431 1589 1712 1633 solemnitate
1738 1591 2055 1635 Hebdomada-

225 1662 343 1703 rum,
378 1651 423 1690 et
456 1647 502 1690 in
535 1646 817 1690 solemnitate
851 1647 1271 1691 Tabernaculorum.
1307 1647 1342 1674 ¹4
1362 1650 1419 1691 Et
1453 1649 1684 1691 constituit
1715 1650 1844 1706 juxta
1870 1650 2056 1707 disposi-

225 1706 392 1750 tionem
434 1706 601 1762 David,
643 1705 781 1763 patris
823 1706 909 1762 sui,
954 1707 1104 1750 officia
1154 1707 1433 1750 sacerdotum
1472 1707 1519 1750 in
1556 1707 1813 1752 ministeriis
1850 1710 1971 1765 suis3
2013 1715 2055 1754 et

225 1766 384 1809 levitas
413 1765 460 1808 in
493 1766 645 1809 ordine
674 1779 772 1821 suo,
809 1771 858 1808 ut
890 1766 1142 1822 laudarent,
1171 1771 1214 1810 et
1243 1766 1546 1810 ministrarent
1579 1782 1727 1811 coram
1753 1769 2055 1812 sacerdotibus

223 1825 355 1881 juxta
391 1824 526 1867 ritum
563 1824 910 1880 uniuscujusque
949 1825 1066 1881 diei;
1106 1830 1150 1869 et
1185 1825 1401 1882 janitores
1438 1826 1484 1868 in
1522 1826 1814 1871 divisionibus
1852 1828 1941 1871 suis
1979 1843 2055 1884 per

224 1890 400 1941 portam
428 1888 473 1926 et
502 1888 706 1940 portam:
733 1884 796 1926 sic
829 1884 949 1927 enim
977 1889 1251 1941 praeceperat
1285 1885 1452 1941 David,
1487 1886 1618 1929 homo
1645 1887 1741 1932 Dei.
1770 1887 1806 1913 ¹5
1825 1889 1919 1931 Nec
1944 1902 2055 1944 prae-

224 1943 432 1998 tergressi
462 1948 565 1986 sunt
594 1943 648 1986 de
678 1943 901 1986 mandatis
922 1943 1058 2000 regis,
1086 1949 1180 1986 tam
1205 1945 1455 1988 sacerdotes
1480 1959 1613 2000 quam
1634 1945 1806 2003 levitae,
1833 1961 1889 1990 ex
1914 1947 2052 1990 omni-

225 2002 306 2044 bus
339 2016 438 2058 quae
472 2007 763 2058 praeceperat,
802 2007 846 2046 et
881 2003 928 2045 in
969 2003 1180 2046 custodiis
1213 2004 1531 2048 thesaurorum.
1561 2004 1597 2031 16
1631 2006 1794 2048 Omnes
1831 2006 2053 2062 impensas

224 2066 496 2117 praeparatas
533 2061 690 2104 habuit
725 2061 954 2118 Salomon,
992 2077 1047 2105 ex
1084 2076 1133 2105 eo
1170 2063 1241 2106 die
1278 2077 1363 2119 quo
1399 2062 1608 2106 fundavit
1641 2064 1820 2107 domum
1851 2065 2051 2120 Domini,

226 2134 361 2175 usque
382 2120 428 2162 in
454 2120 573 2163 diem
598 2134 682 2176 quo
706 2121 896 2176 perfecit
922 2136 1033 2168 eam.

289 2179 319 2205 ¹⁷
346 2180 472 2222 Tunc
509 2179 622 2222 abiit
657 2180 864 2224 Salomon
895 2180 942 2223 in
977 2181 1268 2239 Asiongaber,
1300 2187 1345 2226 et
1374 2182 1421 2224 in
1454 2182 1629 2240 Ailath,
1667 2183 1725 2226 ad
1763 2198 1881 2227 oram
1919 2184 2053 2227 maris

227 2239 384 2294 Rubri,
412 2253 509 2294 quae
537 2244 602 2282 est
626 2239 673 2281 in
698 2243 816 2281 terra
847 2239 1002 2283 Edem.
1031 2240 1066 2267 ¹8
1086 2241 1208 2284 Misit
1233 2246 1385 2285 autem
1417 2241 1457 2284 ei
1490 2242 1650 2285 Hiram
1681 2257 1758 2299 per
1782 2257 1940 2286 manus
1965 2257 2052 2286 ser-

224 2311 378 2340 vorum
411 2312 588 2341 suorum
623 2312 780 2354 naveS,
817 2303 860 2342 et
892 2304 1051 2342 nautas
1084 2314 1245 2356 gnaros
1279 2301 1430 2356 maris,
1469 2306 1513 2344 et
1544 2301 1749 2344 abierunt
1783 2316 1883 2344 cum
1916 2302 2053 2345 servis

216 2359 468 2403 Salomonis
496 2359 544 2402 in
567 2358 724 2415 Ophir,
747 2358 1031 2415 tuleruntque
1055 2359 1160 2403 inde
1185 2360 1512 2417 quadringenta
1536 2361 1863 2419 quinquaginta
1886 2362 2056 2406 talenta

216 2419 334 2471 auri,
359 2424 402 2462 et
426 2418 672 2462 attulerunt
698 2417 754 2460 ad
779 2432 931 2474 regem
957 2418 1251 2463 Salomonem.

719 2552 742 2609 ξ
771 2552 833 2596 ΙΙ.
860 2577 919 2584 --
943 2551 1193 2595 Salomonis
1218 2553 1556 2608 maymficentia.

283 2681 390 2724 CAP.
418 2681 499 2724 IX.
524 2707 585 2714 —
616 2680 626 2706 ¹
649 2681 821 2737 Regina
848 2694 1018 2736 quoque
1052 2680 1187 2735 Saba,
1219 2694 1320 2723 cum
1350 2680 1546 2724 audisset
1574 2680 1748 2723 famam
1779 2680 2047 2736 Salomonis,

221 2740 347 2783 venit
371 2744 419 2782 ut
444 2744 637 2783 tentaret
662 2755 763 2783 eum
788 2740 833 2782 in
863 2739 1177 2795 aenigmatibus
1197 2739 1245 2781 in
1270 2739 1531 2795 Jerusalem,
1559 2753 1660 2782 cum
1681 2740 1857 2796 magnis
1882 2739 2050 2796 opibus,

224 2805 269 2842 et
298 2799 479 2842 camelis
513 2799 586 2856 qui
618 2799 857 2856 portabant
890 2803 1112 2854 aromata,
1144 2803 1187 2842 et
1219 2798 1313 2841 auri
1346 2798 1606 2855 plurimum,
1637 2813 1924 2856 gemmasque
1956 2813 2051 2855 pre-

220 2859 372 2902 tiosas.
397 2858 594 2914 Cumque
616 2859 810 2902 venisset
831 2858 887 2900 ad
915 2857 1208 2914 Salomonem,
1231 2857 1379 2901 locuta
1402 2863 1467 2901 est
1488 2857 1529 2901 ei
1549 2872 1838 2914 quaecumque
1860 2863 1986 2902 erant
2006 2858 2052 2901 in

223 2918 354 2962 corde
379 2932 470 2963 suo.
501 2917 518 2943 ‘2
537 2919 595 2960 Et
621 2918 824 2975 exposuit
854 2917 894 2961 ei
929 2917 1135 2961 Salomon
1167 2917 1316 2960 omnia
1348 2932 1446 2973 quae
1475 2923 1790 2974 proposuerat;
1818 2932 1899 2961 nec
1928 2917 2051 2974 quid-

224 2991 356 3032 quam
389 2977 478 3020 s-uit
511 2977 625 3034 quod
659 2992 748 3021 non
778 2976 1058 3034 perspicuum
1091 2976 1132 3020 ei
1161 2977 1333 3021 fecerit.
1367 2977 1385 3003 3
1406 2977 1513 3028 Quae
1546 2981 1780 3034 postquam
1816 2977 1951 3033 vidit,
1985 2991 2052 3020 sa-

223 3035 439 3093 pientiam
472 3037 643 3080 scilicet
679 3036 945 3091 Salomonis,
978 3041 1022 3079 et
1050 3035 1230 3079 domum
1255 3051 1388 3093 quam
1421 3036 1741 3091 aedificaverat,
1770 3036 1976 3080 4necnon
2010 3041 2053 3079 et

224 3094 393 3138 cibaria
421 3110 586 3140 mensae
614 3097 732 3153 ejus,
762 3101 806 3140 et
827 3095 1084 3138 habitacula
1109 3110 1356 3152 servorum,
1388 3100 1432 3140 et
1458 3095 1602 3139 officia
1629 3095 1931 3139 ministrorum
1956 3095 2052 3151 ejus

225 3159 269 3197 et
304 3155 573 3199 vestimenta
614 3170 783 3213 eorum,
821 3155 1054 3212 pincernas
1091 3169 1261 3211 quoque
1297 3160 1341 3199 et
1373 3160 1519 3200 vestes
1558 3169 1727 3211 eorum,
1769 3161 1812 3199 et
1847 3154 2052 3198 victimas

224 3227 332 3269 quas
367 3213 630 3258 immolabat
655 3215 700 3258 in
727 3216 856 3259 domo
887 3214 1087 3271 Domini,
1114 3229 1202 3257 non
1232 3219 1326 3258 erat
1354 3229 1446 3272 prae
1471 3219 1648 3272 stupore
1677 3215 1793 3258 ultra
1817 3214 1863 3256 in
1889 3228 1940 3257 ea
1965 3214 2050 3270 spi-

223 3273 346 3317 ritus.
374 3274 391 3301 ⁵
412 3274 624 3331 Dixitque
649 3275 705 3318 ad
731 3289 880 3331 regem
906 3291 914 3318 :
935 3275 1074 3317 Verus
1096 3278 1162 3317 est
1186 3288 1329 3318 sermo
1350 3289 1480 3330 quem
1498 3274 1726 3317 audieram
1751 3273 1796 3316 in
1818 3278 1933 3316 terra
1954 3287 2053 3315 mea

224 3331 280 3375 de
304 3333 544 3378 virtutibus
571 3339 615 3378 et
645 3334 866 3391 sapientia
898 3338 987 3376 tua.
1022 3333 1040 3360 ⁶
1058 3334 1157 3376 Non
1187 3334 1422 3378 credebam
1450 3333 1753 3388 narrantibus,
1787 3333 1924 3375 donec
1957 3331 2053 3388 ipsa

225 3392 466 3449 venissem,
491 3398 535 3437 et
559 3394 777 3437 vidissent
799 3393 912 3436 oculi
935 3392 1042 3448 mei,
1070 3397 1114 3435 et
1138 3393 1393 3449 probassem
1415 3394 1493 3436 vix
1514 3393 1799 3436 medietatem
1821 3391 2052 3447 sapientiae

225 3455 314 3493 tuae
337 3451 445 3494 mihi
468 3453 608 3496 fuisse
630 3458 868 3497 narratam.
898 3451 1056 3495 Vicisti
1085 3451 1258 3494 famam
1286 3452 1524 3495 virtutibus
1549 3452 1648 3495 tuis.
1677 3451 1691 3477 7
1713 3449 1840 3494 Beati
1864 3449 1947 3493 viri
1969 3450 2048 3506 tui,

233 3624 279 3656 11]
299 3624 352 3650 111
372 3624 454 3657 neg.
474 3625 541 3659 111,
563 3629 588 3654 1.
604 3641 641 3645 -
658 3627 686 3660 1]
706 3627 761 3653 111
780 3627 863 3659 neg.
883 3627 925 3661 x,
948 3626 1282 3663 1.Matth.X11‚42.
1303 3617 1530 3665 Luc.'xr,31.

2123 721 2297 750 Chananaei
2329 722 2360 750 in

2145 763 2344 793 tributarios

2155 815 2193 836 ac
2214 816 2330 838 servos

2194 852 2289 882 facti.

2198 1189 2289 1216 Uxor

2166 1231 2320 1265 aegyptia.

2187 1418 2294 1447 Officii

2175 1462 2308 1491 levitici

2154 1506 2330 1535 ordinatio.

2119 2189 2228 2215 Nares
2249 2188 2360 2216 missae

2155 2231 2188 2259 in
2210 2231 2321 2264 ophir.

2119 2695 2249 2730 Regina
2274 2696 2360 2724 Saba

2144 2740 2178 2768 in
2198 2741 2218 2768 J
2222 2747 2333 2769 erusa-

2202 2785 2277 2812 lem.
