2423 3861
828 97 927 139 siv.
963 96 1093 151 XIX,
1130 95 1261 139 6-20.
1874 96 1958 139 729

593 311 615 364 ξ
650 308 737 350 III.
763 333 823 340 --
854 308 1186 363 Recapz'tulatio
1211 313 1253 351 et
1271 307 1500 350 conclusio.
1564 346 1566 348 .

192 423 209 448 ⁶
228 423 381 467 Omnis
407 425 526 467 enim
553 427 751 466 creatura
786 422 841 464 ad
872 437 998 464 suum
1029 436 1167 477 genus
1192 421 1248 464 ab
1280 421 1407 464 initio
1441 421 1776 476 refigurabatur,
1814 421 1956 464 deser—

131 482 256 524 viens
279 483 365 525 tuis
388 481 633 539 praeceptis,
659 485 706 522 ut
727 480 851 536 pueri
874 481 935 522 tui
960 480 1283 523 custodirentur
1304 480 1449 523 illaesi.
1478 480 1492 506 ⁷
1513 481 1629 522 Nam
1651 480 1791 523 nubes
1813 485 1959 523 castra

130 554 282 584 eorum
317 541 638 594 obumbrabat;
671 544 714 582 et
740 554 794 582 ex
827 553 941 593 aqua
967 554 1065 594 quae
1091 544 1195 581 ante
1217 544 1330 593 erat,
1363 544 1478 582 terra
1507 539 1630 582 arida
1652 539 1886 595 apparuit;
1915 546 1958 582 et

131 599 178 642 in
205 601 315 643 mari
340 601 487 644 Rubro
512 599 585 642 via
612 598 705 641 sine
732 597 1074 653 impedimento,
1102 602 1146 640 et
1172 612 1354 653 campus
1382 598 1636 654 germinans
1659 598 1712 641 de
1734 598 1956 655 profundo

132 658 298 713 nimio3
345 658 362 686 ⁸
389 674 464 716 per
504 672 631 714 quem
682 656 824 699 omnis
862 656 982 699 natio
1028 655 1237 698 transivit
1278 671 1376 711 quae
1415 657 1649 712 tegebatur
1687 662 1763 700 tua
1801 671 1955 712 manu,

132 718 335 761 videntes
373 723 448 761 tua
482 715 703 759 mirabilia
741 720 785 758 et
822 720 1031 758 monstra.
1071 714 1087 740 ⁰
1119 715 1352 770 Tanquam
1390 715 1508 758 enim
1545 715 1644 771 equi
1684 715 1958 771 depaverunt

122 790 299 833 escam,
334 783 378 820 et
410 783 620 832 tanquam
653 774 759 831 agni
796 774 1130 829 exultaverunt,
1167 773 1504 828 magnificantes
1543 779 1606 828 te,
1643 774 1851 831 Domine,
1883 776 1957 831 qui

131 834 328 879 liberasti
369 836 481 879 illos.
521 834 557 861 '¹⁰
583 836 800 878 Memores
839 832 956 876 enim
998 837 1125 876 erant
1162 832 1306 875 adhuc
1347 846 1497 875 eorum
1540 847 1637 888 quae
1674 833 1719 875 in
1760 833 1956 877 incolatu

130 894 306 938 illorum
347 896 470 938 facta
508 894 708 948 fuerant,
751 891 1125 949 quemadmodum
1168 905 1244 949 pro
1284 891 1462 934 natione
1503 891 1765 933 animalium
1803 893 1957 935 eduxit

131 958 245 996 terra
279 969 471 1009 muscas,
507 958 550 996 et
582 968 660 1010 pro
692 951 887 1009 piscibus
922 951 1141 994 eructavit
1174 950 1334 993 fluvius
1369 950 1703 993 multitudinem
1735 965 1955 996 ranarum.

135 1011 163 1037 ¹¹
192 1013 444 1056 Novissime
480 1017 629 1056 autem
664 1011 869 1055 viderunt
908 1024 1070 1054 novam
1112 1015 1360 1053 creaturam
1398 1009 1568 1066 avium,
1594 1023 1732 1065 cum,
1775 1010 1955 1054 adducti

122 1072 508 1128 concupiscentia,
543 1071 879 1129 postulaverunt
913 1083 1036 1113 escas
1066 1068 1346 1125 epulationis.
1382 1067 1418 1095 12
1444 1069 1497 1111 In
1534 1068 1804 1112 allocutione
1839 1070 1957 1113 enim

127 1129 334 1174 desiderii
359 1130 561 1174 ascendit
589 1130 677 1173 illis
707 1130 761 1173 de
794 1129 903 1172 mari
931 1133 1260 1184 ortygometra3
1297 1133 1341 1171 et
1366 1127 1625 1171 vexationes
1650 1128 1956 1184 peccatoribus

123 1196 494 1245 supervenerunt,
530 1204 615 1233 non
650 1190 744 1233 sine
775 1189 865 1232 illis
895 1202 1004 1244 quae·
1022 1192 1126 1230 ante
1158 1187 1283 1230 facta
1309 1192 1434 1230 erant
1463 1187 1738 1243 argumentis
1763 1202 1841 1244 per
1864 1189 1956 1231 vim

126 1248 369 1292 fulminum
395 1266 403 1293 :
437 1250 553 1304 juste
583 1250 700 1293 enim
735 1248 1018 1306 patiebantur
1048 1247 1289 1290 secundum
1321 1261 1421 1289 suas
1448 1246 1682 1302 nequitias.
1714 1246 1750 1273 '¹3
1775 1247 1956 1290 Etenim

126 1307 502 1352 detestabiliorem
533 1308 932 1366 inhospitalitatem
966 1307 1254 1349 instituerunt
1289 1322 1297 1349 :
1332 1306 1409 1348 alii
1445 1306 1622 1361 quidem
1655 1305 1831 1361 ignotos
1868 1322 1956 1351 non

125 1367 401 1423 recipiebant
421 1368 640 1422 advenas,
669 1367 744 1410 alii
771 1372 921 1410 autem
945 1366 1082 1409 bonos
1106 1365 1300 1421 hospites
1323 1365 1367 1407 in
1393 1365 1651 1408 servitutem
1675 1365 1954 1421 redigebant.

129 1424 163 1451 ¹⁴
183 1426 240 1473 Et
263 1441 350 1470 non
377 1427 517 1470 solum
541 1427 651 1482 haec,
675 1427 750 1470 sed
773 1431 816 1470 et
836 1425 950 1468 alius
973 1425 1154 1481 quidam
1180 1429 1404 1480 respectus
1427 1424 1603 1467 illorum
1622 1429 1727 1481 erat,
1748 1425 1955 1480 quoniam

122 1483 256 1526 inviti
294 1485 568 1541 recipiebant
605 1491 850 1530 extraneos.
887 1484 922 1510 '¹5
940 1484 1022 1534 Qui
1061 1490 1211 1528 autem
1247 1499 1348 1527 cum
1386 1483 1544 1525 laetitia
1580 1489 1840 1540 receperunt
1876 1486 1955 1529 hos

124 1543 198 1598 qui
225 1543 392 1586 eisdem
417 1544 483 1586 usi
509 1550 635 1588 erant
659 1545 856 1600 justitiis,
880 1544 1138 1587 saevissimis
1165 1543 1418 1586 afflixerunt
1437 1540 1674 1585 doloribus.
1705 1543 1737 1569 ¹⁶
1752 1543 1953 1587 Percussi

119 1607 227 1644 sunt
251 1606 400 1645 autem
430 1603 652 1660 caecitate,
680 1603 795 1647 sieut
819 1603 886 1646 illi
918 1603 964 1645 in
998 1603 1169 1645 foribus
1196 1602 1325 1657 justi,
1359 1616 1459 1644 cum
1489 1601 1733 1644 subitaneis
1761 1603 1954 1659 cooperti

116 1667 272 1704 essent
298 1661 514 1716 tenebris,
539 1662 840 1718 unusquisque
869 1663 1108 1705 transitum
1135 1663 1235 1705 ostii
1265 1663 1332 1706 sui
1353 1662 1595 1718 quaerebat.
1615 1662 1658 1694 »Π
1674 1663 1728 1704 In
1757 1676 1804 1705 se
1834 1662 1951 1705 enim

121 1722 340 1765 elementa
367 1723 471 1766 dum
494 1728 820 1780 convertuntur,
848 1723 964 1766 sicut
990 1722 1038 1776 in
1071 1737 1234 1779 organo
1261 1723 1491 1779 qualitatis
1517 1737 1648 1766 sonus
1673 1723 1947 1781 immutatur,

113 1786 162 1823 et
197 1782 345 1824 omnia
378 1797 507 1825 suum
540 1797 696 1826 sonum
729 1783 984 1826 custodiunt
1017 1798 1025 1826 ε
1062 1783 1179 1826 unde
1218 1782 1429 1826 aestimari
1469 1796 1524 1825 ex
1561 1782 1656 1838 ipso
1693 1782 1790 1825 visu
1812 1789 1948 1827 'certo

119 1845 277 1896 potest.
305 1840 340 1868 '¹⁸
358 1842 567 1898 Agrestia
588 1843 707 1886 enim
728 1843 774 1885 in
796 1842 1003 1898 aquatica
1028 1842 1412 1896 convertebantur,
1440 1847 1483 1885 et
1512 1856 1802 1898 quaecumque
1825 1848 1949 1885 erant

120 1900 340 1956 natantia,
364 1901 410 1943 in
435 1906 597 1944 terram
622 1902 886 1945 transibant.
910 1901 1090 1958 '¹9'Ignis
1112 1901 1159 1943 in
1181 1916 1297 1957 aqua
1314 1901 1494 1944 valebat
1512 1916 1642 1958 supra
1663 1916 1788 1944 suam
1807 1901 1946 1944 virtu-

119 1963 230 2013 tem,
255 1965 298 2002 et
322 1974 437 2015 aqua
463 1961 765 2017 extinguentis
795 1966 965 2004 naturae
990 1960 1348 2004 obliviscebatur.
1374 1959 1410 1987 ²⁰
1439 1961 1657 2004 Flammae
1682 1975 1704 2004 e
1728 1961 1947 2003 contrario

112 2019 473 2074 corruptibilium
505 2021 767 2064 animalium
802 2036 891 2064 non
923 2024 1198 2064 vexaverunt
1232 2034 1386 2063 carnes
1423 2019 1823 2075 coambulantium,
1866 2034 1947 2063 nec

117 2076 422 2121 dissolvebant
442 2079 587 2136 illam,
615 2095 713 2136 quae
734 2080 871 2124 facile
897 2079 1223 2123 dissolvebatur
1248 2079 1363 2122 sieut
1385 2079 1571 2135 glacies,
1599 2079 1762 2122 bonam
1784 2093 1946 2122 escam.

119 2137 171 2178 In
200 2138 402 2181 omnibus
425 2138 544 2181 enim
565 2140 862 2196 magnificasti
892 2139 1106 2196 populum
1130 2143 1277 2195 tuum,
1311 2138 1519 2193 Domine,
1553 2144 1596 2181 et
1629 2138 1874 2195 honorasti,
1905 2144 1948 2182 et

116 2210 205 2238 non
227 2196 487 2254 despexisti,
513 2198 561 2240 in
586 2199 704 2242 omni
726 2203 923 2256 tempore
949 2204 994 2241 et
1014 2198 1060 2241 in
1085 2198 1204 2242 omni
1230 2197 1326 2241 loco
1347 2196 1558 2240 assistens
1584 2197 1659 2241 eis.

116 2355 165 2388 11]
188 2356 243 2383 Ex.
263 2356 361 2389 XVI,
380 2359 422 2384 13.
445 2357 542 2384 Num„
565 2356 633 2390 XI,
657 2358 702 2384 31.
724 2356 802 2388 Sul).
819 2356 912 2391 XVI,
928 2358 954 2384 2.
972 2370 1008 2374 ——
1026 2355 1073 2388 16]
1091 2355 1169 2383 Gen.
1189 2354 1284 2390 XIX,
1302 2357 1346 2382 11.

2061 428 2227 456 Creaturae

2036 470 2265 500 inserviebant

2119 515 2174 543 Dei

2050 559 2225 591 praeceptis
2236 580 2243 592 ‚

2041 604 2080 630 ad
2103 602 2245 631 aliorum

2071 648 2215 675 salutem

2041 691 2248 724 aliorum-lue

2049 735 2240 768 perniciem.
