2423 3861
103 635 148 662 Dc.
172 633 269 662 malis

105 676 268 710 bonisque

82 719 256 753 pastoribu
263 729 285 747 s.

130 1801 231 1831 Pravi

127 1853 238 1875 mores

81 1891 283 1924 pseudopro-

83 1934 273 1970 phetarum.

121 2811 172 2837 Ab
188 2808 237 2838 eis

85 2852 278 2880 cavendum.

375 90 461 133 870
892 89 994 131 JER.
1029 87 1189 141 XXII,
1223 87 1278 130 29
1311 111 1371 119 --
1401 87 1587 142 XXIII,
1621 87 1692 130 21.

374 260 479 317 quid
505 274 583 302 vas
608 259 743 302 fictile
765 263 898 312 atque
925 257 1184 311 contritum,
1204 256 1272 298 vir
1295 256 1379 299 iste
1405 255 1679 299 Jechonias?
1698 257 1912 312 numquid
1936 273 2015 302 vas
2036 259 2221 315 absque-

374 318 493 362 omni
512 316 771 373 voluptate?
795 316 936 365 Quare
961 315 1129 370 abjecti
1156 319 1260 357 sunt
1284 314 1378 370 ipse
1405 319 1448 357 et
1468 328 1620 357 semen
1642 314 1752 370 ejus,
1774 319 1819 358 et
1839 316 2026 372 projecti
2047 317 2094 361 in
2118 324 2206 362 ter—

372 393 468 420 ram
498 391 630 432 quam
663 373 1012 430 ignoraverunt?
1039 373 1075 400 ²9
1093 375 1246 429 Terra,
1271 378 1407 429 terra,
1434 378 1571 430 terra,
1595 373 1699 416 audi
1729 388 1978 418 sermonem
2008 377 2203 420 Domini.

373 436 410 463 3⁰
428 438 541 479 Haec
564 435 671 477 dicit
700 433 944 477 Dominus:
972 433 1123 477 Scribe
1145 433 1289 475 viru-m
1315 432 1452 475 istum
1478 433 1693 489 sterilem,
1713 433 1857 475 virum
1879 433 1952 489 qui
1977 434 2023 477 in
2050 435 2209 479 diebus

373 496 462 539 suis
487 508 573 536 non
594 492 947 549 prosperabitur3
972 507 1054 535 nec
1080 492 1199 535 enim
1226 492 1308 535 erit
1331 492 1385 535 de
1405 492 1575 535 semine
1601 492 1696 548 ejus
1718 491 1786 534 vir
1811 492 1884 548 qui
1905 493 2057 536 sedeat
2077 508 2220 551 super·

372 555 531 597 solium
556 552 722 606 David,
746 556 791 594 et
814 557 1082 608 potestatem
1104 552 1269 594 habeat
1294 551 1409 594 ultra
1433 551 1480 593 in
1507 551 1639 594 Juda.

432 614 537 655 CAP.
562 612 741 654 XXIII.
763 637 824 644 —-
851 610 964 654 1Vae
994 611 1244 667 pastoribus
1276 611 1348 666 qui
1376 610 1637 667 disperdunt
1670 615 1714 653 et
1748 610 1994 654 dilacerant
2026 627 2210 669 gregem

371 686 548 728 pascuae
579 671 710 713 meze!
740 670 849 713 dicit
877 671 1108 713 Dominus.
1136 669 1154 695 ⁶2
1172 670 1280 713 ldeo
1308 670 1405 712 haec
1439 670 1549 712 dicit
1576 670 1792 713 Dominus
1824 670 1943 713 Deus
1978 671 2117 715 Israel
2149 672 2206 725 ad

372 736 567 786 pastores
591 730 663 785 qui
686 734 874 786 pascunt
896 730 1110 786 populum
1140 744 1288 773 meum
1310 746 1318 773 z
1345 730 1436 772 Vos
1460 729 1728 785 dispersistis
1752 743 1934 785 gregem
1963 745 2133 786 meum,
2165 735 2210 775 et

371 789 567 844 ejecistis
593 803 686 844 eos,
717 794 761 831 et
790 804 876 831 non
904 789 1120 831 visitastis
1147 803 1244 844 eos3
1270 803 1371 832 ecee
1398 803 1480 844 ego
1502 789 1695 831 visitabo
1720 803 1850 845 super
1875 803 1952 832 vos
1986 790 2208 834 malitiam

370 849 616 891 studiorum
641 854 909 903 vestrorum,
933 848 997 890 ait
1025 849 1252 891 Dominus.
1276 848 1293 874 3
1315 848 1374 890 Et
1400 863 1480 903 ego
1505 848 1784 904 congregabo
1817 848 2026 904 reliquias
2059 849 2208 905 gregis

371 908 477 964 mei,
505 908 558 950 de
594 908 798 950 omnibus
827 907 953 950 terris
983 908 1038 950 ad
1071 922 1178 963 quas
1208 907 1380 963 ejecero
1411 921 1483 950 eos
1516 907 1649 963 illue,
1682 913 1726 950 et
1759 913 2016 951 convertam
2046 922 2119 952 eos
2151 909 2208 952 ad

368 982 468 1010 rura
494 981 593 1023 sua,
621 971 665 1010 et
690 972 889 1009 crescent
911 971 955 1010 et
979 967 1410 1023 multiplicabuntur.
1435 966 1452 993 4
1471 968 1528 1009 Et
1554 966 1780 1009 suscitabo
1806 981 1936 1023 super
1962 981 2034 1011 eos
2060 973 2209 1025 pasto-

368 1041 456 1082 res,
485 1031 529 1070 et
561 1031 746 1083 pascent
776 1040 872 1081 eos,
902 1040 991 1068 non
1024 1026 1335 1069 formidabunt
1366 1026 1502 1083 ultra,
1535 1031 1578 1070 et
1602 1040 1690 1069 non
1716 1027 1964 1084 pavebunt,
1991 1031 2036 1070 et
2060 1027 2209 1070 nullus

369 1090 589 1141 quaeretur
610 1100 666 1128 ex
687 1099 891 1141 numero,
920 1085 1029 1128 dicit
1051 1086 1281 1129 Dominus.

428 1145 445 1171 ⁵
465 1146 581 1188 Ecce
608 1144 700 1187 dies
719 1145 917 1200 veniunt,
945 1145 1055 1188 dicit
1078 1145 1308 1201 Dominus,
1329 1150 1373 1189 et
1395 1146 1618 1189 suscitabo
1640 1147 1787 1190 David
1809 1161 1992 1202 germen
2010 1146 2211 1203 justum3

369 1207 412 1247 et
436 1204 644 1260 regnabit
676 1218 774 1260 reX,
802 1209 846 1247 et
873 1204 1052 1260 sapiens
1085 1204 1187 1260 erit,
1216 1210 1258 1247 et
1283 1205 1424 1248 faciet
1448 1204 1670 1261 judicium
1696 1211 1739 1248 et
1764 1205 1985 1261 justitiam
2009 1206 2056 1248 in
2078 1211 2207 1249 terra.

369 1263 457 1306 6In
481 1263 636 1306 diebus
660 1263 751 1306 illis
781 1263 1029 1307 salvabitur
1059 1264 1087 1307 J
1092 1264 1199 1320 uda,
1232 1269 1275 1307 et
1305 1265 1444 1308 Israel
1470 1264 1696 1307 habitabit
1727 1265 2026 1317 confidenter;
2049 1270 2093 1309 et
2124 1265 2215 1308 hoc

368 1328 433 1366 est
463 1337 625 1366 nomen
660 1322 776 1378 quod
809 1322 1036 1366 vocabunt
1069 1337 1202 1367 eum:
1234 1323 1451 1366 Dominus
1490 1324 1646 1366 <Iustus
1679 1328 1841 1367 noster.
1870 1323 1884 1350 7
1909 1325 2092 1382 Propter
2125 1325 2226 1367 hoc¹

368 1397 470 1426 ecce
497 1382 591 1426 dies
612 1382 813 1439 veniunt,
839 1382 948 1425 dicit
974 1382 1205 1438 Dominus,
1226 1387 1271 1426 et
1292 1397 1379 1425 non
1403 1383 1554 1430 dicent
1576 1383 1692 1426 ultra
1710 1400 1718 1427 ε
1739 1383 1866 1426 Vivit
1893 1383 2112 1426 Dominus
2134 1382 2208 1439 qui

368 1442 524 1485 eduxit
551 1442 666 1484 filios
696 1442 835 1485 Israel
860 1441 913 1485 de
938 1446 1055 1486 terra
1081 1442 1292 1499 AEgypti,
1317 1442 1334 1468 8
1352 1442 1427 1485 sed
1451 1459 1459 1486 ε
1483 1443 1610 1485 Vivit
1633 1443 1852 1486 Dominus
1878 1443 1951 1498 qui
1978 1443 2133 1486 eduxit
2165 1446 2210 1486 et

367 1501 555 1544 adduxit
576 1516 726 1545 semen
746 1501 903 1544 domus
922 1502 1061 1544 Israel
1081 1502 1135 1545 de
1153 1508 1268 1544 terra
1287 1501 1528 1557 aquilonis,
1549 1507 1592 1544 et
1612 1502 1665 1545 de
1686 1502 1856 1545 cunctis
1880 1502 2006 1545 terris
2023 1502 2080 1545 ad
2101 1515 2226 1558 quas

369 1561 587 1616 ejeceram
615 1575 687 1603 eos
712 1560 840 1616 illuc,
871 1566 915 1603 et
940 1560 1210 1603 habitabunt
1232 1560 1277 1603 in
1301 1565 1415 1603 terra
1442 1575 1534 1604 sua.

774 1676 798 1733 ξ
832 1678 920 1720 ΠΙ.
955 1703 1014 1709 --
1046 1678 1380 1721 ἰίῖαῖεζῖὶσῑιηίιῃ·
1402 1679 1802 1735 pseudopropheice.

427 1786 528 1829 9Ad
556 1786 808 1842 prophetas.
837 1785 1083 1828 Contritum
1110 1792 1175 1829 est
1204 1801 1277 1829 cor
1300 1801 1447 1830 meum
1473 1787 1521 1828 in
1544 1787 1690 1829 medio
1716 1786 1824 1842 mei,
1848 1791 2217 1830 contremuerunt

369 1845 516 1888 onmia
544 1859 641 1887 ossa
663 1859 786 1897 mea,
820 1845 970 1887 factus
996 1860 1092 1887 sum
1120 1846 1241 1900 quasi
1266 1845 1334 1887 vir
1368 1846 1535 1901 ebrius,
1567 1852 1609 1888 et
1636 1846 1758 1901 quasi
1790 1846 1922 1888 homo
1950 1846 2158 1889 madidus
2182 1860 2208 1888 a

366 1904 492 1960 vino,
516 1919 542 1946 a
568 1904 687 1946 facie
716 1903 918 1959 Domini,
947 1908 990 1946 et
1015 1919 1041 1946 a
1066 1904 1185 1947 facie
1213 1905 1448 1948 verborum
1471 1910 1725 1948 sanctorum
1752 1905 1863 1960 ejus.
1892 1905 1928 1932 ¹0
1946 1905 2058 1956 Quia
2083 1904 2227 1948 adul-—

368 1964 470 2007 teris
501 1964 669 2020 repleta
703 1968 769 2007 est
802 1969 937 2018 terra,
973 1964 1075 2019 quia
1109 1979 1134 2006 a
1171 1964 1292 2007 facie
1326 1964 1654 2007 maledictionis
1688 1964 1803 2007 luxit
1835 1968 1972 2019 terra,
2005 1964 2211 2009 arefacta
2260 2014 2267 2019 .

367 2028 470 2066 sunt
490 2037 598 2065 arva
621 2022 784 2065 deserti
804 2038 812 2065 :
836 2023 987 2065 factus
1009 2028 1075 2066 est
1098 2037 1248 2066 cursus
1276 2038 1423 2067 eorum
1447 2023 1615 2077 malus3
1641 2028 1684 2066 ct
1706 2023 1924 2067 fortitudo
1947 2037 2099 2067 eorum
2120 2023 2208 2067 dis-

367 2082 539 2126 similis.
575 2082 607 2108 ¹¹
633 2082 856 2138 Propheta
893 2096 1085 2138 namque
1123 2088 1167 2125 et
1207 2082 1412 2125 sacerdos
1445 2083 1603 2139 polluti
1636 2088 1760 2139 sunt,
1795 2083 1913 2126 etin
1948 2083 2080 2127 domo
2109 2097 2211 2127 mea

367 2140 516 2184 inveni
544 2140 712 2184 malum
737 2155 907 2197 eorum,
935 2142 998 2183 ait
1025 2141 1256 2185 Dominus.
1282 2140 1317 2167 ¹2
1335 2142 1512 2185 Idcirco
1537 2142 1610 2185 via
1633 2157 1784 2185 eorum
1815 2142 1897 2186 erit
1923 2143 2048 2199 quasi
2071 2142 2227 2186 1111111--

367 2215 467 2244 cum
504 2200 550 2242 in
585 2200 810 2256 tenebris,
842 2200 1130 2257 impellentur
1167 2201 1308 2257 enim,
1348 2206 1392 2244 et
1425 2207 1630 2245 corruent
1668 2201 1715 2244 in
1753 2217 1827 2255 ca3
1868 2202 2057 2246 afferam
2090 2202 2209 2245 enim

365 2274 496 2316 super
524 2274 598 2303 eos
635 2260 773 2316 mala,
811 2275 978 2303 annum
1012 2260 1282 2304 visitationis
1315 2276 1486 2317 eorum,
1517 2261 1582 2304 ait
1612 2261 1843 2305 Dominus.
1878 2261 1914 2288 ¹3
1940 2262 2000 2304 Et
2031 2261 2077 2305 in
2110 2276 2208 2318 pro-

365 2319 512 2376 phetis
544 2319 758 2363 Samariae
783 2319 878 2363 vidi
912 2319 1201 2376 fatuitatem,
1237 2320 1566 2377 prophetabant
1598 2320 1644 2364 in
1678 2321 1810 2378 Baal,
1847 2326 1891 2364 et
1923 2320 2229 2378 decipiebant.

366 2379 578 2435 populum
606 2394 755 2423 meum
790 2379 943 2422 Israel.
972 2378 1008 2406 ¹4
1029 2380 1088 2423 Et
1116 2380 1164 2423 in
1200 2380 1428 2437 prophetis
1459 2380 1709 2424 Jerusalem
1743 2380 1835 2424 vidi
1866 2379 2209 2434 similitudinem

366 2437 737 2495 adulterantium,
772 2444 816 2482 et
846 2439 932 2482 iter
964 2439 1212 2494 mendacii,
1244 2444 1287 2483 et
1321 2441 1691 2483 confortaverunt
1725 2455 1882 2483 manus
1917 2439 2208 2497 pessimorum

366 2503 415 2540 ut
446 2513 535 2541 non
566 2503 895 2542 converteretur
920 2499 1221 2556 unusquisque
1248 2514 1274 2542 a
1300 2499 1475 2542 malitia
1503 2514 1611 2555 sua,
1639 2500 1753 2542 facti
1779 2504 1882 2542 sunt
1915 2498 2023 2541 mihi
2055 2512 2206 2542 omnes

366 2562 414 2599 ut
444 2558 654 2614 Sodoma,
684 2563 726 2601 et
759 2558 1034 2601 habitatores
1068 2559 1164 2614 ejus
1195 2559 1319 2615 quasi
1355 2559 1614 2603 Gomorrha.
1645 2559 1679 2586 ¹5
1702 2560 1942 2616 Propterea
1966 2559 2065 2602 haeo
2099 2557 2208 2601 dicit

367 2617 584 2660 Dominus
618 2618 894 2661 exercituum
925 2617 982 2660 ad
1012 2619 1252 2675 prophetas
1279 2636 1289 2663 ι
1328 2619 1445 2662 Ecce
1476 2632 1559 2675 ego
1590 2619 1749 2662 cibabo
1781 2633 1854 2662 eos
1883 2617 2128 2673 absinthio,
2164 2621 2210 2661 et

366 2676 530 2732 potabo
564 2691 637 2720 eos
669 2677 804 2732 felle,
833 2691 858 2718 a
888 2677 1115 2735 prophetis
1146 2677 1265 2720 enim
1296 2678 1547 2721 Jerusalem
1581 2691 1756 2734 egressa
1779 2683 1844 2720 est
1865 2677 2053 2734 pollutio
2078 2690 2209 2733 super

367 2749 544 2779 omnem
571 2742 747 2779 terram.

426 2794 462 2821 16
482 2796 595 2838 Haec
631 2796 740 2839 dicit
771 2797 988 2840 Dominus
1018 2798 1295 2842 exercituum
1322 2815 1331 2843 :
1363 2799 1513 2842 Nolite
1542 2799 1694 2842 audire
1728 2798 1864 2842 verba
1892 2797 2205 2854 prophetarum

368 2855 440 2910 qui
469 2855 738 2911 prophetant
763 2856 909 2911 vobis,
943 2862 985 2900 et
1019 2857 1248 2914 decipiunt
1279 2871 1383 2912 vos3
1418 2858 1636 2902 visionem
1671 2857 1813 2901 cordis
1848 2857 1915 2900 sui
1945 2856 2198 2912 loquuntur,

368 2928 454 2956 non
481 2913 535 2957 de
561 2928 632 2957 ore
659 2915 853 2959 Domini.
878 2915 912 2942 ¹⁷
933 2917 1100 2959 Dicunt
1121 2917 1190 2960 his
1221 2917 1295 2973 qui
1321 2917 1637 2974 blasphemant
1662 2931 1733 2960 me
1754 2933 1764 2962 :
1795 2918 1990 2960 Locutus
2020 2922 2086 2959 est
2117 2917 2204 2958 Do-

368 2972 515 3015 minus
536 2988 543 3015 :
570 2973 663 3015 Pax
687 2974 770 3016 erit
791 2975 943 3031 vobis,
967 2982 1010 3019 et
1038 2977 1156 3034 omni
1179 2977 1254 3032 qui
1283 2977 1488 3020 ambulat
1508 2977 1555 3020 iu
1581 2976 1802 3033 pravitate
1824 2974 1967 3018 cordis
1990 2975 2056 3017 sui
2083 2974 2206 3018 dixe-

367 3036 498 3074 runt:
526 3032 627 3074 Non
653 3032 802 3076 veniet
836 3048 965 3090 super
990 3050 1068 3078 vos
1101 3036 1283 3079 malum.
1314 3036 1349 3063 18
1368 3036 1473 3087 Quis
1507 3036 1625 3079 enim
1657 3035 1790 3078 affuit
1818 3034 1863 3077 in
1895 3034 2079 3077 consilio
2116 3035 2205 3078 Do-

369 3091 491 3147 mini,
515 3095 560 3135 et
585 3091 712 3146 vidit,
736 3097 780 3135 et
802 3093 976 3137 audivit
997 3109 1243 3139 sermonem
1269 3096 1399 3152 ejus?
1423 3098 1520 3152 quis
1543 3094 1842 3139 consideravit
1861 3093 2046 3137 verbum
2068 3093 2209 3149 illius,

369 3156 412 3193 et
431 3149 638 3193 audivit?
659 3149 694 3176 ’19
710 3151 825 3194 Ecce
851 3152 976 3196 turbo
999 3154 1249 3197 Dominicae
1272 3154 1594 3211 indignationis
1613 3153 1877 3210 egredietur,
1900 3159 1943 3196 et
1961 3158 2204 3209 tempestas

369 3223 601 3266 erumpens
627 3224 757 3266 super
779 3216 913 3267 caput
941 3212 1179 3268 impiorum
1211 3215 1373 3258 veniet.
1397 3213 1434 3242 2⁰
1451 3215 1553 3258 Non
1576 3218 1821 3257 revertetur
1845 3213 1969 3256 furor
1999 3211 2224 3268 Domini,

368 3283 504 3324 usque
541 3269 646 3312 dum
683 3269 824 3312 faciat
859 3276 903 3313 et
935 3286 1072 3327 usque
1107 3273 1213 3316 dum
1243 3275 1465 3331 compleat
1494 3272 1811 3328 cogitationem
1847 3272 1989 3315 cordis
2023 3271 2120 3325 su-i3
2156 3271 2204 3314 in

368 3328 620 3372 novissimis
644 3329 796 3372 diebus
818 3329 1082 3386 intelligetis
1109 3333 1343 3375 consilium
1365 3333 1474 3388 ejus.
1499 3331 1532 3358 2¹
1553 3332 1655 3375 Non
1681 3331 1915 3375 mittebam
1942 3331 2199 3388 prophetas,
2219 3372 2221 3374 .

368 3473 398 3506 1]
416 3473 469 3501 ΕΖ.
492 3476 599 3510 XIII,
617 3479 633 3503 3
651 3478 685 3504 et
710 3476 878 3511 XXXIV,
897 3480 922 3505 2.
947 3491 983 3496 —-
1008 3477 1038 3510 4]
1065 3477 1142 3508 Sur).
1172 3478 1243 3512 III,
1269 3480 1312 3505 15.
1341 3491 1378 3496 —
1405 3477 1435 3511 5]
1465 3478 1506 3505 Is.
1534 3477 1590 3511 IV,
1615 3479 1631 3503 2
1652 3479 1687 3504 ct
1714 3477 1791 3511 XL,
1821 3479 1852 3505 11
1879 3479 1913 3504 et
1948 3477 2054 3511 XLV,
2079 3480 2104 3506 8.
2134 3477 2225 3506 Ins..

368 3516 543 3553 XXXIII,
558 3522 600 3547 14.
620 3522 673 3548 ΕΖ.
692 3521 851 3556 XXXIV,
870 3523 912 3549 12.
930 3521 1009 3549 Dan.
1030 3521 1096 3555 IX,
1113 3523 1157 3548 24.
1176 3522 1272 3549 «Ιυηιι.
1296 3522 1321 3555 1,
1334 3523 1379 3549 45.
1393 3535 1428 3540 -
1445 3521 1474 3554 6]
1494 3521 1591 3548 Deut.
1612 3521 1780 3555 XXXIII,
1798 3523 1842 3549 28.
1857 3536 1892 3540 —
1905 3521 1934 3554 8]
1954 3522 2031 3554 sup.
2047 3521 2138 3556 XVI,
2158 3524 2223 3550 14..

368 3575 404 3580 -
417 3562 464 3595 15]
483 3564 559 3595 Suv.
579 3565 636 3599 IX,
655 3568 746 3593 15.——
763 3567 809 3599 16]
828 3566 893 3594 Ins.
914 3566 1087 3600 XXVII,9
1104 3568 1139 3593 et
1159 3565 1286 3600 XXIX,
1303 3568 1328 3593 s.
1345 3579 1381 3583 -
1395 3565 1442 3598 17]
1457 3564 1536 3596 Sul).
1552 3565 1590 3599 V,
1610 3567 1642 3592 12
1661 3568 1696 3592 et
1714 3565 1806 3600 XIV,
1825 3567 1868 3594 13.
1882 3579 1917 3584 -
1940 3565 1986 3599 19]
2007 3566 2071 3594 Ins.
2089 3565 2224 3600 XXX..

369 3607 414 3634 14,
436 3620 471 3625 -
489 3607 536 3640 21]
559 3607 570 3614 ⁷
591 3607 628 3635 *z
642 3608 793 3645 XXVII,
814 3612 846 3638 15
864 3612 899 3637 et
915 3609 1054 3645 XXIX,
1071 3611 1096 3637 9.
