2456 3861
170 548 355 577 Sabbatum
377 550 411 578 et

172 592 206 621 in
228 593 293 621 hoc
312 599 412 626 opere

185 637 397 665 servandum.

170 838 412 871 Exposcuntur

250 881 337 909 dona

190 926 391 955 voluntaria.

203 1313 379 1348 Sapientes

169 1358 318 1388 artifices
364 1367 412 1387 ar-

196 1406 387 1432 cessuntur.

183 2075 367 2104 Donarioru
373 2083 404 2103 m

235 2126 323 2153 popu
330 2119 349 2147 li

196 2163 390 2197 descriptio.

192 3031 341 3060 Beseleel
363 3034 397 3059 et

240 3075 358 3104 Ooliab

218 3119 378 3152 operibus

214 3162 378 3197 praefecti.

477 128 533 172 86
1158 129 1241 171 Ex.
1275 128 1464 183 xxxv,
1502 129 1633 172 1-35.

617 327 781 372 Samo
815 326 897 369 VI.
922 351 981 356 —
1013 324 1369 367 CONFICIUNTUR
1401 335 1551 368 OMNIA
1584 336 1646 367 AD
1679 336 1866 368 CULTUM
1900 338 2180 370 NECEssARIA

1071 424 1094 481 ξ
1130 424 1167 468 Ι.
1195 449 1254 456 -
1286 425 1468 467 Proevia
1501 425 1564 467 ad
1593 440 1713 481 opu-3.

537 529 643 573 CAP.
666 526 854 570 XXXV.
872 551 932 558 -
949 524 962 550 ¹
978 524 1123 580 Igitur
1142 528 1414 580 congregata
1436 524 1557 567 omni
1576 524 1706 567 turba
1727 525 1919 569 filiorum
1941 527 2100 583 Israel,
2121 528 2236 572 dixit
2255 531 2310 573 ad

477 601 549 631 eos
568 604 576 631 :
600 587 713 629 Haec
735 589 838 628 sunt
859 598 957 640 quae
979 582 1112 639 jussit
1136 582 1353 626 Dominus
1371 583 1464 626 fieri
1483 600 1491 627 ε
1510 582 1528 609 9
1542 584 1627 627 Sex
1645 583 1801 627 diebus
1822 584 2002 630 facietis
2025 600 2157 643 opus3
2177 590 2311 645 septi-

477 660 574 688 mus
592 645 685 688 dies
704 643 786 687 erit
806 643 932 686 vobis
949 647 1149 698 sanctus,
1170 641 1428 698 sabbatum,
1449 647 1493 685 et
1510 643 1681 698 requies
1701 643 1883 686 Domini
1900 661 1909 699 ;
1933 644 2007 700 qui
2025 645 2186 689 fecerit-
2204 661 2309 703 opus

476 704 522 747 in
548 718 618 760 eo,
643 702 879 747 occidetur.
902 702 920 729 3
937 702 1038 744 Non
1067 700 1345 744 succendetis
1373 701 1526 757 ignem
1554 701 1601 744 in
1628 701 1832 746 omnibus
1861 702 2132 747 habitaculis
2154 706 2314 750 vestris

476 777 553 820 per
577 763 697 806 diem
721 762 912 807 sabbati.

535 822 552 849 4
577 823 636 866 Et
656 822 721 865 ait
750 823 926 878 Moyses
955 822 1010 866 ad
1041 836 1218 866 omnem
1251 826 1478 866 catervam
1515 821 1706 864 filiorum
1742 821 1910 866 Israel:
1947 824 2038 866 Iste
2073 828 2139 866 est
2170 838 2314 867 sermo

476 897 607 939 quem
632 881 847 938 praecepit
875 881 1111 938 Dominus,
1136 881 1287 925 dicens
1310 898 1318 925 :
1341 881 1357 907 5
1381 883 1590 938 Separate
1611 881 1729 937 apud
1755 896 1833 924 vos
1860 882 2082 938 primitias
2105 883 2312 926 Domino.

477 941 633 986 Omnis
654 941 928 984 voluntarius
951 946 995 984 et
1018 955 1155 997 prono
1176 940 1326 983 animo
1353 940 1512 983 offerat
1541 955 1614 983 eas
1645 940 1837 983 Domino
1860 958 1868 985 :
1891 956 2047 984 aurum
2077 946 2121 985 et
2154 956 2310 998 argen-

475 1006 592 1057 tum,
616 1005 660 1044 et
691 1014 770 1057 aes,
797 1000 815 1027 ⁶
832 1000 1124 1057 hyacinthum
1154 1004 1198 1043 et
1225 1014 1487 1056 purpuram,
1520 1013 1787 1055 coccumque
1812 999 1880 1043 bis
1902 1000 2114 1057 tinctum,
2139 1006 2183 1044 et
2211 1001 2310 1058 bys-

476 1075 594 1116 sum,
617 1059 729 1117 pilos
763 1073 1016 1116 caprarum,
1040 1058 1054 1085 7
1074 1058 1298 1116 pellesque
1327 1058 1517 1102 arietum
1549 1057 1816 1115 rubricatas,
1845 1064 1889 1102 et
1913 1059 2160 1117 ianthinas,
2188 1060 2311 1116 ligna

476 1119 627 1176 setim,
646 1119 664 1146 ⁸
678 1124 722 1163 et
744 1119 888 1162 oleum
909 1119 966 1162 ad
989 1117 1227 1161 luminaria
1249 1116 1579 1172 concinnanda,
1600 1122 1644 1160 et
1665 1122 1714 1160 ut
1735 1118 1994 1161 conficiatur
2011 1124 2311 1176 unguentum,

477 1183 521 1222 et
545 1178 796 1235 thymiama
824 1177 1158 1233 suavissimum,
1187 1176 1204 1202 9
1222 1176 1393 1233 lapides
1422 1175 1685 1232 onychinos,
1717 1181 1760 1219 et
1789 1191 1990 1233 gemmas
2020 1177 2077 1220 ad
2107 1183 2311 1222 ornatum

476 1237 847 1295 superhumeralis
869 1242 913 1280 et
933 1237 1176 1280 rationalis.

537 1296 573 1323 ¹⁰
589 1296 794 1352 Quisquis
820 1301 1015 1340 vestrum
1040 1296 1217 1353 sapiens
1244 1301 1328 1353 est,
1352 1295 1524 1352 veniat,
1549 1300 1592 1339 et
1617 1295 1759 1339 faciat
1780 1297 1896 1352 quod
1929 1297 2147 1340 Dominus
2171 1297 2313 1355 impe-

476 1357 592 1399 ravit
625 1373 634 1401 ε
674 1355 706 1382 11
738 1355 1076 1400 tabernaculum
1112 1355 1308 1412 scilicet,
1348 1360 1391 1399 et
1427 1360 1596 1399 tectum
1634 1354 1754 1412 ejus,
1791 1361 1925 1411 atque
1962 1355 2309 1414 operimentum,

476 1415 684 1472 annulos,
708 1420 752 1459 et
776 1415 980 1458 tabulata
1005 1430 1106 1458 cum
1128 1415 1351 1471 vectibus,
1373 1414 1565 1472 paxillos
1592 1419 1635 1457 et
1661 1413 1813 1470 bases3
1842 1414 1874 1441 19
1895 1429 2046 1458 arcam
2072 1420 2116 1459 et
2140 1422 2311 1473 vectes,

476 1475 854 1532 propitiatorium,
886 1480 930 1518 et
961 1475 1111 1518 velum
1144 1474 1259 1531 quod
1300 1479 1404 1517 ante
1440 1473 1552 1517 illud
1590 1474 1887 1531 oppanditur3
1921 1474 1957 1501 ¹3
1977 1489 2178 1518 mensam
2212 1490 2314 1518 cum

476 1534 679 1578 vectibus
701 1539 745 1577 et
765 1534 903 1590 vasis,
927 1539 971 1578 et
999 1534 1311 1591 propositionis
1336 1533 1552 1590 panibus3
1582 1533 1617 1560 ¹4
1636 1533 1954 1577 candelabrum
1986 1534 2043 1577 ad
2073 1534 2313 1578 luminaria

476 1594 787 1650 sustentanda,
817 1608 925 1637 vasa
956 1593 1076 1636 illius
1114 1599 1158 1637 et
1194 1593 1416 1649 lucernas,
1452 1598 1495 1636 et
1528 1592 1675 1636 oleum
1711 1593 1767 1636 ad
1801 1593 2074 1637 nutrimenta
2105 1594 2308 1650 ignium;

477 1653 513 1680 ¹5
533 1654 673 1696 altare
694 1653 1024 1710 thymiamatis,
1053 1658 1096 1696 et
1121 1658 1291 1709 vectes,
1316 1657 1359 1696 et
1385 1652 1531 1696 oleum
1560 1652 1782 1695 unctionis
1805 1657 1848 1696 et
1869 1652 2118 1709 thymiama
2141 1667 2196 1696 ex
2216 1667 2311 1697 aro-

477 1713 695 1768 matibus3
719 1712 959 1756 tentorium
987 1713 1044 1756 ad
1078 1713 1239 1755 ostium
1264 1711 1566 1767 tabernaculi3
1592 1711 1628 1738 16
1645 1711 1786 1755 altare
1811 1712 2078 1768 holocausti,
2107 1717 2151 1755 et
2180 1713 2312 1755 crati-

477 1772 624 1815 culam
650 1772 747 1829 ejus
779 1786 949 1816 aeneam
983 1787 1083 1815 cum
1111 1771 1313 1815 vectibus
1347 1777 1391 1814 et
1423 1771 1540 1814 vasis
1569 1771 1683 1825 suis3
1719 1770 1893 1814 labrum
1927 1777 1970 1815 et
2006 1771 2151 1814 basim
2186 1771 2310 1828 ejus;

478 1831 511 1857 ¹⁷
531 1832 723 1875 cortinas
749 1832 850 1875 atrii
877 1846 978 1874 cum
1001 1832 1218 1875 columnis
1241 1835 1284 1874 et
1305 1830 1506 1886 basibus,
1530 1830 1771 1873 tentorium
1799 1830 1845 1872 in
1871 1830 2044 1873 foribus
2069 1831 2310 1886 vestibuli3

478 1891 513 1918 ¹⁸
530 1891 722 1947 paxillos
743 1891 1019 1934 tabernaculi
1046 1895 1089 1934 et
1110 1890 1211 1934 atrii
1247 1904 1348 1933 cum
1373 1889 1588 1932 funiculis
1613 1889 1728 1945 suis,
1753 1889 1789 1915 ¹9
1809 1890 2099 1946 vestimenta,
2126 1904 2310 1946 quorum

477 1965 579 1994 usus
601 1955 667 1994 est
686 1950 733 1993 in
756 1950 1001 1994 ministerio
1027 1949 1288 2006 sanctuarii,
1313 1954 1458 1992 vestes
1485 1949 1635 1991 Aaron
1656 1948 1879 2005 pontificis
1905 1963 1957 1992 ac
1978 1948 2170 1992 filiorum
2192 1949 2308 2006 ejus,

477 2015 526 2053 ut
547 2009 793 2053 sacerdotio
818 2010 1067 2066 fungantur
1088 2010 1211 2054 mihi.

537 2068 574 2096 90
603 2071 879 2126 Egressaque
917 2070 1059 2113 omnis
1093 2069 1332 2113 multitudo
1366 2069 1557 2112 filiorum
1594 2068 1734 2111 Israel
1772 2068 1826 2111 de
1865 2073 2103 2125 conspectu
2141 2069 2310 2125 Moysi,

478 2128 512 2155 91
537 2129 791 2172 obtulerunt
827 2135 975 2173 mente
1012 2128 1346 2186 promptissima
1382 2133 1514 2185 atque
1547 2127 1708 2171 devota
1745 2127 1966 2184 primitias
2001 2127 2217 2184 Domino,
2254 2127 2310 2170 ad

477 2188 737 2232 faciendum
764 2202 872 2245 opus
896 2188 1173 2232 tabernaculi
1196 2187 1454 2231 testimonii.
1481 2186 1704 2242 Quidquid
1730 2187 1787 2230 ad
1813 2187 1983 2229 cultum
2013 2191 2057 2229 et
2084 2186 2141 2229 ad
2166 2192 2314 2230 vestes

478 2254 654 2291 sanctas
676 2248 974 2291 necessarium
1001 2253 1113 2304 erat,
1141 2246 1177 2273 99
1194 2247 1278 2289 viri
1301 2261 1402 2290 cum
1428 2245 1688 2289 mulieribus
1718 2245 2023 2302 praebuerunt,
2046 2245 2245 2288 armillas
2267 2251 2312 2289 et

477 2307 672 2364 inaures,
691 2307 878 2350 annulos
901 2312 944 2350 et
969 2307 1214 2362 dextralia3
1243 2321 1372 2349 omne
1398 2321 1475 2349 vas
1501 2320 1683 2348 aureum
1708 2305 1755 2347 in
1777 2305 1960 2348 donaria
1984 2304 2165 2348 Domini
2186 2319 2313 2361 sepa-

477 2371 625 2409 ratum
646 2371 724 2411 est.
747 2365 784 2393 93
803 2367 846 2412 Si
880 2366 976 2423 quis
1006 2366 1201 2410 habebat
1231 2366 1542 2422 hyacinthum,
1571 2369 1614 2408 et
1646 2379 1905 2422 purpuram,
1941 2378 2209 2420 coccumque
2244 2363 2312 2406 bis

477 2425 688 2482 tinctum,
711 2426 893 2483 byssum
915 2431 959 2470 et
987 2425 1099 2483 pilos
1129 2440 1380 2482 caprarum,
1408 2425 1547 2481 pelles
1572 2424 1762 2467 arietum
1785 2423 2052 2479 rubricatas,
2076 2428 2120 2466 et
2147 2422 2313 2465 ianthi-

477 2500 580 2541 nas,
611 2484 648 2512 91
673 2485 847 2541 argenti
883 2485 1067 2541 aerisque
1105 2485 1289 2528 metalla
1323 2484 1576 2528 obtulerunt
1611 2483 1823 2538 Domino,
1858 2482 2067 2538 lignaque
2101 2481 2232 2525 setim
2263 2482 2311 2525 in

477 2544 622 2587 varios
651 2559 766 2588 usus,
790 2543 827 2572 95
845 2545 928 2589 Sed
959 2550 1002 2588 et
1035 2544 1240 2588 mulieres
1275 2544 1439 2599 doctae,
1475 2558 1573 2600 quae
1608 2547 1842 2597 neverant,
1878 2541 2094 2585 dederunt
2128 2541 2313 2597 hyacin-

477 2604 624 2660 thum,
651 2619 911 2660 purpuram,
935 2609 980 2647 et
1002 2603 1314 2660 vermiculum,
1337 2618 1389 2646 ac
1411 2603 1615 2660 byssum,
1634 2601 1672 2628 96
1690 2606 1733 2645 et
1749 2601 1862 2658 pilos
1880 2614 2136 2656 caprarum,
2155 2606 2315 2657 sponte

476 2663 653 2719 propria
672 2668 833 2707 cuncta
853 2663 1112 2708 tribuentes.
1141 2662 1175 2689 97
1196 2662 1424 2719 Principes
1446 2676 1550 2706 vero
1573 2661 1826 2705 obtulerunt
1851 2659 2023 2716 lapides
2046 2659 2311 2716 onychinos,

479 2727 522 2765 et
554 2737 754 2778 gemmas
786 2723 843 2766 ad
877 2723 1236 2780 superhumerale
1270 2727 1313 2765 et
1345 2721 1583 2777 rationale,
1614 2719 1650 2747 98
1675 2724 1960 2775 aromataque
1999 2723 2042 2762 et
2077 2719 2223 2762 oleum
2254 2718 2311 2762 ad

478 2780 716 2824 luminaria
741 2782 1070 2838 concinnanda,
1106 2787 1150 2825 et
1177 2781 1234 2825 ad
1268 2781 1612 2838 praeparandum
1645 2783 1941 2836 unguentum,
1976 2792 2028 2821 ac
2062 2777 2312 2834 thymiama

480 2840 623 2883 odoris
644 2841 896 2884 suavissimi
919 2841 1287 2898 componendum.
1311 2840 1348 2866 99
1366 2841 1530 2885 Omnes
1556 2839 1638 2882 viri
1669 2843 1713 2882 et
1742 2837 1947 2880 mulieres
1973 2841 2122 2880 mente
2151 2836 2312 2880 devota

481 2900 736 2943 obtulerunt
757 2901 960 2956 donaria,
994 2906 1043 2943 ut
1071 2900 1227 2944 fierent
1260 2914 1390 2956 opera
1423 2914 1522 2955 quae
1551 2898 1743 2955 jusserat
1773 2896 1991 2940 Dominus
2019 2910 2098 2953 per
2130 2910 2312 2938 manum

481 2959 638 3015 Moysi.
662 2959 819 3002 Cuncti
842 2959 921 3002 filii
945 2960 1084 3003 Israel
1104 2959 1355 3003 voluntaria
1379 2959 1571 3002 Domino
1593 2957 1923 3001 dedicaverunt.

540 3018 577 3045 30
596 3018 808 3074 Dixitque
833 3020 1009 3075 Moyses
1030 3019 1086 3062 ad
1112 3019 1226 3062 filios
1249 3018 1387 3062 Israel
1415 3035 1422 3063 :
1451 3019 1588 3073 Ecce,
1607 3015 1786 3059 vocavit
1814 3014 2031 3058 Dominus
2054 3029 2109 3058 ex
2133 3014 2315 3058 nomine

483 3077 680 3121 Beseleel
713 3077 855 3120 filium
885 3079 964 3122 Uri
995 3078 1074 3121 filii
1109 3079 1208 3121 Hur
1233 3078 1286 3122 de
1318 3077 1437 3121 tribu
1466 3076 1610 3131 Juda3
1639 3075 1673 3102 3¹
1695 3074 1987 3130 implevitque
2021 3088 2121 3117 eum
2153 3072 2312 3140 spiritu

483 3136 587 3192 Dei,
609 3136 830 3193 sapientia
855 3142 899 3180 et
915 3137 1236 3194 intelligentia,
1260 3142 1303 3180 et
1328 3136 1515 3180 scientia
1537 3140 1581 3179 et
1607 3133 1726 3178 omni
1751 3133 1972 3188 doctrina,
1996 3132 2033 3159 39
2055 3131 2112 3175 ad
2135 3145 2312 3187 excog1-

480 3196 689 3252 tandum,
715 3200 760 3238 et
788 3196 1047 3239 faciendum
1071 3211 1178 3253 opus
1206 3196 1252 3239 in
1281 3210 1387 3239 auro
1412 3200 1456 3239 et
1481 3199 1687 3251 argento,
1715 3198 1758 3236 et
1784 3207 1889 3247 aere,
1917 3192 1954 3219 33
1971 3189 2314 3247 sculpendisque
2365 3224 2368 3227 .

480 3254 724 3312 lapidibus,
748 3259 792 3298 et
814 3268 943 3310 opere
965 3256 1266 3312 carpentario;
1291 3254 1504 3311 quidquid
1529 3253 1658 3297 fabre
1681 3251 1930 3294 adinveniri
1952 3254 2118 3308 potest,
2138 3248 2174 3275 3⁴
2189 3248 2314 3292 dedit

480 3315 526 3358 in
553 3314 682 3358 corde
708 3313 830 3370 ejus3
860 3313 1016 3357 Ooliab
1042 3329 1213 3370 quoque
1234 3314 1375 3357 filium
1402 3311 1699 3357 Achisamech
1725 3310 1780 3354 de
1802 3310 1919 3353 tribu
1947 3311 2076 3364 Dan;
2103 3307 2140 3335 35
2157 3307 2315 3375 ambos

482 3373 673 3417 erudivit
693 3372 938 3429 sapientia,
962 3378 1010 3415 ut
1028 3373 1203 3416 faciant
1222 3387 1353 3429 opera
1370 3371 1596 3427 abietarii,
1620 3369 1914 3427 polymitarii,
1934 3383 1987 3412 ac
2008 3367 2237 3425 plumarii,
2257 3366 2313 3409 de

481 3432 723 3488 hyacintho
747 3446 799 3475 ac
821 3446 1031 3488 purpura,
1056 3445 1273 3487 coccoque
1294 3431 1362 3474 bis
1384 3431 1547 3486 tincto,
1573 3434 1617 3473 et
1641 3428 1793 3484 bySSO,
1818 3433 1861 3471 et
1882 3431 2038 3471 texant
2063 3425 2233 3481 omnia,
2260 3438 2314 3467 ac

482 3505 596 3534 nova
618 3505 802 3547 quaeque
826 3491 1063 3547 reperiant.

482 3637 513 3670 5]
528 3636 605 3668 Sul).
625 3636 729 3671 XXV,
743 3639 768 3664 2.
786 3650 822 3655 -—-
842 3636 890 3670 30]
909 3635 986 3667 Sup.
1006 3635 1138 3669 XXXI,
1156 3636 1182 3662 2.
