2456 3861
229 327 437 360 Exstirpatis>

245 373 357 400 cultus
378 377 412 400 et

222 417 431 444 sacerdotum

284 460 373 488 Baal.

261 1691 395 1724 Reliqui

257 1738 399 1763 eventus

223 1779 318 1812 regni
337 1779 437 1807 Jehu.

244 3163 427 3197 usurpatio

258 3207 411 3237 Athaliae.

512 148 598 191 360
1082 147 1145 188 1v
1184 147 1295 189 REG.
1330 146 1392 200 X,
1430 147 1485 189 18
1517 173 1576 179 -
1606 148 1696 201 XI,
1729 149 1770 191 3.

577 319 608 345 ¹8
634 316 936 372 Congregavit
968 330 1071 372 ergo
1106 317 1224 359 Jehu
1257 331 1433 360 omnem
1467 318 1698 374 populum,
1734 323 1777 362 et
1807 319 1921 362 dixit
1952 320 2009 363 ad
2042 336 2114 365 eos
2144 339 2153 367 :
2187 324 2346 367 Achab

514 377 651 420 coluit-
678 375 789 418 Baal
814 390 991 431 parum,
1020 389 1102 430 ego
1127 381 1277 418 autem
1301 376 1446 419 colam
1467 391 1569 420 eum
1594 376 1799 435 amplius.
1824 377 1860 404 19
1878 379 2008 422 Nunc
2034 380 2172 436 igitur
2196 396 2347 427 onmes

514 435 749 492 prophetas
785 434 916 490 Baal,
951 440 995 477 et
1027 433 1255 478 universos
1288 449 1435 478 servos
1469 436 1588 492 ejus,
1615 441 1660 480 et
1693 442 1876 481 cunctos
1903 438 2155 482 sacerdotes
2186 440 2346 498 ipsius,

513 499 669 537 vocate
702 493 760 536 ad
794 507 892 548 me3
928 493 1078 536 nullus
1111 493 1168 537 sit
1201 493 1276 550 qui
1307 509 1397 538 non
1429 495 1601 552 veniat,
1636 496 1903 540 sacrificium
1936 497 2056 540 enim
2089 499 2258 554 grande
2283 505 2350 545 est

512 553 621 595 mihi
671 551 812 607 Baal3
850 552 1115 609 quicumque
1155 553 1350 597 defuerit
1389 568 1477 597 non
1518 555 1653 598 vivet.
1697 556 1830 599 Porro
1873 556 1991 600 Jehu
2030 557 2232 601 faciebat
2266 558 2350 602 hoc

512 611 742 668 insidiose,
778 617 826 655 ut
858 612 1132 670 disperderet
1165 613 1356 657 cultores
1392 614 1516 658 Baal.
1550 613 1588 641 90
1613 616 1671 658 Et
1708 614 1822 658 dixit
1865 632 1874 660 ε
1911 615 2199 661 Sanctificate
2232 617 2351 661 diem

511 671 755 715 solemnem
789 671 913 715 Baal.
944 672 1244 729 Vocavitque,
1272 671 1370 716 9161
1395 673 1518 716 misit
1538 673 1585 716 in
1613 673 1842 718 universos
1872 675 2085 719 terminos
2111 676 2273 733 Israel,
2307 681 2353 720 et

511 735 729 774 venerunt
762 731 911 773 cuncti
946 730 1062 774 servi
1096 732 1235 787 Baal;
1260 747 1348 775 non
1374 733 1464 776 fuit
1488 733 1692 777 residuus
1724 748 1780 777 ne
1813 749 1925 777 unus
1951 734 2131 791 quidem
2163 735 2240 791 qui
2263 750 2349 779 non

511 790 696 833 veniret.
737 791 795 833 Et
830 790 1018 846 ingressi
1055 797 1157 835 sunt
1191 792 1409 849 templum
1444 793 1574 849 Baal,
1615 798 1657 836 et
1689 793 1859 849 replet-a
1892 798 1959 837 est
1991 794 2147 837 domus
2183 795 2294 838 Baal
2325 809 2353 838 a

512 863 684 892 summo
709 864 848 906 usque
873 850 930 893 ad
952 865 1188 894 summum.
1216 850 1252 877 99
1275 851 1489 908 Dixitque
1515 852 1584 895 his
1611 853 1684 909 qui
1717 858 1842 896 erant
1871 867 2001 910 super
2029 858 2176 897 vestes
2207 870 2218 898 ε
2249 854 2352 897 Pro-

512 909 628 953 ferte
658 908 925 953 vestimenta
959 910 1177 954 universis
1208 911 1346 954 servis
1381 912 1506 956 Baal.
1541 914 1599 955 Et
1631 912 1911 969 protulerunt
1942 912 2005 956 eis
2039 918 2197 956 vestes.
2224 911 2261 939 93
2278 913 2353 955 In-

512 983 773 1025 gressusque
796 970 824 1012 J
829 969 927 1025 ehu,
955 974 998 1013 et
1024 970 1051 1013 J
1057 970 1245 1027 onadab,
1269 971 1386 1014 filius
1411 971 1606 1027 Rechab,
1630 972 1849 1029 templum
1877 972 2001 1032 Baal,
2023 972 2088 1015 ait
2111 971 2353 1015 cultoribus

515 1028 625 1071 Baal
648 1045 657 1072 z
684 1028 952 1084 Perquirite,
991 1034 1034 1072 et
1066 1029 1234 1086 videte,
1270 1045 1325 1074 ne
1358 1030 1455 1086 quis
1491 1031 1609 1074 forte
1645 1031 1877 1074 vobiscum
1914 1031 1972 1074 sit
2001 1031 2056 1075 de
2092 1031 2231 1074 servis
2266 1032 2353 1074 Do-

513 1087 644 1143 mini,
679 1088 755 1131 sed
792 1093 840 1130 ut
872 1088 961 1131 sint
998 1088 1112 1132 servi
1160 1089 1271 1132 Baal
1307 1089 1403 1133 8011.
1442 1088 1479 1116 94
1504 1090 1702 1146 Ingressi
1743 1095 1846 1133 sunt
1885 1090 2024 1146 igitur
2064 1095 2112 1133 ut
2151 1090 2355 1134 facerent

512 1147 719 1190 victimas
753 1152 796 1191 et
829 1147 1100 1191 holocausta.
1136 1149 1163 1191 J
1169 1149 1253 1192 ehu
1285 1154 1436 1192 autem
1476 1155 1806 1206 praeparaverat
1847 1149 1931 1193 sibi
1973 1149 2083 1193 foris
2125 1150 2354 1206 octoginta

512 1206 650 1258 viros,
693 1211 735 1250 et
776 1206 950 1250 dixerat
983 1207 1045 1250 eis
1081 1224 1089 1251 z
1124 1208 1401 1265 Quicumque
1422 1209 1593 1265 fugerit
1628 1209 1681 1253 de
1716 1209 1972 1252 hominibus
2005 1209 2095 1265 his,
2130 1223 2239 1264 quos
2271 1222 2354 1265 ego

512 1265 738 1308 adduxero
762 1265 807 1308 in
835 1281 993 1309 manus
1015 1272 1204 1324 vestras,
1231 1268 1382 1310 anima
1408 1268 1505 1324 ejus
1539 1268 1622 1311 erit
1654 1283 1732 1325 pro
1765 1268 1916 1311 anima
1948 1267 2082 1311 illius.
2110 1266 2146 1294 95
2165 1268 2354 1312 Factum

513 1329 578 1368 est
612 1330 782 1382 autem,
819 1340 920 1369 cum
957 1326 1229 1383 completum
1264 1333 1378 1371 esset
1414 1328 1745 1385 holocaustum,
1787 1327 2000 1385 praecepit
2040 1327 2158 1371 Jehu
2200 1327 2354 1370 militi-

513 1384 594 1426 bus
627 1388 671 1427 et
700 1384 887 1428 ducibus
920 1385 1010 1429 suis
1043 1402 1051 1430 2
1085 1386 1402 1444 Ingredimini,
1439 1392 1482 1431 et
1506 1387 1725 1444 percutite
1750 1402 1843 1444 eos,
1874 1387 2023 1430 nullus
2048 1387 2224 1430 evadat.
2251 1387 2353 1430 Per—

514 1450 831 1500 cusseruntque
857 1459 930 1488 eos
951 1445 998 1487 in
1025 1460 1097 1489 ore
1122 1446 1283 1502 gladii,
1312 1451 1355 1489 et
1381 1447 1665 1503 projecerunt
1690 1447 1855 1491 milites
1881 1452 1925 1491 et
1951 1446 2098 1492 duceS.
2128 1447 2186 1489 Et
2210 1445 2355 1490 ierunt

513 1503 556 1545 in
585 1502 816 1547 civitatem
852 1505 1009 1561 templi
1045 1505 1168 1549 Baal.
1209 1504 1245 1532 96
1270 1506 1332 1549 Et
1369 1506 1646 1563 protulerunt
1682 1511 1878 1550 statuam
1917 1506 1970 1550 de
2002 1506 2111 1549 fano
2147 1505 2279 1561 Baal,
2311 1510 2356 1550 et

514 1561 871 1619 combusserunt,
910 1563 945 1589 97
976 1568 1021 1607 et
1061 1564 1418 1608 comminuerunt
1465 1580 1576 1609 eam.
1621 1567 1945 1610 Destruxerunt
1993 1579 2166 1622 quoque
2213 1565 2356 1609 aedem

515 1621 650 1677 Baal,
678 1626 723 1665 et
744 1623 950 1666 fecerunt
975 1638 1052 1680 pro
1079 1638 1130 1666 ea
1152 1624 1337 1667 latrinas
1371 1625 1575 1681 usquein
1603 1626 1720 1669 diem
1746 1626 1874 1669 hanc.

574 1679 610 1707 98
630 1681 808 1725 Delevit
840 1682 990 1738 itaque
1016 1684 1044 1726 J
1049 1683 1134 1726 ehu
1169 1684 1280 1726 Baal
1314 1684 1368 1727 de
1402 1685 1571 1739 Israel,
1599 1684 1635 1710 99
1654 1691 1963 1728 verumtamen
1989 1700 2015 1727 a
2046 1685 2245 1742 peccatis
2279 1685 2354 1728 Je-

514 1741 709 1797 roboam,
737 1741 817 1784 filii
845 1742 1007 1798 Nabat,
1035 1742 1108 1798 qui
1141 1757 1326 1799 peccare
1350 1744 1462 1787 fecit
1487 1744 1640 1799 Israel,
1668 1759 1755 1788 non
1781 1744 1976 1800 recessit,
2003 1758 2085 1788 nec
2119 1743 2356 1800 dereliquit

515 1800 678 1843 vitulos
710 1815 886 1856 aureos,
922 1802 995 1857 qui
1030 1807 1155 1845 erant
1186 1802 1232 1844 in
1268 1803 1426 1846 Bethel
1452 1808 1496 1846 et
1527 1803 1571 1845 in
1609 1805 1722 1847 Dan.
1750 1803 1787 1830 30
1806 1803 1934 1847 Dixit
1958 1809 2109 1847 autem
2137 1803 2354 1847 Dominus

515 1859 572 1902 ad
605 1860 723 1903 Jehu
757 1877 764 1904 :
799 1860 910 1910 Quia
944 1861 1139 1904 studiose
1172 1861 1301 1917 egisti
1336 1862 1452 1917 quod
1485 1868 1656 1905 rectum
1692 1868 1785 1906 erat
1819 1869 1862 1906 et
1894 1863 2102 1920 placebat
2133 1862 2180 1905 in
2216 1862 2354 1906 oculis

516 1919 647 1974 meis,
683 1924 725 1962 et
759 1919 907 1962 omnia
934 1934 1033 1975 quae
1060 1925 1185 1963 erant
1216 1920 1263 1963 in
1297 1921 1428 1964 corde
1462 1935 1559 1965 meo
1591 1922 1743 1965 fecisti
1777 1927 1932 1965 contra
1965 1922 2146 1965 domum
2172 1921 2352 1978 Achab,

516 1978 596 2020 filii
623 1978 687 2020 tui
715 1993 852 2034 usque
877 1979 933 2021 ad
960 1985 1165 2034 quartam
1190 1980 1523 2035 generationem
1557 1981 1776 2024 sedebunt
1808 1995 1939 2038 super
1964 1981 2174 2024 thronum
2199 1981 2353 2024 Israel.

516 2037 549 2063 3¹
578 2038 712 2080 Porro
747 2038 864 2080 Jehu
898 2052 987 2081 non
1021 2038 1264 2082 custodivit
1297 2044 1345 2082 ut
1376 2039 1627 2083 ambularet
1659 2040 1706 2083 in
1739 2040 1838 2096 lege
1873 2040 2055 2083 Domini
2094 2040 2177 2084 Dei
2214 2039 2355 2083 Israel

515 2096 560 2139 in
598 2101 690 2139 toto
732 2097 862 2140 corde
901 2112 1004 2153 8110,
1043 2112 1132 2141 11011
1169 2098 1288 2141 6111111
1323 2099 1504 2142 recessit
1540 2114 1566 2142 a
1602 2099 1799 2156 peccatis
1840 2099 2101 2156 Jeroboam,
2139 2099 2214 2155 qui
2255 2114 2355 2157 pec-

517 2170 616 2199 care
657 2157 827 2199 fecerat
875 2157 1027 2200 Israel.
1073 2156 1110 2183 39
1142 2158 1197 2200 111
1245 2158 1401 2201 diebus
1445 2158 1536 2201 illis
1581 2159 1719 2216 coepit
1766 2159 1984 2203 Dominus
2020 2159 2186 2202 taedere
2225 2173 2357 2216 super

516 2215 684 2270 Israe13
729 2216 1031 2272 percussitque
1064 2231 1136 2260 eos
1176 2217 1347 2260 Hazael
1379 2217 1427 2260 in
1459 2218 1677 2262 universis
1718 2219 1881 2262 finibus
1922 2218 2083 2274 Israel,
2122 2218 2160 2245 33
2186 2233 2214 2261 a
2253 2219 2353 2261 Jor-

517 2274 632 2318 dane
655 2280 808 2318 contra
827 2275 1086 2320 orientalem
1104 2275 1298 2333 plagam,
1328 2291 1503 2321 omnem
1529 2282 1692 2321 terram
1719 2278 1905 2334 Galaad,
1927 2284 1970 2322 et
1988 2278 2101 2334 Gad,
2122 2282 2165 2322 et
2185 2277 2354 2333 Ruben,

517 2339 560 2377 et
594 2335 819 2391 Manasse,
855 2334 911 2377 ab
953 2335 1104 2391 Aroer,
1146 2350 1242 2391 quae
1282 2341 1348 2379 est
1381 2350 1510 2393 super
1543 2342 1784 2381 torrentem
1810 2338 1985 2393 Arnon,
2021 2342 2064 2381 et
2091 2336 2285 2393 Galaad,
2312 2342 2356 2380 et

518 2394 679 2437 Basan.

575 2452 611 2478 34
639 2452 825 2508 Reliqua
859 2458 1009 2497 autem
1043 2453 1279 2497 verborum
1305 2456 1333 2498 J
1338 2455 1443 2512 ehu,
1479 2456 1762 2500 et‘universa
1787 2471 1885 2512 quae
1911 2457 2042 2513 fecit,
2070 2461 2114 2500 et
2138 2455 2356 2500 fortitudo

517 2511 635 2567 ejus,
662 2526 807 2555 nonne
832 2513 930 2556 haec
963 2513 1128 2569 scripta
1161 2519 1264 2557 sunt
1288 2514 1335 2556 in
1362 2515 1496 2558 Libro
1523 2516 1757 2558 verborum
1784 2516 1955 2559 dierum
1987 2530 2142 2572 regum
2177 2514 2355 2558 Israel?

517 2571 553 2597 35
574 2572 629 2613 Et
656 2571 866 2614 dormivit
891 2573 919 2615 J
924 2573 1009 2615 ehu
1036 2587 1137 2615 cum
1162 2573 1363 2630 patribus
1397 2574 1508 2630 suis,
1543 2575 1898 2631 sepelieruntque
1924 2589 2026 2618 eum
2050 2575 2098 2617 in
2124 2574 2352 2629 Samaria;

517 2635 560 2673 et
591 2631 796 2686 regnavit
829 2631 1047 2687 Joachaz,
1083 2632 1200 2676 filius
1234 2633 1353 2689 6]’118,
1388 2648 1465 2690 pro
1507 2648 1571 2677 eo.
1616 2634 1652 2660 3⁶
1680 2634 1785 2677 Dies
1818 2639 1968 2678 autem
2002 2647 2110 2690 quos
2151 2633 2356 2690 regnavit

517 2689 633 2732 Jehu
659 2704 788 2746 super
813 2690 973 2747 Israel,
1001 2691 1161 2746 viginti
1189 2697 1233 2735 et
1259 2698 1358 2735 octo
1382 2692 1488 2735 anni
1516 2698 1640 2749 sunt,
1665 2693 1713 2736 in
1739 2693 1951 2737 Samaria.

620 2832 783 2875 Sncrlo
819 2833 899 2876 IV.
925 2860 986 2865 —
1017 2834 1086 2875 AB
1120 2846 1446 2878 USURPArioNE
1479 2836 1708 2878 ATHALIAE
1743 2847 1891 2883 usquc
1926 2848 1987 2878 An
2021 2848 2252 2879 Excrnimr

1263 2914 1404 2945 REGNl
1440 2903 1608 2945 ISRAEL

889 3032 911 3084 ξ
937 3031 972 3074 Ι.
998 3057 1058 3063 -
1081 3031 1277 3074 Athalia
1302 3038 1343 3075 et
1364 3032 1477 3075 Joas
1503 3047 1634 3089 super
1658 3033 1819 3075 solium
1840 3033 1981 3076 Juda.

578 3151 686 3194 CAR
722 3150 802 3193 XI.
837 3177 896 3184 --
934 3151 1150 3196 'Athalia
1183 3167 1306 3210 vero,
1342 3159 1483 3198 mater
1518 3154 1744 3210 Ochoziae,
1780 3154 1938 3199 videns
1964 3155 2357 3200 mortuumfilium
2406 3182 2408 3187 ·

519 3223 661 3265 suurn,
681 3209 882 3265 surrexit,
904 3216 947 3253 et
964 3211 1194 3255 interfecit
1213 3227 1341 3256 omne
1367 3228 1517 3257 semen
1543 3213 1728 3269 regium.
1756 3213 1773 3239 9
1791 3214 1970 3257 Tollens
1997 3219 2148 3257 autem
2175 3215 2203 3257 J
2208 3213 2355 3270 osaba‚

520 3267 615 3311 filia
637 3267 755 3323 regis
781 3268 807 3310 0]
813 3283 957 3324 oram,
983 3285 1102 3313 soror
1129 3271 1357 3328 Ochoziae,
1385 3273 1512 3329 Joas,
1540 3272 1682 3315 filium
1718 3273 1944 3329 Ochoziae,
1972 3273 2125 3316 furata
2157 3278 2224 3317 est
2257 3287 2358 3316 eum

521 3327 575 3370 de
607 3326 754 3370 medio
788 3326 976 3370 filiorum
1011 3330 1127 3385 regis
1161 3331 1234 3386 qui
1266 3331 1662 3386 interficiebantur,
1697 3336 1741 3374 et
1774 3332 1991 3375 nutricem
2017 3332 2114 3389 ejus
2141 3332 2196 3376 de
2220 3331 2357 3374 tricli-

520 3386 623 3441 nio3
651 3391 694 3429 et
718 3385 953 3429 abscondit
978 3401 1077 3430 eum
1104 3404 1129 3431 a
1154 3389 1274 3433 facie
1299 3390 1518 3446 Athaliae,
1553 3396 1600 3433 ut
1632 3405 1720 3433 non
1753 3390 2088 3435 interficeretur.
2120 3391 2138 3418 3
2164 3392 2357 3447 Eratque
2398 3387 2399 3390 ’
2433 3425 2438 3434 ,

521 3459 623 3487 cum
655 3459 706 3489 ea
739 3458 817 3488 sex
849 3445 978 3488 annis
1013 3446 1128 3489 clam
1160 3448 1207 3490 in
1233 3448 1363 3492 domo
1391 3449 1602 3504 Domini;
1630 3463 1757 3505 porro
1783 3449 1968 3492 Athalia
1996 3449 2203 3506 regnavit
2228 3463 2358 3506 super
2401 3462 2404 3465 ·
2446 3468 2452 3476 ·

521 3508 695 3547 terram.

522 3664 570 3697 18]
590 3664 642 3691 111
663 3664 745 3697 Reg.
765 3665 856 3698 XVI,
873 3667 918 3692 31.
937 3678 972 3684 -
990 3664 1038 3697 30]
1060 3663 1124 3691 Ins.
1143 3664 1215 3699 XV,
1234 3664 1278 3691 12.
1296 3678 1332 3683 —
1351 3666 1378 3698 1]
1399 3666 1432 3692 11
1452 3665 1525 3694 Par.
1545 3666 1660 3698 XXII,
1686 3669 1727 3694 10.

2407 3483 2431 3538 <r
2450 3532 2451 3536 Ν
