2423 3861
756 101 844 144 Joss
877 82 1092 156 ΧΧΧΙν,
1129 101 1260 143 6-30.
1839 94 1925 144 537

288 271 306 299 ὓ
324 274 378 316 Ιο
399 272 643 329 judicando
669 271 787 315 enim
814 286 884 315 me
909 271 1191 315 mendacium
1215 276 1300 325 est,

389 331 585 375 violenta
609 331 775 386 sagitta
797 345 894 374 mea
916 331 1082 386 absque
1107 328 1197 374 ullo
1223 334 1421 388 peccato,

290 389 305 416 7
324 390 428 441 Quis
454 396 520 434 est
549 390 613 433 vir
639 397 686 433 ut
710 395 776 433 est
801 390 910 441 Job,

388 450 462 506 qui
489 450 606 492 bibit
625 449 1019 493 subsannationem
1043 449 1167 504 quasi
1193 447 1391 504 aquam?

289 508 306 535 3
324 508 404 559 Qui
427 508 631 564 graditur
652 522 751 551 cum
775 508 1060 565 operantibus
1082 507 1386 563 iniquitatem,

389 574 432 611 et
457 568 660 611 ambulat
682 581 782 610 cum
805 567 911 617 viris
935 565 1119 622 impiis?

289 626 306 652 9
326 627 452 669 Dixit
477 627 596 670 enim
616 644 625 671 :
653 627 753 669 Non
776 625 971 682 placebit
992 625 1059 667 vir
1082 625 1195 680 Deo,

389 686 525 729 etiam
550 686 587 728 si
614 685 853 729 cucurrerit
875 697 975 726 cum
1001 697 1064 727 eo.

274 743 306 771 ¹⁰
324 745 452 801 Ideo,
478 745 561 787 viri
589 743 778 799 cordati,
801 743 953 786 audite
975 756 1045 786 me
1065 757 1075 786 :
2024 743 2096 799 11οη
2119 749 2193 771 esse

388 804 520 847 Absit
545 818 571 846 a
597 804 688 846 Deo
711 802 938 858 impietas,
2003 791 2221 861 ,ζὲὲζζῖᾟζξῆ

389 869 432 906 et
452 863 508 905 ab
533 862 849 918 omnipotente
872 861 1107 916 iniquitas!
2006 883 2208 911 argumenta

270 921 302 947 ¹¹
324 923 443 979 Opus
466 921 585 964 enim
609 921 802 964 hominis
824 920 980 963 reddet
1004 920 1066 976 ei,
2032 924 2186 956 probant.

388 986 431 1024 et
455 980 585 1037 J'uxta
611 980 707 1023 vias
733 980 1010 1036 singulorum
1033 980 1238 1024 restituet
1259 980 1335 1024 eis.

272 1040 306 1067 ¹2
324 1041 438 1083 Vere
461 1040 582 1083 enim
605 1040 726 1084 Deus
750 1053 839 1082 non
862 1039 1180 1083 condemnabit
1201 1040 1387 1095 frustra,

388 1114 468 1143 nec
493 1099 785 1157 Omnipotens
810 1098 1040 1142 subvertet
1058 1099 1293 1156 judicium.

271 1159 307 1185 1³
324 1159 465 1210 Quem
491 1158 723 1202 constituit
743 1159 882 1202 alium
903 1172 1035 1214 super
1055 1163 1216 1202 terram
1229 1157 1250 1200 ἵ)

388 1223 467 1261 aut
492 1233 623 1274 quem
648 1218 796 1275 posuit
819 1232 950 1275 super
976 1218 1126 1261 orbem
1153 1232 1283 1273 quem
1305 1217 1553 1261 fabricatus
1575 1222 1641 1261 est
1656 1217 1677 1260 ⁶?

272 1278 306 1304 ¹³¹
325 1278 368 1323 Si
393 1278 604 1321 direxerit
627 1278 684 1320 ad
711 1292 813 1321 eum
840 1291 914 1320 cor
937 1291 1086 1332 suum,

389 1337 597 1393 spiritum
621 1337 742 1380 illius
767 1342 812 1380 et
832 1337 988 1379 flatum
1009 1336 1065 1379 ad
1091 1350 1138 1379 se
1163 1337 1322 1379 trahet.

273 1396 308 1422 ‘⁵¹
329 1396 516 1440 Deficiet
542 1397 687 1439 omnis
708 1411 809 1439 caro
831 1396 985 1449 simul,

390 1461 434 1499 et
458 1456 625 1498 homo
614 1471 661 1498 111
687 1456 880 1498 cinerem
901 1460 1157 1498 rever-tenu

273 1515 308 1542 1⁶
323 1515 370 1559 Si
395 1515 532 1557 habes
555 1529 658 1570 ergo
684 1514 985 1569 intellectum,
1006 1513 1112 1556 audi
1138 1513 1255 1569 quod
1281 1513 1455 1570 dicitur,

391 1579 434 1617 et
458 1574 662 1616 ausculta
683 1587 839 1617 vocem
862 1573 1024 1629 eloquii
1051 1572 1152 1616 mei.

240 1642 243 1645 '
272 1632 307 1658 ¹⁷
325 1632 553 1689 Numquid
576 1632 651 1689 qui
673 1647 762 1677 non
787 1638 911 1676 amat
931 1631 1173 1700 judicium,
1197 1631 1345 1675 sanari
1369 1631 1545 1689 potest?

388 1698 432 1735 et
454 1692 673 1748 quomodo
699 1697 748 1735 tu
773 1706 874 1736 eum
899 1692 974 1748 qui
996 1691 1141 1747 J‘ustus
1163 1697 1229 1735 est
1251 1690 1296 1734 in
1318 1696 1495 1734 tantum
1518 1691 1818 1735 condemnas?

272 1750 308 1777 18
326 1751 409 1801 Qui
435 1751 545 1794 dicit
569 1752 664 1807 regi
687 1768 696 1796 z
718 1754 963 1808 Apostata3

391 1810 465 1866 qui
487 1816 619 1854 vocat
644 1811 777 1854 duces
800 1811 986 1868 impios3

272 1868 308 1895 19
325 1870 400 1925 qui
422 1885 510 1914 non
532 1870 697 1927 accipit
723 1885 933 1928 personas
958 1871 1236 1928 principum,

390 1943 472 1973 nec
494 1930 704 1986 cognovit
725 1936 986 1997 tyrannum,
1006 1945 1109 1974 cum
1130 1930 1399 1986 disceptaret
1421 1933 1575 1972 contra
1595 1943 1860 1986 paupelem3

391 2003 501 2045 opus
526 1989 644 2032 enim
670 2004 883 2032 manuum
910 1989 1006 2046 ejus
1031 1994 1135 2033 sunt
1160 1987 1369 2032 universi.

271 2047 308 2074 ‘20
327 2048 481 2091 Subito
506 2049 762 2105 morientui,
787 2054 831 2092 et
853 2049 901 2092 in
926 2049 1074 2092 media
1095 2054 1248 2098 nocte,

391 2107 688 2150 turbabuntur
708 2108 882 2165 populi,
906 2113 950 2152 et
975 2107 1329 2164 pertransibunt,

391 2172 434 2209 et
455 2167 663 2209 auferent
684 2143 932 2210 violentiim
953 2168 1121 2223 absque
1141 2182 1290 2211 manu.

275 2224 307 2251 ²¹
330 2226 459 2269 Oculi
485 2226 606 2269 001111
627 2226 724 2289 eJ'us
746 2240 876 2283 super
897 2226 991 2269 vias
1017 2226 1271 2282 hominum,

391 2290 434 2328 et
460 2299 612 2329 omnes
637 2299 813 2341 gressus
840 2299 991 2328 eorum
1018 2285 1282 2330 considerat.

273 2343 309 2370 ²2
327 2346 427 2388 Non
453 2349 555 2386 sunt
576 2344 795 2400 tenebrae,
823 2350 868 2387 et
888 2359 976 2387 non
999 2350 1065 2388 est
1087 2345 1245 2387 umbra
1270 2345 1445 2401 mortis,

391 2409 440 2446 ut
462 2404 794 2447 abscondantur
814 2403 877 2446 ibi
905 2404 980 2459 qui
1005 2409 1243 2460 operantur
1265 2403 1563 2459 iniquitatem.

273 2462 310 2489 23
326 2463 480 2520 Neque
501 2463 621 2506 enim
639 2464 755 2506 ultra
781 2463 826 2505 in
849 2462 1041 2506 hominis
1063 2467 1283 2519 potestate
1309 2468 1399 2518 est,

391 2528 440 2565 ut
461 2522 613 2566 veniat
633 2523 690 2566 ad
719 2523 863 2565 Deum
884 2523 932 2565 in
956 2521 1187 2578 judicium.

273 2580 308 2607 ‘²4
326 2583 533 2626 Conteret
555 2582 738 2638 multos,
766 2587 810 2625 et
835 2580 1196 2637 innumerabiles,

392 2647 435 2685 et
455 2647 572 2684 stare
598 2641 740 2684 faciet
763 2640 875 2683 alios
901 2655 978 2697 pro
1002 2640 1078 2683 eis.

274 2699 309 2727 2⁵
331 2701 470 2745 Novit
494 2701 614 2745 enim
639 2715 770 2757 opera
798 2714 970 2755 eorum,

390 2765 434 2804 et
457 2760 624 2804 idcirco
639 2760 831 2803 inducet
852 2758 1050 2815 noctem,
1074 2765 1118 2802 et
1140 2764 1434 2804 conterentur.

273 2818 309 2846 ²⁶
326 2819 461 2871 Quasi
484 2819 646 2876 impios
668 2819 886 2876 percussit
906 2832 1001 2875 eos,

390 2879 436 2922 in
459 2879 557 2921 1000
578 2878 854 2933 videntium,

274 2936 309 2963 27
328 2932 411 2989 Qui
439 2938 564 2994 quasi
587 2937 642 2981 de
666 2915 887 2981 industria
910 2941 1185 2982 recesserunt
1205 2937 1262 2980 ab
1289 2952 1359 2994 eo,
1389 2933 1393 2937 ⁴

392 3003 435 3041 et
461 3011 612 3040 omnes
639 2997 733 3039 vias
760 2997 856 3052 eJ'us
880 2997 1129 3052 intelligere
1155 2997 1415 3053 noluerunt3

274 3054 310 3082 ‘²8
327 3061 376 3099 ut
400 3056 629 3113 pervenile
650 3057 853 3100 facerent
878 3057 935 3099 ad
962 3070 1064 3099 eum
1090 3055 1327 3099 clamorem
1350 3056 1499 3113 egeni,

391 3121 435 3159 et
455 3115 584 3158 audn
587 3121 630 3159 et
652 3131 680 3157 1
684 3130 808 3158 ocem
833 3130 950 3173 paup
942 3129 1091 3158 010111

274 3172 311 3199 29
328 3173 432 3230 Ipso
459 3175 579 3218 enim
604 3175 848 3218 concedent
837 3189 874 3218 ·e
901 3189 1078 3231 pacem,
1102 3175 1198 3241 quis
1219 3179 1286 3218 est
1307 3175 1381 3242 qui
1408 3175 1700 3218 condemnet.
1688 3174 1708 3206 9

392 3248 447 3277 ex
465 3248 551 3289 quo
567 3233 851 3278 absconderit
869 3233 1044 3276 vultum
1056 3233 1181 3289 ,quis
1200 3239 1266 3278 est
1283 3234 1357 3290 qui
1377 3233 1700 3290 contempletur
1718 3246 1818 3276 eum

392 3297 437 3335 et
461 3307 592 3350 super
616 3299 790 3349 gentes,
819 3300 861 3336 et
884 3306 1013 3349 super
1035 3307 1186 3336 omne-s
1208 3292 1439 3336 homines?

276 3349 314 3376 30
330 3350 413 3401 Qui
434 3366 620 3408 reg-nare
643 3353 757 3395 facit
778 3353 1005 3395 hominem
1029 3352 1309 3408 hypociitam

394 3417 570 3467 propter
594 3418 779 3467 peccata
804 3410 968 3468 populi.

101 3570 148 3603 19]
167 3569 330 3604 Deut.X‚
350 3572 393 3598 17.
412 3571 447 3598 11
466 3570 538 3598 Par.
556 3570 659 3605 XIX,
678 3572 702 3599 7.
721 3571 794 3603 Sap.
812 3570 870 3603 VI,
889 3572 914 3597 8.
937 3567 1038 3596 Eccli.
1059 3568 1201 3604 XXXV,
1220 3572 1262 3598 15.
1284 3572 1356 3597 Act.
1378 3570 1420 3605 X,
1435 3572 1479 3598 34.
1500 3571 1594 3597 Rom.
1614 3570 1647 3596 II
1663 3589 1669 3603 ,
1686 3571 1729 3597 11.
1751 3568 1820 3597 Gal.
1839 3568 1886 3604 11,
1902 3570 1928 3597 6.

99 3612 182 3646 Eph.
201 3613 260 3648 VI,
276 3617 302 3642 ε).
320 3614 386 3641 Col.
409 3614 471 3640 151.
491 3616 534 3642 23.
560 3615 572 3641 ἶ
593 3615 682 3642 Pctr.
704 3616 727 3648 1,
748 3617 789 3642 17.
