2456 3861
186 243 312 272 Achior

165 286 338 317 circumci-

198 332 300 360 ditur.

195 478 305 506 Timor

128 522 342 556 Assyriorum
363 542 369 557 ⁷

129 566 266 601 cognita
281 567 367 595 caede

146 610 352 640 Holofernis.

155 1905 332 1938 Fugantur

181 1948 309 1977 hostes.

121 2440 244 2469 Eorum
256 2441 362 2475 spolia

189 2485 298 2514 Judaei

155 2529 330 2563 colligunt.

181 3216 202 3244 J
206 3216 303 3245 udith

139 3268 157 3288 a
182 3261 340 3293 pontifice

130 3304 351 3335 benedicitur.

437 68 524 111 490
988 68 1327 125 JUDITH'XIV,
1363 71 1388 114 6
1420 96 1480 102 -—
1509 72 1609 127 XV,
1644 72 1712 114 12.

495 236 512 262 θ
533 236 656 278 Τ11110
686 236 864 292 Achior,
893 237 1049 280 videns
1075 238 1286 282 virtutem
1311 255 1444 296 quam
1476 241 1587 284 fecit
1615 243 1733 284 Deus
1758 242 1920 299 Israel,
1943 244 2097 288 relicto
2120 246 2258 302 genti-

435 294 574 337 litatis
607 294 714 350 ritu,
739 295 926 338 credidit
953 297 1066 353 Deo,
1103 302 1146 340 et
1171 297 1451 343 circumcidit
1483 315 1663 343 carnem
1699 301 1906 357 praeputii
1941 302 2029 358 sui,
2064 310 2108 347 et
2130 319 2269 362 appo-

434 353 543 396 situs
580 357 647 396 est
671 354 728 396 ad
760 355 974 411 populum
1007 356 1167 412 Israel,
1209 362 1252 400 et
1289 358 1431 401 omnis
1465 359 1684 402 successio
1722 360 1896 415 generis
1930 361 2027 417 ejus
2060 376 2198 419 usque
2220 363 2271 408 in

433 411 697 455 hodiernum
723 413 854 457 diem.

494 470 509 497 ⁷
533 472 638 514 Mox
658 479 808 515 autem
838 479 888 516 ut
912 480 1032 518 ortus
1054 481 1120 519 est
1150 476 1263 533 dies,
1290 479 1615 534 suspenderunt
1647 493 1777 535 super
1801 494 1947 523 muros
1971 485 2106 537 caput
2131 481 2273 525 Holo-

432 530 573 574 fernis
593 548 602 586 3
629 532 890 588 accepitque
912 535 1214 591 unusquisque
1238 536 1306 578 vir
1329 552 1455 580 arma
1475 552 1573 593 sua,
1594 544 1637 581 et
1663 539 1828 593 egressi
1852 544 1956 582 sunt
1982 554 2085 582 cum
2109 541 2271 596 grandi

433 590 619 646 strepitu
642 595 685 633 et
708 592 892 635 ululatu.
916 593 932 619 8
956 594 1079 644 Quod
1106 595 1308 639 videntes
1334 596 1655 653 exploratores,
1682 597 1739 640 ad
1763 598 2105 642 tabernaculum
2131 600 2273 643 Holo-

432 649 572 692 fernis
599 657 898 696 cucurrerunt.
922 651 939 678 9
958 653 1090 697 Porro
1116 654 1161 697 hi
1183 654 1260 710 qui
1280 655 1327 698 in
1349 656 1636 699 tabernaculo
1662 662 1809 713 erant,
1832 657 2083 714 venientes,
2103 665 2146 702 et
2167 664 2277 703 ante

431 708 681 765 ingressum
718 710 912 754 cubiculi
945 717 1289 770 perstrepenteS,
1323 715 1550 758 excitandi
1583 716 1750 771 gratia,
1784 716 2142 773 inquietudinem
2174 724 2272 761 arte

433 768 742 824 moliebantur,
767 775 816 812 ut
846 785 935 814 non
961 771 1018 814 ab
1044 773 1364 829 excitantibus,
1391 774 1469 817 sed
1495 789 1521 817 a
1545 775 1806 819 sonantibus
1834 776 2104 820 Holofernes
2129 777 2273 833 evigi-

431 827 557 870 laret.
594 827 630 854 ¹⁰
656 828 816 872 Nullus
851 831 972 873 enim
1004 832 1197 875 audebat
1231 833 1488 876 cubiculum
1520 834 1699 878 virtutis
1733 835 2019 892 Assyriorum
2052 836 2273 892 pulsando

431 892 507 929 aut
535 887 743 931 intrando
769 890 951 946 aperire.
981 890 1012 916 ¹¹
1040 891 1126 934 Sed
1153 906 1254 934 cum
1279 892 1505 935 venissent
1533 893 1631 949 ejus
1657 894 1791 938 duces
1812 909 1865 938 ac
1888 895 2077 951 tribuni,
2105 902 2149 939 et
2173 895 2273 938 uni·

431 946 545 989 versi
579 947 772 1004 majores
804 950 1026 993 exercitus
1061 950 1178 1006 regis
1211 951 1517 1008 Assyriorum,
1549 952 1758 996 dixerunt
1792 954 2078 998 cubiculariis
2105 972 2114 999 ι
2142 954 2178 981 ¹2
2196 955 2272 998 In·

431 1011 566 1061 trate,
588 1012 633 1050 et
658 1007 850 1051 excitate
871 1008 1019 1063 illum,
1045 1009 1253 1065 quoniam
1275 1010 1439 1065 egressi
1462 1025 1608 1054 mures
1631 1012 1686 1055 de
1706 1014 1910 1057 cavernis
1932 1014 2022 1057 suis
2046 1013 2144 1057 ausi
2166 1018 2277 1058 sunt.

431 1079 670 1121 provocare
694 1081 773 1109 nos
798 1067 854 1109 ad
882 1068 1099 1124 praelium.

492 1123 528 1150 ¹3
559 1126 684 1168 Tunc
721 1126 945 1181 ingressus
983 1128 1138 1183 Vagao
1177 1129 1434 1173 cubiculum
1472 1131 1595 1187 ejus,
1636 1132 1761 1175 stetit
1800 1137 1905 1176 ant-e
1944 1134 2188 1189 cortinam,
2224 1138 2272 1178 et

431 1183 637 1240 plausum
669 1185 781 1228 fecit
813 1186 1019 1229 inanibus
1052 1188 1167 1242 suis;
1199 1189 1510 1245 suspicabatur
1539 1190 1658 1234 enim
1690 1191 1819 1234 illum
1849 1206 1951 1234 cum
1979 1192 2144 1236 Judith
2172 1193 2272 1237 dor·

431 1243 554 1286 mire.
587 1243 622 1269 ¹4
645 1244 729 1287 Sed
754 1259 855 1287 cum
881 1245 1055 1288 nullum
1082 1253 1253 1290 motum
1280 1249 1472 1304 jacentis
1499 1264 1629 1293 sensu
1657 1250 1833 1293 aurium
1859 1257 2056 1308 caperet,
2083 1252 2273 1296 accessit

430 1302 685 1358 proximans
708 1303 767 1346 ad
790 1305 1021 1361 cortinam,
1048 1311 1092 1349 et
1115 1307 1296 1350 elevans
1318 1322 1430 1365 eam,
1451 1308 1694 1365 vidensque
1717 1310 1908 1353 cadaver
1932 1310 2100 1367 absque
2125 1311 2277 1369 capite

431 1361 693 1405 Holofernis
722 1363 769 1405 in
797 1378 877 1407 suo
905 1365 1124 1421 sanguine
1153 1367 1434 1410 tabefactum
1459 1368 1607 1425 jacere
1635 1374 1971 1426 superterram,
1999 1370 2275 1414 exclamavit

430 1435 538 1464 voce
560 1436 723 1477 magna
749 1437 851 1466 cum
880 1423 1006 1480 fletu,
1034 1430 1077 1468 et
1101 1426 1235 1469 scidit
1255 1427 1525 1471 vestimenta
1553 1443 1646 1471 sua.
1672 1428 1707 1455 ¹5
1726 1429 1784 1471 Et
1811 1429 2037 1485 ingressus
2065 1430 2272 1474 taberna-

431 1480 582 1523 culum
604 1482 631 1524 J
635 1482 784 1537 udith,
816 1497 905 1526 non
938 1483 1111 1527 invenit
1133 1500 1252 1541 eam,
1280 1491 1324 1529 et
1346 1487 1490 1530 exiliit
1511 1488 1633 1531 foras
1659 1488 1716 1530 ad
1743 1489 1977 1545 populum,
2005 1489 2041 1516 16
2059 1495 2103 1533 01
2125 1489 2240 1533 dixit
2261 1507 2275 1535 τ

429 1539 533 1582 Una
558 1540 718 1584 mulier
746 1542 925 1586 hebraea
956 1543 1069 1586 fecit
1097 1545 1408 1589 confusionem
1436 1547 1484 1591 in
1514 1546 1646 1590 domo
1675 1548 1794 1603 regis
1827 1548 2268 1604 Nabuchodonosor3

430 1613 532 1642 ecce
554 1600 673 1643 enim
699 1602 969 1645 Holofernes
991 1602 1111 1658 jacet
1132 1603 1178 1657 in
1204 1609 1339 1660 terra,
1363 1611 1405 1648 et
1432 1611 1566 1663 caput
1586 1606 1685 1662 ejus
1708 1621 1795 1650 non
1818 1613 1884 1650 est
1904 1608 1952 1650 in
1977 1608 2069 1652 illo.
2095 1608 2128 1634 ¹7
2144 1608 2270 1659 Quod

431 1672 531 1701 cum
552 1660 781 1704 audissent
806 1661 1027 1718 principes
1050 1662 1226 1706 virtutis
1248 1664 1552 1720 Assyriorum,
1577 1666 1805 1709 sciderunt
1826 1681 1978 1710 omnes
2001 1667 2270 1711 vestimenta

429 1732 533 1773 sua3
568 1724 612 1761 et
643 1719 938 1764 intolerabilis
971 1721 1102 1764 timor
1126 1728 1170 1766 et
1202 1728 1365 1767 tremor
1398 1724 1561 1767 cecidit
1594 1739 1724 1782 super
1756 1740 1850 1781 eos,
1887 1731 1930 1769 et
1966 1726 2133 1769 turbati
2167 1731 2270 1770 sunt

429 1777 568 1820 animi
607 1793 757 1822 eorum
794 1780 953 1835 valde3
991 1780 1026 1807 ¹8
1052 1787 1094 1824 et
1130 1782 1280 1825 factus
1322 1788 1387 1826 est
1424 1783 1592 1826 clamor
1631 1784 1996 1841 incomparabilis
2037 1785 2085 1828 in
2122 1786 2274 1829 medio

431 1842 675 1880 castrorum
699 1853 863 1882 eorum.

490 1896 596 1940 CAP.
628 1898 727 1940 XV.
751 1923 811 1930 —
844 1898 856 1924 1
881 1899 1081 1955 Cumque
1105 1901 1245 1944 omnis
1264 1903 1484 1945 exercitus
1508 1902 1779 1946 decollatum
1801 1904 2098 1947 Holofernem
2120 1904 2273 1948 audis-

429 1960 516 2011 set,
542 1956 664 2012 fugit
689 1972 812 2000 mens
839 1963 881 2001 et
904 1959 1139 2001 consilium
1160 1960 1217 2002 ab
1241 1961 1323 2016 eis,
1343 1967 1386 2004 et
1407 1962 1500 2004 solo
1527 1967 1715 2006 tremore
1736 1968 1780 2006 et
1802 1967 1924 2006 metu
1945 1963 2120 2019 agitati,
2143 1964 2271 2019 fugas

429 2015 685 2070 praesidium
710 2023 912 2072 sumunt,
932 2016 949 2043 ‘2
964 2018 1029 2060 ita
1051 2023 1099 2061 ut
1120 2019 1268 2062 nullus
1293 2020 1545 2076 loqueretur
1566 2036 1669 2064 cum
1690 2022 1892 2078 proximo
1915 2036 2018 2078 suc,
2041 2022 2118 2066 sed
2140 2022 2271 2066 incli—

428 2080 532 2117 nato
556 2075 720 2131 capite,
740 2075 908 2119 relictis
931 2077 1156 2134 omnibus,
1177 2079 1366 2123 evadere
1389 2080 1668 2123 festinabant
1689 2081 1928 2137 Hebraeos,
1949 2095 2055 2137 quos
2073 2086 2276 2129 armatos,

428 2147 558 2190 super
586 2148 632 2177 se
656 2134 804 2178 venire
831 2136 1094 2192 audiebant,
1122 2137 1350 2194 fugientes
1381 2154 1458 2196 per
1482 2139 1577 2182 vias
1605 2154 1864 2197 camporum
1890 2146 1934 2183 et
1963 2141 2145 2184 semitas
2178 2141 2285 2200 001-ν

427 2192 551 2235 lium.
575 2193 821 2237 3Videntes
850 2195 1002 2251 itaque
1030 2196 1112 2239 filii
1137 2197 1278 2241 Israel
1302 2199 1552 2255 fugientes,
1583 2199 1724 2242 secuti
1750 2205 1854 2243 sunt
1878 2200 2000 2255 illos,
2027 2200 2269 2244 descende-

427 2257 616 2308 runtque
644 2253 903 2309 clangentes
936 2255 1076 2309 tubis,
1110 2262 1153 2300 et
1186 2257 1410 2301 ululantes
1440 2264 1539 2315 post
1570 2258 1704 2316 ipsos.
1731 2259 1748 2286 4
1770 2260 1828 2303 Et
1851 2260 2064 2316 quoniam
2090 2259 2266 2316 Assyrii

428 2325 515 2354 non
541 2312 749 2368 adunati,
779 2313 825 2355 in
850 2314 1012 2370 fugam
1034 2315 1163 2358 ibant
1189 2317 1465 2374 praecipites,
1497 2318 1577 2360 filii
1606 2324 1757 2362 autem
1792 2319 1933 2362 Israel
1965 2334 2052 2363 11110
2086 2319 2272 2375 agmine

427 2377 757 2428 persequentes,
786 2372 1083 2417 debilitabant
1110 2389 1260 2419 omnes
1288 2391 1395 2432 quos
1420 2377 1621 2421 invenire
1646 2379 1907 2434 potuissent,

486 2429 503 2456 5
528 2430 653 2473 Misit
686 2431 837 2487 itaque
872 2433 1000 2476 Ozias
1033 2434 1212 2478 nuntios
1249 2450 1326 2492 per
1362 2451 1515 2480 omnes
1550 2437 1754 2481 civitates
1793 2443 1835 2481 et
1874 2439 2075 2495 regiones
2109 2439 2266 2483 Israel.

427 2489 444 2516 6
463 2489 616 2533 Omnis
638 2490 788 2546 itaque
815 2493 937 2547 regio
964 2493 1195 2550 omnisque
1217 2496 1340 2551 urbs,
1364 2496 1554 2539 electam
1583 2496 1864 2552 juventutem
1889 2503 2110 2541 armatam
2143 2498 2268 2542 misit

426 2553 525 2605 post
557 2563 654 2604 eos3
690 2557 733 2593 et
762 2552 979 2607 persecuti
1013 2558 1117 2596 sunt
1148 2568 1221 2597 eos
1254 2555 1300 2596 in
1335 2570 1407 2598 ore
1440 2555 1602 2612 gladii,
1636 2570 1860 2612 quousque
1892 2557 2176 2614 pervenirent
2206 2558 2267 2601 ad

427 2609 756 2652 extremitatem
797 2610 954 2654 finium
993 2626 1184 2656 suorum.
1224 2613 1239 2639 ⁷
1273 2614 1449 2670 Reliqui
1496 2620 1646 2658 autem
1688 2615 1762 2671 qui
1803 2622 1928 2659 erant
1962 2617 2010 2659 in
2055 2617 2269 2660 Bethulia

426 2666 614 2723 ingressi
636 2674 739 2711 sunt
764 2675 908 2713 castra
930 2671 1234 2727 Assyriorum,
1262 2679 1305 2716 et
1334 2674 1534 2730 praedam
1555 2689 1688 2730 quam
1710 2675 1937 2731 fugientes
1963 2676 2137 2732 Assyrii
2163 2676 2263 2720 reli-

427 2733 632 2783 querant,
659 2727 959 2785 abstulerunt,
982 2735 1026 2773 et
1049 2732 1246 2774 onustati
1269 2739 1371 2776 sunt
1391 2733 1532 2777 valde-
1552 2733 1569 2760 8
1585 2733 1647 2776 Hi
1671 2748 1772 2777 vero
1796 2735 1869 2790 qui
1887 2735 2077 2779 victores
2099 2735 2263 2779 reversi

426 2791 529 2828 sunt
553 2786 610 2829 ad
634 2787 902 2843 Bethuliam,
924 2790 1071 2832 omnia
1095 2805 1190 2846 quae
1213 2798 1338 2834 erant
1360 2792 1538 2836 illorum
1560 2793 1804 2836 attulerunt
1829 2808 1992 2849 secum,
2015 2795 2079 2837 ita
2105 2799 2154 2837 ut
2176 2809 2263 2838 11011

427 2850 541 2888 esset
566 2860 773 2889 numerus
794 2847 841 2889 in
867 2849 1097 2904 pecoribus
1120 2855 1164 2893 et
1187 2850 1424 2908 jumentis,
1447 2857 1491 2895 et
1517 2851 1733 2895 universis
1760 2853 2000 2896 mobilibus
2023 2868 2195 2909 eorum,
2214 2859 2273 2898 ut

426 2918 451 2945 a
488 2904 671 2949 minimo
713 2919 850 2961 usque
890 2909 947 2951 ad
982 2908 1228 2952 maximum
1267 2924 1418 2954 omnes
1461 2910 1623 2954 divites
1665 2910 1819 2956 fierent
1854 2912 2266 2969 depraedationibus

426 2975 588 3006 eorum.

788 3075 809 3128 ξ
842 3074 896 3117 V.
925 3100 985 3107 ——
1022 3076 1290 3133 Triumphus
1321 3078 1517 3135 Judith,·
1552 3078 1658 3121 libri
1690 3079 1901 3134 epilogus.

485 3200 695 3244 9Joacim
726 3206 898 3257 autem,
928 3217 1127 3247 summus
1160 3205 1386 3261 pontifex,
1414 3207 1470 3251 de
1495 3206 1745 3251 Jerusalem
1771 3207 1894 3251 venit
1922 3208 1970 3251 in
2002 3209 2261 3253 Bethuliam

425 3273 527 3302 cum
552 3259 768 3303 universis
793 3261 1060 3317 presbyteris
1082 3263 1193 3317 suis,
1216 3270 1266 3306 ut
1290 3265 1461 3309 videret
1486 3266 1515 3309 J
1519 3265 1659 3309 udith.
1684 3265 1720 3292 ¹⁰
1737 3266 1845 3316 Quae
1869 3281 1970 3310 cum
1993 3267 2175 3311 exiisset
2202 3269 2260 3312 ad

423 3318 572 3374 illum,
595 3318 919 3363 benedixerunt
941 3335 1039 3364 eam
1062 3335 1211 3366 omnes
1235 3338 1322 3366 una
1344 3339 1464 3380 voce,
1485 3324 1681 3368 dicentes
1704 3341 1712 3368 :
1736 3326 1803 3368 Tu
1828 3326 1970 3381 gloria
1993 3327 2261 3384 Jerusalem,

424 3383 472 3421 tu
498 3377 660 3421 laetitia
688 3379 846 3435 Israel,
870 3384 919 3422 tu
944 3380 1279 3425 honorificentia
1305 3384 1456 3440 populi
1484 3383 1647 3438 nostri,
1682 3383 1714 3410 ¹¹
1735 3385 1837 3440 quia
1868 3385 2018 3429 fecisti
2049 3385 2266 3444 viriliter,

426 3443 468 3480 et
491 3438 792 3481 confortatum
817 3444 883 3481 est
905 3453 977 3481 cor
999 3445 1144 3496 tuum,
1169 3455 1219 3483 eo
1242 3442 1357 3497 quod
1385 3442 1638 3485 castitatem
1661 3444 1903 3499 amaveris,
1927 3450 1970 3488 et
1996 3450 2096 3502 post
2113 3445 2260 3488 virum

426 3501 550 3538 tuum
573 3496 762 3540 alterum
787 3498 1008 3543 nescieris.
1034 3499 1142 3542 Ideo
1164 3506 1207 3542 et
1228 3515 1385 3543 manus
1409 3500 1589 3544 Domini
1613 3502 1885 3545 confortavit
1903 3509 1966 3555 te,
1987 3508 2030 3546 et
2051 3503 2151 3546 ideo
2173 3503 2262 3547 eris

426 3553 661 3598 benedicta
687 3556 733 3598 in
760 3562 986 3601 aeternum.
1012 3556 1047 3583 ¹²
1066 3558 1123 3600 Et
1146 3558 1259 3601 dixit
1285 3559 1427 3602 omnis
1452 3558 1640 3616 populus
1662 3576 1671 3603 ε
1698 3559 1823 3603 Fiat!
1847 3561 1950 3606 fiat!
