2391 3861
609 175 720 218 Ac'r.
754 175 956 227 XXVII,
993 176 1048 217 13
1079 200 1137 206 —
1170 175 1396 226 XXVIII,
1434 174 1471 215 1.
1838 173 1951 216 1245

132 357 237 403 gare
261 345 384 400 inde,
411 345 446 388 si
472 344 691 401 quomodo
714 349 910 400 possent,
938 343 1221 387 devenientes
1246 344 1506 399 Phoenicen,
1534 343 1748 397 hiemare,
1777 351 1949 398 portum

133 405 275 448 Cretae
297 404 606 461 respicientem
628 402 682 445 ad
708 402 901 444 africum
925 409 968 444 et
988 403 1044 445 ad
1069 417 1232 445 coi-mn.

195 463 228 488 ¹³³
253 463 491 519 Aspimute
524 466 676 504 autem
716 466 886 516 austro,
929 461 1202 504 aestimantes
1243 462 1513 516 propositum
1550 475 1596 504 se
1636 466 1806 514 tenere,
1849 473 1949 501 011111

131 522 411 564 sustulissent
437 520 491 563 de
513 522 669 574 Asson,
697 519 905 574 legebant
931 519 1120 564 Cretam.
1151 519 1179 545 ¹'‘
1200 519 1295 561 Non
1326 526 1422 575 post
1446 520 1631 562 multum
1655 523 1802 561 autem
1830 518 1948 560 misit

131 595 176 624 se
209 587 359 624 contra
389 580 532 636 ipsam
562 584 718 621 ventus
749 577 1034 633 typhonicus,
1073 578 1144 633 qni
1176 585 1357 620 vocatur
1389 578 1667 634 enmuquilo3
1706 577 1739 602 ¹⁵
1765 591 1952 632 cumque

130 647 303 695 arrepta
326 644 439 682 esset
468 637 614 692 navis,
641 641 684 680 et
710 651 796 680 non
821 641 968 692 posset
993 637 1141 678 conari
1175 636 1219 678 iu
1247 643 1448 687 ventum,
1476 638 1579 679 (lata
1603 650 1717 679 nave
1749 635 1948 690 flatibus,

131 698 396 741 ferebamur.
438 696 472 723 ¹⁶
503 698 555 739 In
594 695 786 738 insulam
826 701 974 738 autem
1020 695 1257 750 quamdam
1296 695 1598 750 decurrentes,
1637 709 1734 750 quae
1768 699 1954 737 vocatur

132 756 302 810 Gauda,
339 756 562 811 potuimus
591 755 667 796 vix
697 754 894 797 obtinere
921 754 1148 810 scapham.
1181 753 1210 779 ¹⁷
1233 753 1328 803 Qua
1360 753 1554 809 sublata,
1589 753 1822 809 adjutoriis
1858 758 1950 796 ute-

131 815 302 863 bantur,
330 815 614 869 accingentes
641 826 820 868 navem,
849 812 1054 856 timentes
1081 827 1135 856 ne
1163 813 1206 854 in
1231 812 1393 868 Syrtim
1420 812 1688 866 inciderent3
1717 812 1952 855 summisso

132 888 234 916 vase
259 874 322 915 sic
356 873 625 916 ferebantur.
649 871 685 898 ¹⁸
703 871 867 914 Valida
892 877 1041 914 autem
1073 871 1200 914 nobis
1233 876 1495 927 tempestate
1524 871 1724 926 jactatis,
1751 870 1949 926 sequenti

131 932 201 975 die
226 932 396 987 jactum
427 932 653 984 feoerunt3
679 930 714 956 ¹9
732 936 775 974 et
797 930 927 973 tertia
957 930 1028 973 die
1052 931 1142 974 suis
1167 930 1371 972 manibus
1397 935 1673 972 armamenta
1698 929 1825 971 navis
1856 942 1951 986 pro-

129 992 342 1047 J'ecerunt.
373 990 410 1017 ”2⁰
429 991 580 1046 Neque
609 994 757 1033 antem
789 989 901 1042 sole,
938 1003 1079 1044 neq-ue
1111 989 1327 1032 sideribus
1355 988 1671 1044 apparentibus
1703 1002 1778 1044 per
1806 987 1950 1043 plures

82 1047 84 1050 ’
131 1050 242 1104 dies,
274 1056 316 1093 et
341 1055 604 1105 tempestate
628 1062 718 1090 11011
748 1048 912 1104 exigua
935 1048 1219 1103 imminente,
1253 1047 1347 1103 jam
1371 1046 1523 1089 ablata
1556 1053 1650 1090 erat
1680 1059 1780 1102 spes
1810 1046 1954 1089 omnis

130 1109 285 1151 salutis
310 1115 484 1151 nostrae.
1516 1151 1521 1156 ,

188 1166 220 1193 ‘²¹
248 1168 303 1209 Et
330 1181 429 1212 cum
453 1167 596 1210 ⁴multa
618 1167 836 1223 jejunatio
863 1166 1044 1221 fuisset,
1071 1171 1178 1209 tunc
1202 1171 1324 1209 stans
1351 1165 1515 1209 Paulus
1539 1165 1585 1208 in
1612 1165 1758 1208 medio
1781 1178 1951 1219 eorum,

130 1227 241 1269 dixit
269 1244 276 1270 :
302 1227 541 1283 Oportebat
568 1226 765 1282 quidem,
790 1240 813 1268 o
834 1226 938 1281 viri,
962 1225 1114 1268 audito
1138 1239 1227 1281 me,
1251 1239 1338 1267 11011
1363 1225 1516 1268 tollere
1536 1239 1562 1267 a
1585 1224 1729 1279 Creta,
1756 1223 1953 1279 lucrique

129 1286 279 1329 facere
307 1286 518 1341 injuriam
546 1286 661 1327 hanc
690 1290 733 1328 et
762 1285 998 1341 jacturam.
1025 1283 1062 1310 ⁶2²
1080 1285 1137 1327 Et
1169 1298 1286 1326 1111110
1311 1283 1474 1327 suadeo
1500 1283 1626 1327 vobis
1655 1283 1769 1326 bono
1803 1282 1951 1325 animo

129 1359 246 1397 esse;
267 1345 446 1387 amissio
468 1344 586 1388 enim
608 1343 772 1386 nullius
795 1344 958 1386 animae
980 1344 1062 1387 erit
1080 1358 1134 1387 ex
1156 1343 1294 1397 vobis,
1314 1348 1606 1399 praeterquam
1624 1342 1764 1386 navis.
1780 1340 1817 1368 23
1831 1341 1952 1384 Asti-

130 1404 183 1446 rit
212 1404 330 1446 euim
359 1404 467 1446 mihi
503 1403 584 1446 hac
619 1409 748 1446 nocte
776 1403 961 1458 angelus
989 1402 1091 1458 Dei,
1123 1402 1249 1458 cujus
1286 1416 1384 1444 sum
1414 1416 1515 1458 ego,
1550 1407 1593 1444 et
1630 1401 1698 1444 cui
1733 1400 1950 1455 deservio,

130 1462 165 1489 ‘2¹⁴
185 1463 335 1506 dicens
359 1479 367 1506 :
396 1463 462 1505 Ne
485 1463 663 1517 timeas,
692 1462 851 1516 Paule;
877 1461 1042 1505 Caesari
1065 1467 1107 1504 te
1130 1466 1300 1517 oportet
1321 1461 1546 1516 assistere,
1569 1466 1613 1503 et
1639 1474 1744 1503 ‘ecce
1769 1459 1953 1502 donavit

128 1522 209 1564 tibi
233 1522 351 1564 Deus
377 1535 528 1564 omnes
555 1521 626 1576 qui
653 1521 871 1576 navigant
897 1526 1056 1564 tecum.
1079 1519 1115 1546 25
1134 1521 1317 1576 Propter
1343 1520 1458 1575 quod
1483 1519 1598 1562 bono
1622 1519 1771 1562 animo
1799 1523 1952 1574 estote,

129 1581 236 1635 viri3
261 1580 391 1623 credo
417 1580 535 1622 enim
558 1580 671 1634 Deo,
699 1579 802 1634 quia
825 1579 889 1622 sio
914 1579 996 1622 erit
1022 1579 1394 1634 quemadmodum
1420 1579 1588 1621 dictum
1611 1583 1677 1621 est
1702 1577 1824 1620 mihi.
1843 1576 1880 1603 9⁶
1898 1577 1952 1620 In

127 1639 318 1682 insulam
344 1644 494 1681 autem
519 1638 759 1694 quamdam
785 1643 956 1694 oportet
980 1652 1059 1680 nos
1085 1638 1303 1681 devenire.

186 1697 220 1723 ‘²7
240 1698 324 1741 Sed
356 1703 643 1754 posteaquam
669 1701 826 1752 quarta
848 1697 1025 1740 decima
1052 1711 1140 1739 nox
1176 1696 1450 1753 supervenit,
1480 1697 1797 1752 navigantibus
1826 1697 1952 1741 nobis

127 1759 174 1800 in
199 1757 339 1800 Adria
368 1757 486 1799 circa
511 1756 705 1799 mediam
738 1762 934 1812 noctem,
961 1756 1301 1813 suspicabantur
1332 1761 1483 1798 nautae
1515 1769 1726 1812 apparere
1755 1756 1839 1798 sibi
1872 1756 1952 1798 ali-

128 1830 261 1872 quam
293 1816 544 1872 regionem3
572 1814 608 1842 ‘²3
626 1815 699 1871 qui
732 1821 776 1858 et
807 1815 1136 1858 summittentes
1168 1815 1384 1871 bolidem,
1414 1814 1679 1858 invenerunt
1711 1829 1864 1871 passus
1890 1815 1955 1857 vi·

129 1875 266 1931 ginti3
295 1881 337 1918 et
363 1874 574 1931 pusillum
597 1874 702 1917 inde
723 1874 938 1931 separati,
965 1874 1230 1918 invenerunt
1255 1888 1407 1931 passus
1429 1873 1695 1929 quindecim.
1722 1873 1760 1900 29
1776 1874 1954 1917 Tim-en-

128 1945 193 1977 tes
226 1940 375 1977 autem
399 1948 455 1977 ne
486 1934 533 1976 in
565 1947 719 1990 asper-a
752 1933 849 1976 loca
873 1933 1187 1989 incideremus,
1224 1934 1277 1976 de
1308 1933 1445 1990 puppi
1479 1933 1706 1976 mittentes
1738 1934 1954 1977 anchoras

129 1999 327 2049 quatuor,
356 1993 571 2050 optabant
600 1992 718 2036 diem
743 1993 850 2036 fieri.
877 1992 914 2019 3⁰
932 1993 1091 2036 Nautis
1117 2007 1219 2036 vero
1246 1992 1543 2049 quaerentibus
1568 1992 1726 2048 fugere
1748 1993 1802 2036 de
1826 1992 1953 2048 navi,

129 2067 230 2095 cum
264 2052 487 2095 misissent
516 2052 729 2108 scapham
760 2052 807 2094 in
841 2066 981 2108 mare,
1015 2052 1096 2095 sub
1127 2052 1310 2095 obtentu
1344 2051 1467 2108 quasi
1499 2051 1744 2108 inciperent
1772 2066 1798 2094 a
1827 2066 1954 2108 prora

127 2112 342 2154 anchoras
365 2111 615 2166 extendere,
635 2110 668 2137 3¹
686 2111 800 2153 dixit
822 2110 986 2154 Paulus
1005 2111 1250 2154 centurioni
1273 2117 1315 2154 et
1338 2110 1553 2153 militibus
1572 2127 1580 2154 :
1599 2110 1698 2153 Nisi
1719 2111 1764 2153 hi
1782 2111 1829 2154 in
1849 2111 1952 2153 navi

129 2170 391 2226 manserint,
417 2184 495 2213 vos
519 2170 632 2213 salvi
664 2170 756 2213 fieri
782 2184 870 2213 non
895 2171 1091 2227 potestis.
1114 2169 1151 2196 32
1168 2171 1293 2213 Tunc
1317 2170 1602 2212 absciderunt
1631 2169 1795 2213 milites
1823 2170 1954 2213 funes

128 2229 327 2286 scaphae,
351 2234 394 2272 et
419 2229 536 2288 passi
566 2234 669 2272 sunt
702 2244 800 2272 eam
832 2229 1049 2272 excidere.
1076 2229 1113 2255 33
1132 2230 1188 2272 Et
1219 2243 1318 2272 cum
1344 2229 1419 2271 lux
1444 2229 1658 2285 inciperet
1687 2229 1801 2283 fieri,
1827 2243 1952 2284 roga-

128 2288 206 2331 bat
232 2288 395 2331 Paulus
422 2302 572 2332 omnes
595 2303 766 2331 sumere
791 2289 960 2340 cibum,
985 2288 1136 2332 dicens
1158 2306 1166 2332 :
1193 2289 1357 2339 Quarta
1376 2288 1552 2331 decima
1579 2287 1650 2331 die
1670 2287 1802 2331 hodie
1820 2302 1954 2344 expe—

130 2353 300 2392 ctantes
340 2347 486 2404 jejuni
522 2348 813 2404 permanetis,
848 2347 959 2390 nihil
992 2347 1285 2404 accipientes3
1317 2347 1353 2374 34
1379 2353 1556 2404 propter
1588 2347 1703 2402 quod
1736 2360 1844 2402 rogo
1876 2360 1953 2390 vos

128 2407 329 2464 accipere
355 2407 502 2449 cibum
526 2421 607 2464 pro·
624 2407 767 2450 salute
792 2412 959 2462 vestra,
983 2407 1086 2462 quia
1111 2406 1274 2450 nullius
1300 2412 1495 2449 vestrum
1521 2405 1707 2462 capillus
1733 2406 1787 2449 de
1809 2406 1956 2463 capite

130 2466 302 2522 peribit.
329 2465 366 2492 35
386 2467 443 2508 Et
469 2479 569 2509 cum
588 2467 689 2508 haec
714 2464 917 2521 dixisset,
944 2480 1124 2520 5111110115
1144 2480 1324 2522 panem,
1351 2465 1517 2521 gratias
1544 2465 1634 2521 egit
1661 2467 1755 2508 Deo
1775 2465 1823 2508 in
1853 2479 1954 2508 con-

129 2531 282 2581 spectu
317 2526 534 2581 omnium,
573 2530 616 2568 et
654 2539 753 2567 cum
793 2525 1023 2581 fregisset,
1064 2525 1196 2581 coepit
1234 2525 1514 2567 manducare.
1548 2524 1585 2550 3⁶
1603 2524 1955 2580 Animaequiores

129 2590 279 2627 autem
302 2584 417 2627 facti
443 2598 616 2640 omnes,
641 2589 686 2628 et
710 2584 797 2641 ipsi
825 2589 1106 2640 sumpserunt
1141 2584 1302 2629 cibum.
1333 2583 1368 2610 3⁷
1389 2585 1576 2626 Eramus
1601 2597 1704 2627 vero
1736 2583 1954 2626 universae

129 2643 292 2686 animae
324 2643 372 2686 1-11
402 2643 509 2686 navi
543 2643 746 2686 ducentae
779 2643 1063 2700 septuaginta
1096 2655 1186 2686 sex.
1213 2642 1326 2686 381Et
1348 2642 1504 2686 ‘satiati
1535 2642 1654 2698 cibo,
1681 2642 1955 2686 alleviabant

130 2716 310 2759 navem,
337 2702 559 2758 jactantes
584 2702 783 2746 triticum
806 2703 854 2745 in
877 2717 1008 2745 mare.

188 2760 225 2787 39
243 2761 355 2804 Cum
382 2766 532 2804 autem
551 2761 651 2805 sdies
680 2762 829 2806 tactus
865 2767 998 2818 esset,
1026 2767 1188 2805 terram
1214 2777 1301 2806 non
1324 2762 1653 2818 agnoscebant3
1679 2759 1828 2804 sinu-m
1852 2774 1956 2804 vero

129 2820 366 2876 quemdam
393 2820 734 2864 considerabant
755 2821 992 2865 habentem
1017 2821 1164 2877 littus,
1184 2822 1230 2864 in
1253 2836 1383 2878 quem
1409 2820 1680 2877 cogitabant,
1703 2819 1740 2863 si
1758 2825 1953 2876 possent,

129 2880 289 2935 ejicere
314 2893 488 2923 navem.
515 2879 552 2906 4⁰
572 2881 630 2923 :Et
656 2894 756 2922 cum
787 2881 1002 2924 anchoras
1031 2881 1337 2936 sustulissent,
1373 2880 1714 2924 committebant
1744 2893 1792 2922 se
1821 2879 1953 2934 mari,

128 2939 261 2982 simul
284 2939 486 2982 laxantes
507 2939 739 2995 juncturas
764 2940 1165 2995 gubernaculorum
1181 2976 1190 2995 ,
1207 2945 1259 2984 »et
1280 2941 1426 2983 levato
1448 2945 1688 2993 artemone,
1708 2938 1954 2981 secundum

129 3013 247 3041 aurae
276 2997 432 3041 flatum
457 2997 701 3041 tendebant
725 2999 782 3041 ud
804 2999 946 3042 ¹littus.
973 2999 1007 3025 4'1
1025 2999 1087 3042 Et
1112 3013 1211 3042 cum
1237 2999 1545 3042 incidissemus
1564 2998 1613 3040 in
1639 2998 1786 3040 locum
1811 2997 1955 3040 ditha-

129 3057 314 3113 lassum,
348 3057 630 3114 impegerunt
663 3070 846 3114 navem,
880 3064 923 3102 et
957 3073 1084 3115 prora
1117 3059 1294 3114 quidem
1328 3058 1415 3100 fixa
1449 3057 1659 3100 manebat
1691 3056 1953 3111 immobilis,

128 3116 288 3173 puppis
324 3131 424 3160 vero
455 3116 711 3160 solvebatur
740 3131 768 3160 a
799 3117 844 3160 171
877 3118 1024 3161 maris.
1055 3116 1092 3144 42
1114 3117 1309 3160 Militum
1341 3123 1490 3160 autem
1523 3116 1756 3159 consilium
1789 3115 1879 3158 fui-t
1907 3122 1955 3158 ut

129 3175 352 3218 custodias
378 3175 644 3229 occiderent,
667 3190 722 3219 ne
742 3176 860 3233 quis,
886 3191 986 3219 cum
1013 3182 1254 3232 enatasset,
1282 3176 1510 3232 effugeret.
1530 3175 1788 3219 43Uenturio
1806 3178 1955 3218 autem

129 3235 281 3277 volens
306 3247 482 3278 servare
513 3235 724 3290 Pau-lum,
750 3236 974 3292 prohibuit
1004 3236 1117 3291 fieri,
1142 3236 1361 3292 jussitque
1394 3235 1561 3291 eosqui
1595 3239 1772 3292 possent
1802 3238 1955 3276 natare

129 3293 329 3347 emittere
355 3308 400 3337 se
424 3294 609 3350 primos,
630 3300 680 3337 et
705 3294 910 3351 evadere,
937 3300 981 3338 et
1010 3295 1066 3338 ad
1096 3301 1257 3339 terram
1287 3295 1418 3339 exire.
1445 3294 1481 3321 44
1500 3294 1558 3337 Et
1583 3299 1748 3338 ceteros
1770 3292 1880 3335 alios
1907 3291 1954 3334 in

129 3351 292 3395 tabulis
318 3353 544 3409 ferebant,
571 3353 783 3409 quosdam
804 3369 935 3411 super
959 3369 1010 3398 ea
1036 3369 1132 3410 quae
1159 3355 1212 3398 de
1234 3354 1336 3397 navi
1360 3358 1497 3398 erant.
1514 3342 1582 3396 'Et
1603 3353 1666 3396 sic
1691 3353 1864 3394 factum
1888 3356 1955 3394 est

130 3416 179 3454 ut
205 3425 354 3455 omnes
370 3413 538 3456 animae
557 3412 804 3456 evaderent
822 3414 882 3457 ad
904 3419 1079 3459 terram.

190 3471 294 3514 CAP.
322 3471 546 3516 XXV-III.
564 3472 654 3505 ——1
676 3473 733 3515 Et
760 3485 859 3516 cum
885 3474 1198 3530 evasissemus,
1225 3478 1329 3517 tunc
1362 3471 1648 3528 cognovimus
1673 3471 1776 3526 quia
1800 3469 1954 3514 Melita

129 3528 274 3572 insula
307 3530 572 3586 vocabatur;
607 3530 791 3573 Barbari
818 3544 920 3575 vero
957 3531 1232 3590 praestabant
1255 3546 1348 3575 non
1378 3531 1601 3575 modicam
1629 3529 1955 3573 humanitatem

128 3675 178 3710 41]
197 3676 231 3703 11
250 3676 320 3703 Cor.
339 3675 401 3710 X-,L
415 3678 460 3704 25.

2078 3476 2204 3505 Paulus

2052 3520 2086 3550 in
2108 3520 2225 3549 Melita

2082 3564 2202 3594 insula.
