2456 3861
138 307 252 335 Esdrae

109 353 224 379 luctus
241 352 275 377 et

72 394 181 424 oratio
201 394 315 426 depre-

123 437 259 468 catoria.

143 2548 266 2577 Esdras

127 2592 279 2626 praecipit

118 2636 286 2669 repudiari

143 2687 269 2708 uxores

95 2724 313 2758 alienigenas.

375 122 460 166 452
999 117 1138 158 Esmz.
1174 114 1264 169 IX,
1298 114 1324 156 3
1356 140 1416 145 -
1446 113 1508 167 X,
1544 113 1582 155 8.

436 291 454 317 3
471 290 669 343 Cumque
694 286 916 329 audissem
941 298 1189 328 sermonem
1212 284 1362 340 istum,
1388 283 1500 327 scidi
1527 282 1714 340 pallium
1740 296 1888 324 meum
1913 289 1957 323 01
1981 284 2180 323 tunicam
2200 296 2211 334 ;

378 355 419 393 et
454 346 583 391 evelli
617 345 800 402 capillos
831 344 989 401 capitis
1019 342 1126 398 mei,
1161 348 1205 386 et
1233 343 1406 399 barbae,
1441 348 1483 386 01
1509 341 1602 385 sedi
1635 354 1840 383 moerens.
1866 338 1883 365 '⁴
1901 339 2212 382 Convenerunt

377 412 527 451 autem
551 405 608 448 ad
634 419 704 447 me
733 418 884 447 omnes
911 402 984 459 qui
1010 402 1230 445 timebant
1254 402 1439 445 verbum
1466 401 1549 444 Dei
1576 399 1736 454 Israel,
1760 412 1837 455 pro
1864 398 2214 453 transgressione

378 479 528 509 eorum
565 464 638 520 qui
681 463 733 506 de
771 462 1033 520 captivitate
1073 466 1315 515 venerant3
1356 466 1398 504 et
1441 475 1521 516 ego
1559 459 1769 502 sedebam
1802 456 1941 499 tristis
1978 470 2115 512 usque
2155 456 2212 499 ad

378 523 646 568 sacrificium
667 522 982 579 vespertinum.
1009 521 1026 547 5
1042 521 1099 564 Et
1122 520 1170 562 in
1195 520 1410 564 sacrificio
1433 518 1684 576 vespertino
1707 516 1875 559 surrexi
1900 515 1954 559 de
1975 515 2214 559 afflictione

379 598 504 637 mea,
542 587 605 638 et,
640 582 775 625 scisso
805 580 942 638 pallio
973 585 1016 623 et
1040 579 1212 636 tunica,
1241 579 1422 622 curvavi
1453 592 1597 634 genua
1623 590 1742 633 mea,
1770 581 1813 618 et
1838 574 2031 631 expandi
2057 588 2217 617 manus

379 656 498 686 meas
523 641 580 685 ad
608 640 850 684 Dominum
876 641 1020 682 Deum
1045 653 1214 696 meum,
1241 639 1259 665 6
1276 644 1320 682 01
1342 639 1434 682 dixi
1470 655 1477 682 :

438 703 558 745 Deus
591 715 735 756 010118,
772 698 1035 756 confundor,
1071 703 1114 741 et
1147 698 1356 741 erubesco
1386 698 1534 741 levare
1559 696 1726 740 faciem
1760 709 1906 738 meam
1937 694 1995 738 ad
2020 700 2084 749 te,
2112 707 2216 749 quo-

378 761 499 804 niam
519 760 778 816 iniquitates
801 763 964 802 nostrae
987 757 1299 814 multiplicatae
1322 762 1426 800 sunt
1446 770 1576 813 super
1600 760 1734 812 caput
1755 759 1967 810 nostrum,
1988 758 2032 797 et
2053 751 2216 795 delicta

379 825 527 864 nostra
562 823 794 863 creverunt
828 832 965 874 usque
998 817 1054 860 ad
1082 817 1262 872 caelum,
1290 816 1304 843 7
1328 831 1353 859 a
1381 815 1536 859 diebus
1571 820 1747 872 patrum
1773 818 2037 857 nostrorum.
2064 810 2149 855 Sed
2175 816 2218 854 et

378 894 457 923 008
488 879 575 936 ipsi
608 878 892 936 peccavimus
926 876 1121 933 graviter
1153 890 1291 931 usque
1324 874 1381 918 ad
1416 874 1534 918 diem
1566 875 1711 929 hanc3
1748 878 1792 916 et
1823 873 1869 915 in
1905 869 2218 929 iniquitatibus

378 938 539 982 nostris
560 937 714 981 traditi
743 951 894 979 sumus
919 936 1025 992 ipsi,
1050 940 1093 978 et
1119 949 1243 990 reges
1266 933 1426 988 nostri,
1454 938 1497 976 et
1523 933 1774 976 sacerdotes
1800 932 1939 975 nostri
1963 931 2009 974 in
2036 944 2218 973 manum

379 1012 534 1054 regum
556 1003 792 1051 terrarum,
820 1002 863 1039 et
887 995 933 1038 in
960 994 1182 1050 gladium,
1211 999 1253 1036 et
1278 993 1324 1035 in
1349 992 1678 1049 captivitatem,
1710 998 1753 1035 et
1777 991 1824 1033 in
1852 991 2077 1048 rapinam,
2101 994 2144 1032 et
2170 988 2218 1031 in

380 1056 689 1101 confusionem
719 1055 889 1110 vultus,
920 1054 1035 1097 sicut
1061 1059 1104 1096 et
1134 1053 1205 1096 die
1232 1053 1331 1095 hac.
1361 1051 1378 1078 8
1398 1053 1455 1094 Et
1487 1065 1605 1094 nunc
1632 1050 1756 1106 quasi
1782 1065 1939 1107 parum
1972 1055 2015 1094 et
2040 1049 2097 1092 ad
2127 1062 2218 1091 mo-

379 1121 579 1161 mentum
607 1115 732 1158 10010
758 1119 824 1157 081
847 1112 1098 1170 deprecatio
1133 1117 1283 1155 nostra
1316 1110 1435 1168 apud
1463 1110 1705 1153 Dominum
1740 1110 1885 1152 Deum
1916 1115 2136 1164 nostrum,
2169 1113 2219 1150 ut

381 1175 708 1219 dimitterentur
745 1173 871 1216 nobis
904 1171 1126 1227 reliquiae,
1172 1176 1215 1214 et
1252 1170 1430 1213 daretur
1462 1169 1589 1212 nobis
1623 1168 1816 1226 paxillus
1852 1169 1899 1211 in
1932 1168 2027 1211 loco
2064 1172 2220 1211 sancto

381 1235 497 1290 ejus,
541 1239 583 1277 et
615 1232 889 1275 illuminaret
926 1231 1075 1274 oculos
1112 1235 1284 1273 nostros
1318 1230 1438 1272 Deus
1481 1233 1641 1285 noster,
1681 1233 1724 1271 et
1765 1227 1890 1271 daret
1922 1227 2049 1271 nobis
2079 1226 2219 1270 vitam

381 1293 603 1336 modicam
634 1292 681 1334 in
710 1291 922 1334 servitute
955 1295 1132 1344 110811ος
1165 1289 1182 1315 9
1200 1289 1303 1346 (11110
1338 1288 1452 1332 servi
1482 1302 1655 1344 sumus,
1686 1293 1729 1331 et
1757 1287 1804 1330 in
1829 1286 2043 1331 servitute
2071 1289 2220 1330 nostra

381 1367 468 1396 non
499 1350 733 1407 dereliquit
761 1364 840 1393 nos
875 1350 994 1393 Deus
1024 1355 1199 1404 noster3
1235 1348 1312 1392 sed
1341 1347 1579 1391 inclinavit
1603 1361 1734 1404 super
1765 1361 1845 1390 nos
1870 1345 2221 1390 misericordiam

382 1426 530 1455 coram
558 1425 661 1466 rege
690 1411 946 1465 Persarum,
973 1414 1023 1452 ut
1057 1409 1180 1451 daret
1210 1407 1337 1451 nobis
1371 1407 1532 1463 vitam,
1560 1412 1603 1451 et
1635 1406 1897 1450 sublimaret
1926 1406 2108 1449 domum
2137 1403 2220 1447 Dei

381 1470 540 1526 nostri,
567 1475 611 1513 et
636 1473 879 1513 exstrueret
904 1468 1167 1512 solitudines
1190 1467 1307 1523 ejus,
1335 1472 1378 1510 et
1406 1466 1530 1510 daret
1555 1466 1682 1509 nobis
1701 1480 1850 1522 sepem
1867 1466 1913 1508 in
1932 1466 1961 1509 J
1965 1465 2052 1508 uda
2078 1469 2122 1508 et
2146 1464 2221 1507 Je-

381 1530 587 1573 rusalem.
616 1528 651 1555 10
668 1530 725 1572 Ε1
751 1542 869 1571 01100
898 1527 1003 1584 quid
1031 1527 1241 1582 dicemus,
1270 1527 1390 1570 Deus
1412 1531 1571 1581 noster,
1591 1531 1691 1582 post
1707 1524 1838 1568 haec?
1865 1524 1968 1581 quia
1987 1523 2220 1579 dereliqui-

382 1604 480 1632 mus
495 1588 705 1631 mandata
720 1593 810 1643 tua,
828 1586 860 1612 11
875 1602 972 1642 quae
986 1586 1234 1644 praecepisti
1251 1586 1296 1628 in
1313 1600 1447 1628 manu
1462 1599 1688 1628 servorum
1703 1590 1879 1627 tuorum
1893 1584 2219 1641 prophetarum,

385 1648 535 1692 dicens
558 1664 567 1691 ε
587 1647 721 1691 Το1·1·0
739 1646 795 1689 ad
816 1661 947 1702 quam
966 1660 1044 1689 vos
1062 1644 1363 1701 ingredimini,
1380 1649 1429 1687 ut
1447 1644 1710 1700 possideatis
1730 1658 1840 1699 eam,
1857 1649 1972 1687 terra
1989 1641 2220 1685 immunda

386 1713 470 1763 est,
501 1707 629 1763 juxta
655 1706 988 1748 immunditiam
1014 1704 1275 1762 populorum
1303 1710 1634 1759 ceterarumque
1663 1708 1898 1758 terrarum,
1928 1700 2221 1745 abominatio-

384 1767 514 1810 nibus
541 1780 690 1809 eorum
710 1765 782 1821 qui
804 1764 1086 1821 repleverunt
1104 1778 1201 1807 eam
1219 1763 1275 1806 ab
1296 1777 1368 1806 ore
1387 1777 1523 1818 usque
1543 1762 1599 1805 ad
1617 1777 1664 1806 08
1684 1762 1731 1804 10
1751 1761 2111 1817 coinquinatione
2128 1775 2220 1804 sua.

386 1825 422 1852 1⁸2
440 1827 570 1869 Nunc
601 1839 702 1880 ergo
736 1824 850 1867 filias
880 1829 1047 1867 vestras
1070 1837 1125 1866 ne
1151 1823 1264 1866 det-is
1290 1822 1392 1864 filiis
1427 1836 1597 1878 eorum,
1629 1827 1672 1865 et
1704 1821 1818 1863 filias
1844 1835 1994 1864 eorum
2026 1834 2082 1863 ne
2105 1820 2222 1863 acci-

385 1885 517 1943 piatis
546 1884 648 1927 filiis
682 1883 859 1939 vestris,
887 1888 930 1926 01
951 1897 1038 1926 000
1065 1882 1272 1938 (1110010118
1299 1896 1454 1938 pacem
1477 1895 1627 1924 eorum
1649 1885 1692 1923 et
1713 1879 2049 1937 prosperitatem
2073 1893 2222 1923 eorum

386 1959 522 2000 usque
547 1944 591 1986 in
616 1949 842 1998 aeternum,
870 1947 918 1985 ut
945 1940 1272 1997 confortemini,
1297 1946 1340 1984 et
1366 1939 1608 1983 comedatis
1633 1954 1730 1995 quae
1756 1939 1873 1982 bona
1894 1944 1998 1981 sunt
2019 1944 2160 1994 terrae,
2181 1944 2224 1980 et

385 2004 566 2046 heredes
603 2002 804 2045 habeatis
838 2002 950 2044 filios
985 2006 1152 2044 vestros
1178 2014 1316 2056 usque
1348 1999 1395 2042 in
1426 1999 1653 2042 8000111001.
1682 1997 1717 2024 13
1735 1999 1793 2041 Ε1
1818 2002 1916 2055 post
1945 1997 2094 2041 omnia
2127 2011 2224 2053 quae

386 2067 601 2106 venerunt
640 2075 770 2118 super
806 2075 884 2104 nos
920 2060 967 2103 in
1002 2060 1205 2117 operibus
1238 2058 1399 2102 nostris
1442 2057 1666 2115 pessimis,
1705 2061 1748 2101 et
1783 2056 1830 2099 in
1876 2056 2038 2100 delicto
2074 2062 2223 2100 nostro

386 2135 569 2178 magno,
594 2121 695 2177 quia
717 2126 785 2175 111,
814 2121 933 2163 Deus
959 2124 1120 2175 noster,
1144 2118 1343 2162 liberasti
1366 2132 1445 2161 nos
1468 2118 1522 2161 de
1546 2117 1782 2173 iniquitate
1803 2121 1974 2172 nostra,
1998 2121 2041 2159 et
2063 2115 2224 2159 dedisti

386 2180 512 2224 nobis
542 2180 732 2223 salutem
757 2179 872 2222 sicut
906 2184 971 2222 est
1000 2178 1152 2235 hodie,
1181 2178 1217 2204 ¹4
1234 2183 1284 2220 ut
1308 2192 1396 2221 non
1427 2182 1795 2233 converteremur,
1831 2181 1874 2219 et
1901 2175 2027 2218 irrita
2055 2175 2224 2218 facere-

387 2254 485 2282 mus
512 2239 723 2282 mandata
754 2244 851 2292 tua,
874 2252 1016 2294 neque
1037 2237 1322 2280 matrimonia
1347 2237 1635 2294 jungeremus
1662 2251 1763 2279 cum
1792 2235 1967 2292 populis
1996 2234 2226 2278 abomina-

387 2299 558 2342 tionum
589 2298 789 2341 istarum.
821 2297 1048 2353 Numquid
1082 2297 1220 2340 iratus
1259 2311 1303 2340 es
1340 2296 1467 2339 nobis
1505 2310 1643 2352 usque
1666 2295 1739 2338 ›ad
1774 2293 2223 2350 consummationem,

387 2372 443 2401 ne
476 2357 721 2401 dimitteres
748 2357 873 2400 nobis
898 2356 1108 2412 reliquias
1134 2356 1191 2399 ad
1218 2355 1442 2400 salutem?
1470 2355 1505 2382 ¹5
1523 2354 1727 2410 Domine,
1756 2355 1874 2398 Deus
1900 2353 2053 2409 Israel,
2080 2353 2224 2409 justus

388 2431 432 2460 es
457 2423 518 2473 tu,
542 2416 749 2473 quoniam
776 2415 975 2459 derelicti
1001 2430 1165 2472 sumus,
1187 2416 1260 2472 qui
1287 2415 1560 2458 salvaremur
1580 2414 1696 2457 sicut
1722 2413 1793 2457 die
1817 2413 1914 2456 hac.
1935 2414 2052 2456 Ecce
2078 2426 2226 2456 coram

387 2482 431 2519 te
455 2490 605 2519 sumus
629 2475 676 2518 in
703 2475 864 2518 delicto
890 2480 1067 2530 nostro3
1095 2490 1183 2519 non
1210 2475 1329 2519 enim
1351 2475 1457 2517 stari
1479 2479 1624 2531 potest
1654 2487 1802 2517 coram
1823 2477 1867 2515 te
1888 2486 2018 2529 super
2039 2471 2136 2515 hoc.

448 2536 556 2578 CAP.
579 2536 634 2578 X.
656 2561 715 2566 —
740 2534 753 2560 1
778 2535 848 2578 Sic
871 2549 974 2590 ergo
997 2540 1149 2578 orante
1175 2534 1338 2590 Esdra,
1369 2540 1412 2577 et
1435 2533 1702 2590 implorante
1731 2546 1801 2588 eo,
1833 2537 1876 2574 et
1903 2530 2057 2586 flente,
2089 2536 2132 2574 et
2160 2530 2224 2586 ja*

390 2600 515 2638 cente
544 2600 647 2638 ante
676 2594 893 2650 templum
923 2594 1027 2650 Dei,
1059 2594 1270 2637 collectus
1301 2599 1366 2637 est
1394 2593 1451 2636 ad
1485 2607 1585 2636 eum
1615 2592 1669 2635 de
1697 2591 1836 2634 Israel
1867 2596 2007 2634 coetus
2045 2590 2225 2646 grandis

389 2653 521 2696 nimis
547 2653 762 2709 virorum,
786 2658 828 2696 et
850 2654 1105 2709 mulierum,
1133 2658 1176 2696 et
1201 2667 1455 2710 puerorum,
1486 2657 1530 2695 et
1561 2651 1685 2695 flevit
1713 2649 1901 2708 populus
1931 2649 2037 2693 fletu
2071 2649 2225 2693 multo.

389 2712 486 2767 2Et
506 2712 733 2769 respondit
769 2712 1026 2769 Sechenias,
1056 2713 1173 2755 filius
1207 2712 1354 2755 Jehiel
1385 2712 1438 2755 de
1470 2711 1572 2754 filiis
1603 2710 1775 2766 AElam,
1807 2714 1850 2752 et
1883 2709 1997 2752 dixit
2030 2708 2185 2751 Esdrae
2217 2725 2227 2752 :

389 2772 481 2815 Nos
506 2772 786 2829 praevaricati
808 2786 960 2814 sumus
980 2772 1026 2814 in
1051 2773 1195 2815 Deum
1216 2777 1437 2827 nostrum,
1465 2776 1507 2814 et
1537 2770 1744 2813 duximus
1766 2782 1922 2811 uxores
1952 2767 2227 2823 alienigenas

390 2831 444 2874 de
465 2830 639 2888 populis
665 2836 815 2885 terrae,
844 2836 888 2874 et
908 2845 1046 2887 nunc,
1070 2831 1106 2874 si
1129 2836 1194 2874 est
1215 2830 1480 2887 poenitentia
1500 2829 1547 2872 in
1575 2829 1714 2872 Israel
1743 2841 1873 2884 super
1901 2827 2005 2882 hoc,
2036 2826 2053 2852 3
2074 2841 2225 2883 percu-

389 2890 553 2933 tiamus
578 2890 728 2932 foedus
752 2905 852 2933 cum
876 2891 1066 2934 Domino
1095 2891 1187 2933 Deo
1210 2896 1379 2946 nostro,
1407 2895 1456 2932 ut
1477 2888 1762 2946 projiciamus
1793 2886 2021 2929 universas
2047 2900 2225 2940 uxores,

390 2955 433 2992 et
458 2963 530 2992 eos
554 2949 626 3005 qui
650 2949 703 2992 de
724 2949 792 2991 1118
815 2949 907 2991 0011
934 2955 1048 3005 sunt,
1072 2949 1201 3005 juxta
1222 2950 1500 2992 voluntatem
1523 2947 1716 3002 Domini,
1740 2951 1783 2989 et
1805 2959 1955 2989 eorum
1977 2945 2050 3001 qui
2069 2945 2227 2988 timent

390 3014 662 3065 praeceptum
689 3008 868 3051 Domini
899 3009 981 3051 Dei
1015 3008 1173 3064 nostri,
1204 3008 1450 3052 secundum
1483 3008 1627 3062 legem
1659 3006 1748 3048 fiat.
1775 3004 1792 3031 4
1819 3005 1983 3059 Surge:
2014 3010 2140 3046 1111101
2163 3010 2228 3047 est

391 3067 647 3117 decernere;
676 3081 841 3121 nosque
868 3067 1029 3110 erimus
1051 3074 1212 3110 tecum.
1245 3068 1526 3122 Confortare,
1551 3071 1593 3108 et
1625 3065 1715 3107 fac.
1747 3064 1764 3091 ⁵
1788 3063 1984 3108 Surrexit
2014 3077 2116 3118 ergo
2148 3063 2227 3105 Es-

392 3126 513 3182 dras,
537 3131 579 3169 et
601 3125 827 3181 adjuravit
849 3126 1068 3183 principes
1091 3127 1371 3170 sacerdotum
1393 3131 1436 3169 et
1446 3121 1709 3179 levitarum,
1733 3128 1776 3166 et
1797 3136 1973 3165 omnem
1996 3122 2156 3177 Israel,
2180 3128 2228 3164 ut

391 3185 593 3228 facerent
615 3184 859 3227 secundum
882 3185 1064 3227 verbum
1087 3185 1193 3240 hoc;
1219 3191 1262 3229 et
1283 3186 1557 3241 juraverunt.

451 3244 468 3271 ⁶
493 3244 552 3287 Et
572 3243 762 3287 surrexit
784 3243 947 3286 Esdras
973 3250 1076 3287 ante
1099 3244 1280 3287 domum
1306 3244 1410 3300 Dei,
1434 3249 1476 3287 et
1500 3243 1612 3286 abiit
1632 3242 1688 3285 ad
1713 3241 1968 3284 cubiculum
1995 3242 2022 3284 J
2027 3241 2228 3297 01101100,

391 3303 471 3346 filii
491 3302 676 3357 Eliasib,
693 3307 736 3345 et
756 3302 980 3357 ingressus
1000 3309 1065 3345 est
1082 3303 1189 3345 illuc
1206 3321 1214 3358 3
1235 3317 1396 3359 panem
1414 3317 1501 3346 non
1521 3301 1725 3357 comedit,
1742 3306 1785 3343 et
1802 3315 1963 3356 aquam
1982 3314 2068 3343 non
2087 3299 2224 3353 bibit;

392 3362 576 3418 lugebat
609 3361 727 3405 enim
763 3361 1158 3415 transgressionem
1192 3376 1339 3405 eorum
1371 3362 1444 3418 qui
1478 3365 1690 3404 venerant
1719 3359 1773 3402 de
1811 3359 2088 3416 captivitate.
2125 3357 2138 3384 ⁷
2169 3358 2228 3400 Et

393 3421 527 3463 missa
549 3427 615 3465 est
639 3435 726 3464 vox
746 3420 792 3462 in
816 3420 843 3463 J
848 3420 935 3462 uda
959 3425 1001 3463 et
1021 3420 1067 3462 in
1090 3421 1359 3477 Jerusalem,
1383 3419 1587 3464 omnibus
1609 3419 1712 3462 filiis
1738 3417 2155 3473 transmigrationis,
2179 3422 2228 3459 ut

395 3485 769 3535 congregarentur
789 3479 835 3521 in
858 3479 1129 3534 Jerusalenr:
1155 3480 1171 3505 ⁸
1194 3485 1236 3522 et
1261 3479 1403 3523 omnis
1430 3478 1504 3535 qui
1527 3491 1614 3521 non
1636 3477 1806 3520 venerit
1826 3477 1871 3521 in
1894 3477 2034 3519 tribus
2058 3475 2229 3531 diebus,

396 3625 444 3658 12]
463 3625 560 3652 Dent.
579 3626 657 3660 VII,
679 3628 705 3653 3.
