2423 3861
415 146 500 188 722
1033 144 1132 186 SAP.
1166 145 1255 197 xi,
1287 143 1314 184 3
1349 170 1406 175 -
1438 145 1553 198 ΧΠ,
1587 145 1626 187 9.

413 332 549 360 casas.
578 317 594 342 3
621 317 847 358 Steterunt
873 318 1025 356 contra
1048 314 1217 367 hostes,
1241 317 1286 355 et
1312 313 1364 355 de
1390 313 1585 355 inimicis
1618 328 1663 357 se
1693 313 2046 360 vindicaverunt.
2074 315 2091 341 ’1
2117 316 2244 359 Sitie-

411 383 532 429 runt,
557 380 599 417 et
621 375 942 415 invocaverunt
967 377 1034 426 te3
1060 377 1104 414 et
1130 372 1234 414 data
1259 377 1326 414 cst
1351 371 1438 414 illis
1464 386 1578 427 aqua
1613 372 1666 415 de
1692 377 1817 429 petra
1847 373 2085 430 altissima,
2115 380 2159 418 et
2179 389 2243 418 rc-

412 434 532 489 quies
558 432 653 475 sitis
679 432 733 475 de
754 431 904 488 lapide
926 431 1047 474 duro.
2077 444 2081 451 *

574 557 595 609 ξ
630 554 691 596 ΙΙ.
713 579 773 586 ——
798 553 1038 595 Mdv-abizza
1052 567 1136 608 per
1156 553 1420 608 sapientiam
1445 559 1625 608 operata.
1647 559 1798 596 contra
1818 554 1908 596 Dei
1930 554 2079 597 hostes.

149 679 241 708 nitio
259 680 298 727 ‹ie
469 670 485 696 5
507 671 592 712 Per
616 684 713 724 quae
740 668 857 711 enim
890 682 1045 724 poenas
1078 667 1197 724 passi
1230 673 1333 710 sunt
1366 667 1535 710 inimici
1570 668 1747 711 illorum
1776 683 1802 710 a
1832 668 2086 712 defectione
2121 675 2248 725 potus

134 725 312 757 ‘Egypfflffl
408 730 496 782 sui,
525 734 569 771 et
590 728 636 770 in
659 728 721 770 eis
749 742 849 770 cum
873 727 1153 770 abundarent
1176 726 1255 769 filii
1279 727 1417 769 Israel
1444 727 1585 770 laetati
1611 732 1734 783 sunt,
1755 727 1772 754 6
1797 742 1874 784 per
1898 728 2017 783 haec‚
2038 742 2136 771 cuni
2161 729 2250 771 illis

409 789 634 842 deessent,
661 787 773 830 bene
801 801 901 829 cum
923 786 1013 828 illis
1040 792 1189 828 actum
1217 792 1295 829 est.
1323 786 1337 812 ⁷
1364 787 1482 829 Nam
1507 801 1585 843 pro
1619 787 1746 830 fonte
1782 787 1960 842 quidem
1987 787 2249 844 sempiterni

408 847 618 902 fluminis,
645 847 891 889 humanum
914 846 1179 901 sanguinem
1203 846 1365 888 dedisti
1388 846 1581 901 injustis.
1601 846 1618 872 8
1640 846 1721 896 Qui
1749 861 1850 888 cum
1876 846 2179 890 minuerentur
2202 848 2249 890 in

408 907 688 950 traductione
711 905 956 948 infantium
983 905 1247 960 occisorum,
1276 905 1438 948 dedisti
1460 905 1549 948 illis
1582 905 1886 948 abundantem
1916 921 2079 962 aquam
2100 906 2248 963 inspe-

407 972 522 1017 rate,
551 966 568 991 9
587 965 822 1008 ostendens
844 979 921 1021 per
947 964 1088 1020 sitini,
1116 978 1214 1019 quae
1240 969 1347 1007 tunc
1366 965 1475 1020 fuit,
1497 965 1871 1020 quemadmodum
1896 969 1994 1008 tuos
2014 966 2248 1021 exaltares,

405 1032 448 1071 et
469 1025 745 1070 adversarios
767 1025 946 1069 illorum
971 1039 1167 1068 necares.
1187 1024 1345 1068 meum
1375 1024 1495 1067 enim
1529 1024 1689 1067 tentati
1716 1030 1839 1081 sunt,
1863 1031 1907 1069 et
1941 1025 2122 1082 quidem
2145 1037 2250 1068 'cum

402 1087 705 1131 misericordia
740 1086 1023 1142 disciplinam
1067 1084 1359 1141 accipientes,
1403 1084 1599 1127 scierunt
1636 1085 2012 1140 quemadmodum
2047 1100 2148 1128 cum
2180 1086 2246 1128 ira

401 1146 593 1204 judicati
616 1145 740 1202 impii
763 1150 985 1187 tormenta
1009 1149 1279 1200 paterentur.
1309 1143 1341 1169 11
1365 1145 1459 1186 Hos
1478 1144 1658 1200 quidem
1680 1150 1894 1200 tanquam
1917 1150 2043 1201 pater
2060 1159 2245 1188 monens

402 1206 625 1263 probasti,
650 1205 751 1248 illos
777 1209 927 1247 autem
950 1208 1164 1259 tanquam
1192 1203 1324 1246 durus
1347 1218 1424 1246 rex
1446 1203 1724 1259 interrogans
1748 1204 2070 1247 condemnasti.
2095 1203 2131 1230 ¹2
2153 1204 2245 1247 Ab·

402 1271 549 1309 sentes
572 1265 711 1319 enim,
744 1269 788 1306 et
816 1268 1081 1320 praesentes,
1113 1263 1319 1305 similiter
1352 1263 1685 1319 torquebantur.
1718 1263 1754 1289 13
1784 1263 1960 1320 Duplex
1994 1263 2111 1307 enim
2145 1263 2246 1307 illos

401 1330 635 1381 acceperat
662 1323 845 1366 taedium
867 1328 911 1365 et
933 1323 1146 1378 gemitus,
1172 1337 1273 1364 cum
1309 1323 1522 1365 memoria
1551 1322 1891 1379 praeteritorum.
1928 1322 1962 1348 14
1985 1323 2096 1366 Cum
2126 1323 2245 1366 enim

402 1385 609 1428 audirent
635 1398 710 1440 per
736 1398 815 1425 sua
836 1388 1058 1425 tormenta
1078 1382 1191 1424 bene
1215 1396 1366 1425 secum
1388 1382 1484 1438 agi,
1509 1382 1844 1425 commemorati
1866 1387 1969 1425 sunt
1989 1382 2244 1437 Dominum,

401 1444 674 1487 admirantes
699 1443 746 1485 in
772 1443 904 1485 finem
924 1441 1082 1485 exitus.
1111 1441 1146 1467 15
1165 1441 1305 1492 Quem
1325 1442 1444 1485 enim
1468 1442 1515 1484 in
1538 1442 1813 1498 expositione
1836 1457 1973 1498 prava
1996 1442 2247 1499 projectum

402 1503 670 1559 deriserunt,
698 1503 742 1544 in
769 1502 903 1545 finem
925 1506 1109 1544 eventus
1134 1501 1283 1544 mirati
1309 1507 1432 1557 sunt,
1458 1516 1545 1544 non
1569 1501 1775 1544 similiter
1798 1501 1929 1557 justis
1955 1502 2170 1545 sitientes

474 1563 509 1589 '¹³²'
533 1564 616 1605 Pro
636 1561 981 1618 cogitationibus
1001 1566 1150 1604 autem
1174 1561 1410 1604 insensatis
1433 1560 1682 1616 iniquitatis
1707 1560 1907 1616 illorum.
1927 1561 2042 1617 quod
2066 1562 2246 1617 quidam

402 1628 599 1667 errantes
630 1621 838 1665 colebant
868 1625 1012 1663 mutos
1038 1625 1264 1677 serpentes
1296 1626 1339 1663 et
1368 1620 1534 1663 bestias
1565 1634 1881 1676 supervacuas,
1904 1620 2131 1664 immisisti
2157 1620 2246 1664 illis

403 1682 739 1725 multitudinem
768 1686 991 1723 mutorum
1021 1679 1285 1722 animalium
1318 1680 1365 1723 in
1390 1679 1664 1735 vindictam3
1699 1679 1732 1705 '¹7
1759 1685 1808 1722 ut
1842 1680 2005 1723 scirent
2037 1680 2140 1736 quia
2168 1695 2247 1736 per

403 1757 500 1798 quae
537 1746 695 1798 peccat
733 1739 851 1796 quis,
886 1754 962 1796 per
991 1740 1088 1782 haec
1122 1744 1165 1781 et
1198 1744 1438 1795 torquetur.
1474 1738 1505 1765 ¹8
1542 1740 1642 1782 Non
1676 1739 1795 1782 enim
1828 1739 2115 1796 impossibilis
2152 1746 2246 1782 erat

404 1802 683 1858 omnipotens
709 1814 865 1842 manus
900 1804 997 1853 tua,
1025 1814 1122 1854 quae
1152 1800 1320 1841 creavit
1357 1799 1508 1841 orbem
1542 1803 1758 1841 terrarum
1785 1813 1840 1841 ex
1864 1799 2053 1841 materia
2078 1798 2244 1854 invisa,

403 1861 645 1903 immittere
683 1859 772 1901 illis
804 1858 1138 1901 multitudinem
1172 1873 1393 1913 ursorum,
1428 1863 1505 1900 aut
1537 1858 1730 1900 audaces
1763 1858 1933 1913 leones,
1966 1857 2001 1884 19
2033 1862 2111 1900 aut
2142 1859 2247 1901 novi

403 1920 579 1977 generis
610 1919 673 1961 ira
704 1918 859 1975 plenas
895 1917 1073 1973 ignotas
1106 1917 1292 1972 bestias,
1328 1922 1406 1960 aut
1438 1931 1649 1974 vaporem
1686 1916 1860 1973 ignium
1893 1917 2132 1974 spirantes,
2170 1922 2248 1960 aut

403 1980 518 2022 fumi
545 1979 724 2022 odorem
757 1978 1056 2035 proferentes,
1084 1982 1160 2020 aut
1190 1977 1431 2020 horrendas
1461 1977 1517 2019 ab
1550 1976 1688 2019 oculis
1719 1975 1937 2020 scintillas
1964 1976 2246 2032 emittentes;

404 2039 441 2065 ‘20
465 2054 650 2096 quarum
683 2053 771 2081 non
804 2037 947 2080 solum
981 2037 1138 2079 laesura
1172 2042 1347 2093 poterat
1374 2037 1474 2080 illos
1510 2036 1831 2092 exterminare,
1858 2036 1934 2079 sed
1968 2041 2013 2080 et
2041 2041 2247 2093 aspectus

402 2114 479 2156 per
504 2099 709 2142 timorem
739 2097 952 2140 occidere.
976 2095 1010 2122 21
1040 2096 1124 2140 Sed
1152 2102 1195 2139 et
1224 2096 1317 2139 sine
1343 2097 1412 2138 his
1436 2111 1521 2139 uno
1547 2095 1704 2152 spiritu
1730 2100 1937 2152 poterant
1959 2095 2123 2151 occidi,
2150 2110 2246 2153 per-

403 2158 677 2202 secutionem
700 2157 818 2214 passi
841 2157 897 2199 ab
918 2156 1026 2213 ipsis
1045 2156 1182 2199 factis
1204 2156 1315 2211 suis,
1336 2161 1379 2199 et
1407 2155 1594 2213 dispersi
1617 2169 1694 2212 per
1711 2155 1916 2211 spiritum
1935 2154 2112 2198 virtutis
2130 2161 2243 2210 tuae3

403 2219 479 2262 sed
498 2217 648 2262 omnia
667 2218 715 2260 in
737 2231 963 2271 mensura,
985 2221 1029 2259 et
1046 2230 1249 2271 numero,
1270 2221 1314 2258 et
1337 2216 1530 2272 pondere
1550 2215 1819 2271 disposuisti.
1847 2214 1884 2240 ‘22
1908 2215 2101 2258 Multum
2127 2215 2247 2258 enim

403 2279 573 2333 valere,
612 2277 693 2320 tibi
736 2276 817 2319 soli
855 2281 1081 2332 supererat
1119 2290 1318 2331 semper,
1349 2282 1393 2318 et
1426 2275 1580 2322 virtuti
1614 2274 1783 2317 brachii
1813 2274 1878 2317 tui
1911 2275 2008 2330 quis
2041 2274 2245 2318 resistet?

404 2337 441 2364 ‘23
462 2338 681 2388 Quoniam
713 2343 926 2391 tanquam
952 2340 1228 2378 momentum
1259 2340 1458 2389 staterae,
1483 2335 1545 2377 sic
1578 2340 1644 2377 est
1669 2339 1772 2376 ante
1799 2339 1841 2377 te
1865 2334 1981 2377 orbis
2009 2338 2244 2390 terrarum,

404 2404 448 2442 et
470 2404 682 2453 tanquam
711 2400 838 2453 gutta
870 2395 978 2438 roris
1004 2395 1260 2438 antelucani
1292 2409 1389 2450 quae
1419 2394 1649 2437 descendit
1672 2394 1719 2436 in
1745 2398 1922 2436 terram.
1949 2392 1986 2419 ‘24
2009 2394 2093 2437 Sed
2115 2393 2246 2436 mise-

404 2458 511 2501 reris
537 2457 756 2511 omnium,
776 2455 880 2511 quia
903 2455 1051 2497 omnia
1069 2460 1193 2511 potes
1210 2472 1218 2509 ;
1237 2460 1281 2497 et
1308 2453 1562 2496 dissimulas
1584 2458 1769 2510 peccata
1790 2452 2042 2508 hominum,
2067 2458 2247 2509 propter

403 2516 732 2574 poenitentiam.
756 2514 792 2541 ⁹5
820 2514 983 2570 Diligis
1009 2514 1128 2557 enim
1159 2514 1309 2556 omnia
1332 2528 1430 2569 quae
1458 2517 1580 2569 sunt,
1610 2517 1654 2556 et
1677 2511 1790 2555 nihil
1815 2512 1947 2555 odisti
1970 2526 2121 2555 eorum
2147 2526 2245 2568 quae

404 2576 584 2632 fecisti3
616 2591 697 2619 nec
724 2576 843 2619 enim
874 2574 1026 2617 odiens
1055 2573 1224 2629 aliquid
1252 2572 1547 2628 constituisti,
1569 2577 1647 2615 aut
1672 2571 1836 2614 fecisti.
1864 2570 1901 2597 ‘2⁶
1919 2571 2147 2621 Quomodo
2169 2586 2245 2614 au-

404 2642 495 2679 tem
525 2642 673 2693 posset
702 2634 871 2691 aliquid
901 2648 1180 2691 permanere,
1204 2633 1288 2675 nisi
1318 2637 1368 2675 tu
1393 2632 1641 2675 voluisses?
1668 2636 1746 2673 aut
1771 2630 1887 2686 quod
1913 2645 1939 2673 a
1965 2635 2008 2674 te
2037 2635 2246 2674 vocatum

404 2711 491 2739 non
515 2702 630 2739 esset
648 2692 1010 2738 conservaretur?
1030 2692 1065 2718 ⁹²⁷
1087 2692 1237 2734 Parcis
1256 2696 1405 2735 autem
1428 2692 1646 2746 omnibus,
1670 2690 1879 2746 quoniam
1906 2695 1983 2732 tua
2008 2695 2131 2746 sunt,
2156 2691 2245 2733 Do-

405 2756 545 2811 mine,
569 2755 641 2811 qui
668 2769 792 2797 amas
817 2754 1004 2796 animas.

144 2832 237 2861 uuio
255 2833 295 2861 de
465 2816 571 2861 CAP.
600 2815 708 2857 XII.
730 2839 790 2847 ——-
811 2814 824 2840 1
854 2814 888 2857 O
914 2827 1047 2869 quam
1077 2813 1216 2856 bonus
1247 2819 1290 2856 et
1323 2813 1470 2856 suavis
1504 2818 1589 2869 est,
1626 2811 1835 2866 Domine,
1870 2811 2048 2867 spiritus
2078 2815 2178 2853 tuus
2200 2810 2246 2852 iu

119 2876 320 2905 Chanauaeis.
406 2875 631 2918 omnibus!
659 2873 676 2899 ”²
699 2874 894 2929 Ideoque
917 2887 990 2915 eos
1012 2873 1085 2928 qui
1113 2878 1319 2915 exerrant
1345 2873 1544 2930 part-ibus
1564 2870 1766 2928 corripis,
1802 2876 1846 2912 et
1879 2870 1933 2912 de
1959 2870 2118 2925 quibus
2143 2883 2243 2926 pec-

408 2940 511 2977 cant
545 2934 757 2977 admones
799 2938 842 2976 et
875 2932 1133 2988 alloqueris,
1169 2938 1217 2974 ut
1245 2933 1402 2975 relicta
1435 2931 1607 2974 malitia
1638 2929 1821 2972 credant
1853 2929 1898 2971 in
1936 2934 1999 2985 te,
2040 2929 2243 2972 Domine.

409 2994 425 3020 3
450 2994 557 3037 mos
580 2992 698 3037 enim
720 2992 925 3048 antiquos
950 2991 1272 3034 inhabitatores
1300 2997 1428 3035 terrae
1457 2995 1625 3034 sanctae
1661 2992 1771 3044 tuae,
1814 3002 1922 3044 quos
1956 2988 2244 3043 exhorruisti,

409 3053 426 3080 4
450 3053 660 3109 quoniam
687 3050 871 3095 odibilia
893 3065 1023 3108 opera
1046 3051 1127 3093 tibi
1153 3051 1387 3094 faciebant
1419 3065 1496 3108 per
1524 3048 1820 3093 medicamina
1857 3052 1900 3090 et
1932 3048 2151 3091 sacrificia
2178 3047 2243 3090 in-

408 3113 548 3169 justa,
578 3113 595 3138 5
628 3118 670 3154 et
703 3112 893 3154 tiliorum
934 3125 1109 3153 suorum
1148 3116 1375 3153 necatores
1416 3110 1511 3153 sine
1544 3107 1864 3162 misericordia,
1903 3113 1947 3150 et
1980 3112 2245 3151 comestores

409 3172 628 3215 viscerum
661 3171 911 3225 hominum,
950 3175 995 3214 et
1025 3170 1305 3213 devoratores
1342 3168 1571 3226 sanguinis
1603 3183 1628 3210 a
1662 3167 1808 3210 medio
1839 3171 2116 3210 sacramento
2145 3170 2243 3221 tuo,

410 3232 427 3258 6
456 3236 501 3275 et
533 3236 733 3273 auctores
775 3235 978 3286 parentes
1015 3230 1265 3272 animarum
1303 3229 1687 3286 inauxiliatarum,
1724 3226 1907 3282 perdere
1944 3226 2123 3269 voluisti
2167 3239 2246 3282 per

410 3305 567 3334 manus
600 3294 831 3346 parentum
870 3294 1142 3344 nostrorum,
1179 3289 1193 3314 7
1226 3294 1273 3331 ut
1306 3289 1490 3345 dignam
1525 3286 1803 3343 perciperent
1843 3285 2244 3343 peregrinationem

410 3364 644 3408 puerorum
671 3348 774 3399 Dei,
805 3363 902 3404 quae
929 3349 1009 3390 tibi
1037 3349 1235 3391 omnium
1262 3348 1434 3391 charior
1459 3351 1527 3390 est
1551 3351 1681 3390 terra.
1713 3346 1729 3372 8
1753 3346 1837 3390 Sed
1865 3351 1908 3389 et
1939 3346 2006 3388 his
2031 3351 2244 3402 tanquam

411 3410 664 3453 hominibus
697 3408 954 3465 pepercisti,
997 3413 1040 3450 et
1073 3409 1231 3450 misisti
1273 3413 1572 3450 antecessores
1606 3406 1825 3449 exercitus
1870 3406 1934 3448 tui
1971 3419 2153 3462 vespas,
2195 3408 2244 3446 ut

410 3470 509 3512 illos
532 3468 748 3526 paulatim
772 3467 1130 3510 exterminarent..
1159 3468 1174 3493 ‘³
1198 3469 1238 3510 N
1243 3482 1297 3510 on
1324 3467 1425 3522 quia
1450 3466 1670 3521 impotens
1692 3480 1787 3508 eras
1811 3466 1858 3508 in
1880 3465 1998 3508 bello
2022 3464 2243 3520 subjicere

414 3632 443 3663 3]
462 3631 522 3658 Ex.
541 3630 650 3663 XVII,
676 3632 716 3656 13.
738 3644 772 3647 —
796 3628 1146 3662 4]N11111.XX.11.—
1173 3630 1214 3653 ιη’
1237 3626 1301 3654 inf.
1322 3626 1516 3659 X11,24.—
1538 3624 1582 3657 ls]
1607 3624 1684 3652 Lev.
1705 3623 1838 3659 XXVI,
1856 3623 1986 3651 22.111f.
2012 3623 2112 3658 XVI,
2130 3625 2155 3652 1.
2173 3623 2243 3652 Jcr.

414 3675 580 3709 v111,17.
603 3688 635 3692 —
661 3672 929 3706 3]Deut.1X,·.·
952 3676 985 3698 cn
1010 3671 1196 3705 >;11,«ι
1231 3670 1365 3703 svm,
1390 3671 1431 3697 12.
