2423 3861
598 139 700 183 JER.
736 139 940 194 XXVII,
975 139 1001 181 2
1032 164 1091 171 —
1122 137 1352 191 XXVIII,
1385 138 1427 180 3.
1841 134 1926 177 875

159 312 178 339 2
195 313 309 355 Haec
332 312 442 355 dicit
470 312 684 355 Dominus
707 311 761 353 ad
789 325 859 354 me
889 327 897 354 :
926 311 1015 353 Fac
1038 309 1120 352 tibi
1142 308 1321 351 vincula
1343 312 1386 351 et
1409 312 1601 362 catenas,
1629 310 1673 350 et
1693 319 1830 362 pones
1853 320 1925 349 eas

99 372 145 415 in
175 371 288 414 00110
313 376 409 425 1110,
440 372 457 398 ³
475 377 518 414 01.
544 371 695 414 mittes
728 385 802 413 eas
830 369 886 413 ad
915 383 1065 425 regem
1095 368 1256 423 Edoni,
1283 373 1327 411 et
1348 367 1404 409 ad
1436 381 1586 422 regem
1617 365 1770 420 Moab,
1801 369 1845 408 et
1869 364 1924 407 ad

98 444 249 487 regem
276 430 464 473 filiorum
491 432 698 485 Ammon,
719 435 761 472 et
783 429 838 471 ad
863 443 1013 485 regem
1036 427 1154 484 Tyri,
1187 434 1230 470 et
1250 427 1307 470 ad
1332 440 1480 482 regem
1506 424 1691 481 Sidonis,
1717 424 1765 466 in
1790 438 1925 466 manu

98 489 353 532 nuntiorum
379 490 454 545 qui
479 494 695 533 venerunt
721 489 970 531 Jerusalem
995 487 1051 530 ad
1078 487 1329 540 Sedeciam,
1355 499 1504 539 regem
1534 485 1562 528 J
1568 484 1674 539 uda,
1701 483 1717 510 4
1739 488 1783 526 et
1815 497 1925 539 111·εο-

98 548 235 605 0111100
258 549 320 592 010
343 554 391 592 ut
412 549 467 592 ad
492 549 693 591 dominos
717 562 816 590 suos
840 548 1074 602 loquantur
1097 562 1107 590 :
1132 547 1244 588 Haec
1265 545 1375 587 dicit
1398 543 1614 586 Dominus
1636 543 1923 597 exercituum,

100 610 219 651 Dens
253 608 392 651 Israel
426 625 434 652 :
471 610 584 651 Ha‘c
615 607 772 650 dicetis
806 607 861 649 ad
899 605 1097 648 dominos
1132 610 1299 647 vestros
1329 621 1339 648 t
1374 603 1391 629 5
1419 604 1514 655 Ego
1544 603 1632 645 feci
1664 607 1847 657 terram,
1881 606 1926 644 et

98 668 299 710 homines
334 673 378 710 ct
410 668 614 723 jumenta
643 681 741 722 quae
775 670 879 707 sunt
910 679 1040 721 super
1072 663 1238 706 facicm
1270 668 1417 717 tcrrae,
1453 662 1499 704 in
1530 661 1794 704 fortitudine
1827 676 1926 704 mea

99 741 283 782 magna,
311 731 355 769 et
387 727 432 769 in
459 726 640 769 brachio
672 738 769 768 meo
794 729 995 778 extento,
1028 728 1072 766 01
1101 722 1199 765 dedi
1233 736 1331 764 eam
1363 721 1401 764 01
1429 721 1501 776 qui
1525 721 1693 776 placuit
1718 721 1763 762 in
1787 721 1924 763 oculis

99 786 222 828 meis.
249 786 267 811 ὓ
287 787 342 828 Et
368 799 484 828 nunc
507 786 655 840 itaque
680 798 762 840 ego
789 783 889 826 dedi
917 797 1068 825 omncs
1094 787 1230 824 terras
1260 781 1368 823 istas
1395 780 1439 822 in
1467 794 1600 821 manu
1630 779 1925 822 Nabuchodo-

98 858 237 899 nosor,
273 845 390 900 regis
427 844 690 900 Babylonis,
726 842 839 886 servi
873 841 990 896 mei;
1023 841 1202 896 insuper
1232 846 1276 883 et
1309 840 1472 882 bestias
1509 839 1603 893 agri
1643 839 1743 881 dedi
1779 839 1839 894 ei,
1879 844 1926 881 ut

97 904 293 946 serviant
319 903 383 945 illi
405 921 413 956 ς
439 903 454 929 ⁷
475 909 517 946 ct
539 903 730 946 servient
756 902 795 944 01
823 915 974 945 01111100
999 905 1168 956 gentes,
1195 903 1238 941 et
1268 899 1358 941 filio
1381 899 1491 954 ejus,
1520 903 1560 940 et
1593 898 1681 940 tilio
1706 898 1786 939 filii
1813 898 1922 953 ejus,

98 962 237 1005 donec
262 963 415 1005 venia-t
439 968 614 1018 tempus
636 967 765 1004 terrae
792 961 890 1016 ejus
911 965 955 1002 ct
979 959 1147 1015 ipsius,
1175 964 1219 1001 et
1244 958 1437 1001 servient
1459 957 1497 999 ei
1525 962 1680 1011 gentes
1706 957 1858 999 multae
1885 961 1926 999 ct

97 1034 222 1077 reges
253 1022 419 1077 magni.
447 1021 463 1047 ⁸
482 1022 601 1065 Gens
631 1026 778 1064 autem
802 1024 846 1062 et
870 1033 1056 1075 regnum
1088 1017 1203 1074 quod
1229 1032 1314 1060 11011
1345 1017 1546 1060 servierit
1573 1015 1926 1058 Nabuchodono-

96 1093 179 1133 sor,
210 1080 303 1135 regi
336 1080 600 1136 Babylonis,
625 1086 669 1123 et
698 1079 961 1135 quicumque
989 1092 1077 1120 non
1105 1076 1355 1120 curvaverit
1377 1076 1540 1119 collum
1567 1089 1693 1118 suum
1715 1074 1796 1117 sub
1818 1074 1927 1130 jugo

95 1139 214 1196 regis
242 1139 497 1196 Babylonis,
519 1140 567 1182 in
589 1140 752 1196 gladio,
784 1143 828 1182 et
853 1138 898 1180 in
924 1139 1059 1193 fame,
1087 1142 1131 1180 et
1155 1136 1202 1179 111
1228 1141 1351 1193 peste
1373 1135 1565 1178 visitabo
1590 1149 1720 1191 super
1748 1138 1927 1189 gentem

97 1198 235 1255 illam,
258 1198 322 1241 ait
346 1199 572 1254 Dominus,
597 1199 737 1242 donec
760 1212 1018 1240 consumam
1041 1211 1114 1240 000
1138 1196 1184 1238 in
1208 1210 1344 1238 manu
1366 1195 1474 1251 ejus.
1502 1194 1519 1220 9
1539 1194 1628 1237 Vos
1650 1207 1768 1249 ergo,
1790 1193 1928 1236 nolite

97 1258 250 1301 audire
290 1259 528 1315 prophetas
567 1264 758 1313 vestros,
803 1263 846 1300 et
887 1257 1082 1312 divinos,
1122 1261 1166 1299 et
1207 1254 1517 1309 somniatores,
1557 1257 1602 1296 et
1637 1266 1846 1308 augures,
1885 1257 1929 1295 et

97 1317 341 1372 maleficos,
369 1317 442 1373 qui
473 1318 627 1361 dicunt
650 1317 778 1360 vobis
808 1332 816 1359 :
846 1317 945 1359 Non
972 1315 1174 1358 servietis
1198 1314 1292 1371 regi
1329 1313 1586 1370 Babylonis.
1614 1311 1650 1338 1⁰
1667 1311 1778 1362 Quia
1808 1325 1927 1354 men-

97 1376 275 1419 dacium
301 1377 568 1433 prophetant
590 1377 729 1431 vobis,
752 1381 801 1418 ut
823 1376 954 1430 longe
977 1389 1054 1417 vos
1079 1374 1254 1416 faciant
1276 1373 1328 1416 de
1353 1377 1467 1416 terra
1491 1377 1650 1426 vestra,
1674 1375 1718 1414 et
1743 1370 1930 1426 ejiciant

96 1449 194 1490 vos,
228 1442 274 1479 et
305 1436 509 1492 pereatis.
538 1435 570 1461 ¹¹
593 1436 727 1478 Porro
760 1449 869 1490 gens
900 1448 998 1489 quae
1029 1433 1271 1488 subjecerit
1304 1431 1523 1475 cervicem
1555 1445 1682 1474 suam
1711 1430 1791 1473 sub
1821 1429 1928 1485 jugo

96 1494 214 1550 regis
242 1495 503 1550 Babylonis,
531 1499 576 1537 et
600 1493 803 1536 servierit
824 1494 885 1549 01,
918 1492 1144 1535 dimittam
1168 1506 1268 1533 eam
1293 1491 1338 1533 in
1367 1496 1483 1533 terra
1513 1505 1611 1545 sua,
1639 1489 1748 1531 dicit
1777 1489 1927 1531 Domi-

96 1567 199 1608 nus,
227 1558 271 1596 et
296 1553 412 1596 colet
433 1567 552 1608 eam,
581 1557 626 1596 et
650 1552 874 1595 habitabit
900 1552 945 1594 in
973 1565 1036 1594 ea.

156 1611 192 1638 ¹²
210 1613 269 1655 Et
293 1612 350 1654 ad
377 1611 629 1667 Sed-eciam,
655 1625 805 1667 regem
836 1611 863 1654 J
869 1611 976 1667 uda,
1013 1611 1184 1653 locutus
1212 1626 1310 1654 sum
1343 1610 1586 1653 secundum
1621 1609 1770 1653 omnia
1795 1608 1929 1650 verba

96 1672 214 1727 haec,
243 1671 394 1714 diceus
428 1688 436 1715 :
461 1671 681 1726 Subjicite
708 1671 822 1713 colla
845 1675 993 1713 vestra
1019 1669 1099 1712 sub
1127 1670 1235 1726 jugo
1258 1669 1374 1725 regis
1402 1668 1667 1725 Babylonis,
1695 1672 1739 1710 et
1767 1666 1929 1709 servite

96 1731 157 1786 ei,
191 1736 236 1773 et
263 1731 427 1787 populo
461 1730 576 1785 ejus,
608 1735 653 1772 et
684 1729 860 1773 vivetis.
898 1729 934 1755 ‘¹3
952 1729 1094 1779 Quare
1130 1729 1402 1784 moriemini,
1435 1734 1482 1771 tu
1512 1733 1556 1771 et
1588 1727 1776 1784 populus
1808 1731 1928 1780 tuus,

96 1790 268 1846 gladio,
299 1795 344 1833 et
371 1791 516 1846 fame,
543 1795 587 1833 et
608 1796 746 1847 peste,
771 1790 885 1832 sicut
906 1789 1079 1832 locutus
1110 1794 1175 1832 est
1200 1788 1417 1831 Dominus
1439 1787 1495 1830 ad
1521 1792 1701 1843 gentem
1724 1800 1821 1841 quae
1844 1799 1930 1827 ser-

97 1850 189 1892 vire
217 1849 409 1893 noluerit
433 1849 526 1906 regi
559 1849 836 1905 Babylonis?
867 1849 900 1874 ¹4
920 1848 1069 1891 Nolite
1096 1847 1249 1890 audire
1277 1847 1412 1890 verba
1437 1847 1752 1903 prophetarum
1782 1844 1929 1887 dicen-

95 1909 210 1951 tium
234 1908 359 1952 vobis
389 1925 397 1953 ε
425 1910 526 1952 Νο11
551 1909 752 1952 servietis
776 1909 872 1964 regi
899 1907 1172 1964 Babylonis3
1200 1907 1303 1962 quia
1328 1906 1614 1949 mendacium
1634 1905 1720 1962 ipsi
1745 1904 1930 1959 loquun—

96 1973 168 2011 tur
206 1967 346 2012 vobis.
386 1967 420 1995 '¹5
446 1968 558 2019 Quia
594 1982 682 2011 non
720 1967 822 2010 misi
860 1982 952 2022 eos,
991 1967 1056 2010 ait
1094 1966 1342 2021 Domin·us;
1380 1970 1424 2008 et
1457 1965 1540 2022 ipsi
1579 1965 1848 2022 prophetant
1884 1962 1930 2004 in

96 2028 276 2071 nomine
310 2042 408 2071 meo
445 2027 733 2084 mendaciter,
769 2032 818 2070 ut
857 2026 1042 2083 ejiciant
1074 2040 1172 2082 vos,
1212 2030 1255 2068 et
1287 2025 1500 2082 pereatis,
1544 2029 1634 2067 tam
1679 2037 1757 2066 vos
1798 2036 1930 2078 quam

96 2088 325 2144 prophetae
348 2088 420 2143 qui
447 2087 750 2130 vaticinantur
772 2087 911 2129 vobis.

158 2146 194 2174 ¹6
212 2148 271 2189 Et
295 2147 352 2190 ad
378 2146 651 2202 sacerdotes,
679 2151 723 2190 et
748 2146 805 2189 ad
833 2146 1048 2202 populum
1074 2145 1230 2202 istum,
1257 2145 1430 2188 locutus
1457 2159 1575 2199 sum,
1601 2143 1752 2186 dicens
1779 2158 1788 2186 ε
1818 2143 1930 2185 Haec

99 2206 209 2249 dicit
243 2206 460 2249 Dominus
493 2222 502 2249 ε
537 2205 689 2248 Nolite
721 2205 875 2248 audire
909 2204 1046 2248 verba
1078 2205 1394 2261 prophetarum
1428 2208 1692 2257 vestrorum,
1727 2201 1801 2257 qui
1833 2215 1930 2258 pro-

98 2265 287 2322 phetant
320 2265 467 2320 vobis,
503 2265 701 2308 dicentes
741 2281 750 2309 z
786 2265 901 2307 Ecce
938 2278 1046 2306 vasa
1084 2263 1265 2306 Domini
1302 2267 1580 2306 revertentur
1612 2262 1665 2304 de
1699 2260 1930 2317 Babylone

100 2339 218 2367 nunc
240 2324 328 2368 cito
348 2342 357 2379 3
382 2324 665 2367 mendacium
691 2324 811 2366 enim
832 2323 1100 2379 prophetant
1124 2322 1266 2366 vobis.
1294 2322 1327 2348 1⁷
1348 2321 1497 2365 Nolite
1524 2335 1627 2376 ergo
1651 2319 1804 2363 audire
1831 2333 1928 2374 eos3

99 2384 178 2427 sed
204 2383 365 2426 servite
391 2384 485 2439 regi
509 2383 767 2440 Babylonis,
791 2388 840 2425 ut
865 2381 1030 2425 vivatis
1057 2396 1067 2424 :
1097 2396 1232 2437 quare
1257 2382 1387 2424 datur
1407 2381 1504 2423 haec
1527 2380 1684 2423 civitas
1705 2379 1754 2422 in
1779 2378 1931 2422 solitu-

100 2442 285 2486 dinem?
320 2442 355 2469 18
376 2444 433 2486 Et
462 2443 498 2486 01
529 2443 757 2499 prophetae
784 2446 907 2498 sunt,
939 2446 984 2484 et
1013 2446 1078 2484 est
1108 2441 1293 2484 verbum
1321 2439 1501 2483 Domini
1523 2439 1568 2481 in
1594 2439 1676 2494 eis,
1701 2442 1932 2481 occurrant

103 2503 295 2546 Domino
317 2502 613 2558 exercituum,
639 2507 689 2545 ut
712 2516 799 2545 non
825 2501 1009 2544 veniant
1039 2515 1145 2543 vasa
1173 2514 1270 2555 (11100
1298 2499 1509 2543 derelicta
1531 2499 1710 2541 fuerant
1734 2498 1780 2540 in
1802 2497 1933 2540 domo

102 2562 304 2617 Domini,
329 2567 372 2605 et
396 2562 441 2603 in
470 2562 601 2605 domo
621 2561 739 2617 regis
762 2562 789 2603 J
795 2561 902 2616 uda,
934 2566 978 2603 et
998 2560 1045 2602 in
1072 2560 1342 2615 Jerusalem,
1367 2559 1414 2600 in
1446 2558 1736 2614 Babylonem.
1764 2556 1799 2583 19
1821 2556 1933 2606 Quia

101 2621 199 2664 haec
225 2621 334 2664 dicit
359 2621 576 2664 Dominus
602 2622 877 2664 exercituum
903 2619 959 2662 ad
990 2619 1231 2674 columnas,
1259 2623 1303 2662 et
1327 2618 1384 2661 ad
1415 2632 1548 2668 mare,
1577 2623 1620 2660 et
1648 2616 1704 2659 ab
1726 2616 1867 2669 bases,
1890 2620 1933 2658 et

99 2681 158 2723 ad
191 2680 360 2736 reliqua
393 2695 620 2736 vasorum,
655 2695 752 2736 quae
782 2683 1090 2722 remanserunt
1113 2678 1161 2720 1-11
1188 2677 1371 2720 civi-tate
1397 2677 1500 2732 hac,
1533 2675 1571 2703 ⁶20
1588 2691 1686 2732 quae
1713 2689 1799 2718 non
1830 2674 1933 2717 tulit

102 2740 524 2795 Nabuchodonosor,
566 2754 644 2782 rex
692 2738 955 2795 Babylonis,
1001 2752 1102 2780 cum
1146 2737 1410 2780 transferret
1458 2737 1484 2778 J
1490 2735 1744 2790 echoniam,
1792 2733 1934 2776 filium

102 2800 130 2842 J
135 2799 304 2855 oakim,
338 2813 488 2855 regem
514 2801 542 2842 J
549 2799 655 2850 uda,
684 2799 737 2842 de
763 2797 1012 2841 Jerusalem
1040 2797 1087 2839 in
1115 2796 1413 2853 Babylonem,
1437 2801 1480 2838 et
1511 2809 1662 2838 omnes
1696 2793 1932 2850 optimates

103 2858 222 2902 Juda
245 2863 289 2901 et
311 2859 590 2913 Jerusalem3
615 2857 771 2914 21quia
800 2857 896 2900 haec
927 2856 1036 2899 dicit
1063 2855 1280 2899 Dominus
1303 2854 1598 2910 exercituum,
1625 2855 1745 2897 Deus
1770 2851 1932 2906 Israel,

102 2918 159 2961 ad
184 2933 291 2961 vasa
321 2932 418 2974 quae
449 2918 661 2962 derelicta
691 2922 793 2960 sunt
827 2917 874 2958 in
900 2916 1031 2959 domo
1066 2914 1267 2971 Domini,
1295 2920 1338 2958 et
1366 2914 1414 2956 in
1444 2914 1574 2956 domo
1600 2912 1716 2969 regis
1747 2911 1867 2955 Juda
1891 2916 1934 2954 et

104 2977 354 3020 Jerusalem
382 2993 391 3021 ε
428 2976 465 3003 22
491 2979 544 3021 In
576 2977 850 3033 Babylonem
883 2974 1220 3030 transferentur,
1248 2979 1291 3017 et
1315 2973 1378 3017 ibi
1405 2977 1533 3017 erunt
1562 2986 1699 3028 usque
1728 2971 1787 3014 ad
1816 2970 1934 3013 diem

104 3036 373 3079 visitationis
400 3051 514 3094 suae,
542 3036 651 3079 dicit
677 3035 916 3089 Dominus,
947 3038 991 3076 et
1019 3033 1171 3077 afferri
1201 3033 1370 3076 faciam
1397 3047 1468 3089 ea,
1499 3038 1543 3075 et
1570 3031 1743 3074 restitui
1768 3029 1814 3072 in
1839 3029 1935 3072 1000

105 3095 203 3141 isto.

47 3204 51 3209 ,
165 3155 272 3199 CAP.
310 3156 535 3199 XXVIII.
569 3181 629 3188 —
664 3154 678 3181 ¹
707 3156 764 3197 Et
797 3154 972 3196 factum
1005 3158 1072 3196 est
1109 3153 1154 3195 in
1187 3167 1303 3196 anno
1339 3152 1437 3208 illo,
1475 3151 1521 3194 in
1558 3150 1777 3208 principio
1809 3148 1935 3205 regni

105 3213 314 3270 Sed-eciae,
337 3215 454 3271 regis
477 3214 612 3270 Juda,
638 3214 685 3256 in
706 3228 822 3256 anno
845 3218 1013 3268 quarto,
1039 3211 1086 3254 in
1112 3226 1262 3255 mense
1288 3211 1454 3268 quinto,
1471 3210 1585 3253 dixit
1609 3210 1666 3252 ad
1685 3224 1755 3252 me
1782 3209 1935 3251 Hana-

106 3272 222 3329 nias,
249 3273 365 3317 filius
387 3276 519 3329 Azu-r,
547 3273 763 3330 propheta
785 3273 839 3325 de
866 3271 1072 3326 Gabaon,
1103 3271 1148 3313 in
1178 3272 1308 3314 domo
1337 3270 1538 3323 Domini,
1562 3283 1710 3312 coram
1735 3267 1935 3310 sacerdo-

106 3331 225 3375 tibus
258 3338 303 3376 et
335 3333 456 3376 omni
488 3333 672 3389 populo,
707 3332 859 3375 dicens
892 3329 944 3374 :2
965 3331 1078 3373 Haec
1111 3330 1219 3373 dicit
1252 3330 1468 3373 Dominus
1493 3328 1787 3382 exercituum,
1816 3327 1934 3369 Deus

107 3389 246 3434 Israel
267 3408 276 3435 :
300 3392 499 3436 Contrivi
520 3392 679 3448 jugum
704 3391 821 3447 regis
847 3389 1102 3446 Babylonis.
1122 3389 1140 3416 3
1157 3390 1316 3433 Adhuc
1343 3389 1428 3432 duo
1451 3388 1557 3431 anni
1580 3387 1762 3441 dierum,
1787 3390 1832 3428 et
1854 3398 1936 3440 ego

106 3450 265 3492 referri
297 3451 466 3494 taciam
499 3451 557 3494 ad
594 3451 740 3494 locum
776 3451 912 3492 istum
950 3448 1098 3491 omnia
1133 3462 1241 3491 vasa
1275 3448 1429 3491 domus
1465 3445 1665 3501 Domini,
1702 3459 1799 3501 quae
1833 3443 1937 3486 tulit

106 3607 235 3678 ἕξει».
251 3607 386 3642 xxm,
408 3609 452 3636 16.
475 3607 540 3636 ruf.
558 3606 729 3642 XX1x,s.
747 3620 784 3626 -
802 3607 848 3640 15]
867 3606 935 3638 sup
963 3604 1055 3640 xm,
1073 3607 1108 3632 14
1123 3606 1159 3632 et
1175 3604 1310 3639 xxm,
1327 3607 1371 3633 21.
1395 3604 1462 3632 inf.
1476 3602 1607 3637 xxix,
1623 3604 1649 3630 9.
1666 3615 1703 3620 —
1721 3602 1767 3635 19]
1789 3601 1833 3629 iv
1852 3601 1936 3634 neg.

208 3671 216 3686 ,
232 3654 276 3679 13.

2043 315 2186 344 Vincula

2027 359 2131 388 inissa
2154 359 2194 387 ad

1992 403 2103 432 varios
2118 410 2214 436 reges
2225 423 2237 438 r

2017 447 2049 476 in
2072 447 2206 480 signum

2017 490 2206 519 servitutis.

2022 1618 2216 1646 Mandatum

1995 1662 2036 1689 ad
2054 1660 2240 1691 sedeciam.

2022 2147 2218 2176 Mandatum

1995 2193 2035 2220 ad
2046 2192 2242 2221 sacerdotes

2070 2238 2104 2264 et
2122 2236 2164 2264 ad

2032 2279 2204 2312 populum.

2040 3151 2068 3179 H
2071 3150 2213 3179 ananias

2080 3195 2169 3223 falsa

2025 3238 2151 3272 prophe
2157 3239 2225 3266 tat,
