2391 3861
778 155 889 196 Ern.
926 155 1004 209 IV,
1043 155 1093 196 17
1127 179 1185 186 —
1219 155 1270 208 V,
1305 156 1373 197 21.
1877 156 1985 197 1293

382 379 403 431 ς’
438 376 497 418 11.
532 400 590 407 —
623 377 844 418 Sanctitas
877 375 1119 417 christiana
1152 375 1271 416 vitiis
1301 375 1530 428 {lentitiam
1561 375 1772 429 opposita.

228 498 257 523 ¹7
280 499 377 541 Hoc
405 497 539 553 igitur
565 497 676 552 dico,
702 503 743 540 et
771 496 980 539 testificor
1006 496 1051 538 in
1080 495 1283 551 Domino,
1311 501 1358 537 ut
1383 496 1474 551 jam
1502 510 1588 539 non
1614 495 1852 539 ambuletis
1875 496 1989 539 sicut

165 564 209 600 et
237 563 392 612 gentes
429 556 660 599 ambulant
686 555 731 597 in
762 555 960 597 vanitate
993 569 1146 597 sensus
1179 555 1245 596 sui
1273 571 1281 597 :
1316 554 1348 580 ¹⁸
1374 554 1565 597 tenebris
1596 554 1876 598 obscuratum
1911 555 1987 597 ha-

164 616 316 658 bentes
343 615 645 669 intellectum3
673 613 855 656 alienati
883 628 908 654 a
935 613 1027 655 vita
1056 612 1151 668 Dei,
1175 627 1251 668 per
1276 612 1572 668 ignorantiam
1603 628 1699 668 quae
1723 618 1789 656 est
1813 613 1859 656 in
1885 613 1986 669 illis,

164 681 339 730 propter
371 674 618 716 eaecitatem
654 672 795 715 cordis
832 672 1052 728 ipsorum;
1082 671 1117 697 ¹⁰
1135 671 1208 726 qui
1240 671 1542 727 desperantes,
1570 672 1827 728 semetipsos
1854 673 1988 716 tradi-

163 734 321 775 derunt
356 732 669 789 impudicitiae,
709 731 752 773 in
790 730 1092 786 operationem
1129 729 1426 772 immunditiae
1460 731 1622 785 omnis,
1661 731 1704 773 in
1737 731 1987 775 avaritiam.

163 791 200 816 ‘²⁰
223 792 309 833 Vos
344 798 492 834 autern
525 806 609 834 non
635 790 698 833 ita
730 788 948 832 didicistis
983 788 1227 843 Christum,
1258 787 1291 814 ‘²¹
1313 788 1348 830 si
1380 793 1528 831 tamen
1556 789 1681 831 illum
1711 790 1918 845 audistis,
1945 797 1988 834 et

162 849 206 891 in
231 850 323 905 ipso
356 849 500 893 edocti
527 849 652 904 estis,
680 848 794 891 sicut
828 852 894 891 est
920 847 1082 890 veritas
1107 847 1153 889 in
1183 847 1314 901 Jesu,
1341 846 1377 872 2²
1396 847 1613 903 deponere
1644 863 1719 891 vos
1746 849 1989 892 secundum

161 909 393 964 pristinam
423 908 804 951 conversationem
832 912 1025 949 veterem
1051 905 1297 960 hominem,
1324 905 1397 960 qui
1430 906 1723 963 corrumpitur
1748 908 1988 951 secundum

161 967 381 1010 desideria
405 967 572 1011 erroris.
597 966 634 993 ²3
654 964 944 1010 Renovamini
967 971 1117 1007 autem
1140 964 1295 1020 spiritu
1319 964 1480 1007 mentis
1506 969 1678 1021 vestrae,
1699 966 1734 992 Ψ·
1750 972 1793 1009 et
1817 966 1989 1010 induite

161 1040 325 1068 novum
354 1027 597 1082 hominem,
625 1026 698 1082 qui
724 1024 967 1068 secundum
996 1024 1139 1066 Deum
1166 1030 1338 1066 creatus
1368 1028 1435 1066 est
1463 1023 1509 1065 in
1534 1023 1730 1081 justitia,
1758 1031 1801 1068 et
1826 1025 1989 1068 sancti-

161 1090 251 1128 tate
279 1086 492 1129 veritatis.

218 1144 254 1170 ‘2⁵
276 1145 458 1202 Propter
477 1146 591 1201 quod
615 1146 884 1203 deponentes
911 1145 1214 1200 mendacium,
1240 1144 1473 1200 loquimini
1497 1143 1731 1187 veritatem
1757 1144 1987 1200 unusquis-

160 1218 242 1260 que
265 1218 366 1247 cum
388 1205 588 1261 proximo
614 1219 713 1260 suo,
740 1205 949 1261 quoniam
972 1218 1122 1247 sumus
1143 1203 1338 1246 invicem
1364 1202 1576 1246 membra.
1601 1202 1639 1230 26
1657 1202 1922 1258 Irascimini,
1947 1208 1990 1246 et

159 1263 296 1306 nolite
323 1278 530 1320 peccare3
555 1263 620 1307 sol
644 1278 730 1307 non
752 1263 926 1307 occidat
948 1277 1079 1320 super
1095 1262 1372 1305 iracundiam
1390 1267 1598 1306 vestram.
1619 1261 1654 1288 2⁷
1674 1261 1824 1305 Nolite
1843 1262 1989 1305 locum

160 1322 262 1366 dare
293 1322 483 1366 diabolo.
510 1322 547 1349 98
566 1323 646 1374 Qui
678 1322 924 1378 furabatur,
959 1322 1053 1378 jam
1087 1336 1173 1365 non
1207 1321 1402 1376 furetur,
1439 1321 1580 1377 magis
1613 1326 1764 1364 autem
1796 1320 1987 1375 laboret,

160 1382 380 1438 operando
407 1381 610 1424 manibus
637 1382 726 1425 suis
754 1381 869 1437 quod
896 1381 1061 1424 bonum
1087 1386 1172 1437 est,
1202 1385 1249 1423 ut
1274 1381 1437 1424 habeat
1458 1380 1575 1424 unde
1605 1380 1773 1423 tribuat
1799 1380 1987 1423 necessi-

160 1446 299 1484 tatem
321 1441 523 1497 patienti.
551 1439 587 1467 2¹³
607 1441 760 1485 Omnis
786 1455 926 1484 sermo
949 1440 1092 1482 malus
1119 1454 1172 1483 ex
1196 1454 1268 1483 ore
1295 1445 1438 1483 vestro
1466 1454 1553 1483 non
1583 1440 1816 1496 procedat;
1846 1439 1922 1482 sed
1951 1440 1987 1482 si

159 1500 255 1555 quis
294 1500 434 1542 bonus
470 1499 527 1542 ad
569 1499 911 1542 aedificationem
946 1499 1072 1555 fidei,
1112 1504 1159 1541 ut
1196 1499 1271 1542 det
1309 1499 1500 1554 gratiam
1536 1498 1833 1542 audientibus.
1869 1498 1906 1525 3⁰
1934 1500 1989 1542 Et

159 1559 295 1603 nolite
328 1558 588 1601 contristare
623 1558 835 1614 Spiritum
868 1565 1070 1600 sanctum
1110 1557 1217 1613 Dei,
1252 1558 1297 1600 in
1331 1572 1414 1613 quo
1451 1558 1618 1614 signati
1652 1558 1756 1600 estis
1792 1558 1837 1599 in
1871 1557 1986 1601 diem

157 1617 488 1673 redemptionis.
512 1617 545 1643 3¹
569 1617 722 1660 Omnis
745 1616 1008 1672 amaritudo,
1036 1622 1079 1660 et
1103 1616 1180 1672 ira,
1206 1621 1248 1660 et
1269 1616 1533 1672 indignatio,
1558 1622 1602 1660 et
1627 1617 1805 1671 clamor,
1830 1622 1872 1660 et
1894 1617 1987 1660 bla-

157 1676 358 1731 sphemia
394 1675 577 1718 tollatur
609 1691 635 1718 a
668 1676 818 1731 vobis,
854 1689 955 1718 cum
989 1675 1109 1717 omni
1144 1675 1329 1718 malitia.
1365 1674 1402 1701 3²
1427 1677 1579 1719 Estote
1611 1680 1760 1718 autem
1794 1675 1987 1719 invicem

156 1734 353 1791 benigni,
378 1734 695 1790 misericordes,
717 1734 932 1777 donantes
958 1733 1165 1789 invicem,
1189 1733 1304 1776 sicut
1326 1738 1371 1776 et
1397 1735 1515 1776 Deus
1541 1734 1587 1776 in
1610 1735 1783 1777 Christo
1806 1734 1987 1777 donavit

157 1794 293 1837 vobis.

215 1854 322 1898 CAP.
346 1856 403 1899 V.
422 1882 480 1889 —
497 1856 511 1882 ¹
536 1856 690 1900 Estote
715 1871 819 1912 ergo
844 1856 1091 1900 imitatores
1119 1857 1222 1913 Dei,
1250 1857 1365 1900 sicut
1391 1856 1469 1899 filii
1494 1854 1764 1909 charissimi,
1790 1854 1807 1880 2
1828 1859 1872 1898 et
1896 1869 1987 1898 am-

157 1913 307 1957 bulate
332 1914 378 1956 in
406 1915 662 1970 dilectione,
683 1915 797 1958 sicut
818 1920 862 1958 et
887 1915 1086 1959 Christus
1115 1915 1272 1960 dilexit
1298 1930 1398 1971 nos,
1423 1920 1465 1958 et
1492 1914 1676 1958 tradidit
1702 1914 1987 1970 semetipsum

157 1987 233 2029 pro
264 1973 390 2016 nobis
417 1974 690 2017 oblationem
717 1980 759 2018 et
784 1975 975 2018 hostiam
1003 1977 1095 2018 Deo
1125 1975 1171 2018 in
1202 1975 1381 2018 odorem
1414 1973 1662 2017 suavitatis.
1689 1973 1707 2000 3
1734 1973 1988 2016 Fornicatio

155 2039 325 2086 autem,
352 2033 560 2082 etomnis
583 2033 888 2089 immunditia,
915 2039 994 2077 aut
1016 2034 1227 2091 avaritia,
1256 2049 1337 2077 nec
1360 2034 1611 2077 nominetur
1632 2033 1677 2075 in
1701 2032 1846 2087 vobis,
1873 2032 1988 2075 sicut

157 2091 283 2134 decet
309 2098 510 2147 sanctos,
538 2092 555 2119 4
577 2098 654 2135 aut
679 2093 919 2149 turpitudo,
947 2098 1025 2136 aut
1047 2093 1395 2149 stultiloquium,
1423 2098 1501 2135 aut
1522 2092 1779 2145 scurrilitas,
1809 2106 1905 2147 quae
1929 2091 1985 2134 ad

155 2165 248 2193 rem
274 2166 362 2194 non
387 2152 603 2208 pertinet3
628 2151 705 2195 sed
731 2152 874 2208 magis
904 2152 1149 2207 gratiarum
1171 2152 1301 2195 actio.
1326 2152 1343 2179 5
1362 2153 1460 2195 Hoc
1488 2151 1606 2195 enim
1635 2151 1792 2193 scitote
1821 2150 1986 2193 intelli-

155 2218 330 2266 gentes,
358 2211 473 2266 quod
496 2211 638 2254 omnis
664 2211 920 2265 fornicator,
950 2216 1027 2254 aut
1048 2211 1327 2268 immundus,
1349 2216 1427 2254 aut
1453 2225 1633 2266 avarus,
1658 2209 1773 2265 quod
1801 2214 1867 2252 est
1891 2209 1984 2252 ido-

155 2269 296 2312 lorum
318 2269 526 2324 servitus,
559 2284 643 2313 non
676 2270 809 2313 habet
834 2270 1127 2314 hereditatem
1155 2271 1202 2313 in
1232 2285 1367 2327 regno
1405 2270 1567 2313 Christi
1601 2275 1643 2313 et
1677 2269 1774 2312 Dei.
1801 2269 1818 2295 ⁰
1845 2270 1986 2312 Nemo

156 2343 232 2371 vos
269 2329 452 2372 seducat
489 2329 697 2372 inanibus
731 2329 902 2385 verbis;
939 2336 1116 2386 propter
1147 2330 1243 2373 haec
1279 2330 1398 2373 enim
1425 2329 1546 2373 venit
1579 2328 1644 2371 ira
1680 2328 1761 2371 Dei
1795 2328 1841 2371 in
1873 2327 1986 2371 filios

157 2387 437 2431 diffidentiae.
460 2389 475 2415 7
496 2389 646 2432 Nolite
672 2403 776 2445 ergo
799 2389 918 2431 effici
946 2389 1184 2446 participes
1211 2403 1373 2432 eorum.

215 2447 231 2474 ὅ
250 2447 398 2490 Erat-is
425 2448 544 2492 enim
570 2448 809 2504 aliquando
840 2448 1055 2501 tenebrae,
1088 2463 1205 2491 nunc
1231 2454 1380 2492 autem
1406 2449 1482 2491 lux
1508 2449 1554 2491 in
1585 2449 1788 2492 Domino.
1816 2449 1880 2492 Ut
1904 2448 1984 2491 filii

156 2506 267 2549 lucis
292 2507 544 2561 ambulate3
573 2507 590 2533 9
607 2507 782 2550 fructus
812 2507 931 2550 enim
958 2507 1068 2550 lucis
1095 2512 1162 2550 est
1190 2507 1236 2550 in
1268 2507 1386 2550 omni
1409 2508 1627 2564 bonitate,
1651 2513 1695 2551 et
1719 2507 1916 2564 justitia,
1943 2514 1985 2551 et

155 2565 343 2609 veritate
365 2583 374 2610 ς
401 2566 437 2593 ¹⁰
462 2567 699 2624 probantes
725 2567 830 2623 quid
856 2567 913 2610 sit
949 2566 1277 2623 beneplacitum
1308 2568 1425 2622 Deo;
1456 2567 1488 2593 ¹¹
1509 2573 1552 2611 et
1577 2567 1714 2611 nolite
1740 2566 1985 2610 communi-

156 2638 255 2668 care
281 2625 485 2682 operibus
518 2625 809 2669 infructuosis
837 2626 1140 2681 tenebrarum,
1167 2626 1310 2682 magis
1344 2632 1495 2669 autem
1519 2626 1784 2682 redarguite.
1817 2624 1853 2652 ¹2
1877 2625 1984 2676 Quae

157 2684 277 2726 enim
301 2684 347 2726 in
378 2685 550 2729 occulto
577 2685 687 2728 fiunt
712 2685 769 2728 ab
799 2685 928 2742 ipsis,
954 2690 1081 2741 turpe
1107 2689 1173 2728 est
1199 2689 1242 2728 et
1272 2685 1431 2729 dicere.
1464 2685 1499 2712 ¹3
1521 2686 1682 2729 Omnia
1710 2690 1860 2729 autem
1886 2699 1984 2740 quae

156 2750 414 2799 arguuntur,
437 2759 462 2786 a
483 2744 648 2788 lumine
668 2744 1039 2798 manifestantur3
1064 2758 1193 2788 omne
1211 2745 1328 2787 enim
1351 2745 1465 2800 quod
1487 2744 1815 2799 manifestatur,
1835 2744 1984 2787 lumen

157 2807 235 2845 est.
262 2801 295 2828 ¹4
314 2803 498 2860 Propter
515 2804 631 2860 quod
655 2803 790 2848 dicit:
815 2804 972 2859 Surge,
993 2803 1067 2859 qui
1090 2803 1274 2859 dormis,
1294 2808 1337 2846 et
1359 2817 1524 2860 exurge
1549 2818 1575 2847 a
1597 2803 1802 2859 mortuis,
1822 2807 1866 2846 et
1884 2802 1984 2845 illu-

157 2860 346 2905 minabit
370 2866 414 2905 te
440 2863 653 2906 Christus.

217 2919 251 2947 ¹5
279 2920 439 2965 Videte
467 2921 638 2979 itaque,
669 2924 852 2980 fratres,
885 2922 1103 2980 quomodo
1138 2928 1265 2966 caute
1296 2921 1564 2977 ambuletis;
1597 2936 1684 2964 non
1718 2920 1842 2977 quasi
1877 2918 1985 2963 insi-

157 2980 349 3036 pientes,
374 2980 410 3007 ¹⁶
427 2981 504 3024 sed
527 2987 574 3024 ut
601 2982 848 3039 sapientes3
876 2982 1144 3025 redimentes
1170 2986 1364 3038 tempus,
1391 2981 1601 3037 quoniam
1623 2980 1716 3023 dies
1743 2979 1850 3022 mali
1867 2983 1983 3022 sunt.

160 3038 192 3065 ¹⁷
217 3039 456 3096 Propterea
483 3041 619 3084 nolite
653 3041 745 3084 fieri
770 3041 1094 3098 imprudentes,
1125 3041 1201 3084 sed
1232 3040 1533 3096 intelligentes
1567 3054 1664 3095 quae
1695 3039 1752 3082 sit
1777 3038 1984 3081 voluntas

160 3098 255 3142 Dei.
279 3098 314 3125 ¹⁸
334 3100 392 3142 Et
417 3100 553 3144 nolite
578 3100 787 3144 inebriari
807 3101 929 3156 vino,
951 3100 997 3142 in
1024 3114 1108 3156 quo
1134 3105 1199 3144 est
1225 3099 1422 3154 luxuria3
1447 3099 1523 3142 sed
1548 3097 1797 3156 implemini
1818 3096 1985 3154 Spiritu

157 3162 324 3214 sancto,
353 3157 389 3184 19
408 3159 634 3215 loquentes
662 3159 991 3216 vobismetipsis
1016 3159 1062 3202 in
1089 3159 1290 3216 psalmis,
1318 3164 1361 3202 et
1388 3158 1586 3215 hymnis,
1613 3162 1656 3201 et
1685 3156 1871 3200 canticis
1895 3155 1984 3211 spi-

156 3217 412 3275 ritualibus,
441 3224 671 3262 cantantes
698 3225 740 3262 et
765 3218 1005 3276 psallentes
1029 3219 1076 3261 in
1105 3218 1310 3262 cordibus
1336 3217 1494 3261 vestris
1524 3217 1734 3275 Domino,
1762 3214 1798 3241 ²⁰
1818 3214 1984 3270 gratias

157 3282 342 3331 agentes
375 3292 548 3335 semper
570 3293 645 3335 pro
669 3278 892 3332 omnibus,
918 3278 964 3320 in
988 3277 1165 3321 nomine
1187 3276 1366 3320 Domini
1392 3275 1530 3319 nostri
1553 3276 1578 3319 J
1585 3289 1660 3318 esu
1682 3273 1865 3329 Christi,
1890 3274 1984 3316 Deo

160 3339 202 3378 et
225 3336 369 3391 Patri;
398 3335 432 3363 2¹
452 3337 644 3393 subjecti
670 3337 862 3380 invicem
886 3337 932 3379 in
959 3337 1114 3380 timore
1140 3336 1315 3380 Christi.

161 3525 210 3558 17]
228 3524 321 3553 Rom.
344 3525 371 3560 Ι,
388 3527 433 3554 21.
451 3540 486 3545 -—
502 3527 550 3560 22]
569 3525 635 3554 Col.
659 3526 724 3560 ΙΙΙ,
741 3528 766 3553 8.
783 3540 818 3544 —-
839 3525 886 3557 23]
906 3525 1001 3552 Rom.
1024 3524 1082 3559 VI,
1099 3526 1125 3552 4.
1142 3538 1170 3543 —
1207 3524 1254 3556 24]
1272 3522 1339 3550 Col.
1364 3521 1428 3556 III,
1450 3523 1490 3548 12.
1509 3535 1542 3539 —
1564 3520 1611 3553 25]
1636 3519 1650 3546 1
1673 3519 1761 3547 Petr.
1782 3519 1826 3553 ΙΙ,
1845 3521 1869 3547 1.
1887 3517 1982 3546 Zach.

160 3569 264 3603 VIII,
290 3571 333 3598 16.
351 3583 386 3588 -
407 3571 454 3604 26]
478 3570 529 3598 Ps.
551 3571 610 3605 IV,
626 3573 652 3598 5.
671 3585 705 3589 -—
727 3570 774 3603 27]
800 3569 872 3596 Jae.
896 3569 952 3603 IV,
974 3571 999 3596 7.
1023 3583 1056 3587 —-
1079 3569 1127 3602 32]
1149 3568 1217 3596 Col.
1239 3568 1310 3599 ΙΙΙ,
1330 3568 1372 3594 13.
1394 3580 1430 3584 -
1454 3565 1598 3598 2]J0a11.
1617 3563 1723 3598 XIII,
1739 3566 1774 3592 34
1791 3566 1826 3591 et
1848 3563 1920 3598 XV,
1938 3566 1981 3592 12.

162 3614 176 3641 Ι
194 3615 292 3642 Joan.
312 3615 369 3649 IV,
386 3617 430 3643 21.
445 3630 478 3634 —
496 3617 525 3649 3]
543 3615 611 3644 Col.
630 3616 695 3649 ΙΙΙ,
712 3618 738 3642 5.
752 3629 785 3634 —
803 3615 832 3647 6]
852 3613 973 3641 Matth.
993 3613 1117 3648 XXIV,
1134 3613 1160 3640 4.
1177 3611 1279 3638 Marc.
1298 3609 1398 3643 XIII,
1415 3612 1440 3637 5.
1460 3608 1540 3636 Luc.
1555 3608 1648 3643 XXI,
1661 3610 1687 3636 8.
1706 3607 1740 3635 ΙΙ
1759 3607 1872 3636 Thess.
1893 3608 1938 3643 ΙΙ,
1953 3611 1980 3636 3.

162 3658 210 3690 15]
231 3658 299 3686 col.
319 3659 419 3693 1v,5.
437 3674 470 3678 -
491 3650 788 3693 1:]*1³.0m.xi1,2.
809 3658 823 3685 1
838 3657 952 3685 Thess.
973 3657 1026 3690 iv,
1040 3660 1066 3685 3.

2070 506 2271 540 Principium

2098 552 2251 583 generale

2106 601 2243 622 morum.

2093 1160 2262 1192 Praecepta

2064 1201 2290 1235 particularia.
