2456 3861
111 1658 256 1688 Titulus.

118 1725 250 1753 Luctus

92 1768 262 1798 Nehemiae
272 1791 279 1805 ,

125 1813 240 1842 audita

89 1856 281 1887 conditione

95 1899 267 1930 civitatis.

107 2229 267 2258 Divinum

106 2273 265 2307 implorat

95 2318 269 2347 auxilium.

79 3236 160 3265 Cum
177 3236 304 3265 litteris

139 3280 243 3313 regiis

72 3323 224 3352 mittitur
259 3325 315 3353 Je-

88 3368 298 3401 rosolyniam.

639 731 1104 840 LIBER
1196 729 1939 840 NEHEMIAE

734 940 841 994 QUI
876 918 952 985 ET
986 941 1201 985 ESDRAE
1236 941 1556 984 SECUNDUS
1590 939 1848 987 DICITUR

1119 1114 1455 1138 ——b—x—e—

480 1279 643 1323 sterio
677 1276 714 1320 I.
740 1303 800 1308 —-
830 1276 1083 1321 NEHEMIAS
1117 1289 1261 1319 VENIT
1295 1277 1639 1320 JEROSOLYMAM
1674 1288 1731 1319 ET
1765 1288 1899 1323 URBIS
1935 1287 2088 1320 MuRos

1172 1354 1403 1388 AEmchT

370 1473 392 1526 ξ
413 1468 527 1572 LC—
546 1465 787 1571 {ehemias
811 1465 976 1522 accipit
995 1464 1052 1508 ab
1072 1465 1323 1510 Artaxerxe
1330 1465 1603 1520 facultatem
1622 1464 1922 1522 reoedzficandi
1941 1465 2223 1510 Jemsazem„

483 1539 554 1573 ΑΡ.
606 1559 614 1568 .
683 1532 689 1539 ·

471 1604 590 1680 {⁸55ss(
601 1651 628 1682 ,
696 1635 835 1666 ERBA
857 1622 1105 1678 Nehemiae‚
1133 1623 1211 1665 fini
1240 1623 1456 1666 Heiohiae.

425 1732 438 1736 χ
466 1671 604 1743 {7⁸³9
779 1683 837 1725 Et
857 1682 1031 1724 factum
1064 1686 1129 1724 est
1160 1682 1206 1723 in
1236 1696 1386 1724 mense
1415 1682 1582 1737 casleu,
1613 1695 1728 1724 anno
1769 1681 2006 1737 vigesimo,
2045 1687 2088 1725 et
2124 1696 2219 1738 ego*

438 1775 447 1777 s
504 1729 535 1770 Υ
587 1763 597 1770 κ
638 1786 639 1789 ,
718 1756 837 1785 eram
868 1741 915 1783 in
939 1741 1060 1784 Susis
1084 1746 1240 1784 castro.
1267 1740 1285 1769 ”2
1309 1741 1367 1783 Et
1392 1741 1515 1784 veuit
1537 1740 1739 1796 Hanani,
1766 1755 1879 1783 unus
1909 1741 1963 1784 de
1991 1741 2206 1785 fratribus

721 1801 849 1856 meis,
872 1800 967 1857 ipse
989 1805 1031 1843 et
1053 1800 1135 1841 viri
1166 1814 1219 1842 ex
1245 1800 1273 1842 J
1278 1800 1388 1853 uda3
1414 1806 1458 1843 et
1474 1799 1746 1854 interrogavi
1769 1813 1840 1842 eos
1861 1800 1914 1843 de
1936 1800 2109 1843 Judaeis
2131 1800 2207 1856 qui

566 1887 579 1901 Λ
644 1870 663 1891 ¹>
719 1865 1022 1903 remanserant
1041 1864 1084 1902 et
1105 1864 1363 1915 supererant
1386 1859 1439 1902 de
1458 1858 1732 1915 captivitate,
1761 1864 1803 1901 et
1823 1859 2086 1902 Jerusalem.
2110 1859 2128 1885 3
2148 1859 2206 1902 Et

369 1921 577 1965 dixerunt
599 1921 707 1964 mihi
735 1937 743 1963 z
770 1918 852 1969 Qui
878 1924 1184 1961 remanserunt
1209 1922 1251 1960 et
1279 1918 1421 1960 relicti
1448 1923 1552 1960 sunt
1573 1917 1627 1960 de
1646 1917 1908 1973 captivitate
1935 1917 1998 1960 ibi
2030 1918 2077 1960 in
2106 1932 2201 1974 pro-

368 1981 537 2037 vincia,
567 1981 614 2023 in
648 1978 887 2022 afflictione
917 1991 1079 2032 magna
1113 1981 1235 2032 sunt,
1271 1982 1314 2019 et
1342 1976 1388 2018 in
1423 1976 1680 2033 opprobrio;
1717 1981 1760 2019 et
1781 1991 1931 2019 murus
1958 1977 2207 2020 Jerusalem

370 2040 609 2099 dissipatus
625 2044 709 2095 est,
734 2042 776 2081 et
798 2041 935 2093 portae
954 2036 1049 2091 ejus
1069 2035 1312 2078 combustae
1331 2041 1433 2078 sunt
1454 2035 1563 2092 igni.
1582 2035 1600 2061 ⁴
1614 2035 1814 2091 Cumque
1830 2036 2055 2079 audissem
2072 2035 2207 2079 verba

368 2098 699 2155 hujuscemodi,
734 2096 849 2151 sedi,
885 2100 928 2139 et
964 2094 1088 2151 flevi,
1119 2098 1163 2137 et
1196 2094 1290 2137 luxi
1323 2094 1488 2138 diebus
1513 2094 1690 2149 multis;
1726 2094 2009 2152 jejunabam,
2041 2100 2084 2138 et
2113 2109 2208 2138 ora-

368 2158 472 2200 bam
494 2163 598 2201 ante
618 2157 785 2200 faciem
813 2154 895 2198 Dei
918 2154 1030 2198 eseli.

399 2217 416 2243 5
441 2217 499 2259 Et
525 2217 618 2260 dixi
647 2234 655 2260 ε
683 2216 861 2271 Quaeso,
886 2214 1095 2270 Domine,
1128 2215 1247 2258 Deus
1281 2215 1401 2270 caeli,
1436 2215 1588 2271 fortis,
1619 2229 1782 2272 magne
1813 2220 1947 2270 atque
1974 2213 2203 2270 terribilis,

371 2276 443 2332 qui
467 2276 662 2319 custodis
687 2280 869 2332 paetum
891 2278 934 2317 et
955 2273 1303 2317 misericordiam
1334 2288 1431 2316 cum
1462 2274 1531 2316 his
1566 2275 1639 2329 qui
1669 2280 1712 2317 te
1745 2274 1960 2329 diligunt,
1991 2278 2034 2317 et
2063 2278 2207 2316 custo-

371 2336 499 2379 diunt
524 2335 855 2389 mandatatua,
878 2333 897 2362 θ
920 2332 1028 2375 fiant
1053 2347 1180 2376 aures
1202 2338 1292 2375 tuse
1314 2333 1639 2389 auscultantes,
1663 2339 1705 2376 et
1732 2333 1848 2376 oculi
1878 2332 1943 2375 tui
1969 2332 2132 2389 aperti,
2157 2338 2207 2376 ut

370 2394 525 2438 audias
549 2394 792 2438 orationem
817 2392 931 2436 servi
965 2392 1050 2448 tui,
1074 2407 1207 2448 quam
1237 2407 1317 2448 ego
1355 2406 1428 2435 oro
1463 2406 1610 2435 coram
1643 2398 1687 2435 te
1706 2391 1858 2447 hodie,
1893 2396 2024 2435 nocte
2045 2396 2089 2434 et
2114 2391 2206 2447 die,

370 2469 447 2512 pro
473 2453 575 2497 filiis
602 2454 761 2509 Israel,
784 2452 921 2495 servis
947 2451 1058 2506 tuis3
1088 2456 1131 2494 et
1161 2452 1371 2495 confiteor
1395 2466 1472 2508 pro
1495 2451 1690 2508 peccatis
1715 2451 1906 2496 filiorum
1928 2450 2087 2506 Israel,
2113 2450 2206 2505 qui-

369 2513 452 2556 bus
484 2517 781 2570 peccaverunt
810 2511 905 2554 tibi.
942 2512 1037 2566 Ego
1071 2516 1114 2554 et
1144 2511 1299 2554 domus
1333 2511 1469 2567 patris
1500 2510 1585 2553 mei
1616 2510 1922 2567 peccavimus;
1959 2508 1974 2535 ⁷
2007 2509 2207 2552 vanitate

370 2572 542 2616 seducti
564 2587 735 2628 sumus,
759 2576 802 2615 et
823 2585 911 2613 non
946 2570 1264 2613 custodivimus
1300 2570 1561 2612 mandatum
1591 2575 1736 2625 tuum,
1768 2574 1811 2612 et
1841 2568 2131 2624 ceremonias,
2163 2573 2207 2612 et

371 2632 541 2691 judicia
574 2646 671 2688 quae
704 2629 952 2688 praecepisti
982 2629 1139 2687 Moysi,
1174 2629 1346 2672 famulo
1376 2634 1465 2672 tuo.
1496 2629 1513 2655 8
1535 2630 1759 2675 Memento
1788 2627 1909 2671 verbi
1941 2627 2056 2682 quod
2083 2641 2205 2670 man—

373 2691 486 2734 dasti
509 2691 675 2748 Moysi,
698 2704 822 2733 servo
852 2694 949 2745 tuo,
973 2690 1124 2732 dicens
1154 2706 1162 2733 z
1194 2688 1305 2731 Cum
1329 2689 1590 2744 transgressi
1613 2688 1810 2743 fueritis,
1841 2700 1922 2742 ego
1952 2686 2207 2743 dispergam

371 2764 450 2793 vos
473 2750 519 2792 in
542 2750 751 2807 populos3
776 2749 794 2775 9
814 2754 857 2792 et
882 2749 918 2791 si
944 2748 1228 2793 revertamini
1259 2749 1315 2792 ad
1347 2762 1436 2803 me,
1471 2753 1514 2791 et
1547 2746 1809 2792 custodiatis
1838 2751 2059 2802 praccepta
2085 2759 2204 2801 mea,

374 2815 416 2852 et
438 2809 618 2852 faciatis
641 2824 712 2864 ea,
736 2809 871 2852 etiam
893 2808 929 2850 si
954 2807 1137 2850 abducti
1164 2808 1342 2852 fueritis
1364 2807 1420 2850 ad
1440 2813 1637 2851 ext-rema
1660 2806 1779 2862 caeli,
1801 2804 1905 2847 inde
1925 2803 2205 2860 congregabo

373 2882 471 2923 vos,
506 2873 549 2911 et
577 2868 786 2911 reducam
818 2867 865 2909 in
897 2867 1044 2910 locum
1079 2881 1208 2922 quem
1242 2867 1377 2923 elegi,
1412 2871 1462 2908 ut
1492 2866 1714 2909 habitaret
1746 2878 1907 2907 nomen
1945 2878 2092 2906 meum
2127 2863 2205 2905 ibi.

375 2926 411 2953 ¹0
437 2927 495 2969 Et
525 2927 609 2983 ipsi
643 2927 756 2970 servi
778 2926 864 2982 tui,
899 2931 942 2969 et
971 2927 1158 2983 populus
1187 2932 1309 2982 tuus,
1349 2940 1456 2982 quos
1489 2924 1713 2969 redemisti
1746 2923 1792 2966 in
1829 2922 2094 2965 fortitudine
2130 2927 2205 2964 tua

375 2999 558 3041 magna,
583 2992 625 3029 et
646 2986 691 3028 in
718 2999 851 3028 manu
874 2991 950 3029 tua
972 2985 1135 3028 valida.
1167 2985 1200 3012 ¹¹
1229 2985 1440 3041 Obsecro,
1477 2984 1686 3039 Domine,
1717 2983 1774 3025 sit
1799 2982 1916 3024 auris
1950 2986 2025 3023 tua
2055 2986 2205 3024 atten-

376 3045 483 3088 dens
508 3044 563 3087 ad
587 3045 829 3087 orationem
851 3044 964 3087 servi
987 3044 1072 3100 tui,
1095 3049 1139 3088 et
1160 3044 1215 3087 ad
1239 3045 1482 3087 orationem
1506 3056 1728 3087 servorum
1753 3046 1928 3083 tuorum
1951 3040 2025 3095 qui
2051 3040 2207 3083 volunt

375 3104 530 3147 timere
551 3117 711 3147 nomen
737 3108 874 3145 tuum.
903 3103 960 3145 Et
979 3103 1120 3159 dirige
1137 3118 1312 3148 servum
1334 3109 1460 3146 tuum
1482 3102 1633 3158 hodie,
1654 3106 1697 3144 et
1719 3100 1775 3143 da
1797 3099 1835 3142 ei
1858 3098 2207 3142 misericordiam

375 3167 479 3206 ante
504 3162 647 3205 virum
668 3162 799 3204 hunc.
825 3162 919 3217 Ego
942 3163 1059 3205 enim
1082 3177 1200 3206 eram
1222 3163 1432 3220 pincerna
1453 3163 1582 3219 regis.
1616 3193 1619 3197 »

435 3221 543 3264 CAP.
566 3221 629 3264 Π.
653 3220 746 3254 —1
777 3222 964 3263 Factum
986 3227 1052 3264 est
1083 3227 1231 3265 autem
1261 3222 1307 3264 in
1332 3236 1482 3265 mense
1513 3222 1661 3276 nisan,
1691 3234 1807 3264 anno
1837 3220 2052 3274 vigesimo
2075 3218 2206 3260 Arta-

376 3281 522 3324 xerxis
544 3280 686 3337 regis,
714 3284 757 3323 et
785 3280 939 3321 vinum
972 3285 1064 3323 erat
1095 3287 1198 3324 ante
1228 3295 1348 3337 eum,
1383 3286 1426 3324 et
1447 3281 1592 3324 levavi
1617 3280 1783 3335 vinum,
1812 3284 1854 3322 et
1880 3278 1981 3321 dedi
2007 3277 2113 3333 regi.
2149 3276 2208 3322 Et

377 3354 496 3383 eram
523 3339 646 3395 quasi
669 3338 907 3394 languidus
933 3345 1035 3382 ante
1057 3339 1221 3382 faciem
1248 3340 1357 3395 ejus.
1381 3339 1398 3365 2
1420 3340 1632 3395 Dixitque
1658 3338 1765 3380 mihi
1789 3352 1864 3380 rex
1899 3354 1906 3380 :
1942 3337 2084 3387 Quare
2110 3335 2204 3378 vul-

378 3404 447 3441 tus
472 3404 573 3441 tuus
599 3398 736 3441 tristis
763 3403 847 3453 est,
875 3412 975 3440 cum
1005 3402 1047 3441 te
1079 3403 1294 3453 aegroturn
1327 3413 1414 3442 non
1443 3397 1652 3442 videam?
1685 3398 1782 3440 Non
1818 3402 1883 3439 est
1912 3396 1994 3439 hoc
2017 3396 2204 3450 frustra,

378 3457 452 3500 sed
475 3458 643 3500 malum
675 3457 822 3501 nescio
853 3456 967 3512 quod
996 3456 1041 3498 in
1077 3457 1206 3500 corde
1235 3463 1309 3501 tuo
1339 3463 1417 3501 est.
1442 3458 1500 3500 Et
1532 3456 1659 3499 timui
1691 3455 1820 3499 valde
1853 3470 1905 3498 ac
1939 3454 2096 3508 nimis3
2121 3453 2138 3479 3
2162 3458 2224 3496 et.-

378 3515 469 3558 dixi
495 3517 586 3571 regi
614 3534 621 3560 :
647 3518 760 3571 Rex,
786 3516 831 3558 in
857 3521 1066 3558 aeternum
1103 3515 1222 3558 vive!
1247 3517 1388 3566 Quare
1417 3530 1504 3559 non
1538 3520 1720 3558 moereat
1750 3514 1897 3557 vultus
1928 3527 2071 3570 meus,
2103 3511 2221 3568 quia...

378 3658 408 3692 5]
426 3659 506 3686 Dan.
526 3659 589 3692 IX,
610 3662 635 3687 4.
