2456 3861
750 130 858 171 ΤοΒ.
893 129 1007 183 VII,
1045 128 1065 170 l
1099 154 1158 161 —-
1189 127 1328 183 VIII,
1366 128 1431 170 12.
1903 126 2002 168 -473

177 301 400 357 *virginem
423 314 523 342 cum
547 299 702 342 timore
732 297 930 353 Domini,
956 311 1106 340 ain-ore
1139 297 1327 340 filiorum
1362 295 1504 353 magis
1525 310 1657 352 quam
1691 296 1875 340 libidine
1901 296 2004 338 duc-

178 365 272 414 tus,
301 359 414 401 utin
440 358 607 401 semine
632 357 823 399 Abrahae
848 356 1203 400 benedictionem
1228 356 1274 398 in
1295 355 1397 398 filiis
1425 355 1716 412 consequaris,

238 419 345 461 CAP.
374 418 478 463 VII.
508 443 562 450 -
590 416 603 444 ¹
633 416 828 470 Ingressi
853 421 955 459 sunt
974 420 1125 458 autem
1148 415 1205 458 ad
1242 415 1503 471 Raguelem,
1537 421 1582 458 et
1603 414 1795 470 suscepit
1820 428 1893 457 eos
1922 416 2003 458 Ra-

173 478 278 534 guel
305 491 403 520 cum
429 476 605 530 gaudio.
634 473 652 502 '²
674 475 944 530 Intuensque
971 474 1158 517 Tobiam
1183 474 1374 530 Raguel,
1401 473 1516 518 dixit
1542 474 1708 529 Annae,
1736 473 1859 516 uxori
1880 488 2003 517 suffe:

172 537 318 587 Quam
350 536 507 579 similis
540 540 607 579 est
637 533 815 590 juvenis
848 533 931 575 iste
962 533 1222 575 consobrino
1256 533 1379 576 mcol
1418 533 1436 561 ³
1460 534 1514 575 Et
1548 547 1646 576 cuni
1682 534 1776 576 haee
1806 532 2002 587 dixisset,

164 596 277 638 ait:
317 595 444 638 Unde
483 594 609 649 estis,
649 593 857 649 juvenes,
894 592 1056 634 fratres
1094 591 1260 635 nostri?
1297 592 1358 634 At
1395 592 1459 634 illi
1502 593 1743 635 dixerunt:
1780 593 1847 634 Ex
1887 591 2003 634 tribu

177 654 422 710 Nephthali
447 667 615 708 sumus,
644 666 700 695 ex
725 650 986 707 captivitate
1014 649 1190 693 Ninive.
1224 650 1240 677 ⁴
1264 650 1474 706 Dixitque
1507 652 1596 694 illis
1623 651 1791 707 Raguel
1821 668 1829 695 :
1858 649 2006 693 Nostis

176 713 385 768 Tobiam,
413 714 598 755 fratrem
628 709 810 753 meum?
833 708 915 760 Qui
937 709 1146 752 dixerunt
1173 725 1181 752 z
1209 709 1437 752 Novimus.
1460 710 1478 736 ⁵
1504 710 1700 765 Cumque
1724 711 1863 752 multa
1892 710 2008 752 bona

178 772 429 828 loqueretur
452 772 505 815 de
528 785 598 826 eo,
626 769 741 813 dixit
759 768 948 825 angelus
971 768 1026 811 ad
1056 769 1300 823 Ragnelem
1329 784 1338 811 :
1360 768 1543 823 Tobiae,
1571 770 1623 812 de
1643 783 1726 824 quo
1749 769 2006 824 interrogas,

176 837 304 888 pater
326 832 451 875 istius
473 836 552 875 est.
575 830 593 858 ὓ
617 831 674 872 Et
700 828 821 871 misit
845 841 890 870 se
920 827 1109 883 Raguel,
1138 831 1181 869 et
1205 841 1307 870 cum
1329 826 1535 882 lacrymis
1557 828 1778 870 osculatus
1797 833 1860 870 est
1881 842 2006 882 eum3

166 897 221 934 et
253 891 430 947 plorans
459 905 589 947 supra
624 888 786 931 collum
818 887 938 943 ejus,
969 886 987 917 »7
1011 886 1126 930 dixit
1157 902 1166 929 :
1202 885 1461 929 Benedictio
1494 887 1551 929 sit
1580 887 1682 941 tibi,
1713 886 1774 928 lili
1805 886 1885 941 mi,
1909 886 2009 943 quia

177 951 280 993 boni
304 955 347 993 et
365 950 531 1006 'optimi
555 949 635 992 viri
664 947 778 990 filius
801 961 859 990 es.
883 945 899 973 ⁸
926 947 984 988 Et
1006 946 1159 1000 Anna,
1187 959 1296 988 uxor
1318 944 1436 1001 ejus,
1461 950 1505 989 et
1525 945 1653 1001 Sara,
1680 945 1875 1001 ipsorum
1897 945 2008 1000 filia,

179 1009 437 1066 lacrymatae
464 1014 579 1052 sunt.

237 1069 254 1095 ⁰
280 1070 519 1124 Postquam
546 1072 698 1112 autem
723 1067 860 1111 locuti
885 1072 1008 1122 sunt,
1036 1066 1249 1123 praecepit
1277 1065 1447 1122 Raguel
1472 1065 1613 1108 occidi
1640 1064 1843 1120 arietem,
1867 1069 1910 1107 et
1933 1077 2010 1119 pa-

174 1129 262 1171 rari
286 1128 554 1171 convivium.
589 1128 785 1184 Cumque
814 1127 1064 1170 hortaretur
1093 1140 1166 1169 eos
1198 1125 1475 1168 discumbere
1509 1124 1565 1167 ad
1591 1123 1840 1180 prandium,
1872 1122 1904 1149 ¹⁰
1927 1123 2011 1166 To-

178 1187 273 1230 bias
300 1187 414 1230 dixit
441 1203 449 1230 :
476 1186 564 1229 Hic
593 1201 676 1242 ego
701 1187 833 1230 hodie
858 1200 945 1229 non
979 1184 1279 1239 manducabo,
1313 1198 1454 1240 neque
1478 1184 1648 1238 bibam,
1681 1182 1765 1224 nisi
1788 1183 1906 1238 prius
1938 1195 2012 1238 pe-

177 1247 381 1289 titionem
413 1260 559 1289 meam
597 1246 854 1301 confirmes,
882 1250 926 1289 et
959 1244 1192 1301 promittas
1224 1243 1334 1297 mihi
1365 1243 1469 1286 dare
1502 1244 1676 1297 Sal-am,
1711 1241 1850 1283 filiam
1874 1245 2010 1284 tuam.

181 1305 210 1331 ¹'¹
236 1306 328 1355 Quo
366 1305 519 1348 audito
555 1306 710 1361 verbo,
750 1304 920 1360 Raguel
955 1304 1157 1360 expavit,
1189 1303 1331 1346 sciens
1365 1302 1470 1358 quid
1499 1301 1696 1346 evenerit
1727 1300 1816 1343 illis
1841 1304 2012 1356 septem

172 1364 283 1407 viris
306 1364 379 1420 qui
406 1364 595 1420 ingressi
621 1370 723 1407 sunt
746 1364 802 1407 ad
824 1378 948 1419 eam,
974 1368 1019 1406 et
1040 1363 1196 1406 timere
1219 1361 1354 1418 coepit
1384 1375 1439 1404 ne
1463 1362 1579 1404 forte
1604 1364 1649 1403 et
1674 1360 1776 1403 huic
1809 1359 2013 1402 similiter

167 1423 469 1479 contingeret.
511 1425 569 1466 Et
611 1437 711 1466 cum
752 1427 949 1477 nutaret,
988 1427 1033 1465 et
1073 1435 1160 1463 non
1198 1421 1323 1464 daret
1359 1420 1528 1476 petenti
1562 1419 1703 1462 ullum
1740 1432 2011 1475 responsum,

172 1481 214 1508 ⁶²²
237 1482 354 1525 dixit
392 1483 431 1526 ei
465 1483 685 1538 angelus:
726 1483 829 1525 Noli
863 1481 1020 1524 timere
1058 1480 1163 1523 dare
1193 1494 1291 1523 eam
1324 1479 1419 1535 isti,
1457 1478 1666 1534 quoniam
1702 1478 1803 1521 huic
1837 1476 2013 1519 timenti

178 1542 323 1584 Deum
344 1542 532 1585 debetur
558 1542 724 1598 conjux
746 1541 840 1584 filia
874 1545 975 1595 tua3
1004 1543 1237 1596 propterea
1261 1539 1375 1581 alius
1406 1552 1495 1581 non
1520 1537 1664 1594 potuit
1688 1537 1850 1580 habere
1875 1536 2013 1578 illam.

172 1600 214 1628 13
235 1602 360 1644 Tunc
385 1601 501 1644 dixit
526 1600 697 1656 Raguel
725 1617 734 1644 :
759 1602 859 1644 Non
883 1599 1037 1642 dubito
1059 1598 1175 1654 quod
1204 1599 1322 1641 Deus
1342 1611 1495 1653 preces
1517 1602 1561 1640 et
1582 1597 1802 1652 lacrymas
1824 1608 1944 1637 meas
1968 1594 2011 1636 in

168 1666 417 1716 conspeetu
446 1674 523 1703 suo
560 1660 804 1703 admiserit.
839 1659 876 1687 '¹4
899 1660 957 1702 Et
991 1658 1121 1701 credo
1150 1657 1359 1713 quoniam
1391 1655 1491 1699 ideo
1523 1655 1636 1699 fecit
1671 1670 1748 1699 vos
1781 1654 1930 1697 venire
1957 1653 2015 1696 ad

173 1734 268 1775 me,
288 1725 336 1763 ut
358 1720 444 1762 ista
465 1719 811 1776 conjungeretur
828 1717 1084 1774 cognationi
1107 1732 1198 1761 suae
1217 1716 1461 1760 secundum
1483 1716 1629 1771 legem
1647 1713 1816 1770 Moysi,
1837 1718 1882 1756 et
1899 1725 2015 1755 nunc

174 1778 268 1822 noli
292 1779 476 1822 dubium
504 1793 654 1834 gerere
678 1778 794 1834 quod
812 1778 899 1821 tibi
920 1792 1019 1821 eam
1044 1777 1232 1820 tradam.

237 1837 272 1864 ‘¹5
306 1839 365 1880 Et
396 1838 735 1895 apprehendens
773 1837 1004 1881 dexteram
1036 1837 1141 1880 filiae
1175 1851 1284 1891 suae,
1320 1835 1490 1879 dextrae
1526 1834 1680 1878 Tobiae
1709 1832 1914 1886 tradidit,
1951 1830 2015 1875 di-

170 1911 282 1940 cens
311 1914 320 1942 :
355 1899 474 1940 Deus
508 1897 759 1954 Abraham,
789 1902 835 1940 et
868 1898 989 1940 Deus
1021 1898 1168 1951 Isaac,
1197 1901 1240 1938 et
1275 1896 1394 1938 Deus
1429 1894 1570 1938 Jacob
1600 1893 1830 1936 vobiscum
1861 1891 1938 1947 sit,
1973 1895 2017 1934 et

177 1956 271 2013 ipse
300 1957 548 2013 conjungat
569 1971 666 2012 vos,
697 1956 967 2013 impleatque
1002 1955 1362 1999 benedictionem
1395 1968 1521 1997 suam
1545 1953 1591 1995 in
1624 1951 1768 1995 vobis!
1800 1950 1832 1977 ¹⁶
1863 1952 1920 1993 Et
1944 1963 2016 1992 ac-

171 2021 308 2072 cepta
346 2016 519 2071 charta,
553 2016 760 2059 fecerunt
793 2015 1167 2072 conscriptionem
1206 2014 1420 2070 conjugii.
1460 2013 1490 2039 ¹7
1515 2013 1572 2054 Et
1593 2017 1692 2068 post
1720 2011 1817 2052 haec
1851 2008 2017 2065 epulati

171 2079 303 2131 sunt,
330 2074 647 2118 benedicentes
674 2076 832 2119 Deum.
863 2074 897 2102 18
920 2073 1198 2129 Vocavitque
1229 2073 1400 2129 Raguel
1428 2072 1485 2115 ad
1519 2085 1564 2114 se
1600 2071 1804 2124 Annam,
1835 2082 2016 2111 uxorem

180 2148 326 2190 suani,
357 2139 400 2177 et
421 2134 634 2190 praecepit
658 2134 697 2177 ei
721 2139 769 2176 ut
798 2139 1067 2190 praepararet
1097 2133 1285 2176 alterum
1318 2132 1585 2175 cubiculum.
1615 2129 1651 2155 19
1681 2130 1739 2171 Et
1771 2126 2017 2170 introduxit

175 2193 285 2236 illuc
310 2195 484 2249 Seram,
508 2193 647 2236 tiliam
671 2208 818 2248 suam,
847 2198 890 2236 et
916 2193 1162 2249 lacryma-ta
1185 2198 1262 2235 est.
1293 2191 1330 2218 '2⁰
1356 2191 1567 2245 Dixitque
1597 2189 1637 2232 ei
1668 2203 1676 2230 ε
1712 2187 1834 2230 Forti
1867 2186 2017 2228 animo

170 2258 287 2307 esto,
314 2253 407 2295 filia
421 2267 533 2296 mea.
557 2253 772 2295 Dominus
796 2253 895 2295 caeli
915 2252 989 2295 det
1007 2251 1088 2294 tibi
1104 2252 1317 2307 gaudium
1336 2265 1413 2307 pro
1432 2249 1568 2292 tzedio
1585 2247 1701 2303 quod
1725 2260 1931 2303 perpessa
1944 2258 1990 2288 es
2007 2245 2015 2287 1

242 2312 347 2356 CAP.
384 2312 517 2355 VIII.
543 2324 607 2345 ·-
644 2312 653 2338 1
684 2312 924 2367 Postquam
959 2325 1062 2353 vero
1092 2315 1400 2365 coenaverunt,
1431 2308 1771 2351 introduxerunt
1807 2305 2016 2360 juvenem

170 2373 238 2416 -ad
263 2386 375 2415 eam.
400 2371 417 2397 2
438 2372 710 2414 Recordatus
733 2370 881 2426 itaque
899 2369 1062 2413 Tobiae
1084 2383 1335 2412 sermonum
1356 2367 1519 2424 angeli,
1543 2365 1725 2423 protulit
1751 2364 1803 2407 de
1822 2362 2017 2406 cassidili

174 2446 259 2476 suo
281 2436 455 2487 partem
477 2429 663 2486 jecoris,
691 2428 924 2486 posuitque
950 2443 1049 2472 eam
1074 2442 1204 2485 super
1230 2427 1442 2470 carbones
1464 2425 1602 2468 vivos.
1629 2424 1646 2451 3
1667 2425 1791 2467 Tunc
1818 2421 2018 2478 Raphael

175 2491 368 2547 angelus
398 2489 693 2546 apprehendit
718 2488 1010 2544 daemonium,
1047 2492 1090 2530 et
1121 2485 1331 2542 religavit
1360 2485 1473 2528 illud
1501 2484 1548 2527 in
1581 2483 1752 2526 deserto
1782 2480 2017 2537 superioris

244 2566 410 2655 &punc
440 2612 639 2654 hortatus
673 2616 739 2654 est
773 2610 993 2665 virginem
1026 2607 1209 2662 Tobiae,
1246 2605 1446 2660 dixitque
1476 2603 1545 2646 ei:
1584 2602 1712 2657 Sara,
1752 2615 1938 2657 exurge,
1973 2604 2018 2643 et

172 2671 471 2727 deprecemur
500 2672 642 2714 Deum
664 2670 816 2724 hodie,
846 2674 890 2712 et
912 2682 1027 2723 cras,
1055 2673 1100 2710 et
1120 2664 1365 2709 secundum
1390 2677 1507 2717 crae,
1530 2661 1634 2717 quia
1656 2661 1724 2703 his
1749 2660 1889 2703 tribus
1914 2672 2016 2701 noc-

181 2730 302 2772 tibus
329 2730 423 2772 Deo
445 2730 701 2786 jungimur-3
726 2729 857 2772 tertia
883 2728 1033 2770 autem
1058 2728 1284 2768 transacta
1310 2727 1458 2777 nocte,
1484 2721 1531 2764 in
1553 2726 1701 2763 nostro
1731 2719 1892 2763 erimus
1915 2732 2017 2761 con-

185 2789 337 2846 jugio:
364 2789 380 2816 5
406 2789 485 2832 filii
520 2788 681 2845 quippe
715 2793 967 2831 sanctorum
1007 2798 1181 2839 sumne,
1216 2787 1260 2826 et
1291 2796 1380 2825 non
1415 2794 1647 2838 possumus
1683 2779 1748 2822 ita
1780 2777 2015 2834 conjungi,

172 2848 298 2891 ¹sieut
330 2853 487 2904 gentes
523 2863 621 2904 quae
654 2848 864 2904 ignorant
893 2846 1051 2888 Deum.
1088 2843 1105 2870 ⁶
1131 2844 1370 2897 Surgentes
1406 2844 1554 2883 antem
1587 2838 1771 2896 pariter,
1801 2838 2019 2880 instanter

171 2908 372 2951 -·orabant
392 2908 524 2950 ambo
550 2907 704 2962 simul,
728 2911 776 2948 ut
802 2905 969 2948 sanitas
991 2903 1169 2946 daretur
1194 2902 1269 2944 eis,
1294 2900 1308 2926 ⁷
1337 2899 1548 2954 Dixitque
1577 2898 1740 2942 Tobias
1769 2914 1777 2941 :
1807 2895 2016 2950 Domine,

186 2967 306 3010 Deus
332 2972 509 3024 patrum
535 2971 803 3021 nostrorum,
831 2963 1099 3007 benedicant
1124 2966 1167 3004 te
1187 2960 1285 3004 caeli
1305 2964 1348 3003 et
1368 2964 1517 3012 terrae,
1538 2972 1765 3013 mareque,
1788 2961 1833 2999 et
1854 2956 2016 3010 fontes,

127 3063 131 3066 .
173 3031 230 3069 *et
253 3025 460 3083 fiumina,
487 3031 531 3070 et
555 3040 709 3070 omnes
732 3029 944 3068 creaturae
970 3027 1077 3077 tuae,
1102 3035 1198 3076 quae
1227 3019 1275 3062 in
1304 3019 1366 3062 eis
1397 3018 1520 3061 sunt!
1551 3017 1568 3044 8
1590 3018 1658 3060 Tu
1689 3015 1840 3059 fecisti
1871 3014 2019 3058 Adam

176 3084 240 3128 -de
261 3084 367 3129 limo
389 3089 543 3141 terrae,
571 3084 819 3139 dedistique
844 3083 885 3125 ei
911 3081 1187 3137 adjuterium
1218 3079 1409 3122 Hevam.
1435 3077 1453 3104 ⁰
1479 3078 1536 3120 Et
1565 3091 1703 3132 nunc,
1733 3074 1948 3128 Domine,
1971 3078 2018 3116 tu

172 3143 272 3187 scis
301 3144 404 3200 quia
432 3159 521 3188 non
551 3144 739 3187 luxuriae
770 3156 902 3185 causa
931 3140 1101 3197 accipio
1134 3152 1326 3182 sororem
1354 3151 1500 3181 meam
1533 3136 1792 3193 conjugem,
1820 3133 1896 3176 sed
1925 3132 2019 3175 sola

185 3203 459 3259 posteritatis
491 3204 750 3259 dilectione,
785 3202 831 3245 in
853 3215 938 3257 qua
961 3199 1249 3242 benedicatur
1273 3211 1433 3241 nomen
1463 3201 1589 3239 tuum
1621 3196 1666 3238 in
1689 3193 1853 3237 saecula
1879 3205 2017 3234 saecu-

186 3262 342 3305 lorum.
370 3262 406 3290 ¹⁰
429 3263 555 3306 Dixit
585 3277 754 3320 quoque
779 3262 885 3306 Sara
918 3277 927 3304 :
960 3259 1167 3302 Miserere
1201 3256 1348 3312 nobis,
1385 3255 1594 3311 Domine,
1626 3254 1830 3297 miserere
1863 3250 2015 3305 nobis3

175 3326 232 3364 et
257 3335 623 3366 consenescamus
648 3322 779 3365 ambo
806 3320 968 3378 pariter
989 3318 1097 3364 sani.

248 3380 281 3408 ¹¹
305 3382 365 3424 Et
385 3382 559 3424 factum
585 3385 650 3424 est
673 3381 790 3425 circa
812 3379 1033 3436 pullorum
1056 3382 1258 3433 cantum,
1284 3375 1488 3419 accersiri
1517 3373 1649 3430 jussit
1672 3370 1843 3427 Raguel
1868 3382 2015 3413 servos

175 3453 314 3495 ·suos;
342 3445 386 3484 et
407 3441 613 3484 abierunt
638 3454 739 3483 cum
760 3454 811 3483 eo
829 3438 994 3495 pariter
1011 3441 1059 3479 ut
1083 3437 1291 3480 foderent
1310 3434 1573 3491 sepulcrum.
1599 3431 1633 3458 1'2
1652 3430 1841 3474 Dicebat
1866 3428 1984 3472 enim
2007 3443 2016 3470 ε

189 3499 259 3541 Ne
290 3499 408 3542 forte
440 3499 577 3542 simili
614 3499 744 3542 modo
784 3496 982 3541 evenerit
1014 3495 1073 3552 ei,
1101 3509 1186 3551 quo
1218 3499 1263 3540 et
1294 3493 1452 3538 ceteris
1482 3491 1570 3535 illis
1602 3494 1773 3547 septem
1804 3487 1910 3531 viris
1943 3486 2016 3544 qui

179 3644 239 3677 ⁷214]
257 3643 354 3671 Num.
373 3643 532 3678 XXXVI,
549 3646 574 3671 6.
592 3658 628 3662 —
648 3644 677 3676 8]
696 3643 773 3671 Gen.
793 3643 839 3676 ΙΙ,
853 3643 878 3670 7.

2103 423 2277 451 Viatorum

2113 467 2274 500 appulsus

2150 511 2237 543 apud

2095 555 2288 589 Raguelem.

2095 1068 2175 1096 Sara
2189 1066 2300 1095 ‘rubim

2102 1111 2299 1140 conceditur

2095 1155 2128 1185 in
2149 1162 2298 1184 uxorem.

2144 2317 2264 2350 Sponsi

2092 2360 2280 2390 liberantur
2296 2367 2316 2388 a

2126 2405 2283 2434 daemone.

2096 2613 2203 2640 Deum
2219 2613 2312 2640 caste

2092 2655 2322 2689 deprecantur.

2124 3367 2286 3401 Raguelis

2127 3412 2228 3440 timor
2244 3414 2279 3440 et

2111 3455 2297 3490 gratiarum

2151 3498 2252 3529 actio.
