2423 3861
1885 147 1996 189 1069

815 145 1018 188 JMAvn.
1054 148 1193 187 ΧΗΙ.
1230 149 1357 188 7-4-2.

1172 250 1401 259 .————--—-..-
1414 255 1419 258 .
1433 257 1446 261 ,

358 253 583 262 -“---.---
589 254 659 261 μη..
666 256 714 261 u.

234 314 249 340 7
268 315 326 357 Et
354 329 565 357 0000118118
588 323 651 358 est
678 315 856 372 spiritus
883 315 1053 372 populi,
1081 315 1211 358 simul
1243 322 1289 357 ut
1314 316 1484 358 audivit
1511 330 1733 360 sermones
1759 316 1888 369 istos;
1913 318 1930 344 8
1955 324 1997 362 01

173 372 492 429 responderunt
510 388 616 417 voce
639 388 824 430 magna,
848 374 1043 417 dicentes
1065 389 1074 417 ε
1096 375 1162 416 Tu
1186 388 1230 417 es
1253 373 1342 416 dux
1369 379 1515 418 noster
1536 374 1632 418 loco
1651 374 1781 418 Judae
1800 380 1842 418 et
1861 377 1996 419 -Jona-

172 431 275 485 thae,
301 432 454 474 fratris
479 432 567 487 tui;
591 432 609 458 9
626 446 777 489 pugna
803 433 1006 489 praelium
1032 437 1250 488 nostruin,
1277 438 1321 476 et
1346 433 1493 475 omnia
1516 447 1808 489 quaecumque
1833 433 1996 477 dixeris

171 489 299 532 nobis
322 491 553 534 faciemus.

232 548 268 575 ¹⁰
293 549 350 591 Et
376 564 649 605 congregans
676 565 826 594 omnes
855 551 969 592 viros
994 550 1250 595 bellatores.
1273 552 1537 594 εισι-01010111
1569 566 1875 596 consummare
1900 553 1995 595 uni-

171 620 318 651 versos
350 622 495 652 muros
520 609 790 663 Jerusalem,
817 615 860 652 et
889 609 1080 651 munivit
1105 623 1202 652 eam
1231 610 1275 650 in
1303 624 1425 666 gyro.
1450 610 1481 636 ¹¹
1512 611 1568 653 Et
1597 610 1718 654 misit
1746 611 1994 667 Jonathan,

170 667 310 709 filium
337 667 589 718 Absalomi,
616 673 658 711 et·
680 681 779 710 cum
802 681 852 710 eo
877 667 1120 711 exercitum
1146 681 1331 722 novum,
1358 668 1403 711 in
1429 670 1628 726 Joppen3
1653 675 1716 726 et,
1743 670 1898 727 ejectis
1927 670 1995 714 his

169 725 241 781 qui
274 731 397 769 erant
424 726 470 768 in
504 741 573 781 ea,
608 725 821 769 remansit
849 725 942 768 illic
974 725 1081 782 ipse.
1110 725 1146 752 ¹⁵²
1169 727 1223 768 Et
1254 727 1392 769 movit
1421 728 1629 784 Tryphon
1659 744 1684 771 a
1718 729 1996 774 Ptolemaida

169 799 268 827 cum
291 785 487 828 exercitu
517 784 677 840 multo,
704 790 752 826 ut
781 784 951 828 veniret
981 784 1027 826 in
1054 790 1215 827 terram
1240 785 1384 840 Juda3
1414 792 1457 829 et
1486 787 1703 830 -lonathas
1733 803 1833 831 cum
1868 802 1918 832 eo
1948 788 1994 831 in

168 843 382 887 custodia.
408 843 443 869 ¹3
459 843 611 886 Simon
635 848 785 886 autem
807 842 1024 900 applicuit
1047 842 1093 885 in
1120 843 1297 899 AddUS,
1321 850 1472 888 contra
1498 846 1662 889 faciem
1686 847 1845 904 campi.

228 902 262 928 '¹²¹
289 904 347 944 Et
371 906 421 945 ut
445 901 653 957 cognovit
682 902 892 958 Tryphon
922 902 1024 958 quia
1056 903 1246 946 surrexit
1273 903 1424 946 Simon
1455 904 1550 946 1000
1583 904 1735 948 fratris
1764 906 1832 949 sui
1858 907 1885 949 J
1891 921 1992 950 ona-

167 961 276 1015 thae,
302 966 346 1004 et
368 960 469 1017 quia
495 961 807 1004 commissurus
834 966 949 1004 esset
978 975 1079 1004 cum
1108 975 1158 1004 eo
1187 961 1412 1018 praelium,
1439 963 1560 1005 misit
1584 964 1640 1006 ad
1671 978 1771 1007 eum
1801 965 1991 1021 legatos,

167 1018 202 1045 ¹³¹
221 1019 371 1063 dicens
395 1035 403 1063 ε
431 1020 514 1062 Pro
536 1024 721 1075 argento
747 1020 862 1076 quod
886 1020 1077 1063 debebat
1101 1020 1240 1063 frater
1258 1025 1358 1064 tuus
1377 1022 1595 1064 ι1011011108
1612 1023 1658 1065 111
1675 1024 1845 1068 ratione
1862 1025 1992 1081 regis,

166 1083 343 1135 propter
367 1078 547 1134 negotia
576 1093 675 1134 quae
709 1079 885 1133 habuit,
917 1079 1188 1122 detinuimus
1221 1093 1334 1123 eum.
1362 1079 1398 1106 ¹⁶
1424 1082 1481 1123 Et
1509 1095 1626 1124 nunc
1661 1082 1788 1126 mitte
1820 1084 1992 1139 argenti

165 1137 333 1181 talenta
371 1142 570 1193 centum,
605 1143 647 1181 et
681 1138 790 1181 duos
823 1137 937 1181 filios
973 1138 1068 1194 ejus
1106 1138 1301 1194 obsides,
1339 1143 1387 1181 ut
1420 1154 1506 1183 non
1544 1139 1750 1184 dimissus
1783 1141 1932 1198 fugiat
1968 1157 1993 1185 a

164 1197 305 1253 nobis,
325 1202 370 1240 et
393 1197 670 1240 remittemus
693 1212 808 1241 eum.
829 1197 861 1224 ¹7
882 1199 940 1240 Et
961 1197 1169 1253 cognovit
1195 1198 1346 1242 Simon
1369 1199 1471 1254 quia
1496 1213 1596 1242 cum
1619 1199 1719 1243 dolo
1744 1199 1994 1256 loqueretur

163 1269 341 1311 secum;
370 1255 502 1312 jussit
534 1261 684 1300 tamen
718 1257 811 1300 dari
841 1262 1077 1312 argentum
1107 1262 1149 1300 et
1179 1271 1356 1313 pueros,
1387 1271 1442 1301 ne
1469 1257 1753 1301 inimicitiam
1783 1273 1993 1315 magnam

164 1321 356 1359 sumeret
379 1315 436 1358 ad
462 1316 675 1373 populum
701 1316 859 1372 Israel,
888 1316 1109 1359 dicentem
1131 1332 1139 1359 :
1167 1315 1202 1343 ¹⁸
1220 1315 1332 1366 Quia
1358 1330 1445 1359 non
1471 1315 1591 1359 misit
1617 1316 1654 1360 ei
1685 1323 1920 1374 argentum
1949 1324 1992 1362 et

164 1388 332 1431 pueros,
360 1379 590 1431 propterea
612 1375 754 1431 periit.
780 1375 815 1401 ¹¹³
833 1377 891 1418 Et
912 1374 1033 1418 misit
1058 1389 1213 1431 pueros
1235 1381 1278 1418 et
1301 1381 1479 1419 centum
1500 1375 1692 1431 talenta3
1717 1382 1761 1421 et
1783 1378 1995 1421 mentitus

163 1439 250 1489 est,
277 1441 320 1477 et
346 1447 433 1476 non
459 1433 628 1476 dimisit
650 1435 891 1478 Jonathan.
1713 1447 1718 1450 ·

222 1491 260 1519 ²⁰
283 1492 343 1535 Et
374 1497 474 1550 post
505 1493 602 1535 haec
632 1493 754 1536 venit
779 1494 990 1550 Tryphon
1018 1493 1135 1536 intra
1161 1494 1406 1549 regionem,
1440 1500 1486 1537 ut
1516 1500 1760 1538 contereret
1789 1510 1915 1551 eam3
1947 1502 1991 1540 et

160 1556 431 1607 gyraverunt
452 1551 665 1608 perviam
687 1565 785 1607 quae
809 1552 932 1595 ducit
952 1551 1099 1605 Ador3
1124 1557 1167 1594 et
1189 1552 1339 1595 Simon
1358 1558 1401 1596 et
1419 1559 1563 1595 castra
1585 1554 1681 1610 ejus
1699 1554 1992 1599 ambulabant

160 1610 206 1652 in
236 1624 413 1653 omnem
437 1610 585 1653 locum
614 1624 891 1666 quocumque
919 1609 1059 1653 ibant.
1086 1609 1119 1636 2¹
1140 1610 1222 1661 Qui
1247 1617 1398 1654 autem
1423 1611 1469 1653 in
1498 1626 1597 1654 arce
1628 1617 1753 1656 erant
1777 1613 1992 1657 miserunt

159 1668 215 1712 ad
242 1669 527 1726 Tryphonem
547 1669 739 1726 legatos,
763 1674 812 1712 ut
832 1669 1068 1713 festinaret
1089 1669 1240 1712 venire
1261 1684 1337 1726 per
1359 1670 1602 1725 desertum,
1623 1677 1665 1714 et
1687 1671 1882 1715 mitteret
1903 1672 1990 1716 illis

159 1728 406 1772 alimonias.
429 1727 466 1754 ⁶²2
478 1730 541 1775 Et
561 1728 737 1785 paravit
758 1729 969 1785 Tryphon
994 1742 1172 1771 omnem
1193 1728 1460 1785 equitatum,
1480 1734 1529 1772 ut
1545 1730 1715 1773 veniret
1735 1730 1813 1773 illa
1834 1737 1963 1775 nocte
1980 1749 1988 1787 3

159 1793 251 1831 erat
276 1793 425 1831 autem
451 1788 529 1830 nix
555 1787 696 1830 multa
713 1788 866 1843 valde,
889 1792 934 1830 et
955 1801 1043 1830 non
1060 1787 1184 1830 venit
1204 1787 1251 1829 in
1273 1787 1562 1831 Galaaditim.
1582 1787 1619 1814 23
1638 1790 1695 1831 Et
1717 1803 1818 1832 cum
1836 1804 1991 1847 appro—

158 1847 415 1903 pinquasset
441 1848 711 1903 Bascaman,
735 1847 898 1891 occidit
923 1846 1151 1890 Jonathan
1177 1851 1220 1890 et
1245 1846 1358 1891 filios
1385 1847 1481 1903 ejus
1505 1847 1612 1891 illic.
1640 1846 1676 1874 24
1695 1849 1752 1891 Et
1774 1849 1991 1893 convertit

158 1907 388 1963 Tryphon,
415 1911 458 1950 et
479 1906 589 1949 abiit
613 1906 661 1949 in
685 1911 848 1950 terram
873 1920 1013 1949 suam.

217 1964 254 1992 ²⁵
272 1967 331 2009 Et
351 1965 473 2008 misit
499 1966 670 2023 Simon,
694 1972 738 2009 et
761 1966 935 2023 accepit
960 1980 1057 2009 ossa
1087 1967 1317 2023 Jonathae,
1345 1967 1497 2010 fratris
1522 1967 1611 2023 sui,
1640 1972 1683 2011 et
1708 1968 1914 2024 sepelivit
1939 1984 1990 2013 ea

156 2024 203 2068 in
228 2025 394 2081 Modin,
415 2025 597 2069 civitate
615 2031 792 2082 patrum
815 2025 924 2081 ejus.
944 2024 981 2052 ²⁶
999 2026 1056 2068 Et
1077 2025 1345 2082 planxerunt
1367 2040 1467 2069 eum
1489 2027 1631 2069 omnis
1651 2028 1789 2071 Israel
1807 2027 1988 2083 planctu

157 2099 342 2141 magno,
369 2090 412 2128 et
437 2085 645 2128 luxerunt
667 2099 768 2128 eum
790 2084 883 2128 dies
909 2084 1085 2128 multos.
1108 2083 1143 2111 ²7
1162 2085 1221 2127 Et
1244 2084 1485 2127 aedificavit
1513 2085 1664 2129 Simon
1690 2100 1820 2142 super
1844 2088 1988 2142 sepul-

157 2157 279 2187 crum
311 2144 450 2200 patris
478 2144 546 2186 sui
577 2149 619 2187 et
648 2144 841 2187 flatrum
869 2158 1049 2187 suorum
1083 2143 1321 2186 aedificium
1350 2144 1492 2186 altum
1520 2144 1638 2200 visu,
1670 2144 1818 2202 lapide
1851 2145 1988 2202 polito

155 2208 270 2246 retro
296 2208 341 2246 et
368 2209 484 2246 ante.
511 2202 548 2229 28
574 2203 633 2245 Et
661 2203 819 2246 statuit
848 2208 1018 2259 septem
1044 2202 1321 2259 pyramidas,
1348 2217 1484 2245 unam
1509 2208 1661 2246 contra
1687 2217 1843 2259 unam,
1872 2205 1985 2260 patri

156 2267 200 2304 et
217 2262 362 2318 matri,
382 2267 426 2305 et
447 2266 634 2317 quatuor
650 2262 890 2316 fratribus3
911 2261 948 2288 ²9
966 2267 1009 2305 et
1029 2262 1097 2304 his
1124 2261 1441 2318 circumposuit
1459 2262 1687 2310 columnas
1708 2277 1894 2318 magnas
1911 2281 1920 2318 3
1944 2270 1986 2307 et

155 2334 285 2378 super
317 2320 545 2364 columnas
581 2335 725 2376 arma,
763 2321 819 2363 ad
858 2321 1116 2364 memoriam
1155 2325 1396 2376 aeternam3
1429 2325 1471 2364 et
1499 2321 1630 2377 juxta
1670 2335 1814 2377 arma,
1849 2336 1985 2365 naves

155 2380 364 2437 sculptas,
387 2394 487 2436 quae
505 2379 761 2423 viderentur
781 2380 837 2422 ab
861 2380 1066 2422 omnibus
1087 2379 1406 2436 navigantibus
1428 2394 1561 2424 mare.
1577 2379 1614 2407 3⁰
1632 2381 1732 2423 Hoc
1754 2385 1820 2425 est
1841 2380 1984 2439 sepul-

155 2452 278 2482 crum
303 2439 418 2495 quod
443 2439 555 2482 fecit
575 2439 621 2481 in
643 2438 818 2495 Modin,
844 2453 982 2495 usque
1005 2439 1051 2481 in
1076 2439 1194 2482 hunc
1220 2439 1351 2483 diem.

212 2498 246 2525 3¹
274 2499 483 2555 Tryphon
512 2503 683 2553 autem,
715 2512 816 2540 cum
847 2497 933 2541 iter
956 2498 1126 2542 faceret
1156 2512 1258 2541 cum
1279 2499 1523 2555 Antiocho,
1550 2514 1653 2556 rege
1681 2500 1982 2557 adolescente,

154 2558 254 2601 dolo
280 2558 444 2601 occidit
462 2572 574 2601 eum.
595 2556 632 2584 3²
650 2559 706 2600 Et
731 2557 936 2612 regnavit
953 2557 1049 2600 loco
1072 2557 1188 2613 ejus,
1209 2562 1251 2601 et
1271 2557 1484 2614 imposuit
1502 2558 1587 2601 sibi
1609 2558 1815 2603 diadema
1833 2559 1980 2614 Asiae3

153 2622 196 2660 et
217 2617 329 2661 fecit
354 2617 534 2674 plagam
553 2631 765 2673 magnam
790 2616 834 2658 in
857 2622 985 2660 terra.
1005 2616 1042 2643 33
1062 2618 1119 2659 Et
1144 2616 1383 2660 aedificavit
1399 2617 1551 2661 Simon
1571 2618 1982 2675 praesidia·Judaeae‚

153 2676 355 2720 muniens
378 2690 428 2719 ea
450 2676 643 2719 turribus
666 2675 873 2730 excelsis,
893 2680 937 2718 et
958 2675 1094 2720 muris
1117 2675 1312 2732 magnis,
1332 2681 1377 2719 et
1393 2676 1543 2734 portis,
1563 2681 1607 2720 et
1624 2677 1754 2732 seris;
1775 2682 1820 2722 et
1836 2677 1983 2736 posuit

150 2735 366 2779 alimenta
389 2735 437 2778 in
462 2735 798 2779 munitionibus.

210 2794 247 2821 34
277 2796 334 2838 Et
364 2794 500 2851 elegit
532 2794 684 2839 Simon
713 2795 850 2851 viros,
886 2801 930 2839 et
966 2795 1087 2838 misit
1121 2795 1178 2838 ad
1213 2796 1489 2839 Demetrium
1521 2811 1693 2852 regem,
1728 2801 1777 2840 ut
1812 2796 1983 2841 faceret

149 2854 456 2898 remissionem
479 2854 663 2910 regioni,
683 2854 786 2910 quia
802 2859 927 2897 actus
946 2868 1098 2898 omnes
1117 2854 1367 2911 Tryphonis
1388 2869 1465 2911 per
1486 2854 1780 2911 direptionem
1801 2855 1983 2899 fuerant

149 2913 278 2970 gesti.
306 2913 343 2940 ὢ
368 2914 426 2956 Ε1
456 2913 706 2956 Demetrius
738 2928 817 2957 rex
841 2914 898 2957 ad
923 2914 1057 2958 verba
1081 2913 1168 2956 ista
1193 2913 1419 2970 respondit
1452 2914 1511 2970 ei,
1540 2919 1582 2957 et
1614 2914 1791 2970 scripsit
1820 2914 1979 2972 episto-

149 2973 241 3015 lam
265 2973 400 3017 talem
423 2990 432 3017 z
459 2972 495 2999 36
515 2974 609 3016 Rex
631 2973 884 3016 Demetrius
911 2972 1100 3029 Simoni,
1123 2987 1296 3016 summo
1321 2973 1539 3016 sacerdoti
1561 2978 1605 3016 et
1630 2973 1774 3017 amico
1803 2987 1979 3031 regum,

149 3037 192 3075 et
214 3032 479 3089 senioribus,
504 3037 548 3075 et
571 3031 694 3088 genti
717 3032 999 3088 Judaeorum,
1023 3032 1225 3076 salutem.
1248 3031 1283 3058 3⁷
1303 3033 1520 3076 Coronam
1542 3047 1734 3089 auream,
1754 3038 1798 3076 et
1819 3032 1979 3077 bahem

149 3105 283 3147 quam
317 3091 522 3148 misistis,
558 3091 831 3149 suscepimus
854 3108 863 3146 3
899 3096 942 3135 et
986 3091 1129 3149 parati
1169 3105 1321 3135 sumus
1360 3091 1510 3136 facere
1553 3091 1784 3136 vobiscum
1825 3107 1979 3149 pacem

147 3165 389 3209 magnam,
421 3156 465 3195 et
496 3151 687 3195 scribere
719 3150 968 3208 praepositis
1005 3151 1121 3206 regis
1154 3150 1378 3194 remittere
1407 3151 1532 3194 vobis
1565 3165 1664 3208 quae
1695 3151 1976 3196 indulsimus.

148 3209 184 3236 3⁸
202 3211 503 3267 Quaecumque
527 3210 647 3254 enim
669 3210 979 3254 constituimus
1004 3210 1130 3253 vobis
1156 3215 1359 3253 constant
1380 3228 1389 3266 ;
1414 3210 1682 3254 munitiones
1707 3225 1816 3266 quas
1843 3210 1976 3253 aedifi-

148 3269 281 3312 castis
306 3269 433 3313 vobis
459 3270 562 3314 sint.
591 3269 629 3296 39
656 3269 940 3313 Remittimus
974 3283 1144 3325 quoque
1176 3269 1451 3325 ignorantias
1481 3274 1526 3314 et
1554 3275 1737 3326 peccata
1766 3283 1903 3325 usque
1930 3269 1977 3313 in

146 3327 410 3372 hodiernum
433 3329 563 3385 diem,
584 3334 627 3372 et
650 3343 856 3372 coronam
882 3342 1013 3384 quam
1037 3328 1290 3384 debebatis3
1319 3334 1362 3372 et
1386 3328 1423 3372 si
1446 3328 1551 3385 quid
1572 3329 1695 3372 aliud
1721 3334 1813 3372 erat
1838 3328 1978 3371 tribu-

148 3387 308 3430 tarium
340 3388 387 3431 111
410 3388 680 3445 Jerusalem,
707 3388 801 3444 jam
826 3402 913 3431 non
946 3387 1004 3431 sit
1029 3387 1326 3431 tributarium.
1352 3387 1390 3414 4⁰
1408 3389 1466 3431 Et
1490 3387 1526 3431 si
1549 3388 1622 3444 qui
1648 3402 1702 3431 ex
1727 3387 1853 3431 vobis
1882 3388 1975 3445 apti

147 3451 249 3488 sunt
274 3447 492 3490 conscribi
512 3447 630 3491 inter
650 3452 842 3503 nostros,
870 3446 1227 3502 conscribantur3
1256 3452 1299 3491 et
1323 3447 1381 3490 sit
1405 3447 1521 3491 inter
1544 3461 1623 3490 nos
1648 3461 1748 3504 pax,

205 3504 239 3531 4¹
258 3505 391 3550 Anno
417 3507 659 3550 centesimo
680 3505 1007 3564 septuagesimo
1028 3505 1230 3549 ablatum
1252 3511 1318 3549 est
1343 3506 1499 3562 jugum
1519 3505 1717 3561 gentium
1740 3506 1797 3549 ab
1819 3507 1973 3552 Israel.
2023 3547 2027 3551 .

146 3562 183 3590 ‘¹²
209 3565 266 3607 Et
296 3564 430 3622 coepit
458 3566 645 3622 populus
675 3565 814 3609 Israel
847 3564 1038 3608 scribere
1067 3564 1114 3608 in
1147 3564 1312 3608 tabulis
1342 3571 1385 3608 et
1418 3565 1554 3622 gestis
1587 3565 1777 3622 publicis
1801 3581 1811 3609 z
1842 3567 1975 3610 Anno

145 3622 288 3681 primo
306 3624 387 3667 sub
404 3623 595 3680 Simone,
611 3638 782 3668 summo
802 3623 1040 3681 sacerdote,
1057 3638 1219 3680 magno
1239 3624 1363 3681 duce,
1380 3628 1423 3667 et
1439 3623 1638 3682 principe
1657 3624 1932 3670 Judaeorum.

2079 561 2137 596 qui
2164 564 2280 593 statim

2096 607 2263 640 Tryphoni

2108 650 2248 681 resistit.

2095 914 2263 942 Jonathas

2060 964 2135 985 cum
2153 957 2233 986 filiis
2250 955 2296 986 in-

2093 1000 2270 1031 terficitur.

2120 1978 2232 2008 Simon

2055 2028 2114 2054 pro
2140 2024 2235 2055 patre
2260 2026 2293 2051 et

2090 2065 2257 2095 fratribus

2081 2111 2272 2142 sepulcrum

2097 2154 2256 2184 exstruit.

2112 2507 2236 2535 Contra

2065 2549 2273 2582 Tryphonem

2066 2600 2172 2627 regno
2188 2594 2274 2627 poti-

2067 2640 2141 2666 tum
2163 2639 2273 2667 firmat

2093 2682 2246 2711 Judaeam

2076 2726 2260 2763 praesidiis,

2102 2804 2233 2838 initque

2065 2848 2178 2878 foedus
2196 2856 2271 2878 cum

2077 2892 2260 2923 Demetrio.

2111 3509 2213 3538 Plena

2081 3552 2243 3582 libertate

2085 3597 2235 3631 gaudent

2102 3643 2120 3671 J
2127 3642 2223 3672 udaei.
