2456 3861
179 460 321 489 Partitio
339 467 387 489 re—

159 504 269 538 gionis
307 511 400 533 trans

184 549 374 577 Jordanem.

181 596 212 621 1⁰
234 593 377 622 Termini

214 638 343 666 Ix'uben.

180 1297 213 1325 2⁰
231 1294 374 1325 Termini

239 1341 315 1370 (iad.

183 1832 215 1858 30
233 1827 378 1856 Termini

214 1872 344 1900 dimidii

202 1918 363 1946 Manasse.

188 2186 375 2215 Conclusio.

194 2728 375 2755 Proeamtn-

244 2772 321 2799 luni.

232 3374 308 3400 Part
317 3373 346 3400 ΞΟ

200 3417 376 3450 peculiaris

196 3462 391 3490 conceditur

236 3506 343 3534 Caici».

466 174 552 218 210
1036 175 1131 217 Jos.
1168 175 1309 229 xm,
1346 175 1401 218 15
1433 200 1492 206 —
1524 176 1651 229 XIV,
1686 176 1725 218 7.

465 349 556 389 tem
579 346 687 388 Levi
713 359 799 387 non
823 345 945 387 dedit
966 343 1315 400 possessionem
1338 342 1415 386 sed
1441 342 1658 385 sacrificia
1691 348 1736 385 et
1767 342 1965 386 victimae
2001 345 2181 388 Domini
2214 347 2298 389 Dei

466 404 624 459 Israel,
651 403 749 459 ipsa
769 408 836 446 est
857 402 954 458 ejus
980 401 1224 457 hereditas,
1250 401 1365 444 sicut
1386 401 1559 444 locutus
1584 408 1651 444 est
1672 401 1751 445 illi.

527 462 559 489 ¹5
587 462 721 505 Dedit
746 475 849 517 ergo
876 462 1051 517 Moyses
1075 460 1396 517 possessionem
1422 459 1556 503 tribui
1582 460 1774 503 filiorum
1802 461 1958 504 Ruben
1978 460 2108 517 juxta
2136 477 2300 519 cogna-

464 521 606 564 tiones
638 535 767 575 suas3
809 520 844 547 16
868 520 1045 575 fuitque
1077 520 1292 562 terminus
1326 533 1475 562 eorum
1507 519 1564 561 ab
1598 522 1750 575 Aroer,
1777 534 1878 576 quae
1908 520 1994 563 sita
2027 525 2094 563 est
2124 521 2170 563 in
2203 522 2300 578 ripa

463 579 669 623 torrentis
704 581 876 635 Arnon,
904 584 948 622 et
978 579 1025 621 in
1050 579 1168 622 valle
1195 578 1398 635 ejusdem
1430 578 1637 621 torrentis
1670 579 1847 635 media,
1878 579 2132 622 universam
2157 580 2300 636 plani·

463 639 591 695 tiem,
615 653 713 694 quae
740 638 863 681 ducit
890 638 1101 693 Medaba,
1137 637 1170 664 ¹⁷
1195 643 1239 681 et
1264 637 1496 694 Hesebon,
1527 643 1796 693 cunctosque
1824 638 1996 681 viculos
2026 652 2199 694 earum,
2226 640 2301 695 qui

463 703 565 741 sunt
584 697 631 740 in
654 698 1005 754 campestribus3
1039 697 1186 741 Dibon
1213 711 1405 753 quoque,
1430 702 1474 740 et
1511 697 1829 752 Bamothbaal,
1855 702 1900 740 et
1925 697 2138 753 oppidum
2170 698 2302 740 Baal-

463 771 614 813 maon,
643 756 678 783 13
703 762 747 800 et
773 758 923 813 Jassa,
949 762 992 800 et
1025 757 1281 812 Cedimoth,
1307 762 1351 799 et
1383 756 1648 812 Mephaath,
1686 755 1721 782 19
1746 761 1790 799 et
1823 756 2120 811 Cariathaim,
2146 763 2192 799 et
2226 757 2302 801 Sa-

461 816 615 872 bama,
655 821 698 859 et
736 817 996 860 Sarathasar
1033 816 1081 859 in
1122 821 1272 859 monte
1310 815 1556 870 convallis;
1599 814 1636 842 ‘2⁰
1670 816 1958 872 Bethphogor
1996 820 2040 858 et
2077 815 2299 872 Asedoth,

462 876 640 932 Phasga
678 881 722 919 et
761 875 1117 932 Bethjesimoth3
1157 874 1191 901 2¹
1227 880 1270 918 et
1311 889 1463 918 omnes
1505 875 1634 917 urbes
1675 880 1964 931 campestres,
2008 874 2302 930 universaque

460 948 598 991 regna
626 935 769 979 Sehon
800 935 917 991 regis
947 935 1218 990 Amorrhaei,
1242 934 1316 990 qui
1349 934 1557 990 regnavit
1591 934 1637 976 in
1666 934 1897 990 Hesebon,
1925 948 2058 989 quem
2083 934 2303 990 percussit

461 993 638 1051 Moyses
661 1009 762 1038 cum
783 994 1059 1051 principibus
1082 994 1284 1050 Madian,
1316 994 1558 1048 Hevaeum,
1587 998 1630 1036 et
1654 994 1837 1048 Recem,
1865 998 1908 1036 et
1931 994 2023 1049 Sur,
2051 998 2093 1036 et
2122 994 2233 1049 Hur,
2257 998 2302 1036 et

463 1053 604 1110 Hebe,
632 1054 765 1097 duces
793 1054 956 1109 Sehon,
980 1053 1254 1096 habitatores
1279 1058 1423 1095 terrae.
1450 1051 1487 1078 9'2
1506 1053 1565 1094 Et
1592 1052 1779 1095 Balaam
1804 1052 1947 1095 filium
1974 1053 2087 1095 Beor
2111 1052 2302 1095 ariolum

462 1113 719 1156 occiderunt
741 1113 820 1155 filii
849 1112 986 1155 israel
1012 1112 1164 1168 gladio
1186 1126 1287 1154 cum
1314 1111 1471 1154 ceteris
1492 1110 1757 1156 interfectis.
1789 1110 1826 1137 23
1849 1112 2101 1167 Factusque
2127 1116 2193 1155 est
2214 1117 2299 1154 ter-

462 1172 606 1216 minus
632 1172 822 1215 filiorum
851 1172 1007 1215 Ruben
1031 1171 1240 1214 Jordanis
1273 1170 1448 1213 fluvius.
1478 1171 1592 1212 Haec
1625 1174 1693 1212 est
1724 1170 1941 1226 possessio
1977 1170 2301 1213 Rubenitarum

460 1245 539 1289 per
565 1231 852 1288 cognationes
878 1245 979 1274 suas
1000 1230 1176 1273 urbium
1202 1235 1246 1272 et
1267 1229 1527 1272 viculorum.

521 1290 557 1316 ⁵²4
584 1290 806 1346 Deditque
834 1291 1010 1346 Moyses
1042 1289 1177 1332 tribui
1205 1288 1304 1333 Gad
1327 1294 1371 1332 et
1399 1288 1502 1331 filiis
1525 1288 1623 1344 ejus
1650 1302 1729 1345 per
1758 1288 2045 1345 cognationes
2075 1303 2177 1332 suas
2202 1303 2303 1346 pos·

462 1350 721 1406 sessionem,
750 1349 878 1405 cujus
900 1349 996 1392 haec
1029 1348 1190 1392 divisio
1220 1352 1316 1392 est:
1350 1347 1387 1374 ²5
1412 1348 1629 1390 terminus
1666 1349 1811 1404 Jaser,
1840 1352 1883 1391 et
1916 1362 2068 1391 omnes
2094 1347 2302 1392 civitates

463 1409 656 1465 Galaad,
692 1414 738 1452 et
771 1408 1005 1452 dimidiam
1042 1412 1215 1464 partem
1251 1413 1381 1450 terrae
1413 1407 1605 1450 filiorum
1637 1408 1853 1463 Ammon,
1888 1421 2025 1462 usque
2057 1407 2115 1450 ad
2148 1409 2300 1464 Aroer‚

463 1484 559 1525 quae
586 1473 650 1512 est
680 1473 834 1512 contra
865 1468 1047 1522 Babba,
1082 1466 1118 1493 “2⁶
1144 1472 1189 1510 et
1213 1467 1271 1510 ab
1295 1466 1505 1510 Hesebon
1532 1481 1668 1522 usque
1699 1467 1912 1522 Ramoth,
1939 1466 2126 1523 Masphe
2148 1471 2192 1510 et
2219 1468 2302 1510 Be-

462 1528 632 1583 tonim3
661 1534 705 1571 et
725 1543 751 1570 a
777 1527 977 1570 Manaim
999 1541 1136 1582 usque
1162 1526 1219 1569 ad
1244 1526 1457 1569 terminos
1485 1526 1638 1570 Dabir.
1666 1525 1700 1552 ⁶²⁷
1725 1527 1779 1568 In
1797 1526 1917 1569 valle
1943 1539 2115 1581 quoque
2139 1526 2304 1569 Betha-

462 1603 561 1643 ran,
587 1592 631 1630 et
658 1587 948 1642 Bethnemra,
971 1592 1016 1629 et
1039 1586 1220 1641 socoth,
1245 1591 1288 1629 et
1311 1585 1488 1641 Saphon
1517 1585 1735 1640 reliquam
1769 1590 1943 1641 partem
1976 1585 2103 1641 regni
2135 1585 2300 1642 Sehon,

461 1647 580 1703 regis
603 1646 812 1690 Hesebon
829 1664 837 1701 3
857 1646 992 1702 hujus
1011 1659 1182 1701 quoque
1201 1645 1300 1687 finis
1319 1644 1529 1688 Jordanis
1549 1649 1614 1687 est
1631 1659 1768 1700 usque
1787 1645 1843 1687 ad
1862 1649 2110 1687 extremam
2130 1650 2302 1701 partem

464 1706 598 1749 maris
620 1706 838 1749 Cenereth
871 1711 993 1748 trans
1027 1704 1273 1748 Jordanem
1297 1704 1353 1747 ad
1377 1703 1640 1747 orientalem
1664 1704 1861 1761 plagam.
1897 1703 1933 1730 28
1960 1705 2073 1746 Haec
2104 1709 2169 1747 est
2203 1718 2303 1760 pos-

464 1765 598 1808 sessio
624 1765 816 1808 filiorum
839 1764 937 1809 Gad
963 1779 1040 1820 per
1061 1763 1261 1807 familias
1287 1777 1408 1819 suas,
1437 1762 1642 1806 civitates
1665 1768 1709 1806 et
1730 1763 1851 1806 villae
1878 1777 2043 1806 earum.

524 1823 561 1850 29
583 1824 719 1868 Dedit
751 1829 795 1867 et
829 1823 1029 1867 dimidiae
1058 1823 1195 1866 tribui
1229 1824 1456 1877 Manasse,
1491 1822 1681 1878 filiisque
1714 1822 1813 1878 ejus
1845 1823 1974 1878 juxta
2013 1822 2302 1878 cognationes

464 1899 564 1927 suas
597 1883 940 1941 possessionem,
975 1882 1012 1909 3⁰
1038 1883 1165 1938 cujus
1198 1883 1282 1925 hoc
1319 1881 1589 1938 principium
1616 1886 1682 1924 est
1709 1897 1717 1924 :
1752 1896 1778 1923 a
1811 1881 2011 1924 Manaim
2050 1882 2304 1924 universam

399 1985 402 1987 Α
467 1945 633 1999 Basan,
663 1948 705 1986 et
739 1948 899 1985 cuncta
931 1956 1069 1998 regna
1096 1942 1164 1998 Og
1195 1941 1312 1997 regis
1340 1942 1507 1996 Basan,
1535 1954 1774 1996 omnesque
1802 1940 1924 1983 vicos
1958 1941 2067 1996 Jair,
2095 1940 2168 1996 qui
2200 1945 2304 1983 sunt

465 2003 509 2045 in
538 2004 704 2058 Basan,
727 2002 963 2058 sexaginta
989 2001 1180 2058 oppida3
1209 2000 1242 2027 3¹
1264 2005 1308 2043 et
1334 1999 1568 2043 dimidiam
1592 2004 1766 2056 partem
1789 1999 1984 2054 Galaad,
2004 2005 2046 2043 et
2073 2000 2301 2056 Astaroth,

466 2068 509 2105 et
534 2062 689 2117 Edrai,
717 2061 847 2104 urbes
871 2061 998 2117 regni
1025 2060 1092 2116 Og
1117 2060 1163 2102 in
1191 2061 1337 2103 Basan
1358 2077 1366 2114 3
1393 2059 1496 2102 filiis
1517 2059 1702 2116 Machir,
1736 2059 1818 2102 filii
1852 2059 2078 2113 Manasse,
2104 2058 2303 2102 dimidiae

464 2121 579 2179 parti
606 2120 796 2163 filiorum
823 2120 996 2163 Machir
1020 2119 1152 2176 juxta
1178 2119 1466 2175 cognationes
1488 2133 1602 2162 suas.

524 2179 560 2207 3‘2
584 2181 715 2223 Hanc
740 2179 1063 2236 possessionem
1087 2179 1239 2222 divisit
1265 2179 1441 2235 Moyses
1470 2177 1515 2220 in
1542 2178 1864 2234 campestribus
1887 2178 2021 2221 Moab
2052 2183 2174 2221 trans
2204 2178 2303 2221 Jor-

466 2240 628 2283 danem
664 2245 817 2283 contra
844 2239 1024 2282 Jericho
1050 2238 1106 2281 ad
1133 2238 1394 2281 orientalem
1420 2237 1617 2294 plagam.
1651 2237 1688 2264 33
1713 2237 1866 2280 Tribui
1896 2242 2048 2280 autem
2074 2236 2186 2280 Levi
2215 2250 2304 2280 non

466 2299 589 2342 dedit
624 2298 966 2356 possessionem,
1006 2297 1215 2354 quoniam
1255 2296 1471 2340 Dominus
1512 2297 1632 2339 Deus
1673 2296 1811 2340 Israel
1849 2296 1944 2353 ipse
1986 2302 2051 2339 est
2087 2295 2304 2353 possessio

466 2358 582 2414 ejus,
613 2363 662 2400 ut
687 2358 861 2401 locutus
887 2363 953 2400 est
979 2356 1060 2400 illi.

489 2488 651 2531 SEc‘rlo
686 2487 749 2530 Il.
775 2513 833 2518 —
864 2487 1126 2529 NARRATUR
1161 2498 1247 2528 PER
1282 2497 1454 2528 PARTES
1488 2497 1664 2528 Divisio
1699 2496 1917 2527 REsroms
1953 2495 2286 2527 occirmN‘rALIS

924 2609 948 2667 ξ
982 2609 1018 2652 Ι.
1044 2635 1104 2642 —
1135 2609 1257 2651 Pars
1296 2608 1428 2654 Calah
1461 2614 1499 2652 et
1533 2608 1671 2652 tribus
1702 2607 1843 2650 Jacla.

527 2718 635 2761 CAP.
658 2718 783 2761 XIV.
806 2743 865 2750 —
888 2717 899 2743 ¹
922 2718 1021 2760 Hoc
1047 2721 1113 2760 est
1137 2717 1254 2772 quod
1275 2716 1567 2773 possederunt
1589 2715 1669 2758 filii
1697 2714 1836 2771 Israel
1859 2714 1903 2756 in
1930 2719 2044 2758 terra
2070 2715 2304 2772 Chanaan,

469 2791 600 2833 quam
627 2777 843 2820 dederunt
869 2777 931 2819 eis
957 2777 1144 2819 Eleazar
1169 2776 1372 2819 sacerdos
1394 2780 1438 2819 et
1463 2776 1599 2819 ‹Josue
1621 2775 1737 2818 filius
1763 2775 1887 2829 Nun,
1915 2779 1959 2817 et
1983 2774 2206 2831 principes
2235 2775 2305 2817 fa-

470 2836 694 2878 miliarum
727 2850 803 2891 per
834 2836 975 2878 tribus
1009 2835 1168 2891 Israel,
1203 2834 1220 2860 2
1245 2839 1361 2878 sorte
1396 2834 1545 2878 omnia
1578 2834 1850 2889 dividentes,
1884 2833 1998 2875 sicut
2032 2839 2306 2890 praeceperat

472 2894 690 2938 Dominus
722 2895 769 2937 in
803 2909 936 2937 manu
963 2895 1128 2951 Moysi,
1156 2909 1315 2937 novem
1341 2894 1566 2949 tribubus,
1594 2897 1637 2937 et
1670 2892 1867 2935 dimidiae
1900 2892 2050 2936 tribui.
2082 2892 2100 2919 3
2123 2893 2306 2936 Duabus

471 2954 589 2997 enim
619 2953 841 3009 tribubus,
873 2959 918 2997 et
951 2953 1170 3009 dimidiae,
1207 2953 1390 2996 dederat
1422 2953 1598 3009 Moyses
1630 2957 1752 2995 trans
1789 2951 2029 2994 Jordanem
2068 2952 2306 3009 possessio-

471 3027 594 3068 nem,
613 3012 779 3068 absque
802 3013 971 3069 levitis,
995 3013 1069 3069 qui
1092 3012 1204 3056 nihil
1222 3018 1350 3055 terrae
1369 3016 1638 3068 acceperunt
1658 3011 1775 3054 inter
1796 3011 1957 3054 fratres
1977 3025 2102 3066 suos;
2127 3011 2144 3038 4
2165 3010 2243 3054 sed
2260 3011 2307 3054 in

472 3086 622 3115 eorum
648 3077 953 3114 successerunt
985 3072 1132 3115 locum
1167 3072 1244 3114 filii
1280 3071 1449 3128 <Ioseph
1475 3071 1519 3113 in
1550 3071 1658 3114 duas
1688 3069 1819 3113 divisi
1846 3070 2006 3125 tribus,
2030 3071 2237 3113 Manasse
2263 3075 2308 3113 et

473 3130 716 3187 Ephraim;
752 3144 834 3173 nec
867 3136 1132 3187 acceperunt
1165 3131 1314 3174 levitae
1347 3131 1484 3173 aliam
1516 3131 1563 3173 in
1595 3134 1710 3173 terra
1742 3134 1934 3186 partem,
1969 3129 2054 3172 nisi
2088 3129 2217 3172 urbes
2246 3128 2304 3172 ad

471 3189 787 3245 habitandum,
829 3195 874 3233 et
909 3190 1164 3232 suburbana
1204 3205 1355 3233 earum
1392 3190 1449 3232 ad
1486 3189 1646 3233 alenda
1685 3188 1889 3244 jumenta
1928 3193 1973 3232 et
2013 3202 2173 3245 pecora
2214 3202 2306 3231 sua.

473 3250 490 3276 5
511 3249 635 3293 Sicut
656 3254 929 3306 praeceperat
952 3249 1169 3291 Dominus
1192 3249 1356 3306 Moysi,
1383 3249 1447 3291 ita
1468 3248 1673 3292 fecerunt
1701 3247 1781 3289 filii
1808 3247 1969 3303 Israel,
1992 3252 2036 3291 et
2062 3247 2308 3291 diviserunt

474 3314 650 3352 terram.

532 3368 549 3395 ⁰
572 3369 868 3411 Accesserunt
889 3367 1038 3423 itaque
1063 3367 1143 3409 filii
1165 3367 1194 3410 J
1199 3367 1285 3409 uda
1311 3367 1366 3409 ad
1391 3367 1420 3409 J
1425 3381 1528 3410 osue
1551 3366 1595 3409 in
1623 3365 1814 3421 Galgala
1835 3384 1844 3421 3
1878 3366 2137 3422 locutusque
2159 3370 2226 3409 est
2250 3364 2306 3410 ad

470 3441 570 3469 eum
596 3425 754 3481 Caleb,
780 3425 898 3468 filius
923 3424 1147 3481 Jephone,
1178 3425 1415 3470 Cenezaeus
1443 3443 1452 3470 :
1488 3426 1618 3470 Nosti
1652 3425 1755 3480 quid
1798 3425 1970 3467 locutus
2002 3425 2060 3466 sit
2092 3424 2312 3468 Dominus

471 3485 525 3528 ad
563 3486 747 3541 Moysen
784 3483 1012 3527 hominem
1052 3483 1135 3526 Dei
1169 3483 1223 3526 de
1261 3498 1330 3527 me
1369 3490 1412 3528 et
1444 3490 1488 3529 te
1525 3486 1570 3528 in
1609 3484 1904 3527 Cadesbarne.
1947 3482 1962 3509 7
2003 3483 2309 3539 Quadraginta

478 3647 523 3679 1-1]
546 3646 642 3673 Num.
661 3644 800 3678 XVIII,
826 3646 868 3671 20.
887 3657 921 3661 —
940 3642 987 3675 21]
1008 3642 1104 3669 Num.
1124 3641 1261 3676 XXXI,
1284 3644 1309 3670 8.
1333 3656 1368 3660 -
1396 3642 1444 3675 33]
1467 3642 1563 3669 Num.
1586 3640 1724 3675 XVIII,
1741 3643 1785 3668 20.
1804 3655 1838 3659 —
1863 3641 1892 3674 2]
1915 3639 2012 3667 Num.
2032 3637 2190 3673 XXXIV,
2213 3642 2254 3668 13,
2269 3654 2305 3661 -

478 3691 506 3724 G]
526 3690 621 3717 Num.
641 3689 733 3722 XIV,
753 3690 799 3716 24.

1247 3739 1256 3757 Ο
