<?xml version="1.0" encoding="UTF-8"?>
<!DOCTYPE html PUBLIC "-//W3C//DTD XHTML 1.0 Transitional//EN"
    "http://www.w3.org/TR/xhtml1/DTD/xhtml1-transitional.dtd">
<html xmlns="http://www.w3.org/1999/xhtml" xml:lang="en" lang="en">
 <head>
  <title>
</title>
<meta http-equiv="Content-Type" content="text/html;charset=utf-8" />
  <meta name='ocr-system' content='tesseract 3.04.00' />
  <meta name='ocr-capabilities' content='ocr_page ocr_carea ocr_par ocr_line ocrx_word'/>
</head>
<body>
  <div class='ocr_page' id='page_1' title='image "./bibliasacrajuxta00fill_0516.png"; bbox 0 0 2456 3861; ppageno 0'>
   <div class='ocr_carea' id='block_1_1' title="bbox 147 1347 353 1466">
    <p class='ocr_par' dir='ltr' id='par_1_1' title="bbox 147 1347 353 1466">
     <span class='ocr_line' id='line_1_1' title="bbox 147 1347 353 1378; baseline -0.01 0"><span class='ocrx_word' id='word_1_1' title='bbox 147 1347 353 1378; x_wconf 76' lang='lat' dir='ltr'>Instituitur</span> 
     </span>
     <span class='ocr_line' id='line_1_2' title="bbox 151 1391 350 1421; baseline 0 -1"><span class='ocrx_word' id='word_1_2' title='bbox 151 1391 350 1421; x_wconf 74' lang='lat' dir='ltr'>solemnitas</span> 
     </span>
     <span class='ocr_line' id='line_1_3' title="bbox 174 1436 331 1466; baseline -0.006 -1"><span class='ocrx_word' id='word_1_3' title='bbox 174 1436 331 1466; x_wconf 76' lang='lat' dir='ltr'>sortium.</span> 
     </span>
    </p>
   </div>
   <div class='ocr_carea' id='block_1_2' title="bbox 144 3412 346 3490">
    <p class='ocr_par' dir='ltr' id='par_1_2' title="bbox 144 3412 346 3490">
     <span class='ocr_line' id='line_1_4' title="bbox 144 3412 346 3443; baseline 0.015 -3"><span class='ocrx_word' id='word_1_4' title='bbox 144 3412 346 3443; x_wconf 81' lang='lat' dir='ltr'>Mardochaei</span> 
     </span>
     <span class='ocr_line' id='line_1_5' title="bbox 166 3457 330 3490; baseline 0.012 -5"><span class='ocrx_word' id='word_1_5' title='bbox 166 3457 330 3490; x_wconf 80' lang='lat' dir='ltr'>potentia.</span> 
     </span>
    </p>
   </div>
   <div class='ocr_carea' id='block_1_3' title="bbox 449 140 1676 202">
    <p class='ocr_par' dir='ltr' id='par_1_3' title="bbox 449 140 1676 202">
     <span class='ocr_line' id='line_1_6' title="bbox 449 140 1676 202; baseline -0.002 -9"><span class='ocrx_word' id='word_1_6' title='bbox 449 152 534 194; x_wconf 79' lang='lat'>500</span> <span class='ocrx_word' id='word_1_7' title='bbox 1025 166 1029 170; x_wconf 92' lang='lat'><em>-</em></span> <span class='ocrx_word' id='word_1_8' title='bbox 1059 148 1201 189; x_wconf 64' lang='lat' dir='ltr'>Esrn.</span> <span class='ocrx_word' id='word_1_9' title='bbox 1236 140 1327 202; x_wconf 72' lang='lat' dir='ltr'>IX,</span> <span class='ocrx_word' id='word_1_10' title='bbox 1363 148 1415 191; x_wconf 85' lang='lat'>15</span> <span class='ocrx_word' id='word_1_11' title='bbox 1448 174 1508 179; x_wconf 81' lang='lat'>—</span> <span class='ocrx_word' id='word_1_12' title='bbox 1539 149 1602 202; x_wconf 80' lang='lat' dir='ltr'>X,</span> <span class='ocrx_word' id='word_1_13' title='bbox 1636 149 1676 191; x_wconf 87' lang='lat'>3.</span> 
     </span>
    </p>
   </div>
   <div class='ocr_carea' id='block_1_4' title="bbox 431 318 2299 3708">
    <p class='ocr_par' dir='ltr' id='par_1_4' title="bbox 445 318 2296 493">
     <span class='ocr_line' id='line_1_7' title="bbox 446 318 2296 378; baseline 0.002 -15"><span class='ocrx_word' id='word_1_14' title='bbox 446 319 898 378; x_wconf 78' lang='lat' dir='ltr'>pependit&#39;edictum,</span> <span class='ocrx_word' id='word_1_15' title='bbox 923 324 965 361; x_wconf 92' lang='lat' dir='ltr'>et</span> <span class='ocrx_word' id='word_1_16' title='bbox 988 318 1142 361; x_wconf 88' lang='lat' dir='ltr'>decem</span> <span class='ocrx_word' id='word_1_17' title='bbox 1170 318 1252 361; x_wconf 81' lang='lat' dir='ltr'>filii</span> <span class='ocrx_word' id='word_1_18' title='bbox 1281 320 1429 362; x_wconf 80' lang='lat' dir='ltr'>Aman</span> <span class='ocrx_word' id='word_1_19' title='bbox 1455 320 1655 377; x_wconf 78' lang='lat' dir='ltr'>suspensi</span> <span class='ocrx_word' id='word_1_20' title='bbox 1678 325 1795 363; x_wconf 85' lang='lat' dir='ltr'>sunt.</span> <span class='ocrx_word' id='word_1_21' title='bbox 1827 320 1865 346; x_wconf 75' lang='lat'>¹5</span> <span class='ocrx_word' id='word_1_22' title='bbox 1885 320 2177 378; x_wconf 75' lang='lat' dir='ltr'>Congregatis</span> <span class='ocrx_word' id='word_1_23' title='bbox 2204 325 2296 368; x_wconf 43' lang='lat' dir='ltr'>Juw</span> 
     </span>
     <span class='ocr_line' id='line_1_8' title="bbox 447 377 2292 435; baseline 0.001 -13"><span class='ocrx_word' id='word_1_24' title='bbox 447 380 556 422; x_wconf 81' lang='lat' dir='ltr'>daeis</span> <span class='ocrx_word' id='word_1_25' title='bbox 590 384 747 434; x_wconf 86' lang='lat' dir='ltr'>quarta</span> <span class='ocrx_word' id='word_1_26' title='bbox 780 378 953 420; x_wconf 85' lang='lat' dir='ltr'>decima</span> <span class='ocrx_word' id='word_1_27' title='bbox 986 377 1057 420; x_wconf 90' lang='lat' dir='ltr'>die</span> <span class='ocrx_word' id='word_1_28' title='bbox 1094 377 1258 420; x_wconf 78' lang='lat' dir='ltr'>mensis</span> <span class='ocrx_word' id='word_1_29' title='bbox 1291 379 1411 435; x_wconf 83' lang='lat' dir='ltr'>adar,</span> <span class='ocrx_word' id='word_1_30' title='bbox 1442 379 1669 422; x_wconf 74' lang='lat' dir='ltr'>interfecti</span> <span class='ocrx_word' id='word_1_31' title='bbox 1708 385 1810 422; x_wconf 87' lang='lat' dir='ltr'>sunt</span> <span class='ocrx_word' id='word_1_32' title='bbox 1843 379 1892 423; x_wconf 85' lang='lat' dir='ltr'>in</span> <span class='ocrx_word' id='word_1_33' title='bbox 1921 380 2065 424; x_wconf 78' lang='grc'>8110311</span> <span class='ocrx_word' id='word_1_34' title='bbox 2098 383 2292 426; x_wconf 76' lang='lat' dir='ltr'>trecenti</span> 
     </span>
     <span class='ocr_line' id='line_1_9' title="bbox 445 436 2177 493; baseline 0 -13"><span class='ocrx_word' id='word_1_35' title='bbox 445 438 551 491; x_wconf 80' lang='lat' dir='ltr'>viri,</span> <span class='ocrx_word' id='word_1_36' title='bbox 574 452 655 481; x_wconf 84' lang='lat' dir='ltr'>nec</span> <span class='ocrx_word' id='word_1_37' title='bbox 682 452 832 481; x_wconf 81' lang='lat' dir='ltr'>eorum</span> <span class='ocrx_word' id='word_1_38' title='bbox 857 437 914 479; x_wconf 86' lang='lat' dir='ltr'>ab</span> <span class='ocrx_word' id='word_1_39' title='bbox 936 436 1027 479; x_wconf 83' lang='lat' dir='ltr'>illis</span> <span class='ocrx_word' id='word_1_40' title='bbox 1050 436 1222 493; x_wconf 78' lang='lat' dir='ltr'>direpta</span> <span class='ocrx_word' id='word_1_41' title='bbox 1239 437 1494 482; x_wconf 63' lang='lat' dir='ltr'>⁴substantia</span> <span class='ocrx_word' id='word_1_42' title='bbox 1520 445 1598 481; x_wconf 86' lang='lat' dir='ltr'>est.</span> <span class='ocrx_word' id='word_1_43' title='bbox 2175 438 2177 441; x_wconf 79' lang='grc'><strong>’</strong></span> 
     </span>
    </p>

    <p class='ocr_par' dir='ltr' id='par_1_5' title="bbox 438 496 2299 1327">
     <span class='ocr_line' id='line_1_10' title="bbox 505 496 2299 555; baseline 0.002 -15"><span class='ocrx_word' id='word_1_44' title='bbox 505 498 542 524; x_wconf 73' lang='grc'>16</span> <span class='ocrx_word' id='word_1_45' title='bbox 563 498 647 541; x_wconf 85' lang='grc'>8011</span> <span class='ocrx_word' id='word_1_46' title='bbox 671 503 714 540; x_wconf 86' lang='grc'>01</span> <span class='ocrx_word' id='word_1_47' title='bbox 735 511 812 553; x_wconf 83' lang='lat' dir='ltr'>per</span> <span class='ocrx_word' id='word_1_48' title='bbox 835 510 985 539; x_wconf 85' lang='lat' dir='ltr'>omnes</span> <span class='ocrx_word' id='word_1_49' title='bbox 1007 496 1260 553; x_wconf 85' lang='lat' dir='ltr'>provincias</span> <span class='ocrx_word' id='word_1_50' title='bbox 1286 511 1383 552; x_wconf 80' lang='lat' dir='ltr'>quae</span> <span class='ocrx_word' id='word_1_51' title='bbox 1416 498 1574 541; x_wconf 83' lang='lat' dir='ltr'>ditioni</span> <span class='ocrx_word' id='word_1_52' title='bbox 1603 498 1722 554; x_wconf 79' lang='lat' dir='ltr'>regis</span> <span class='ocrx_word' id='word_1_53' title='bbox 1747 498 2063 554; x_wconf 69' lang='lat' dir='ltr'>subjacebant,</span> <span class='ocrx_word' id='word_1_54' title='bbox 2088 513 2166 555; x_wconf 82' lang='lat' dir='ltr'>pro</span> <span class='ocrx_word' id='word_1_55' title='bbox 2188 501 2299 544; x_wconf 86' lang='lat' dir='ltr'>ani--</span> 
     </span>
     <span class='ocr_line' id='line_1_11' title="bbox 443 555 2295 616; baseline 0.001 -16"><span class='ocrx_word' id='word_1_56' title='bbox 443 557 602 600; x_wconf 80' lang='lat' dir='ltr'>mabus</span> <span class='ocrx_word' id='word_1_57' title='bbox 635 556 724 599; x_wconf 89' lang='lat' dir='ltr'>suis</span> <span class='ocrx_word' id='word_1_58' title='bbox 749 560 968 599; x_wconf 87' lang='lat' dir='ltr'>steterunt</span> <span class='ocrx_word' id='word_1_59' title='bbox 993 555 1163 611; x_wconf 72' lang='lat' dir='ltr'>Judaei,</span> <span class='ocrx_word' id='word_1_60' title='bbox 1189 555 1441 601; x_wconf 75' lang='lat' dir='ltr'>interfectis</span> <span class='ocrx_word' id='word_1_61' title='bbox 1474 557 1678 600; x_wconf 73' lang='lat' dir='ltr'>hostibus</span> <span class='ocrx_word' id='word_1_62' title='bbox 1709 572 1762 600; x_wconf 87' lang='lat' dir='ltr'>ac</span> <span class='ocrx_word' id='word_1_63' title='bbox 1795 558 2150 614; x_wconf 78' lang='lat' dir='ltr'>persecutoribus</span> <span class='ocrx_word' id='word_1_64' title='bbox 2171 560 2295 616; x_wconf 76' lang='lat' dir='ltr'>suis,</span> 
     </span>
     <span class='ocr_line' id='line_1_12' title="bbox 442 614 2284 673; baseline 0.002 -14"><span class='ocrx_word' id='word_1_65' title='bbox 442 617 490 659; x_wconf 88' lang='lat' dir='ltr'>in</span> <span class='ocrx_word' id='word_1_66' title='bbox 511 621 688 659; x_wconf 85' lang='lat' dir='ltr'>tantum</span> <span class='ocrx_word' id='word_1_67' title='bbox 711 621 760 659; x_wconf 90' lang='lat' dir='ltr'>ut</span> <span class='ocrx_word' id='word_1_68' title='bbox 780 614 1066 672; x_wconf 75' lang='lat' dir='ltr'>septuaginta</span> <span class='ocrx_word' id='word_1_69' title='bbox 1087 615 1282 671; x_wconf 78' lang='lat' dir='ltr'>quinque</span> <span class='ocrx_word' id='word_1_70' title='bbox 1302 616 1446 659; x_wconf 82' lang='lat' dir='ltr'>millia</span> <span class='ocrx_word' id='word_1_71' title='bbox 1469 616 1713 660; x_wconf 83' lang='lat' dir='ltr'>occisorum</span> <span class='ocrx_word' id='word_1_72' title='bbox 1738 617 2042 673; x_wconf 74' lang='lat' dir='ltr'>implerentur,</span> <span class='ocrx_word' id='word_1_73' title='bbox 2068 623 2112 660; x_wconf 91' lang='lat' dir='ltr'>et</span> <span class='ocrx_word' id='word_1_74' title='bbox 2136 619 2284 662; x_wconf 83' lang='lat' dir='ltr'>nullus</span> 
     </span>
     <span class='ocr_line' id='line_1_13' title="bbox 444 674 2285 732; baseline 0.002 -14"><span class='ocrx_word' id='word_1_75' title='bbox 444 676 498 719; x_wconf 92' lang='lat' dir='ltr'>de</span> <span class='ocrx_word' id='word_1_76' title='bbox 523 675 786 718; x_wconf 76' lang='lat' dir='ltr'>substantiis</span> <span class='ocrx_word' id='word_1_77' title='bbox 820 689 973 718; x_wconf 83' lang='lat' dir='ltr'>eorum</span> <span class='ocrx_word' id='word_1_78' title='bbox 1005 674 1248 730; x_wconf 81' lang='lat' dir='ltr'>quidquam</span> <span class='ocrx_word' id='word_1_79' title='bbox 1282 676 1573 732; x_wconf 85' lang='lat' dir='ltr'>contingeret.</span> <span class='ocrx_word' id='word_1_80' title='bbox 1610 675 1643 702; x_wconf 76' lang='lat'>¹7</span> <span class='ocrx_word' id='word_1_81' title='bbox 1669 676 1775 720; x_wconf 83' lang='lat' dir='ltr'>Dies</span> <span class='ocrx_word' id='word_1_82' title='bbox 1804 682 1954 721; x_wconf 83' lang='lat' dir='ltr'>autem</span> <span class='ocrx_word' id='word_1_83' title='bbox 1988 677 2146 722; x_wconf 74' lang='lat' dir='ltr'>ter-tius</span> <span class='ocrx_word' id='word_1_84' title='bbox 2172 678 2285 722; x_wconf 81' lang='lat' dir='ltr'>deei-</span> 
     </span>
     <span class='ocr_line' id='line_1_14' title="bbox 442 733 2284 796; baseline 0.002 -18"><span class='ocrx_word' id='word_1_85' title='bbox 442 749 540 778; x_wconf 88' lang='lat' dir='ltr'>mus</span> <span class='ocrx_word' id='word_1_86' title='bbox 575 734 739 778; x_wconf 80' lang='lat' dir='ltr'>mensis</span> <span class='ocrx_word' id='word_1_87' title='bbox 765 733 887 790; x_wconf 85' lang='lat' dir='ltr'>adar,</span> <span class='ocrx_word' id='word_1_88' title='bbox 912 734 1081 790; x_wconf 84' lang='lat' dir='ltr'>primus</span> <span class='ocrx_word' id='word_1_89' title='bbox 1115 734 1234 791; x_wconf 81' lang='lat' dir='ltr'>apud</span> <span class='ocrx_word' id='word_1_90' title='bbox 1260 749 1411 779; x_wconf 83' lang='lat' dir='ltr'>omnes</span> <span class='ocrx_word' id='word_1_91' title='bbox 1444 735 1775 780; x_wconf 76' lang='lat' dir='ltr'>interfectionis</span> <span class='ocrx_word' id='word_1_92' title='bbox 1806 736 1917 796; x_wconf 56' lang='lat' dir='ltr'>tfuit,</span> <span class='ocrx_word' id='word_1_93' title='bbox 1948 742 1991 779; x_wconf 88' lang='lat' dir='ltr'>et</span> <span class='ocrx_word' id='word_1_94' title='bbox 2021 742 2180 792; x_wconf 73' lang='lat' dir='ltr'>quarta</span> <span class='ocrx_word' id='word_1_95' title='bbox 2212 737 2284 781; x_wconf 88' lang='lat' dir='ltr'>de-</span> 
     </span>
     <span class='ocr_line' id='line_1_15' title="bbox 442 793 2285 851; baseline 0.001 -13"><span class='ocrx_word' id='word_1_96' title='bbox 442 795 558 838; x_wconf 82' lang='lat' dir='ltr'>cima</span> <span class='ocrx_word' id='word_1_97' title='bbox 586 794 658 838; x_wconf 91' lang='lat' dir='ltr'>die</span> <span class='ocrx_word' id='word_1_98' title='bbox 683 793 851 837; x_wconf 74' lang='lat' dir='ltr'>caedere</span> <span class='ocrx_word' id='word_1_99' title='bbox 877 794 1116 838; x_wconf 82' lang='lat' dir='ltr'>desierunt.</span> <span class='ocrx_word' id='word_1_100' title='bbox 1145 795 1285 844; x_wconf 83' lang='lat' dir='ltr'>Quem</span> <span class='ocrx_word' id='word_1_101' title='bbox 1309 795 1636 838; x_wconf 84' lang='lat' dir='ltr'>constituerunt</span> <span class='ocrx_word' id='word_1_102' title='bbox 1662 809 1755 840; x_wconf 84' lang='lat' dir='ltr'>esse</span> <span class='ocrx_word' id='word_1_103' title='bbox 1789 795 2057 851; x_wconf 84' lang='lat' dir='ltr'>solemnem,</span> <span class='ocrx_word' id='word_1_104' title='bbox 2083 801 2133 839; x_wconf 85' lang='lat' dir='ltr'>ut</span> <span class='ocrx_word' id='word_1_105' title='bbox 2157 797 2206 841; x_wconf 88' lang='lat' dir='ltr'>in</span> <span class='ocrx_word' id='word_1_106' title='bbox 2234 811 2285 841; x_wconf 90' lang='lat' dir='ltr'>eo</span> 
     </span>
     <span class='ocr_line' id='line_1_16' title="bbox 442 853 2283 910; baseline 0.001 -14"><span class='ocrx_word' id='word_1_107' title='bbox 442 854 561 896; x_wconf 90' lang='lat' dir='ltr'>omni</span> <span class='ocrx_word' id='word_1_108' title='bbox 591 860 790 910; x_wconf 84' lang='lat' dir='ltr'>tempore</span> <span class='ocrx_word' id='word_1_109' title='bbox 816 853 1026 909; x_wconf 72' lang='lat' dir='ltr'>deinceps</span> <span class='ocrx_word' id='word_1_110' title='bbox 1051 859 1264 897; x_wconf 84' lang='lat' dir='ltr'>vacarent</span> <span class='ocrx_word' id='word_1_111' title='bbox 1289 854 1451 910; x_wconf 88' lang='lat' dir='ltr'>epulis,</span> <span class='ocrx_word' id='word_1_112' title='bbox 1484 855 1651 910; x_wconf 79' lang='lat' dir='ltr'>gaudio</span> <span class='ocrx_word' id='word_1_113' title='bbox 1675 861 1807 910; x_wconf 76' lang='lat' dir='ltr'>atque</span> <span class='ocrx_word' id='word_1_114' title='bbox 1833 855 2067 899; x_wconf 82' lang='lat' dir='ltr'>conviviis.</span> <span class='ocrx_word' id='word_1_115' title='bbox 2092 855 2127 882; x_wconf 75' lang='grc'>18</span> <span class='ocrx_word' id='word_1_116' title='bbox 2149 857 2213 900; x_wconf 86' lang='grc' dir='ltr'>Α1</span> <span class='ocrx_word' id='word_1_117' title='bbox 2237 857 2283 901; x_wconf 84' lang='lat' dir='ltr'>hi</span> 
     </span>
     <span class='ocr_line' id='line_1_17' title="bbox 441 913 2296 970; baseline 0.002 -15"><span class='ocrx_word' id='word_1_118' title='bbox 441 913 515 969; x_wconf 81' lang='lat' dir='ltr'>qui</span> <span class='ocrx_word' id='word_1_119' title='bbox 552 913 598 956; x_wconf 90' lang='lat' dir='ltr'>in</span> <span class='ocrx_word' id='word_1_120' title='bbox 638 913 746 957; x_wconf 83' lang='lat' dir='ltr'>urbe</span> <span class='ocrx_word' id='word_1_121' title='bbox 774 914 915 957; x_wconf 83' lang='lat' dir='ltr'>Susan</span> <span class='ocrx_word' id='word_1_122' title='bbox 942 913 1123 957; x_wconf 84' lang='lat' dir='ltr'>-caedem</span> <span class='ocrx_word' id='word_1_123' title='bbox 1151 920 1460 969; x_wconf 80' lang='lat' dir='ltr'>exercuerant,</span> <span class='ocrx_word' id='word_1_124' title='bbox 1487 914 1616 957; x_wconf 84' lang='lat' dir='ltr'>tertio</span> <span class='ocrx_word' id='word_1_125' title='bbox 1645 914 1817 958; x_wconf 83' lang='lat' dir='ltr'>decimo</span> <span class='ocrx_word' id='word_1_126' title='bbox 1851 919 1894 958; x_wconf 84' lang='lat' dir='ltr'>et</span> <span class='ocrx_word' id='word_1_127' title='bbox 1927 920 2083 970; x_wconf 83' lang='lat' dir='ltr'>quarto</span> <span class='ocrx_word' id='word_1_128' title='bbox 2111 914 2296 959; x_wconf 87' lang='lat' dir='ltr'>decimo&#39;</span> 
     </span>
     <span class='ocr_line' id='line_1_18' title="bbox 441 972 2284 1031; baseline 0.002 -16"><span class='ocrx_word' id='word_1_129' title='bbox 441 972 512 1016; x_wconf 88' lang='lat' dir='ltr'>die</span> <span class='ocrx_word' id='word_1_130' title='bbox 534 973 741 1029; x_wconf 80' lang='lat' dir='ltr'>ejusdem</span> <span class='ocrx_word' id='word_1_131' title='bbox 764 973 928 1015; x_wconf 84' lang='lat' dir='ltr'>mensis</span> <span class='ocrx_word' id='word_1_132' title='bbox 953 972 1001 1015; x_wconf 87' lang='lat' dir='ltr'>in</span> <span class='ocrx_word' id='word_1_133' title='bbox 1024 972 1147 1016; x_wconf 84' lang='lat' dir='ltr'>caede</span> <span class='ocrx_word' id='word_1_134' title='bbox 1171 972 1338 1015; x_wconf 85' lang='lat' dir='ltr'>versati</span> <span class='ocrx_word' id='word_1_135' title='bbox 1363 977 1467 1015; x_wconf 88' lang='lat' dir='ltr'>sunt</span> <span class='ocrx_word' id='word_1_136' title='bbox 1487 990 1495 1028; x_wconf 79' lang='lat'><em>3</em></span> <span class='ocrx_word' id='word_1_137' title='bbox 1531 974 1686 1029; x_wconf 84' lang='lat' dir='ltr'>quinto</span> <span class='ocrx_word' id='word_1_138' title='bbox 1712 974 1885 1018; x_wconf 79' lang='lat' dir='ltr'>decimo</span> <span class='ocrx_word' id='word_1_139' title='bbox 1912 980 2064 1017; x_wconf 87' lang='lat' dir='ltr'>autem</span> <span class='ocrx_word' id='word_1_140' title='bbox 2090 974 2161 1018; x_wconf 91' lang='lat' dir='ltr'>die</span> <span class='ocrx_word' id='word_1_141' title='bbox 2186 989 2284 1031; x_wconf 88' lang='lat' dir='ltr'>per-</span> 
     </span>
     <span class='ocr_line' id='line_1_19' title="bbox 441 1030 2283 1091; baseline 0.002 -16"><span class='ocrx_word' id='word_1_142' title='bbox 441 1037 589 1075; x_wconf 89' lang='lat' dir='ltr'>cutere</span> <span class='ocrx_word' id='word_1_143' title='bbox 617 1032 858 1076; x_wconf 86' lang='lat' dir='ltr'>desierunt.</span> <span class='ocrx_word' id='word_1_144' title='bbox 889 1031 946 1074; x_wconf 86' lang='lat' dir='ltr'>Et</span> <span class='ocrx_word' id='word_1_145' title='bbox 974 1031 1142 1074; x_wconf 82' lang='lat' dir='ltr'>idcirco</span> <span class='ocrx_word' id='word_1_146' title='bbox 1175 1030 1381 1074; x_wconf 86' lang='lat' dir='ltr'>eumdem</span> <span class='ocrx_word' id='word_1_147' title='bbox 1409 1032 1528 1076; x_wconf 86' lang='lat' dir='ltr'>diem</span> <span class='ocrx_word' id='word_1_148' title='bbox 1553 1033 1877 1076; x_wconf 83' lang='lat' dir='ltr'>constituerunt</span> <span class='ocrx_word' id='word_1_149' title='bbox 1908 1034 2153 1079; x_wconf 86' lang='lat' dir='ltr'>solemnem</span> <span class='ocrx_word' id='word_1_150' title='bbox 2179 1049 2283 1091; x_wconf 89' lang='lat' dir='ltr'>epu-</span> 
     </span>
     <span class='ocr_line' id='line_1_20' title="bbox 439 1090 2282 1149; baseline 0.002 -15"><span class='ocrx_word' id='word_1_151' title='bbox 439 1092 584 1134; x_wconf 82' lang='lat' dir='ltr'>larum</span> <span class='ocrx_word' id='word_1_152' title='bbox 616 1098 749 1147; x_wconf 83' lang='lat' dir='ltr'>atque</span> <span class='ocrx_word' id='word_1_153' title='bbox 781 1090 968 1134; x_wconf 83' lang='lat' dir='ltr'>laetitiae.</span> <span class='ocrx_word' id='word_1_154' title='bbox 1008 1091 1043 1116; x_wconf 74' lang='lat'>‘¹9</span> <span class='ocrx_word' id='word_1_155' title='bbox 1066 1090 1128 1133; x_wconf 89' lang='lat' dir='ltr'>Hi</span> <span class='ocrx_word' id='word_1_156' title='bbox 1161 1104 1264 1134; x_wconf 80' lang='lat' dir='ltr'>vero</span> <span class='ocrx_word' id='word_1_157' title='bbox 1297 1091 1449 1135; x_wconf 70' lang='lat' dir='ltr'>Judaei</span> <span class='ocrx_word' id='word_1_158' title='bbox 1482 1092 1558 1147; x_wconf 86' lang='lat' dir='ltr'>qui</span> <span class='ocrx_word' id='word_1_159' title='bbox 1597 1092 1643 1134; x_wconf 89' lang='lat' dir='ltr'>in</span> <span class='ocrx_word' id='word_1_160' title='bbox 1674 1093 1847 1149; x_wconf 84' lang='lat' dir='ltr'>oppidis</span> <span class='ocrx_word' id='word_1_161' title='bbox 1890 1107 1979 1136; x_wconf 79' lang='grc'>11011</span> <span class='ocrx_word' id='word_1_162' title='bbox 2012 1093 2198 1138; x_wconf 86' lang='lat' dir='ltr'>muratis</span> <span class='ocrx_word' id='word_1_163' title='bbox 2231 1098 2282 1137; x_wconf 77' lang='lat' dir='ltr'>ac</span> 
     </span>
     <span class='ocr_line' id='line_1_21' title="bbox 439 1149 2283 1205; baseline 0.002 -12"><span class='ocrx_word' id='word_1_164' title='bbox 439 1151 559 1194; x_wconf 83' lang='lat' dir='ltr'>villis</span> <span class='ocrx_word' id='word_1_165' title='bbox 585 1151 887 1205; x_wconf 85' lang='lat' dir='ltr'>morabantur,</span> <span class='ocrx_word' id='word_1_166' title='bbox 915 1155 1121 1205; x_wconf 81' lang='lat' dir='ltr'>quartum</span> <span class='ocrx_word' id='word_1_167' title='bbox 1156 1149 1380 1193; x_wconf 84' lang='lat' dir='ltr'>decimum</span> <span class='ocrx_word' id='word_1_168' title='bbox 1415 1150 1535 1194; x_wconf 92' lang='lat' dir='ltr'>diem</span> <span class='ocrx_word' id='word_1_169' title='bbox 1566 1152 1731 1195; x_wconf 81' lang='lat' dir='ltr'>mensis</span> <span class='ocrx_word' id='word_1_170' title='bbox 1766 1152 1872 1195; x_wconf 83' lang='lat' dir='ltr'>adar</span> <span class='ocrx_word' id='word_1_171' title='bbox 1898 1152 2203 1196; x_wconf 86' lang='lat' dir='ltr'>conviviorum</span> <span class='ocrx_word' id='word_1_172' title='bbox 2239 1159 2283 1198; x_wconf 87' lang='lat' dir='ltr'>et</span> 
     </span>
     <span class='ocr_line' id='line_1_22' title="bbox 438 1208 2283 1269; baseline 0.002 -17"><span class='ocrx_word' id='word_1_173' title='bbox 438 1210 593 1266; x_wconf 85' lang='lat' dir='ltr'>gaudii</span> <span class='ocrx_word' id='word_1_174' title='bbox 618 1210 928 1265; x_wconf 76' lang='lat' dir='ltr'>decreverunt,</span> <span class='ocrx_word' id='word_1_175' title='bbox 953 1209 1018 1252; x_wconf 85' lang='lat' dir='ltr'>ita</span> <span class='ocrx_word' id='word_1_176' title='bbox 1046 1215 1094 1252; x_wconf 82' lang='lat' dir='ltr'>ut</span> <span class='ocrx_word' id='word_1_177' title='bbox 1119 1208 1322 1253; x_wconf 76' lang='lat' dir='ltr'>exultent</span> <span class='ocrx_word' id='word_1_178' title='bbox 1353 1209 1400 1253; x_wconf 87' lang='lat' dir='ltr'>in</span> <span class='ocrx_word' id='word_1_179' title='bbox 1434 1224 1509 1267; x_wconf 88' lang='grc'>00,</span> <span class='ocrx_word' id='word_1_180' title='bbox 1534 1216 1578 1254; x_wconf 88' lang='grc'>01</span> <span class='ocrx_word' id='word_1_181' title='bbox 1611 1211 1794 1254; x_wconf 86' lang='lat' dir='ltr'>mittant</span> <span class='ocrx_word' id='word_1_182' title='bbox 1827 1211 1912 1254; x_wconf 86' lang='lat' dir='ltr'>sibi</span> <span class='ocrx_word' id='word_1_183' title='bbox 1946 1217 2101 1255; x_wconf 85' lang='lat' dir='ltr'>mutuo</span> <span class='ocrx_word' id='word_1_184' title='bbox 2136 1218 2283 1269; x_wconf 83' lang='lat' dir='ltr'>partes</span> 
     </span>
     <span class='ocr_line' id='line_1_23' title="bbox 439 1268 979 1327; baseline 0 -15"><span class='ocrx_word' id='word_1_185' title='bbox 439 1269 669 1327; x_wconf 79' lang='lat' dir='ltr'>epularum</span> <span class='ocrx_word' id='word_1_186' title='bbox 695 1274 740 1312; x_wconf 88' lang='lat' dir='ltr'>et</span> <span class='ocrx_word' id='word_1_187' title='bbox 766 1268 979 1312; x_wconf 86' lang='lat' dir='ltr'>ciborum.</span> 
     </span>
    </p>

    <p class='ocr_par' dir='ltr' id='par_1_6' title="bbox 431 1328 2293 2875">
     <span class='ocr_line' id='line_1_24' title="bbox 497 1328 2289 1388; baseline 0.003 -17"><span class='ocrx_word' id='word_1_188' title='bbox 497 1328 534 1355; x_wconf 71' lang='lat'>2⁰</span> <span class='ocrx_word' id='word_1_189' title='bbox 551 1329 737 1385; x_wconf 76' lang='lat' dir='ltr'>Scripsit</span> <span class='ocrx_word' id='word_1_190' title='bbox 757 1328 908 1384; x_wconf 84' lang='lat' dir='ltr'>itaque</span> <span class='ocrx_word' id='word_1_191' title='bbox 934 1328 1245 1372; x_wconf 82' lang='lat' dir='ltr'>Mardochaeus</span> <span class='ocrx_word' id='word_1_192' title='bbox 1263 1329 1413 1373; x_wconf 77' lang='lat' dir='ltr'>omnia</span> <span class='ocrx_word' id='word_1_193' title='bbox 1431 1329 1550 1385; x_wconf 83' lang='lat' dir='ltr'>haec,</span> <span class='ocrx_word' id='word_1_194' title='bbox 1569 1335 1615 1374; x_wconf 86' lang='lat' dir='ltr'>et</span> <span class='ocrx_word' id='word_1_195' title='bbox 1639 1330 1803 1374; x_wconf 80' lang='lat' dir='ltr'>litteris</span> <span class='ocrx_word' id='word_1_196' title='bbox 1823 1332 2142 1388; x_wconf 87' lang='lat' dir='ltr'>comprehensa</span> <span class='ocrx_word' id='word_1_197' title='bbox 2160 1332 2289 1376; x_wconf 80' lang='lat' dir='ltr'>misit</span> 
     </span>
     <span class='ocr_line' id='line_1_25' title="bbox 435 1387 2282 1447; baseline 0.002 -15"><span class='ocrx_word' id='word_1_198' title='bbox 435 1389 493 1432; x_wconf 90' lang='lat' dir='ltr'>ad</span> <span class='ocrx_word' id='word_1_199' title='bbox 531 1388 717 1432; x_wconf 75' lang='lat' dir='ltr'>Judaeos</span> <span class='ocrx_word' id='word_1_200' title='bbox 740 1387 814 1443; x_wconf 86' lang='lat' dir='ltr'>qui</span> <span class='ocrx_word' id='word_1_201' title='bbox 851 1387 897 1430; x_wconf 87' lang='lat' dir='ltr'>in</span> <span class='ocrx_word' id='word_1_202' title='bbox 935 1388 1139 1432; x_wconf 79' lang='lat' dir='ltr'>omnibus</span> <span class='ocrx_word' id='word_1_203' title='bbox 1172 1389 1288 1445; x_wconf 89' lang='lat' dir='ltr'>regis</span> <span class='ocrx_word' id='word_1_204' title='bbox 1326 1389 1569 1446; x_wconf 77' lang='lat' dir='ltr'>provinciis</span> <span class='ocrx_word' id='word_1_205' title='bbox 1605 1391 1906 1447; x_wconf 79' lang='lat' dir='ltr'>morabantur,</span> <span class='ocrx_word' id='word_1_206' title='bbox 1930 1398 2024 1435; x_wconf 84' lang='lat' dir='ltr'>tam</span> <span class='ocrx_word' id='word_1_207' title='bbox 2055 1391 2102 1435; x_wconf 85' lang='grc'>111</span> <span class='ocrx_word' id='word_1_208' title='bbox 2133 1391 2282 1436; x_wconf 77' lang='lat' dir='ltr'>vicino</span> 
     </span>
     <span class='ocr_line' id='line_1_26' title="bbox 435 1446 2282 1506; baseline 0.001 -14"><span class='ocrx_word' id='word_1_209' title='bbox 435 1449 589 1506; x_wconf 85' lang='lat' dir='ltr'>positis</span> <span class='ocrx_word' id='word_1_210' title='bbox 616 1462 748 1504; x_wconf 87' lang='lat' dir='ltr'>quam</span> <span class='ocrx_word' id='word_1_211' title='bbox 781 1447 954 1504; x_wconf 87' lang='lat' dir='ltr'>procul,</span> <span class='ocrx_word' id='word_1_212' title='bbox 984 1446 1018 1473; x_wconf 71' lang='lat'>21</span> <span class='ocrx_word' id='word_1_213' title='bbox 1044 1452 1092 1490; x_wconf 89' lang='lat' dir='ltr'>ut</span> <span class='ocrx_word' id='word_1_214' title='bbox 1121 1454 1327 1504; x_wconf 76' lang='lat' dir='ltr'>quartam</span> <span class='ocrx_word' id='word_1_215' title='bbox 1353 1448 1574 1493; x_wconf 85' lang='lat' dir='ltr'>decimam</span> <span class='ocrx_word' id='word_1_216' title='bbox 1607 1455 1651 1493; x_wconf 83' lang='lat' dir='ltr'>et</span> <span class='ocrx_word' id='word_1_217' title='bbox 1681 1449 1885 1506; x_wconf 77' lang='lat' dir='ltr'>quintam</span> <span class='ocrx_word' id='word_1_218' title='bbox 1916 1450 2136 1495; x_wconf 83' lang='lat' dir='ltr'>decimam</span> <span class='ocrx_word' id='word_1_219' title='bbox 2162 1451 2282 1495; x_wconf 84' lang='lat' dir='ltr'>diem</span> 
     </span>
     <span class='ocr_line' id='line_1_27' title="bbox 434 1507 2282 1567; baseline 0.001 -15"><span class='ocrx_word' id='word_1_220' title='bbox 434 1508 600 1552; x_wconf 85' lang='lat' dir='ltr'>mensis</span> <span class='ocrx_word' id='word_1_221' title='bbox 625 1507 734 1550; x_wconf 83' lang='lat' dir='ltr'>adar</span> <span class='ocrx_word' id='word_1_222' title='bbox 766 1521 844 1563; x_wconf 86' lang='lat' dir='ltr'>pro</span> <span class='ocrx_word' id='word_1_223' title='bbox 877 1507 1007 1550; x_wconf 74' lang='lat' dir='ltr'>festis</span> <span class='ocrx_word' id='word_1_224' title='bbox 1041 1508 1337 1565; x_wconf 80' lang='lat' dir='ltr'>susciperent,</span> <span class='ocrx_word' id='word_1_225' title='bbox 1365 1514 1407 1551; x_wconf 88' lang='lat' dir='ltr'>et</span> <span class='ocrx_word' id='word_1_226' title='bbox 1439 1514 1690 1553; x_wconf 75' lang='lat' dir='ltr'>revertente</span> <span class='ocrx_word' id='word_1_227' title='bbox 1723 1524 1896 1567; x_wconf 82' lang='lat' dir='ltr'>semper</span> <span class='ocrx_word' id='word_1_228' title='bbox 1921 1525 2059 1567; x_wconf 79' lang='lat' dir='ltr'>anno,</span> <span class='ocrx_word' id='word_1_229' title='bbox 2093 1511 2282 1554; x_wconf 86' lang='lat' dir='ltr'>solemni</span> 
     </span>
     <span class='ocr_line' id='line_1_28' title="bbox 435 1565 2281 1624; baseline 0.002 -13"><span class='ocrx_word' id='word_1_230' title='bbox 435 1568 712 1611; x_wconf 76' lang='lat' dir='ltr'>celebrarent</span> <span class='ocrx_word' id='word_1_231' title='bbox 739 1567 904 1610; x_wconf 88' lang='lat' dir='ltr'>honore</span> <span class='ocrx_word' id='word_1_232' title='bbox 937 1565 973 1592; x_wconf 71' lang='lat'>²2</span> <span class='ocrx_word' id='word_1_233' title='bbox 1000 1567 1133 1624; x_wconf 87' lang='lat' dir='ltr'>(quia</span> <span class='ocrx_word' id='word_1_234' title='bbox 1166 1567 1213 1610; x_wconf 89' lang='lat' dir='ltr'>in</span> <span class='ocrx_word' id='word_1_235' title='bbox 1245 1567 1354 1624; x_wconf 82' lang='lat' dir='ltr'>ipsis</span> <span class='ocrx_word' id='word_1_236' title='bbox 1389 1567 1546 1610; x_wconf 85' lang='lat' dir='ltr'>diebus</span> <span class='ocrx_word' id='word_1_237' title='bbox 1582 1583 1629 1612; x_wconf 88' lang='lat' dir='ltr'>se</span> <span class='ocrx_word' id='word_1_238' title='bbox 1661 1569 1743 1613; x_wconf 87' lang='lat' dir='ltr'>ulti</span> <span class='ocrx_word' id='word_1_239' title='bbox 1781 1575 1886 1612; x_wconf 89' lang='lat' dir='ltr'>sunt</span> <span class='ocrx_word' id='word_1_240' title='bbox 1923 1570 2076 1613; x_wconf 70' lang='lat' dir='ltr'>Judaei</span> <span class='ocrx_word' id='word_1_241' title='bbox 2111 1571 2165 1614; x_wconf 89' lang='lat' dir='ltr'>de</span> <span class='ocrx_word' id='word_1_242' title='bbox 2197 1570 2281 1614; x_wconf 79' lang='lat' dir='ltr'>ini-</span> 
     </span>
     <span class='ocr_line' id='line_1_29' title="bbox 435 1625 2280 1685; baseline 0.001 -15"><span class='ocrx_word' id='word_1_243' title='bbox 435 1627 562 1670; x_wconf 84' lang='lat' dir='ltr'>micis</span> <span class='ocrx_word' id='word_1_244' title='bbox 589 1627 700 1681; x_wconf 82' lang='lat' dir='ltr'>suis,</span> <span class='ocrx_word' id='word_1_245' title='bbox 731 1631 774 1669; x_wconf 90' lang='lat' dir='ltr'>et</span> <span class='ocrx_word' id='word_1_246' title='bbox 803 1625 949 1669; x_wconf 86' lang='lat' dir='ltr'>luctus</span> <span class='ocrx_word' id='word_1_247' title='bbox 978 1632 1112 1682; x_wconf 87' lang='lat' dir='ltr'>atque</span> <span class='ocrx_word' id='word_1_248' title='bbox 1138 1627 1320 1669; x_wconf 79' lang='lat' dir='ltr'>tristitia-</span> <span class='ocrx_word' id='word_1_249' title='bbox 1344 1626 1390 1669; x_wconf 90' lang='lat' dir='ltr'>in</span> <span class='ocrx_word' id='word_1_250' title='bbox 1427 1627 1703 1671; x_wconf 82' lang='lat' dir='ltr'>hilaritatem</span> <span class='ocrx_word' id='word_1_251' title='bbox 1739 1629 2042 1685; x_wconf 79' lang='lat' dir='ltr'>gaudiumque</span> <span class='ocrx_word' id='word_1_252' title='bbox 2069 1644 2280 1673; x_wconf 74' lang='lat' dir='ltr'>conversa</span> 
     </span>
     <span class='ocr_line' id='line_1_30' title="bbox 435 1685 2293 1744; baseline 0.001 -14"><span class='ocrx_word' id='word_1_253' title='bbox 435 1687 594 1744; x_wconf 87' lang='lat' dir='ltr'>sunt);</span> <span class='ocrx_word' id='word_1_254' title='bbox 624 1690 856 1740; x_wconf 82' lang='lat' dir='ltr'>essentque</span> <span class='ocrx_word' id='word_1_255' title='bbox 883 1685 978 1728; x_wconf 88' lang='lat' dir='ltr'>dies</span> <span class='ocrx_word' id='word_1_256' title='bbox 1001 1686 1076 1728; x_wconf 87' lang='lat' dir='ltr'>isti</span> <span class='ocrx_word' id='word_1_257' title='bbox 1102 1686 1334 1743; x_wconf 78' lang='lat' dir='ltr'>epularum</span> <span class='ocrx_word' id='word_1_258' title='bbox 1362 1691 1495 1742; x_wconf 87' lang='lat' dir='ltr'>atque</span> <span class='ocrx_word' id='word_1_259' title='bbox 1516 1687 1711 1743; x_wconf 79' lang='lat' dir='ltr'>laetitiae,</span> <span class='ocrx_word' id='word_1_260' title='bbox 1739 1694 1783 1732; x_wconf 88' lang='lat' dir='ltr'>et</span> <span class='ocrx_word' id='word_1_261' title='bbox 1805 1689 2033 1732; x_wconf 77' lang='lat' dir='ltr'>mitterent</span> <span class='ocrx_word' id='word_1_262' title='bbox 2055 1688 2140 1731; x_wconf 88' lang='lat' dir='ltr'>sibi</span> <span class='ocrx_word' id='word_1_263' title='bbox 2166 1688 2293 1732; x_wconf 31' lang='lat' dir='ltr'>invi-⁷</span> 
     </span>
     <span class='ocr_line' id='line_1_31' title="bbox 435 1745 2279 1805; baseline 0.001 -15"><span class='ocrx_word' id='word_1_264' title='bbox 435 1761 532 1790; x_wconf 90' lang='lat' dir='ltr'>cem</span> <span class='ocrx_word' id='word_1_265' title='bbox 565 1746 766 1789; x_wconf 81' lang='lat' dir='ltr'>ciberum</span> <span class='ocrx_word' id='word_1_266' title='bbox 799 1750 967 1802; x_wconf 77' lang='lat' dir='ltr'>partes,</span> <span class='ocrx_word' id='word_1_267' title='bbox 1005 1750 1049 1788; x_wconf 89' lang='lat' dir='ltr'>et</span> <span class='ocrx_word' id='word_1_268' title='bbox 1081 1745 1350 1802; x_wconf 87' lang='lat' dir='ltr'>pauperibus</span> <span class='ocrx_word' id='word_1_269' title='bbox 1383 1746 1650 1790; x_wconf 79' lang='lat' dir='ltr'>munuscula</span> <span class='ocrx_word' id='word_1_270' title='bbox 1686 1748 1969 1803; x_wconf 77' lang='lat' dir='ltr'>largirentur.</span> <span class='ocrx_word' id='word_1_271' title='bbox 2006 1747 2042 1774; x_wconf 62' lang='lat'>23</span> <span class='ocrx_word' id='word_1_272' title='bbox 2068 1749 2279 1805; x_wconf 78' lang='lat' dir='ltr'>Suscepe-</span> 
     </span>
     <span class='ocr_line' id='line_1_32' title="bbox 432 1804 2278 1865; baseline 0.001 -16"><span class='ocrx_word' id='word_1_273' title='bbox 432 1811 622 1861; x_wconf 80' lang='lat' dir='ltr'>runtque</span> <span class='ocrx_word' id='word_1_274' title='bbox 644 1804 794 1847; x_wconf 81' lang='lat' dir='ltr'>Judaei</span> <span class='ocrx_word' id='word_1_275' title='bbox 827 1804 874 1846; x_wconf 92' lang='lat' dir='ltr'>in</span> <span class='ocrx_word' id='word_1_276' title='bbox 904 1805 1148 1847; x_wconf 87' lang='lat' dir='ltr'>solemnem</span> <span class='ocrx_word' id='word_1_277' title='bbox 1174 1805 1311 1847; x_wconf 83' lang='lat' dir='ltr'>ritum</span> <span class='ocrx_word' id='word_1_278' title='bbox 1334 1811 1495 1848; x_wconf 80' lang='lat' dir='ltr'>cuncta</span> <span class='ocrx_word' id='word_1_279' title='bbox 1526 1820 1625 1861; x_wconf 83' lang='lat' dir='ltr'>quae</span> <span class='ocrx_word' id='word_1_280' title='bbox 1659 1821 1710 1850; x_wconf 91' lang='lat' dir='ltr'>eo</span> <span class='ocrx_word' id='word_1_281' title='bbox 1739 1812 1936 1864; x_wconf 89' lang='lat' dir='ltr'>tempore</span> <span class='ocrx_word' id='word_1_282' title='bbox 1961 1808 2116 1851; x_wconf 73' lang='lat' dir='ltr'>facere</span> <span class='ocrx_word' id='word_1_283' title='bbox 2135 1822 2278 1865; x_wconf 78' lang='grc' dir='ltr'>000ρο-</span> 
     </span>
     <span class='ocr_line' id='line_1_33' title="bbox 432 1864 2291 1923; baseline 0.001 -15"><span class='ocrx_word' id='word_1_284' title='bbox 432 1871 553 1921; x_wconf 84' lang='lat' dir='ltr'>rant,</span> <span class='ocrx_word' id='word_1_285' title='bbox 585 1870 628 1908; x_wconf 89' lang='lat' dir='ltr'>et</span> <span class='ocrx_word' id='word_1_286' title='bbox 662 1879 760 1920; x_wconf 73' lang='lat' dir='ltr'>quae</span> <span class='ocrx_word' id='word_1_287' title='bbox 786 1864 1097 1906; x_wconf 83' lang='lat' dir='ltr'>Mardochaeus</span> <span class='ocrx_word' id='word_1_288' title='bbox 1131 1864 1290 1906; x_wconf 87' lang='lat' dir='ltr'>litteris</span> <span class='ocrx_word' id='word_1_289' title='bbox 1316 1864 1528 1907; x_wconf 75' lang='lat' dir='ltr'>facienda</span> <span class='ocrx_word' id='word_1_290' title='bbox 1554 1866 1860 1909; x_wconf 87' lang='lat' dir='ltr'>mandaverat.</span> <span class='ocrx_word' id='word_1_291' title='bbox 1896 1865 1932 1893; x_wconf 69' lang='lat'>²4</span> <span class='ocrx_word' id='word_1_292' title='bbox 1953 1868 2104 1909; x_wconf 85' lang='lat' dir='ltr'>Aman</span> <span class='ocrx_word' id='word_1_293' title='bbox 2137 1867 2291 1923; x_wconf 76' lang='lat' dir='ltr'>enim,</span> 
     </span>
     <span class='ocr_line' id='line_1_34' title="bbox 432 1923 2280 1982; baseline 0.001 -14"><span class='ocrx_word' id='word_1_294' title='bbox 432 1925 551 1968; x_wconf 89' lang='lat' dir='ltr'>filius</span> <span class='ocrx_word' id='word_1_295' title='bbox 573 1923 841 1977; x_wconf 79' lang='lat' dir='ltr'>Amadathi,</span> <span class='ocrx_word' id='word_1_296' title='bbox 868 1923 1017 1980; x_wconf 79' lang='lat' dir='ltr'>stirpis</span> <span class='ocrx_word' id='word_1_297' title='bbox 1044 1924 1197 1980; x_wconf 86' lang='lat' dir='ltr'>Agag,</span> <span class='ocrx_word' id='word_1_298' title='bbox 1224 1923 1365 1966; x_wconf 78' lang='lat' dir='ltr'>hostis</span> <span class='ocrx_word' id='word_1_299' title='bbox 1387 1929 1430 1966; x_wconf 87' lang='lat' dir='ltr'>et</span> <span class='ocrx_word' id='word_1_300' title='bbox 1450 1924 1732 1968; x_wconf 65' lang='lat' dir='ltr'>adversarius</span> <span class='ocrx_word' id='word_1_301' title='bbox 1754 1926 2038 1981; x_wconf 69' lang='lat' dir='ltr'>Judaeorum,</span> <span class='ocrx_word' id='word_1_302' title='bbox 2063 1926 2280 1982; x_wconf 69' lang='lat' dir='ltr'>cogitavit</span> 
     </span>
     <span class='ocr_line' id='line_1_35' title="bbox 434 1982 2280 2043; baseline 0.001 -16"><span class='ocrx_word' id='word_1_303' title='bbox 434 1990 585 2027; x_wconf 85' lang='lat' dir='ltr'>contra</span> <span class='ocrx_word' id='word_1_304' title='bbox 616 1997 688 2026; x_wconf 90' lang='lat' dir='ltr'>eos</span> <span class='ocrx_word' id='word_1_305' title='bbox 719 1982 906 2037; x_wconf 88' lang='lat' dir='ltr'>malum,</span> <span class='ocrx_word' id='word_1_306' title='bbox 934 1988 983 2025; x_wconf 90' lang='lat' dir='ltr'>ut</span> <span class='ocrx_word' id='word_1_307' title='bbox 1006 1983 1225 2026; x_wconf 86' lang='lat' dir='ltr'>occideret</span> <span class='ocrx_word' id='word_1_308' title='bbox 1254 1983 1378 2038; x_wconf 88' lang='lat' dir='ltr'>illos,</span> <span class='ocrx_word' id='word_1_309' title='bbox 1401 1989 1534 2039; x_wconf 89' lang='lat' dir='ltr'>atque</span> <span class='ocrx_word' id='word_1_310' title='bbox 1560 1984 1754 2040; x_wconf 82' lang='lat' dir='ltr'>deleret3</span> <span class='ocrx_word' id='word_1_311' title='bbox 1783 1990 1826 2028; x_wconf 88' lang='lat' dir='ltr'>et</span> <span class='ocrx_word' id='word_1_312' title='bbox 1855 1985 1979 2028; x_wconf 85' lang='lat' dir='ltr'>misit</span> <span class='ocrx_word' id='word_1_313' title='bbox 2007 1985 2132 2043; x_wconf 85' lang='lat' dir='ltr'>phur,</span> <span class='ocrx_word' id='word_1_314' title='bbox 2160 1986 2280 2041; x_wconf 78' lang='lat' dir='ltr'>quod</span> 
     </span>
     <span class='ocr_line' id='line_1_36' title="bbox 432 2041 2291 2100; baseline 0.001 -14"><span class='ocrx_word' id='word_1_315' title='bbox 432 2049 581 2087; x_wconf 85' lang='lat' dir='ltr'>nostra</span> <span class='ocrx_word' id='word_1_316' title='bbox 614 2043 767 2098; x_wconf 87' lang='lat' dir='ltr'>lingua</span> <span class='ocrx_word' id='word_1_317' title='bbox 801 2042 988 2084; x_wconf 89' lang='lat' dir='ltr'>vertitur</span> <span class='ocrx_word' id='word_1_318' title='bbox 1020 2042 1067 2084; x_wconf 92' lang='lat' dir='ltr'>in</span> <span class='ocrx_word' id='word_1_319' title='bbox 1093 2048 1270 2086; x_wconf 84' lang='lat' dir='ltr'>sortem.</span> <span class='ocrx_word' id='word_1_320' title='bbox 1298 2041 1334 2068; x_wconf 72' lang='lat'>25</span> <span class='ocrx_word' id='word_1_321' title='bbox 1358 2044 1415 2085; x_wconf 89' lang='lat' dir='ltr'>Et</span> <span class='ocrx_word' id='word_1_322' title='bbox 1440 2049 1593 2100; x_wconf 86' lang='lat' dir='ltr'>postea</span> <span class='ocrx_word' id='word_1_323' title='bbox 1622 2044 1824 2100; x_wconf 89' lang='lat' dir='ltr'>ingressa</span> <span class='ocrx_word' id='word_1_324' title='bbox 1854 2050 1920 2088; x_wconf 90' lang='lat' dir='ltr'>est</span> <span class='ocrx_word' id='word_1_325' title='bbox 1949 2045 2110 2088; x_wconf 86' lang='lat' dir='ltr'>Esther</span> <span class='ocrx_word' id='word_1_326' title='bbox 2130 2045 2188 2089; x_wconf 89' lang='lat' dir='ltr'>ad</span> <span class='ocrx_word' id='word_1_327' title='bbox 2213 2060 2291 2089; x_wconf 58' lang='grc' dir='ltr'>10-Α</span> 
     </span>
     <span class='ocr_line' id='line_1_37' title="bbox 431 2102 2279 2161; baseline 0.001 -14"><span class='ocrx_word' id='word_1_328' title='bbox 431 2118 555 2159; x_wconf 87' lang='lat' dir='ltr'>gem,</span> <span class='ocrx_word' id='word_1_329' title='bbox 577 2102 813 2145; x_wconf 85' lang='lat' dir='ltr'>obsecrans</span> <span class='ocrx_word' id='word_1_330' title='bbox 833 2106 883 2144; x_wconf 89' lang='lat' dir='ltr'>ut</span> <span class='ocrx_word' id='word_1_331' title='bbox 905 2107 1089 2145; x_wconf 85' lang='lat' dir='ltr'>conatus</span> <span class='ocrx_word' id='word_1_332' title='bbox 1117 2102 1214 2158; x_wconf 82' lang='lat' dir='ltr'>ejus</span> <span class='ocrx_word' id='word_1_333' title='bbox 1239 2102 1400 2145; x_wconf 86' lang='lat' dir='ltr'>litteris</span> <span class='ocrx_word' id='word_1_334' title='bbox 1423 2103 1541 2158; x_wconf 86' lang='lat' dir='ltr'>regis</span> <span class='ocrx_word' id='word_1_335' title='bbox 1565 2103 1679 2146; x_wconf 89' lang='lat' dir='ltr'>irriti</span> <span class='ocrx_word' id='word_1_336' title='bbox 1701 2104 1880 2159; x_wconf 82' lang='lat' dir='ltr'>fierent,</span> <span class='ocrx_word' id='word_1_337' title='bbox 1905 2109 1948 2148; x_wconf 88' lang='lat' dir='ltr'>et</span> <span class='ocrx_word' id='word_1_338' title='bbox 1973 2104 2144 2148; x_wconf 88' lang='lat' dir='ltr'>malum</span> <span class='ocrx_word' id='word_1_339' title='bbox 2161 2105 2279 2161; x_wconf 88' lang='lat' dir='ltr'>quod</span> 
     </span>
     <span class='ocr_line' id='line_1_38' title="bbox 433 2161 2279 2221; baseline 0.001 -15"><span class='ocrx_word' id='word_1_340' title='bbox 433 2168 585 2206; x_wconf 87' lang='lat' dir='ltr'>contra</span> <span class='ocrx_word' id='word_1_341' title='bbox 612 2161 794 2204; x_wconf 57' lang='grc' dir='ltr'>ι1111111000</span> <span class='ocrx_word' id='word_1_342' title='bbox 821 2161 1119 2217; x_wconf 82' lang='lat' dir='ltr'>cogitaverat,</span> <span class='ocrx_word' id='word_1_343' title='bbox 1146 2166 1438 2205; x_wconf 85' lang='lat' dir='ltr'>reverteretur</span> <span class='ocrx_word' id='word_1_344' title='bbox 1466 2163 1513 2204; x_wconf 91' lang='lat' dir='ltr'>in</span> <span class='ocrx_word' id='word_1_345' title='bbox 1540 2168 1674 2220; x_wconf 89' lang='lat' dir='ltr'>caput</span> <span class='ocrx_word' id='word_1_346' title='bbox 1699 2163 1810 2219; x_wconf 80' lang='lat' dir='ltr'>ejus.</span> <span class='ocrx_word' id='word_1_347' title='bbox 1835 2164 2038 2220; x_wconf 89' lang='lat' dir='ltr'>Denique</span> <span class='ocrx_word' id='word_1_348' title='bbox 2064 2169 2107 2207; x_wconf 88' lang='lat' dir='ltr'>et</span> <span class='ocrx_word' id='word_1_349' title='bbox 2130 2164 2279 2221; x_wconf 89' lang='lat' dir='ltr'>ipsum</span> 
     </span>
     <span class='ocr_line' id='line_1_39' title="bbox 432 2220 2278 2281; baseline 0.001 -16"><span class='ocrx_word' id='word_1_350' title='bbox 432 2228 476 2265; x_wconf 90' lang='lat' dir='ltr'>et</span> <span class='ocrx_word' id='word_1_351' title='bbox 500 2221 614 2264; x_wconf 85' lang='lat' dir='ltr'>filios</span> <span class='ocrx_word' id='word_1_352' title='bbox 637 2221 733 2277; x_wconf 81' lang='lat' dir='ltr'>ejus</span> <span class='ocrx_word' id='word_1_353' title='bbox 754 2220 991 2264; x_wconf 77' lang='lat' dir='ltr'>affixerunt</span> <span class='ocrx_word' id='word_1_354' title='bbox 1017 2221 1148 2264; x_wconf 87' lang='lat' dir='ltr'>cruci.</span> <span class='ocrx_word' id='word_1_355' title='bbox 1181 2220 1217 2247; x_wconf 72' lang='lat'>⁶2⁶</span> <span class='ocrx_word' id='word_1_356' title='bbox 1238 2222 1387 2277; x_wconf 84' lang='lat' dir='ltr'>Atque</span> <span class='ocrx_word' id='word_1_357' title='bbox 1413 2237 1467 2266; x_wconf 82' lang='lat' dir='ltr'>ex</span> <span class='ocrx_word' id='word_1_358' title='bbox 1498 2222 1578 2265; x_wconf 89' lang='grc'>1110</span> <span class='ocrx_word' id='word_1_359' title='bbox 1600 2228 1798 2280; x_wconf 84' lang='lat' dir='ltr'>tempore</span> <span class='ocrx_word' id='word_1_360' title='bbox 1832 2224 1926 2267; x_wconf 90' lang='lat' dir='ltr'>dies</span> <span class='ocrx_word' id='word_1_361' title='bbox 1954 2223 2029 2266; x_wconf 85' lang='lat' dir='ltr'>isti</span> <span class='ocrx_word' id='word_1_362' title='bbox 2062 2224 2278 2281; x_wconf 87' lang='lat' dir='ltr'>appellati</span> 
     </span>
     <span class='ocr_line' id='line_1_40' title="bbox 432 2280 2278 2339; baseline 0.001 -14"><span class='ocrx_word' id='word_1_363' title='bbox 432 2287 534 2325; x_wconf 86' lang='lat' dir='ltr'>sunt</span> <span class='ocrx_word' id='word_1_364' title='bbox 563 2281 766 2336; x_wconf 83' lang='lat' dir='ltr'>Phurim,</span> <span class='ocrx_word' id='word_1_365' title='bbox 791 2280 838 2323; x_wconf 89' lang='lat' dir='ltr'>id</span> <span class='ocrx_word' id='word_1_366' title='bbox 868 2286 934 2324; x_wconf 89' lang='lat' dir='ltr'>est</span> <span class='ocrx_word' id='word_1_367' title='bbox 957 2280 1171 2336; x_wconf 87' lang='lat' dir='ltr'>Sortium,</span> <span class='ocrx_word' id='word_1_368' title='bbox 1199 2295 1249 2324; x_wconf 91' lang='grc'>00</span> <span class='ocrx_word' id='word_1_369' title='bbox 1275 2281 1390 2338; x_wconf 90' lang='lat' dir='ltr'>quod</span> <span class='ocrx_word' id='word_1_370' title='bbox 1416 2282 1541 2339; x_wconf 88' lang='lat' dir='ltr'>phur,</span> <span class='ocrx_word' id='word_1_371' title='bbox 1572 2282 1619 2325; x_wconf 90' lang='lat' dir='ltr'>id</span> <span class='ocrx_word' id='word_1_372' title='bbox 1645 2288 1711 2326; x_wconf 85' lang='lat' dir='ltr'>est</span> <span class='ocrx_word' id='word_1_373' title='bbox 1745 2297 1858 2337; x_wconf 82' lang='lat' dir='ltr'>sors,</span> <span class='ocrx_word' id='word_1_374' title='bbox 1885 2283 1931 2326; x_wconf 92' lang='lat' dir='ltr'>in</span> <span class='ocrx_word' id='word_1_375' title='bbox 1958 2298 2116 2326; x_wconf 85' lang='lat' dir='ltr'>urnam</span> <span class='ocrx_word' id='word_1_376' title='bbox 2141 2283 2278 2327; x_wconf 77' lang='lat' dir='ltr'>missa</span> 
     </span>
     <span class='ocr_line' id='line_1_41' title="bbox 431 2340 2290 2399; baseline 0.001 -14"><span class='ocrx_word' id='word_1_377' title='bbox 431 2341 582 2385; x_wconf 76' lang='lat' dir='ltr'>fuerit.</span> <span class='ocrx_word' id='word_1_378' title='bbox 606 2340 664 2382; x_wconf 89' lang='lat' dir='ltr'>Et</span> <span class='ocrx_word' id='word_1_379' title='bbox 690 2345 850 2382; x_wconf 87' lang='lat' dir='ltr'>cuncta</span> <span class='ocrx_word' id='word_1_380' title='bbox 888 2354 986 2396; x_wconf 82' lang='lat' dir='ltr'>quae</span> <span class='ocrx_word' id='word_1_381' title='bbox 1013 2346 1139 2397; x_wconf 85' lang='lat' dir='ltr'>gesta</span> <span class='ocrx_word' id='word_1_382' title='bbox 1171 2346 1296 2396; x_wconf 87' lang='lat' dir='ltr'>sunt,</span> <span class='ocrx_word' id='word_1_383' title='bbox 1323 2341 1544 2398; x_wconf 70' lang='lat' dir='ltr'>epistolae,</span> <span class='ocrx_word' id='word_1_384' title='bbox 1578 2342 1624 2385; x_wconf 92' lang='lat' dir='ltr'>id</span> <span class='ocrx_word' id='word_1_385' title='bbox 1653 2348 1721 2385; x_wconf 91' lang='lat' dir='ltr'>est</span> <span class='ocrx_word' id='word_1_386' title='bbox 1751 2343 1853 2385; x_wconf 88' lang='lat' dir='ltr'>libri</span> <span class='ocrx_word' id='word_1_387' title='bbox 1884 2342 2019 2399; x_wconf 81' lang='lat' dir='ltr'>hujus</span> <span class='ocrx_word' id='word_1_388' title='bbox 2049 2343 2290 2387; x_wconf 82' lang='lat' dir='ltr'>volumine-</span> 
     </span>
     <span class='ocr_line' id='line_1_42' title="bbox 433 2399 2275 2459; baseline 0.001 -15"><span class='ocrx_word' id='word_1_389' title='bbox 433 2400 739 2453; x_wconf 81' lang='lat' dir='ltr'>continentur3</span> <span class='ocrx_word' id='word_1_390' title='bbox 779 2399 813 2426; x_wconf 70' lang='lat'>‘²7</span> <span class='ocrx_word' id='word_1_391' title='bbox 838 2414 1028 2456; x_wconf 85' lang='lat' dir='ltr'>quaeque</span> <span class='ocrx_word' id='word_1_392' title='bbox 1059 2400 1386 2457; x_wconf 80' lang='lat' dir='ltr'>sustinuerunt,</span> <span class='ocrx_word' id='word_1_393' title='bbox 1425 2406 1468 2443; x_wconf 90' lang='lat' dir='ltr'>et</span> <span class='ocrx_word' id='word_1_394' title='bbox 1507 2416 1604 2457; x_wconf 83' lang='lat' dir='ltr'>quae</span> <span class='ocrx_word' id='word_1_395' title='bbox 1631 2401 1841 2459; x_wconf 85' lang='lat' dir='ltr'>deinceps</span> <span class='ocrx_word' id='word_1_396' title='bbox 1876 2401 2117 2445; x_wconf 83' lang='lat' dir='ltr'>immutata</span> <span class='ocrx_word' id='word_1_397' title='bbox 2149 2407 2275 2457; x_wconf 86' lang='lat' dir='ltr'>sunt,</span> 
     </span>
     <span class='ocr_line' id='line_1_43' title="bbox 432 2459 2275 2518; baseline 0.001 -15"><span class='ocrx_word' id='word_1_398' title='bbox 432 2464 719 2517; x_wconf 80' lang='lat' dir='ltr'>susceperunt</span> <span class='ocrx_word' id='word_1_399' title='bbox 738 2459 888 2502; x_wconf 79' lang='lat' dir='ltr'>Judaei</span> <span class='ocrx_word' id='word_1_400' title='bbox 911 2474 1042 2515; x_wconf 85' lang='lat' dir='ltr'>super</span> <span class='ocrx_word' id='word_1_401' title='bbox 1058 2474 1104 2503; x_wconf 85' lang='lat' dir='ltr'>se</span> <span class='ocrx_word' id='word_1_402' title='bbox 1127 2465 1170 2503; x_wconf 91' lang='lat' dir='ltr'>et</span> <span class='ocrx_word' id='word_1_403' title='bbox 1192 2474 1343 2503; x_wconf 79' lang='lat' dir='ltr'>semen</span> <span class='ocrx_word' id='word_1_404' title='bbox 1368 2475 1519 2517; x_wconf 88' lang='lat' dir='ltr'>suum,</span> <span class='ocrx_word' id='word_1_405' title='bbox 1544 2467 1587 2504; x_wconf 88' lang='lat' dir='ltr'>et</span> <span class='ocrx_word' id='word_1_406' title='bbox 1608 2475 1739 2518; x_wconf 85' lang='lat' dir='ltr'>super</span> <span class='ocrx_word' id='word_1_407' title='bbox 1761 2466 1943 2504; x_wconf 86' lang='lat' dir='ltr'>cunctos</span> <span class='ocrx_word' id='word_1_408' title='bbox 1970 2462 2043 2518; x_wconf 89' lang='lat' dir='ltr'>qui</span> <span class='ocrx_word' id='word_1_409' title='bbox 2069 2461 2275 2518; x_wconf 82' lang='lat' dir='ltr'>religioni</span> 
     </span>
     <span class='ocr_line' id='line_1_44' title="bbox 432 2518 2274 2577; baseline 0.001 -14"><span class='ocrx_word' id='word_1_410' title='bbox 432 2534 584 2563; x_wconf 87' lang='lat' dir='ltr'>eorum</span> <span class='ocrx_word' id='word_1_411' title='bbox 609 2518 845 2562; x_wconf 86' lang='lat' dir='ltr'>voluerunt</span> <span class='ocrx_word' id='word_1_412' title='bbox 871 2519 1089 2576; x_wconf 84' lang='lat' dir='ltr'>copulari,</span> <span class='ocrx_word' id='word_1_413' title='bbox 1116 2524 1166 2562; x_wconf 85' lang='lat' dir='ltr'>nt</span> <span class='ocrx_word' id='word_1_414' title='bbox 1198 2519 1310 2562; x_wconf 87' lang='lat' dir='ltr'>nulli</span> <span class='ocrx_word' id='word_1_415' title='bbox 1337 2520 1471 2563; x_wconf 86' lang='lat' dir='ltr'>liceat</span> <span class='ocrx_word' id='word_1_416' title='bbox 1510 2520 1618 2564; x_wconf 86' lang='lat' dir='ltr'>duos</span> <span class='ocrx_word' id='word_1_417' title='bbox 1653 2521 1731 2564; x_wconf 90' lang='lat' dir='ltr'>hos</span> <span class='ocrx_word' id='word_1_418' title='bbox 1758 2520 1852 2564; x_wconf 88' lang='lat' dir='ltr'>dies</span> <span class='ocrx_word' id='word_1_419' title='bbox 1877 2521 2045 2577; x_wconf 89' lang='lat' dir='ltr'>absque</span> <span class='ocrx_word' id='word_1_420' title='bbox 2064 2521 2274 2567; x_wconf 82' lang='lat' dir='ltr'>solemni-</span> 
     </span>
     <span class='ocr_line' id='line_1_45' title="bbox 432 2578 2275 2637; baseline 0.001 -15"><span class='ocrx_word' id='word_1_421' title='bbox 432 2585 524 2623; x_wconf 83' lang='lat' dir='ltr'>tate</span> <span class='ocrx_word' id='word_1_422' title='bbox 548 2578 793 2634; x_wconf 82' lang='lat' dir='ltr'>transigere</span> <span class='ocrx_word' id='word_1_423' title='bbox 813 2596 822 2634; x_wconf 83' lang='lat'><em>3</em></span> <span class='ocrx_word' id='word_1_424' title='bbox 851 2593 958 2634; x_wconf 89' lang='lat' dir='ltr'>quos</span> <span class='ocrx_word' id='word_1_425' title='bbox 980 2579 1198 2636; x_wconf 86' lang='lat' dir='ltr'>scriptura</span> <span class='ocrx_word' id='word_1_426' title='bbox 1224 2584 1424 2635; x_wconf 84' lang='lat' dir='ltr'>testatur,</span> <span class='ocrx_word' id='word_1_427' title='bbox 1448 2585 1492 2623; x_wconf 90' lang='lat' dir='ltr'>et</span> <span class='ocrx_word' id='word_1_428' title='bbox 1517 2585 1637 2623; x_wconf 86' lang='lat' dir='ltr'>certa</span> <span class='ocrx_word' id='word_1_429' title='bbox 1664 2585 1877 2637; x_wconf 78' lang='lat' dir='ltr'>expetunt</span> <span class='ocrx_word' id='word_1_430' title='bbox 1902 2585 2124 2637; x_wconf 80' lang='lat' dir='ltr'>tempora,</span> <span class='ocrx_word' id='word_1_431' title='bbox 2146 2581 2275 2624; x_wconf 82' lang='lat' dir='ltr'>annis</span> 
     </span>
     <span class='ocr_line' id='line_1_46' title="bbox 431 2638 2277 2695; baseline 0.002 -15"><span class='ocrx_word' id='word_1_432' title='bbox 431 2638 517 2681; x_wconf 86' lang='lat' dir='ltr'>sibi</span> <span class='ocrx_word' id='word_1_433' title='bbox 555 2638 723 2694; x_wconf 77' lang='lat' dir='ltr'>jugiter</span> <span class='ocrx_word' id='word_1_434' title='bbox 757 2638 1113 2683; x_wconf 87' lang='lat' dir='ltr'>succedentibus.</span> <span class='ocrx_word' id='word_1_435' title='bbox 1148 2638 1184 2666; x_wconf 68' lang='lat'>²8</span> <span class='ocrx_word' id='word_1_436' title='bbox 1206 2638 1289 2682; x_wconf 82' lang='lat' dir='ltr'>Isti</span> <span class='ocrx_word' id='word_1_437' title='bbox 1325 2645 1429 2682; x_wconf 87' lang='lat' dir='ltr'>sunt</span> <span class='ocrx_word' id='word_1_438' title='bbox 1455 2639 1548 2683; x_wconf 90' lang='lat' dir='ltr'>dies</span> <span class='ocrx_word' id='word_1_439' title='bbox 1582 2654 1693 2695; x_wconf 86' lang='lat' dir='ltr'>quos</span> <span class='ocrx_word' id='word_1_440' title='bbox 1721 2639 1847 2682; x_wconf 86' lang='lat' dir='ltr'>nulla</span> <span class='ocrx_word' id='word_1_441' title='bbox 1873 2654 2070 2695; x_wconf 84' lang='lat' dir='ltr'>unquam</span> <span class='ocrx_word' id='word_1_442' title='bbox 2108 2640 2277 2684; x_wconf 79' lang='lat' dir='ltr'>delebit</span> 
     </span>
     <span class='ocr_line' id='line_1_47' title="bbox 432 2697 2280 2756; baseline 0.001 -15"><span class='ocrx_word' id='word_1_443' title='bbox 432 2697 619 2753; x_wconf 80' lang='lat' dir='ltr'>oblivio,</span> <span class='ocrx_word' id='word_1_444' title='bbox 647 2703 691 2740; x_wconf 87' lang='lat' dir='ltr'>et</span> <span class='ocrx_word' id='word_1_445' title='bbox 715 2712 794 2754; x_wconf 89' lang='lat' dir='ltr'>per</span> <span class='ocrx_word' id='word_1_446' title='bbox 817 2697 1016 2753; x_wconf 85' lang='lat' dir='ltr'>singulas</span> <span class='ocrx_word' id='word_1_447' title='bbox 1041 2698 1349 2754; x_wconf 81' lang='lat' dir='ltr'>generationes</span> <span class='ocrx_word' id='word_1_448' title='bbox 1376 2703 1549 2742; x_wconf 70' lang='lat' dir='ltr'>cunctae</span> <span class='ocrx_word' id='word_1_449' title='bbox 1573 2699 1621 2741; x_wconf 89' lang='lat' dir='ltr'>in</span> <span class='ocrx_word' id='word_1_450' title='bbox 1649 2704 1743 2742; x_wconf 81' lang='lat' dir='ltr'>teto</span> <span class='ocrx_word' id='word_1_451' title='bbox 1766 2699 1870 2742; x_wconf 78' lang='lat' dir='ltr'>orbe</span> <span class='ocrx_word' id='word_1_452' title='bbox 1890 2699 2134 2756; x_wconf 70' lang='lat' dir='ltr'>provinciae</span> <span class='ocrx_word' id='word_1_453' title='bbox 2162 2699 2280 2744; x_wconf 36' lang='lat' dir='ltr'>cele-⁴</span> 
     </span>
     <span class='ocr_line' id='line_1_48' title="bbox 433 2757 2274 2815; baseline 0.002 -16"><span class='ocrx_word' id='word_1_454' title='bbox 433 2757 650 2812; x_wconf 81' lang='lat' dir='ltr'>brabunt3</span> <span class='ocrx_word' id='word_1_455' title='bbox 674 2771 756 2800; x_wconf 84' lang='grc'>1100</span> <span class='ocrx_word' id='word_1_456' title='bbox 781 2762 849 2800; x_wconf 84' lang='grc'>001</span> <span class='ocrx_word' id='word_1_457' title='bbox 869 2757 962 2801; x_wconf 77' lang='lat' dir='ltr'>ulla</span> <span class='ocrx_word' id='word_1_458' title='bbox 981 2757 1143 2800; x_wconf 85' lang='lat' dir='ltr'>civitas</span> <span class='ocrx_word' id='word_1_459' title='bbox 1161 2757 1209 2800; x_wconf 84' lang='lat' dir='ltr'>in</span> <span class='ocrx_word' id='word_1_460' title='bbox 1235 2772 1320 2813; x_wconf 87' lang='lat' dir='ltr'>qua</span> <span class='ocrx_word' id='word_1_461' title='bbox 1341 2758 1435 2802; x_wconf 86' lang='lat' dir='ltr'>dies</span> <span class='ocrx_word' id='word_1_462' title='bbox 1462 2759 1668 2815; x_wconf 81' lang='lat' dir='ltr'>Phurim,</span> <span class='ocrx_word' id='word_1_463' title='bbox 1694 2758 1741 2801; x_wconf 72' lang='lat' dir='ltr'>id</span> <span class='ocrx_word' id='word_1_464' title='bbox 1763 2763 1829 2801; x_wconf 78' lang='lat' dir='ltr'>est</span> <span class='ocrx_word' id='word_1_465' title='bbox 1851 2758 2065 2815; x_wconf 86' lang='lat' dir='ltr'>Sortium,</span> <span class='ocrx_word' id='word_1_466' title='bbox 2085 2773 2174 2803; x_wconf 85' lang='lat' dir='ltr'>non</span> <span class='ocrx_word' id='word_1_467' title='bbox 2200 2759 2274 2802; x_wconf 91' lang='lat' dir='ltr'>ob-</span> 
     </span>
     <span class='ocr_line' id='line_1_49' title="bbox 432 2816 2272 2875; baseline 0.002 -17"><span class='ocrx_word' id='word_1_468' title='bbox 432 2821 662 2859; x_wconf 81' lang='lat' dir='ltr'>serventur</span> <span class='ocrx_word' id='word_1_469' title='bbox 682 2831 708 2859; x_wconf 89' lang='lat' dir='ltr'>a</span> <span class='ocrx_word' id='word_1_470' title='bbox 730 2816 903 2860; x_wconf 77' lang='lat' dir='ltr'>Judaeis</span> <span class='ocrx_word' id='word_1_471' title='bbox 925 2822 968 2859; x_wconf 90' lang='lat' dir='ltr'>et</span> <span class='ocrx_word' id='word_1_472' title='bbox 985 2817 1042 2859; x_wconf 85' lang='lat' dir='ltr'>ab</span> <span class='ocrx_word' id='word_1_473' title='bbox 1065 2830 1214 2860; x_wconf 83' lang='lat' dir='ltr'>eorum</span> <span class='ocrx_word' id='word_1_474' title='bbox 1234 2818 1467 2874; x_wconf 79' lang='lat' dir='ltr'>progenie,</span> <span class='ocrx_word' id='word_1_475' title='bbox 1484 2832 1585 2875; x_wconf 78' lang='lat' dir='ltr'>quae</span> <span class='ocrx_word' id='word_1_476' title='bbox 1599 2818 1668 2861; x_wconf 84' lang='lat' dir='ltr'>his</span> <span class='ocrx_word' id='word_1_477' title='bbox 1687 2817 1950 2861; x_wconf 82' lang='lat' dir='ltr'>ceremoniis</span> <span class='ocrx_word' id='word_1_478' title='bbox 1975 2818 2176 2874; x_wconf 83' lang='lat' dir='ltr'>obligata</span> <span class='ocrx_word' id='word_1_479' title='bbox 2194 2824 2272 2862; x_wconf 89' lang='lat' dir='ltr'>est.</span> 
     </span>
    </p>

    <p class='ocr_par' dir='ltr' id='par_1_7' title="bbox 431 2875 2286 3394">
     <span class='ocr_line' id='line_1_50' title="bbox 491 2875 2286 2934; baseline 0.002 -16"><span class='ocrx_word' id='word_1_480' title='bbox 491 2875 528 2902; x_wconf 70' lang='lat'>29</span> <span class='ocrx_word' id='word_1_481' title='bbox 562 2875 924 2932; x_wconf 82' lang='lat' dir='ltr'>Scripseruntque</span> <span class='ocrx_word' id='word_1_482' title='bbox 960 2876 1122 2919; x_wconf 85' lang='lat' dir='ltr'>Esther</span> <span class='ocrx_word' id='word_1_483' title='bbox 1157 2876 1331 2933; x_wconf 84' lang='lat' dir='ltr'>regina,</span> <span class='ocrx_word' id='word_1_484' title='bbox 1374 2877 1466 2920; x_wconf 69' lang='lat' dir='ltr'>filia</span> <span class='ocrx_word' id='word_1_485' title='bbox 1503 2877 1708 2933; x_wconf 84' lang='lat' dir='ltr'>Abihail,</span> <span class='ocrx_word' id='word_1_486' title='bbox 1747 2882 1789 2920; x_wconf 87' lang='lat' dir='ltr'>et</span> <span class='ocrx_word' id='word_1_487' title='bbox 1826 2877 2158 2934; x_wconf 83' lang='lat' dir='ltr'>Mardochaeus,</span> <span class='ocrx_word' id='word_1_488' title='bbox 2193 2878 2286 2921; x_wconf 74' lang='lat' dir='ltr'>Ju-v</span> 
     </span>
     <span class='ocr_line' id='line_1_51' title="bbox 434 2935 2275 2995; baseline 0.001 -16"><span class='ocrx_word' id='word_1_489' title='bbox 434 2935 578 2995; x_wconf 85' lang='lat' dir='ltr'>daeus,</span> <span class='ocrx_word' id='word_1_490' title='bbox 602 2935 737 2979; x_wconf 86' lang='lat' dir='ltr'>etiam</span> <span class='ocrx_word' id='word_1_491' title='bbox 759 2935 1002 2980; x_wconf 85' lang='lat' dir='ltr'>secundam</span> <span class='ocrx_word' id='word_1_492' title='bbox 1028 2935 1284 2992; x_wconf 83' lang='lat' dir='ltr'>epistolam,</span> <span class='ocrx_word' id='word_1_493' title='bbox 1311 2943 1360 2980; x_wconf 87' lang='lat' dir='ltr'>ut</span> <span class='ocrx_word' id='word_1_494' title='bbox 1385 2937 1506 2980; x_wconf 89' lang='lat' dir='ltr'>omni</span> <span class='ocrx_word' id='word_1_495' title='bbox 1536 2937 1681 2980; x_wconf 78' lang='lat' dir='ltr'>studio</span> <span class='ocrx_word' id='word_1_496' title='bbox 1708 2936 1802 2980; x_wconf 85' lang='lat' dir='ltr'>dies</span> <span class='ocrx_word' id='word_1_497' title='bbox 1823 2936 1910 2979; x_wconf 88' lang='lat' dir='ltr'>ista</span> <span class='ocrx_word' id='word_1_498' title='bbox 1936 2937 2147 2981; x_wconf 75' lang='lat' dir='ltr'>solemnis</span> <span class='ocrx_word' id='word_1_499' title='bbox 2173 2951 2275 2980; x_wconf 86' lang='lat' dir='ltr'>san-</span> 
     </span>
     <span class='ocr_line' id='line_1_52' title="bbox 434 2994 2276 3053; baseline 0.002 -16"><span class='ocrx_word' id='word_1_500' title='bbox 434 2995 595 3038; x_wconf 84' lang='lat' dir='ltr'>ciretur</span> <span class='ocrx_word' id='word_1_501' title='bbox 631 2994 678 3037; x_wconf 92' lang='lat' dir='ltr'>in</span> <span class='ocrx_word' id='word_1_502' title='bbox 711 3000 950 3051; x_wconf 80' lang='lat' dir='ltr'>posterum.</span> <span class='ocrx_word' id='word_1_503' title='bbox 990 2994 1027 3021; x_wconf 81' lang='grc'>30</span> <span class='ocrx_word' id='word_1_504' title='bbox 1049 2996 1107 3038; x_wconf 85' lang='grc' dir='ltr'>Ε1</span> <span class='ocrx_word' id='word_1_505' title='bbox 1144 2995 1359 3039; x_wconf 76' lang='lat' dir='ltr'>miserunt</span> <span class='ocrx_word' id='word_1_506' title='bbox 1394 2996 1452 3039; x_wconf 83' lang='lat' dir='ltr'>ad</span> <span class='ocrx_word' id='word_1_507' title='bbox 1487 3011 1639 3040; x_wconf 87' lang='lat' dir='ltr'>omnes</span> <span class='ocrx_word' id='word_1_508' title='bbox 1668 2995 1874 3051; x_wconf 79' lang='lat' dir='ltr'>Judaeos,</span> <span class='ocrx_word' id='word_1_509' title='bbox 1906 2997 1980 3053; x_wconf 91' lang='lat' dir='ltr'>qui</span> <span class='ocrx_word' id='word_1_510' title='bbox 2012 2996 2060 3039; x_wconf 79' lang='lat' dir='ltr'>in</span> <span class='ocrx_word' id='word_1_511' title='bbox 2094 3002 2276 3040; x_wconf 82' lang='lat' dir='ltr'>centum</span> 
     </span>
     <span class='ocr_line' id='line_1_53' title="bbox 432 3053 2275 3113; baseline 0.002 -18"><span class='ocrx_word' id='word_1_512' title='bbox 432 3053 595 3109; x_wconf 86' lang='lat' dir='ltr'>viginti</span> <span class='ocrx_word' id='word_1_513' title='bbox 621 3060 791 3110; x_wconf 84' lang='lat' dir='ltr'>septe-m</span> <span class='ocrx_word' id='word_1_514' title='bbox 817 3054 1058 3111; x_wconf 71' lang='lat' dir='ltr'>provinciis</span> <span class='ocrx_word' id='word_1_515' title='bbox 1081 3055 1198 3110; x_wconf 88' lang='lat' dir='ltr'>regis</span> <span class='ocrx_word' id='word_1_516' title='bbox 1231 3056 1413 3100; x_wconf 79' lang='lat' dir='ltr'>Assuen&#39;</span> <span class='ocrx_word' id='word_1_517' title='bbox 1440 3056 1743 3111; x_wconf 77' lang='lat' dir='ltr'>versabantur,</span> <span class='ocrx_word' id='word_1_518' title='bbox 1772 3061 1820 3098; x_wconf 92' lang='lat' dir='ltr'>ut</span> <span class='ocrx_word' id='word_1_519' title='bbox 1850 3056 2067 3100; x_wconf 87' lang='lat' dir='ltr'>haberent</span> <span class='ocrx_word' id='word_1_520' title='bbox 2091 3070 2275 3113; x_wconf 81' lang='lat' dir='ltr'>pacem,</span> 
     </span>
     <span class='ocr_line' id='line_1_54' title="bbox 433 3113 2273 3172; baseline 0.001 -16"><span class='ocrx_word' id='word_1_521' title='bbox 433 3118 477 3156; x_wconf 87' lang='lat' dir='ltr'>et</span> <span class='ocrx_word' id='word_1_522' title='bbox 512 3113 786 3169; x_wconf 84' lang='lat' dir='ltr'>susciperent</span> <span class='ocrx_word' id='word_1_523' title='bbox 822 3113 1076 3170; x_wconf 76' lang='lat' dir='ltr'>veritatem,</span> <span class='ocrx_word' id='word_1_524' title='bbox 1115 3114 1149 3140; x_wconf 73' lang='grc'>31</span> <span class='ocrx_word' id='word_1_525' title='bbox 1182 3114 1466 3158; x_wconf 77' lang='lat' dir='ltr'>observantes</span> <span class='ocrx_word' id='word_1_526' title='bbox 1507 3115 1600 3159; x_wconf 78' lang='lat' dir='ltr'>dies</span> <span class='ocrx_word' id='word_1_527' title='bbox 1634 3114 1847 3171; x_wconf 83' lang='lat' dir='ltr'>Sortium,</span> <span class='ocrx_word' id='word_1_528' title='bbox 1883 3121 1927 3159; x_wconf 87' lang='lat' dir='ltr'>et</span> <span class='ocrx_word' id='word_1_529' title='bbox 1959 3130 2038 3159; x_wconf 91' lang='lat' dir='ltr'>suo</span> <span class='ocrx_word' id='word_1_530' title='bbox 2075 3120 2273 3172; x_wconf 84' lang='lat' dir='ltr'>tempore</span> 
     </span>
     <span class='ocr_line' id='line_1_55' title="bbox 434 3172 2273 3230; baseline 0.001 -15"><span class='ocrx_word' id='word_1_531' title='bbox 434 3186 537 3216; x_wconf 81' lang='lat' dir='ltr'>cum</span> <span class='ocrx_word' id='word_1_532' title='bbox 569 3172 734 3228; x_wconf 85' lang='lat' dir='ltr'>gaudio</span> <span class='ocrx_word' id='word_1_533' title='bbox 769 3172 1069 3217; x_wconf 82' lang='lat' dir='ltr'>celebrarent:</span> <span class='ocrx_word' id='word_1_534' title='bbox 1096 3174 1211 3216; x_wconf 81' lang='lat' dir='ltr'>sicu-t</span> <span class='ocrx_word' id='word_1_535' title='bbox 1244 3174 1569 3219; x_wconf 80' lang='lat' dir='ltr'>constituerant</span> <span class='ocrx_word' id='word_1_536' title='bbox 1599 3173 1909 3218; x_wconf 83' lang='lat' dir='ltr'>Mardochaeus</span> <span class='ocrx_word' id='word_1_537' title='bbox 1948 3181 1991 3218; x_wconf 91' lang='lat' dir='ltr'>et</span> <span class='ocrx_word' id='word_1_538' title='bbox 2028 3174 2200 3230; x_wconf 79' lang='lat' dir='ltr'>Esther,</span> <span class='ocrx_word' id='word_1_539' title='bbox 2229 3180 2273 3217; x_wconf 91' lang='lat' dir='ltr'>et</span> 
     </span>
     <span class='ocr_line' id='line_1_56' title="bbox 431 3231 2274 3290; baseline 0.001 -16"><span class='ocrx_word' id='word_1_540' title='bbox 431 3231 499 3274; x_wconf 91' lang='lat' dir='ltr'>illi</span> <span class='ocrx_word' id='word_1_541' title='bbox 527 3231 801 3275; x_wconf 87' lang='lat' dir='ltr'>observanda</span> <span class='ocrx_word' id='word_1_542' title='bbox 827 3238 1114 3289; x_wconf 87' lang='lat' dir='ltr'>susceperunt</span> <span class='ocrx_word' id='word_1_543' title='bbox 1138 3247 1164 3275; x_wconf 86' lang='lat' dir='ltr'>a</span> <span class='ocrx_word' id='word_1_544' title='bbox 1186 3247 1252 3289; x_wconf 90' lang='grc'>00,</span> <span class='ocrx_word' id='word_1_545' title='bbox 1276 3239 1319 3278; x_wconf 87' lang='grc'>01</span> <span class='ocrx_word' id='word_1_546' title='bbox 1351 3249 1377 3277; x_wconf 88' lang='grc'>3</span> <span class='ocrx_word' id='word_1_547' title='bbox 1411 3236 1579 3277; x_wconf 87' lang='lat' dir='ltr'>semine</span> <span class='ocrx_word' id='word_1_548' title='bbox 1611 3247 1710 3287; x_wconf 89' lang='lat' dir='ltr'>suo,</span> <span class='ocrx_word' id='word_1_549' title='bbox 1740 3233 1934 3290; x_wconf 78' lang='lat' dir='ltr'>jejunia,</span> <span class='ocrx_word' id='word_1_550' title='bbox 1962 3240 2006 3278; x_wconf 90' lang='lat' dir='ltr'>et</span> <span class='ocrx_word' id='word_1_551' title='bbox 2035 3234 2274 3289; x_wconf 82' lang='lat' dir='ltr'>clamores,</span> 
     </span>
     <span class='ocr_line' id='line_1_57' title="bbox 434 3289 2273 3350; baseline 0.001 -16"><span class='ocrx_word' id='word_1_552' title='bbox 434 3297 476 3334; x_wconf 89' lang='lat' dir='ltr'>et</span> <span class='ocrx_word' id='word_1_553' title='bbox 503 3291 697 3335; x_wconf 82' lang='lat' dir='ltr'>Sortium</span> <span class='ocrx_word' id='word_1_554' title='bbox 721 3290 835 3347; x_wconf 87' lang='lat' dir='ltr'>dies,</span> <span class='ocrx_word' id='word_1_555' title='bbox 863 3289 900 3317; x_wconf 75' lang='lat'>3&#39;2</span> <span class='ocrx_word' id='word_1_556' title='bbox 921 3296 963 3334; x_wconf 88' lang='lat' dir='ltr'>et</span> <span class='ocrx_word' id='word_1_557' title='bbox 985 3292 1134 3350; x_wconf 87' lang='lat' dir='ltr'>omnia</span> <span class='ocrx_word' id='word_1_558' title='bbox 1160 3306 1258 3348; x_wconf 63' lang='lat' dir='ltr'>quse</span> <span class='ocrx_word' id='word_1_559' title='bbox 1280 3293 1381 3336; x_wconf 88' lang='lat' dir='ltr'>libri</span> <span class='ocrx_word' id='word_1_560' title='bbox 1403 3293 1561 3350; x_wconf 84' lang='lat' dir='ltr'>hujus,</span> <span class='ocrx_word' id='word_1_561' title='bbox 1588 3292 1661 3349; x_wconf 84' lang='lat' dir='ltr'>qui</span> <span class='ocrx_word' id='word_1_562' title='bbox 1683 3299 1869 3336; x_wconf 81' lang='lat' dir='ltr'>vocatur</span> <span class='ocrx_word' id='word_1_563' title='bbox 1895 3294 2067 3350; x_wconf 86' lang='lat' dir='ltr'>Esther,</span> <span class='ocrx_word' id='word_1_564' title='bbox 2087 3292 2273 3336; x_wconf 83' lang='lat' dir='ltr'>historia</span> 
     </span>
     <span class='ocr_line' id='line_1_58' title="bbox 434 3350 729 3394; baseline -0.007 0"><span class='ocrx_word' id='word_1_565' title='bbox 434 3350 729 3394; x_wconf 81' lang='lat' dir='ltr'>continentur.</span> 
     </span>
    </p>

    <p class='ocr_par' dir='ltr' id='par_1_8' title="bbox 431 3410 2279 3708">
     <span class='ocr_line' id='line_1_59' title="bbox 492 3410 2270 3457; baseline 0.002 -5"><span class='ocrx_word' id='word_1_566' title='bbox 492 3410 598 3453; x_wconf 79' lang='lat' dir='ltr'>CAP.</span> <span class='ocrx_word' id='word_1_567' title='bbox 626 3410 681 3452; x_wconf 90' lang='lat' dir='ltr'>X.</span> <span class='ocrx_word' id='word_1_568' title='bbox 707 3435 763 3442; x_wconf 90' lang='lat'>—</span> <span class='ocrx_word' id='word_1_569' title='bbox 787 3410 801 3436; x_wconf 83' lang='lat'><strong>¹</strong></span> <span class='ocrx_word' id='word_1_570' title='bbox 826 3411 921 3453; x_wconf 83' lang='lat' dir='ltr'>Rex</span> <span class='ocrx_word' id='word_1_571' title='bbox 946 3425 1048 3454; x_wconf 87' lang='lat' dir='ltr'>vero</span> <span class='ocrx_word' id='word_1_572' title='bbox 1075 3412 1294 3456; x_wconf 81' lang='lat' dir='ltr'>Assuerus</span> <span class='ocrx_word' id='word_1_573' title='bbox 1328 3427 1506 3457; x_wconf 85' lang='lat' dir='ltr'>omnem</span> <span class='ocrx_word' id='word_1_574' title='bbox 1537 3416 1698 3456; x_wconf 79' lang='lat' dir='ltr'>terram</span> <span class='ocrx_word' id='word_1_575' title='bbox 1734 3420 1777 3457; x_wconf 90' lang='lat' dir='ltr'>et</span> <span class='ocrx_word' id='word_1_576' title='bbox 1811 3419 1995 3457; x_wconf 82' lang='lat' dir='ltr'>cunctas</span> <span class='ocrx_word' id='word_1_577' title='bbox 2032 3412 2169 3456; x_wconf 80' lang='lat' dir='ltr'>maris</span> <span class='ocrx_word' id='word_1_578' title='bbox 2203 3412 2270 3455; x_wconf 86' lang='lat' dir='ltr'>in-</span> 
     </span>
     <span class='ocr_line' id='line_1_60' title="bbox 432 3469 2271 3529; baseline 0.001 -17"><span class='ocrx_word' id='word_1_579' title='bbox 432 3469 550 3512; x_wconf 86' lang='lat' dir='ltr'>sulas</span> <span class='ocrx_word' id='word_1_580' title='bbox 583 3469 696 3514; x_wconf 74' lang='lat' dir='ltr'>fecit</span> <span class='ocrx_word' id='word_1_581' title='bbox 719 3469 976 3512; x_wconf 83' lang='lat' dir='ltr'>tributarias</span> <span class='ocrx_word' id='word_1_582' title='bbox 997 3488 1006 3525; x_wconf 83' lang='lat'><em>3</em></span> <span class='ocrx_word' id='word_1_583' title='bbox 1042 3469 1059 3496; x_wconf 65' lang='lat'><strong>2</strong></span> <span class='ocrx_word' id='word_1_584' title='bbox 1085 3472 1213 3526; x_wconf 80' lang='lat' dir='ltr'>cujus</span> <span class='ocrx_word' id='word_1_585' title='bbox 1244 3472 1463 3516; x_wconf 69' lang='lat' dir='ltr'>fortitudo</span> <span class='ocrx_word' id='word_1_586' title='bbox 1489 3477 1532 3515; x_wconf 90' lang='lat' dir='ltr'>et</span> <span class='ocrx_word' id='word_1_587' title='bbox 1556 3472 1813 3529; x_wconf 84' lang='lat' dir='ltr'>imperium,</span> <span class='ocrx_word' id='word_1_588' title='bbox 1839 3479 1883 3517; x_wconf 80' lang='lat' dir='ltr'>et</span> <span class='ocrx_word' id='word_1_589' title='bbox 1916 3472 2113 3528; x_wconf 81' lang='lat' dir='ltr'>dignitas</span> <span class='ocrx_word' id='word_1_590' title='bbox 2137 3476 2271 3527; x_wconf 80' lang='lat' dir='ltr'>atque</span> 
     </span>
     <span class='ocr_line' id='line_1_61' title="bbox 431 3528 2271 3588; baseline 0.001 -17"><span class='ocrx_word' id='word_1_591' title='bbox 431 3528 705 3585; x_wconf 85' lang='lat' dir='ltr'>sublimitas,</span> <span class='ocrx_word' id='word_1_592' title='bbox 740 3543 827 3585; x_wconf 87' lang='lat' dir='ltr'>qua</span> <span class='ocrx_word' id='word_1_593' title='bbox 858 3529 1075 3572; x_wconf 77' lang='lat' dir='ltr'>exaltavit</span> <span class='ocrx_word' id='word_1_594' title='bbox 1108 3530 1462 3587; x_wconf 80' lang='lat' dir='ltr'>Mardochaeum,</span> <span class='ocrx_word' id='word_1_595' title='bbox 1489 3531 1653 3588; x_wconf 74' lang='lat' dir='ltr'>scripta</span> <span class='ocrx_word' id='word_1_596' title='bbox 1686 3538 1789 3575; x_wconf 85' lang='lat' dir='ltr'>sunt</span> <span class='ocrx_word' id='word_1_597' title='bbox 1825 3533 1871 3575; x_wconf 86' lang='lat' dir='ltr'>in</span> <span class='ocrx_word' id='word_1_598' title='bbox 1898 3532 2023 3575; x_wconf 75' lang='lat' dir='ltr'>libris</span> <span class='ocrx_word' id='word_1_599' title='bbox 2037 3530 2271 3574; x_wconf 88' lang='lat' dir='ltr'>Medorum</span> 
     </span>
     <span class='ocr_line' id='line_1_62' title="bbox 431 3588 2270 3648; baseline 0.001 -18"><span class='ocrx_word' id='word_1_600' title='bbox 431 3593 564 3643; x_wconf 85' lang='lat' dir='ltr'>atque</span> <span class='ocrx_word' id='word_1_601' title='bbox 598 3589 850 3644; x_wconf 80' lang='lat' dir='ltr'>Persarum,</span> <span class='ocrx_word' id='word_1_602' title='bbox 885 3588 903 3614; x_wconf 81' lang='lat'><strong>3</strong></span> <span class='ocrx_word' id='word_1_603' title='bbox 927 3594 970 3631; x_wconf 89' lang='lat' dir='ltr'>et</span> <span class='ocrx_word' id='word_1_604' title='bbox 1004 3590 1222 3644; x_wconf 89' lang='lat' dir='ltr'>quomodo</span> <span class='ocrx_word' id='word_1_605' title='bbox 1254 3591 1584 3646; x_wconf 83' lang='lat' dir='ltr'>Mardoch-aeus,</span> <span class='ocrx_word' id='word_1_606' title='bbox 1618 3591 1788 3647; x_wconf 83' lang='lat' dir='ltr'>judaici</span> <span class='ocrx_word' id='word_1_607' title='bbox 1821 3591 2015 3648; x_wconf 84' lang='lat' dir='ltr'>generis,</span> <span class='ocrx_word' id='word_1_608' title='bbox 2047 3589 2270 3634; x_wconf 78' lang='lat' dir='ltr'>secundus</span> 
     </span>
     <span class='ocr_line' id='line_1_63' title="bbox 431 3647 2279 3708; baseline 0.002 -19"><span class='ocrx_word' id='word_1_609' title='bbox 431 3661 458 3689; x_wconf 89' lang='lat' dir='ltr'>a</span> <span class='ocrx_word' id='word_1_610' title='bbox 489 3660 593 3702; x_wconf 83' lang='lat' dir='ltr'>rege</span> <span class='ocrx_word' id='word_1_611' title='bbox 630 3649 820 3691; x_wconf 83' lang='lat' dir='ltr'>Assuero</span> <span class='ocrx_word' id='word_1_612' title='bbox 856 3647 994 3690; x_wconf 76' lang='lat' dir='ltr'>fuerit</span> <span class='ocrx_word' id='word_1_613' title='bbox 1014 3665 1026 3703; x_wconf 70' lang='grc'>;4</span> <span class='ocrx_word' id='word_1_614' title='bbox 1057 3653 1100 3691; x_wconf 85' lang='grc'>01</span> <span class='ocrx_word' id='word_1_615' title='bbox 1136 3663 1324 3704; x_wconf 82' lang='lat' dir='ltr'>magnus</span> <span class='ocrx_word' id='word_1_616' title='bbox 1361 3649 1480 3706; x_wconf 84' lang='lat' dir='ltr'>apud</span> <span class='ocrx_word' id='word_1_617' title='bbox 1515 3650 1719 3708; x_wconf 75' lang='lat' dir='ltr'>Judaeos,</span> <span class='ocrx_word' id='word_1_618' title='bbox 1758 3656 1801 3695; x_wconf 84' lang='lat' dir='ltr'>et</span> <span class='ocrx_word' id='word_1_619' title='bbox 1834 3649 2122 3708; x_wconf 74' lang='lat' dir='ltr'>acceptabilis</span> <span class='ocrx_word' id='word_1_620' title='bbox 2148 3647 2279 3707; x_wconf 73' lang='lat' dir='ltr'>plebi</span> 
     </span>
    </p>
   </div>
  </div>
 </body>
</html>
