2423 3861
174 954 274 982 Jesus

156 1000 292 1030 apparet

118 1041 147 1068 Η
154 1042 332 1075 agdaienae.

146 1790 294 1822 Apparet

129 1833 294 1866 apostolis
305 1854 312 1870 ‚

152 1878 293 1906 absente

158 1918 289 1951 Tnoma.

146 2500 294 2530 Apparet

150 2541 269 2570 iisdem
282 2563 287 2577 ,

136 2593 151 2618 J
159 2590 300 2614 raesente

154 2629 286 2658 Thoma.

165 2912 271 2947 Quare

138 2969 148 2982 ι
156 2955 299 2989 criptum

107 2999 330 3033 evangelium.

134 3149 157 3172 ‚A
165 3146 309 3178 mai-itio

148 3190 183 3216 ad
208 3197 296 3218 mare

126 3232 319 3264 Tiberiadis.

423 126 530 166 1212

998 123 1135 163 JoAN.
1169 122 1275 163 XX.
1310 123 1337 163 3
1369 147 1428 152 ——
1460 122 1593 176 XXI,
1629 121 1665 164 3.

417 296 651 348 numento,
677 297 720 335 et
744 292 964 334 nescimus
989 290 1066 332 ubi
1090 296 1333 346 posuerunt
1354 303 1468 332 eum.
1487 289 1505 315 3
1523 289 1646 331 Exiit
1665 304 1767 345 ergo
1786 291 1944 333 Petrus
1965 296 2010 334 et
2031 293 2109 336 ille
2131 294 2244 336 alius

418 351 681 409 discipulus,
707 356 752 394 et
775 354 993 392 venerunt
1013 349 1071 391 ad
1092 353 1444 391 monumentum.
1478 348 1496 374 4
1514 348 1762 391 Curi-ebant
1792 353 1943 392 autem
1976 349 2061 393 duo
2092 351 2244 407 simul.

417 416 460 454 et
479 410 554 454 1116
580 410 693 453 alius
717 408 960 465 discipulus
981 407 1270 464 praecucurrit
1288 407 1417 450 citius
1440 408 1593 462 Petro,
1612 413 1656 451 et
1675 407 1800 450 venit
1822 407 1991 465 primus
2015 408 2073 450 ad
2093 423 2246 453 monu-

415 476 629 513 mentum.
651 469 668 495 5
687 468 746 510 Et
770 481 871 510 eum
896 481 942 510 se
962 466 1241 521 inclinasset,
1269 466 1383 508 vidit
1407 467 1552 522 posita
1574 466 1861 522 linteamina,
1889 481 1979 510 non
2002 472 2156 510 tamen
2178 468 2246 511 in-

414 529 579 571 troivit.
602 528 619 553 ⁴3
641 527 777 569 Venit
794 541 898 582 ergo
923 527 1075 569 Simon
1102 526 1259 569 Petrus
1284 539 1471 580 sequens
1497 540 1617 582 eum,
1637 531 1681 569 et
1699 525 1901 569 introivit
1916 526 1964 568 in
1989 540 2250 570 monumen-

414 600 530 641 tum,
557 590 602 630 et
621 586 737 628 vidit
758 586 1022 628 linteamina
1039 585 1212 641 posita,
1240 583 1316 627 7et
1340 584 1588 642 sudarium,
1623 585 1738 641 quod
1771 585 1922 628 fuerat
1951 599 2084 641 super
2115 593 2249 642 eaput

413 647 531 702 ejus,
557 660 646 688 non
672 659 774 688 cum
795 644 1132 688 linteaminibus
1154 642 1369 701 positum,
1392 643 1470 687 sed
1495 644 1736 701 separatim
1759 644 2014 688 involutum
2037 644 2085 687 in
2109 659 2248 688 unum

412 705 573 748 locum.
595 704 613 731 3
630 705 755 748 Tunc
781 718 884 760 ergo
909 703 1114 747 introivit
1138 708 1181 747 et
1205 703 1281 746 ille
1304 702 1570 760 discipulus,
1588 703 1663 759 qui
1685 709 1869 747 venerat
1889 703 2057 760 primus
2073 703 2132 747 ad
2155 718 2248 747 mo-

411 769 698 818 numentum,
735 768 779 807 et
807 763 942 819 vidit,
977 768 1021 807 et
1054 762 1256 806 credidit.
1291 761 1536 806 9Nondum
1571 762 1689 806 enim
1724 763 1924 806 sciebant
1953 762 2245 820 Scfipturiam,

410 824 514 878 quia
538 823 771 880 oportebat
794 837 894 866 eum
912 837 935 865 a
962 822 1148 865 mortuis
1172 836 1412 877 resurgere.
1438 821 1473 848 10
1488 822 1709 865 Abierunt
1734 837 1836 877 ergo
1854 823 2017 865 iterum
2040 821 2247 880 discipuli
2277 867 2282 870 ,

408 882 464 925 ad
489 883 763 939 semetipsos.
2143 884 2147 886 ’

469 941 502 968 11
517 942 661 984 Maria
685 946 838 985 autem
859 942 1008 985 stabat
1032 942 1089 984 ad
1116 947 1455 985 monumentum
1473 942 1604 997 foris,
1623 942 1815 999 plorans.
1836 943 1956 985 Dum
1982 955 2085 999 ergo
2107 941 2246 998 fleret,

408 1001 648 1044 inclinavit
671 1015 738 1055 se,
769 1006 812 1044 et
836 1001 1066 1058 prospexit
1092 1001 1139 1043 in
1164 1006 1532 1056 monumentum,
1561 1001 1597 1027 ¹⁸2
1615 1007 1660 1045 et
1691 1001 1807 1045 vidit
1840 1000 1950 1045 duos
1982 1000 2166 1057 angelos
2199 1000 2248 1044 in

409 1061 544 1117 albis,
571 1061 797 1117 sedentes,
823 1075 963 1103 unum
984 1061 1042 1103 ad
1068 1067 1224 1118 eaput,
1251 1066 1296 1104 et
1323 1075 1462 1104 unum
1493 1061 1550 1103 ad
1580 1061 1735 1118 pedes,
1770 1061 1846 1104 ubi
1875 1061 2071 1118 positum
2098 1061 2248 1105 fuerat

410 1135 566 1178 eorpus
585 1121 707 1164 Jesu.
735 1120 771 1147 13
791 1120 959 1163 Dicunt
985 1119 1024 1164 ei
1041 1119 1110 1163 illi
1135 1136 1146 1164 ε
1175 1120 1348 1176 Mulier,
1374 1119 1478 1176 quid
1505 1120 1682 1178 ploras?
1707 1120 1830 1164 Dicit
1859 1120 1921 1163 eis
1955 1137 1964 1165 :
1995 1119 2107 1172 Quia
2134 1120 2248 1164 tule-

408 1185 513 1222 runt
537 1179 783 1223 Dominum
803 1181 971 1235 meum,
999 1184 1043 1223 et
1068 1180 1217 1223 1168010
1248 1180 1323 1222 11111
1360 1185 1602 1236 posuerunt
1626 1194 1740 1223 eum.
1776 1179 1812 1206 ¹⁴
1831 1180 1946 1223 Haec
1977 1193 2079 1223 cum
2111 1179 2247 1223 dixis-

409 1243 495 1295 set,
519 1253 732 1282 conversa
750 1244 818 1283 est
837 1244 1094 1295 retrorsum,
1120 1245 1163 1282 et
1188 1239 1303 1282 vidit
1325 1240 1481 1282 Jesum
1506 1243 1723 1293 stantem3
1761 1245 1804 1283 et
1828 1253 1918 1282 non
1942 1239 2115 1282 sciebat
2146 1238 2248 1295 quia

409 1300 540 1342 Jesus
585 1303 664 1343 est.
707 1298 743 1326 15
763 1299 886 1341 Dicit
922 1298 964 1341 ei
996 1299 1128 1342 Jesus
1156 1316 1166 1343 2
1201 1298 1376 1353 Mulier,
1410 1298 1517 1353 quid
1553 1298 1736 1355 ploras?
1770 1313 1902 1354 quem
1934 1297 2130 1354 quaeris?
2161 1297 2249 1341 Illa

409 1358 670 1401 existimans
692 1359 795 1415 quia
816 1358 1078 1401 hortulanus
1099 1362 1234 1414 esset,
1263 1358 1373 1401 dicit
1395 1359 1434 1401 ei
1467 1375 1475 1402 :
1504 1359 1714 1414 Domine,
1742 1358 1779 1401 si
1812 1364 1860 1401 tu
1886 1357 2104 1401 sustulisti
2130 1371 2247 1414 eum,

409 1417 545 1461 dicito
571 1417 682 1460 mihi
707 1418 784 1461 ubi
808 1417 996 1475 posuisti
1019 1432 1145 1471 eum,
1174 1423 1219 1460 et
1244 1432 1326 1473 ego
1353 1432 1454 1461 eum
1476 1417 1646 1461 tollam.
1681 1417 1718 1444 16
1733 1417 1857 1461 Dicit
1883 1417 1922 1461 ei
1945 1418 2077 1461 Jesus
2108 1433 2120 1462 t
2151 1417 2249 1460 Ma-

407 1477 487 1520 ria.
510 1477 736 1521 Conversa
755 1477 855 1534 illa,
884 1477 994 1520 dicit
1019 1478 1058 1520 ei
1090 1494 1100 1521 2
1128 1477 1333 1520 Rabboni
1358 1477 1499 1534 (quod
1533 1477 1698 1520 dicitur
1726 1477 1981 1534 Magister).
2006 1476 2040 1503 ¹⁷
2062 1476 2186 1520 Dicit-
2207 1476 2248 1520 ei

409 1537 436 1579 J
442 1551 540 1580 esus
569 1553 579 1580 :
605 1537 709 1580 Noli
735 1551 807 1580 me
828 1542 1034 1593 tangere,
1057 1537 1255 1581 nondum
1279 1536 1399 1579 enim
1419 1537 1601 1580 ascendi
1627 1537 1684 1579 ad
1717 1537 1898 1580 Patrem
1927 1551 2088 1579 meum.
2119 1535 2248 1579 Vade

407 1600 559 1639 autem
583 1597 642 1640 ad
661 1597 825 1640 fratres
848 1611 988 1652 meos,
1013 1602 1056 1640 et
1078 1597 1149 1640 (110
1175 1597 1236 1640 618
1262 1613 1271 1640 1
1293 1595 1502 1639 Ascendo
1527 1596 1585 1639 ad
1612 1596 1790 1640 Patrem
1820 1610 1969 1639 meum
1994 1599 2041 1639 et
2067 1595 2248 1639 Patrem

407 1660 625 1711 vestrum,
653 1657 798 1700 Deum
823 1671 980 1699 meum
1001 1662 1046 1699 et
1071 1657 1216 1699 Deum
1241 1661 1452 1699 vestrum.
1489 1655 1523 1682 ¹8
1541 1655 1680 1699 Venit
1707 1656 1851 1698 Maria
1880 1654 2147 1710 Magdalene
2169 1668 2247 1697 an-

407 1715 618 1758 nuntians
645 1715 876 1772 discipulis
906 1732 915 1759 :
942 1715 1053 1765 Quia
1074 1715 1168 1758 vidi
1196 1715 1464 1770 Dominum,
1492 1720 1536 1758 et
1557 1715 1654 1758 haee
1677 1714 1793 1758 dixit
1813 1715 1938 1758 mihi.

467 1774 504 1801 ¹9
521 1774 635 1819 Cum
657 1789 760 1830 ergo
786 1789 881 1818 sero
907 1779 1024 1818 esset
1049 1774 1120 1818 die
1140 1775 1239 1829 illo,
1262 1789 1349 1817 una
1375 1774 1685 1830 sabbatorum,
1705 1781 1749 1818 et
1765 1775 1887 1817 fores
1909 1780 2056 1817 essent
2081 1774 2247 1817 clausae

407 1833 484 1877 ubi
521 1839 648 1877 erant
680 1834 889 1891 discipuli
926 1835 1206 1890 congregati,
1234 1840 1410 1890 propter
1442 1840 1613 1876 metum
1642 1834 1923 1888 Judaeorum,
1949 1833 2074 1876 venit
2102 1833 2246 1888 Jesus,

407 1899 452 1935 et
473 1893 597 1936 stetit
618 1893 664 1936 in
690 1894 858 1947 medio,
886 1898 929 1936 et
948 1894 1063 1936 dixit
1087 1894 1150 1936 eis
1180 1911 1188 1937 :
1216 1894 1312 1936 Pax
1335 1893 1476 1935 vobis.
1503 1891 1540 1919 “2⁰
1558 1893 1616 1935 Et
1641 1907 1744 1936 cum
1767 1893 1852 1936 hoc
1875 1892 2083 1946 dixisset,
2101 1896 2248 1936 osten-

407 1952 473 1995 dit
495 1953 558 1995 eis
583 1967 742 1996 manus
768 1959 812 1996 et
833 1954 963 1996 latus.
992 1953 1147 1995 Gavisi
1177 1957 1281 1995 sunt
1306 1967 1409 2008 ergo
1443 1952 1675 2008 discipuli,
1699 1952 1796 1995 viso
1830 1951 2037 1995 Domino.
2063 1950 2097 1977 2¹
2120 1951 2248 1994 Dixit

407 2026 511 2068 ergo
545 2012 607 2055 eis
644 2013 806 2055 iterum
838 2029 846 2056 :
884 2013 981 2054 Pax
1016 2012 1156 2056 vobis.
1196 2011 1320 2055 Sicut
1353 2011 1476 2054 misit
1512 2026 1583 2054 me
1617 2012 1762 2067 Pater,
1801 2017 1844 2055 et
1880 2026 1962 2067 ego
1996 2011 2125 2054 mitto
2155 2025 2248 2055 vos,

407 2070 443 2097 29
461 2072 574 2114 Haec
599 2086 702 2115 cum
727 2071 932 2127 dixisset,
955 2071 1220 2127 insufflavit,
1240 2076 1284 2115 et
1309 2070 1424 2114 dixit
1441 2071 1503 2114 eis
1522 2087 1531 2115 t
1551 2070 1758 2128 Accipite
1775 2071 1990 2128 Spiritum
2008 2075 2213 2114 sanctum
2237 2087 2248 2114 z

407 2130 443 2157 ²3
470 2145 656 2186 quorum
684 2131 943 2174 remiseritis
976 2136 1180 2187 peccata,
1214 2131 1503 2174 remittuntur
1536 2130 1624 2185 eis3
1657 2135 1701 2174 et
1734 2144 1921 2187 quorum
1952 2129 2246 2184 retinueritis,

404 2195 578 2234 retenta
611 2196 726 2234 sunt.
754 2189 791 2216 ‘24
808 2191 1003 2234 Thomas
1039 2198 1191 2234 autem
1220 2205 1332 2233 unus
1354 2204 1409 2233 ex
1435 2190 1693 2245 duodecim,
1719 2190 1792 2246 qui
1824 2189 1987 2233 dicitur
2012 2188 2244 2246 Didymus.

404 2263 492 2293 non
525 2255 620 2294 erat
649 2265 751 2294 cum
784 2250 848 2293 eis
880 2250 1059 2306 quando
1092 2251 1216 2294 venit
1248 2251 1394 2294 Jesus.
1418 2248 1455 2276 25
1470 2249 1692 2293 Dixerunt
1712 2264 1816 2306 ergo
1839 2249 1878 2293 ei
1900 2248 1978 2292 alii
2012 2248 2246 2306 discipuli:

404 2309 611 2352 Vidimus
647 2310 902 2354 Dominum.
942 2310 1028 2353 Ille
1067 2315 1220 2353 autem
1256 2309 1372 2352 dixit
1397 2310 1460 2352 eis
1489 2326 1498 2353 :
1534 2309 1632 2352 Nisi
1657 2309 1809 2352 videro
1830 2308 1876 2351 in
1911 2307 2119 2351 manibus
2151 2308 2247 2364 ejus

404 2369 592 2411 fixuram
615 2370 863 2426 clavorum,
891 2375 935 2413 et
961 2370 1138 2412 mittam
1164 2369 1357 2425 digitum
1382 2368 1603 2412 meumin
1628 2368 1777 2412 locum
1800 2367 2049 2423 clavorum,
2077 2372 2121 2411 et
2145 2367 2247 2410 mit-

404 2437 498 2470 tam
529 2443 712 2472 manum
732 2443 880 2473 meam
899 2430 947 2472 in
969 2429 1086 2472 latus
1112 2430 1230 2485 ejus,
1253 2443 1342 2472 non
1367 2428 1561 2472 credam.

463 2487 500 2514 ²ss
515 2489 574 2531 Et
598 2489 813 2545 postdies
835 2495 954 2545 octo,
978 2489 1140 2532 iterum
1166 2494 1291 2532 erant
1316 2487 1525 2545 discipuli
1557 2488 1656 2544 ejus
1679 2488 1822 2542 intus,
1852 2493 1897 2531 et
1929 2487 2123 2531 Thomas
2145 2486 2245 2530 cum

404 2547 481 2591 eis.
506 2548 645 2591 Venit
670 2549 699 2592 J
703 2563 821 2604 esus,
847 2548 998 2605 januis
1024 2548 1207 2603 clausis,
1235 2554 1281 2592 et
1304 2547 1430 2591 stetit
1449 2547 1497 2590 in
1519 2547 1687 2602 medio,
1715 2551 1760 2591 et
1790 2546 1907 2590 dixit
1934 2563 1944 2591 :
1977 2547 2073 2589 Pax
2102 2544 2242 2589 vobis.

404 2605 438 2633 2⁷
456 2606 630 2650 Deinde
655 2607 765 2651 dicit
781 2608 968 2652 Thomae
994 2623 1005 2652 ε
1033 2609 1161 2651 Infer
1186 2607 1381 2664 digitum
1405 2611 1534 2650 tuum
1558 2607 1665 2663 huc,
1696 2611 1740 2650 et
1769 2606 1872 2649 vide
1904 2620 2064 2649 manus
2096 2617 2243 2657 meas;

404 2672 448 2709 et
469 2667 583 2710 affer
608 2682 790 2710 manum
813 2673 956 2722 tuam,
977 2673 1020 2711 et
1038 2667 1166 2711 mitte
1186 2667 1233 2710 in
1255 2667 1372 2710 latus
1397 2681 1571 2721 meum,
1588 2671 1632 2710 et
1656 2665 1748 2709 noli
1771 2679 1865 2709 esse
1884 2664 2154 2720 incredulus,
2167 2663 2244 2708 sed

404 2725 561 2769 fidelis.
590 2725 626 2754 ‘28
645 2727 892 2784 Respondit
916 2728 1130 2783 Thomas,
1157 2732 1202 2771 et
1223 2727 1339 2770 dixit
1361 2726 1400 2770 ei
1434 2743 1443 2770 ι
1480 2725 1699 2769 Dominus
1722 2740 1867 2781 meus,
1890 2730 1934 2769 et
1956 2725 2078 2768 Deus
2104 2737 2241 2768 meus.

404 2786 440 2810 '²⁰
460 2786 588 2829 Dixit
609 2786 648 2830 ei
674 2787 703 2829 J
707 2800 806 2830 esus
840 2803 849 2830 :
872 2786 984 2836 Quia
1006 2786 1157 2829 vidisti
1182 2800 1273 2841 me,
1297 2787 1490 2840 Thoma,
1519 2784 1774 2840 credidisti,
1802 2784 1922 2828 beati
1954 2784 2028 2840 qui
2058 2797 2147 2826 non
2177 2781 2242 2825 vi-

405 2844 582 2900 derunt,
606 2851 650 2889 et
676 2845 971 2889 crediderunt.

463 2904 659 2948 ³0Multa
688 2905 867 2961 quidem
905 2911 949 2948 et
984 2905 1074 2948 alia
1105 2906 1237 2962 signa
1269 2905 1381 2961 feeit
1406 2906 1538 2948 Jesus
1570 2905 1616 2947 in
1650 2909 1890 2961 conspectu
1925 2901 2242 2959 discipulorum

404 2978 602 3020 suorum,
630 2979 729 3020 quae
751 2979 839 3008 non
865 2970 969 3007 sunt
990 2965 1155 3021 scripta
1179 2965 1225 3007 in
1248 2964 1361 3007 libro
1383 2964 1480 3007 hoc.
1505 2963 1538 2990 3¹
1562 2964 1675 3006 Haec
1699 2969 1850 3006 autem
1881 2962 2046 3019 scripta
2064 2965 2168 3004 sunt
2191 2970 2241 3003 ut

405 3023 595 3067 credatis
622 3024 726 3080 quia
750 3024 779 3067 J
783 3038 881 3067 esus
903 3029 970 3067 est
991 3024 1207 3080 Christus,
1229 3023 1370 3066 Filius
1396 3023 1493 3078 Dei,
1518 3027 1561 3066 et
1586 3028 1635 3065 ut
1657 3022 1900 3077 credentes,
1919 3021 2058 3064 vitam
2079 3018 2242 3062 habea-

405 3082 461 3125 tis
482 3082 528 3124 in
554 3083 732 3126 nomine
756 3083 865 3139 ejus.

464 3141 572 3185 CAP.
598 3142 725 3186 XXI.
751 3168 811 3174 —
830 3142 845 3169 1
864 3144 1027 3187 Postea
1053 3143 1363 3186 manifestavit
1384 3157 1431 3186 se
1454 3143 1616 3186 iterum
1638 3144 1769 3186 «168118
1792 3139 2021 3197 discipulis
2041 3137 2097 3180 ad
2120 3151 2240 3180 mare

406 3201 668 3245 Tiberiadis.
693 3202 1008 3245 Manifestavit
1031 3208 1182 3245 autem
1208 3203 1285 3246 sic.
1309 3201 1325 3227 *²
1344 3203 1483 3245 Erant
1507 3202 1641 3245 simul
1667 3202 1818 3245 Simon
1851 3199 2028 3252 Petrus,
2055 3200 2100 3240 et
2122 3196 2238 3240 Τ110-

408 3275 522 3317 mas,
549 3261 624 3317 qui
649 3260 812 3304 dicitur
845 3261 1088 3317 Didymus,
1123 3267 1166 3305 et
1196 3261 1471 3317 Nathanael,
1505 3261 1579 3318 qui
1613 3265 1709 3305 erat
1739 3256 1766 3303 a
1795 3259 1918 3304 Cana
1947 3255 2172 3311 Galilaeae,
2196 3261 2240 3300 et

407 3319 485 3362 filii
517 3320 740 3376 Zebedaei,
769 3325 827 3363 et·
847 3320 924 3362 alii
963 3335 1018 3364 ex
1047 3321 1278 3377 discipulis
1312 3321 1410 3377 ejus
1447 3321 1548 3364 duo.
1583 3320 1602 3347 3
1620 3319 1743 3363 Dicit
1767 3318 1830 3362 eis
1857 3315 2009 3360 Simon
2044 3315 2200 3359 Petrus
2228 3331 2238 3359 ε

407 3379 536 3422 Vado
561 3379 736 3436 piscari.
761 3379 930 3423 Dicunt
954 3380 994 3422 ei
1029 3397 1037 3424 :
1060 3380 1277 3423 Venimus
1303 3387 1348 3423 et
1368 3394 1448 3424 nos
1473 3385 1635 3423 tecum.
1666 3379 1725 3420 Et
1757 3376 1979 3428 exierunt,
2010 3380 2055 3417 et
2085 3387 2239 3418 ascen—

409 3436 567 3483 derunt
587 3439 633 3481 111
653 3438 826 3493 navi1n3
857 3444 900 3482 et
923 3438 1004 3481 illa
1025 3445 1154 3482 noete
1180 3438 1289 3481 nihil
1316 3438 1647 3495 prendiderunt.

410 3595 457 3627 11]
476 3595 597 3623 Mattn.
615 3596 778 3631 XXVIII,
799 3600 823 3625 1.
842 3598 942 3624 Marc.
961 3597 1054 3632 XVI,
1071 3600 1097 3625 5.
1117 3597 1198 3625 Luc.
1216 3597 1341 3630 XXLV,
1362 3599 1388 3624 4.
1405 3609 1442 3615 —-
1465 3596 1511 3629 19]
1530 3595 1630 3622 Marc.
1648 3593 1747 3627 XVI,
1765 3594 1808 3620 14.
1828 3592 1907 3620 Luc.
1927 3593 2051 3631 XXIV,
2067 3595 2113 3622 30.
2132 3593 2147 3621 1
2165 3593 2240 3624 Oor.
2271 3583 2274 3585 Δ
2339 3617 2343 3626 ,

411 3639 482 3673 XV,
499 3642 524 3666 5.
542 3654 576 3658 —
594 3641 641 3673 2:53
660 3641 779 3668 Matih.
798 3640 930 3674 XVIII,
950 3644 992 3668 15.
1014 3655 1047 3660 -—
1065 3642 1113 3673 30]
1135 3641 1199 3668 Ins.
1219 3641 1312 3673 XXI,-
1326 3643 1373 3669 25.
