2456 3861
754 193 800 235 ΙΙ
839 194 948 236 Rae.
984 194 1039 245 V,
1075 193 1206 236 1-23.
1808 189 1890 234 ‘2²31

655 430 1050 485 sECUNDA
1107 430 1321 486 PARS

396 568 680 608 REGNUM
730 567 1010 606 DAvlnis
1060 568 1128 606 IN
1176 568 1573 608 JERUSALEM

194 702 357 744 Sic-§vlo
392 702 427 744 Ῑ.
454 727 512 732 ——
544 702 793 743 EXCERPTA
827 713 854 742 Ε
888 712 1044 743 FASTIS
1082 713 1253 755 REGIIS,
1290 714 1557 744 POJFEN'HAM
1593 715 1640 745 IN
1677 714 1776 745 DIES

670 778 938 808 AUCTIOREM
974 777 1299 808 OSTENDENTIA

302 889 324 942 ξ
358 886 393 929 Ι.
429 912 483 918 -
516 885 694 929 Fausta
715 887 846 928 initia
869 887 992 942 reyni
1016 879 1174 930 David
1196 900 1326 943 super
1352 893 1484 930 totum
1507 888 1662 930 Israel.

126 1003 236 1046 CAP.
264 1002 315 1044 V.
339 1027 396 1033 -—
418 1000 431 1026 ¹
461 1001 519 1042 Et
541 1005 757 1044 venerunt
782 1000 1000 1044 universae
1034 1000 1175 1043 tribus
1202 999 1341 1044 Israel
1366 1000 1423 1043 ad
1451 1001 1597 1044 David
1622 1001 1668 1044 in
1700 1003 1895 1060 Hebron,

42 1087 45 1091 ·
65 1061 264 1106 dicentes
288 1077 296 1104 :
326 1060 442 1103 Ecce
465 1073 543 1102 nos
570 1073 616 1102 os
642 1065 766 1102 tuum
793 1064 836 1102 61
862 1073 961 1102 caro
983 1064 1060 1102 tua
1077 1073 1241 1102 sumus.
1263 1058 1282 1085 2
1300 1059 1384 1104 Sed
1407 1064 1452 1103 et
1475 1060 1568 1103 heri
1588 1065 1632 1103 et
1654 1061 1900 1105 nudiuster-

65 1121 174 1172 tius,
201 1134 301 1162 cum
334 1123 450 1162 esset
481 1118 586 1162 Saul
614 1132 692 1161 rex
717 1131 967 1174 supernos,
996 1124 1045 1161 tu
1070 1132 1165 1162 eras
1196 1117 1387 1162 educens
1417 1123 1460 1162 et
1489 1119 1703 1162 reducens
1737 1121 1899 1176 lsrael,

63 1179 181 1223 dixit
205 1183 356 1221 autem
384 1178 601 1221 Dominus
623 1177 678 1220 ad
709 1182 752 1220 te
775 1193 786 1224 t
811 1177 877 1220 Tu
903 1192 1056 1234 pasces
1078 1177 1291 1234 populum
1320 1192 1468 1221 meum
1492 1178 1651 1234 Israel,
1675 1184 1718 1222 et
1744 1184 1793 1222 tu
1818 1179 1902 1223 eris

66 1237 158 1281 dux
177 1252 308 1294 super
334 1237 486 1280 Israel.
511 1236 528 1263 3
549 1236 779 1280 Venerunt
803 1250 974 1292 quoque
997 1241 1040 1279 et
1065 1237 1259 1280 seniores
1289 1236 1430 1280 Israel
1463 1237 1519 1280 ad
1549 1252 1700 1293 regem
1730 1238 1777 1280 in
1811 1239 1902 1282 He-

67 1296 196 1352 bron,
225 1302 269 1340 et
289 1296 506 1353 percussit
539 1310 639 1338 cum
661 1295 724 1338 eis
757 1309 835 1339 rex
863 1295 1009 1338 David
1042 1295 1190 1339 foedus
1218 1295 1266 1338 in
1300 1295 1483 1339 Hebron
1510 1310 1657 1339 coram
1684 1297 1898 1354 Domino3

68 1361 374 1412 unxeruntque
403 1355 549 1398 David
571 1355 617 1397 in
644 1369 795 1411 regem
821 1369 951 1411 super
979 1355 1131 1398 Israel.

125 1415 142 1441 ‘⁴
170 1414 310 1458 Filius
331 1414 517 1470 triginta
542 1428 758 1456 annorum
785 1417 879 1456 erat
901 1413 1048 1457 David
1067 1428 1168 1456 cum
1189 1429 1375 1471 regnare
1398 1414 1624 1471 coepisset,
1649 1420 1692 1458 et
1715 1415 1901 1472 quadra-

64 1474 193 1531 ginta
214 1473 342 1516 annis
366 1473 585 1529 regnavit.
613 1472 629 1499 ⁵
653 1474 706 1514 In
733 1472 917 1515 Hebron
942 1472 1148 1528 regnavit
1166 1487 1296 1529 super
1318 1473 1345 1516 J
1350 1473 1484 1515 udam
1510 1480 1681 1530 septem
1703 1475 1831 1518 annis
1857 1480 1902 1518 et

66 1547 144 1576 sex
173 1532 418 1586 mensibus,
449 1531 494 1573 in
524 1531 774 1574 Jerusalem
807 1535 957 1573 autem
992 1531 1199 1587 regnavit
1228 1532 1414 1588 triginta
1447 1532 1588 1575 tribus
1616 1533 1744 1576 annis
1774 1548 1903 1591 super

68 1606 245 1635 omnem
268 1590 406 1634 Israel
429 1595 473 1633 61
494 1590 522 1633 J
527 1590 674 1633 udam.

127 1649 145 1678 ⁶
159 1651 217 1694 Et
234 1649 346 1692 abiit
359 1664 438 1692 rex
452 1655 496 1692 et
507 1663 657 1692 omnes
672 1649 755 1692 viri
771 1648 846 1705 qui
863 1654 990 1693 erant
1009 1663 1109 1692 cum
1132 1664 1183 1693 eo
1204 1650 1250 1693 in
1268 1649 1530 1706 Jerusalem,
1550 1650 1606 1693 ad
1629 1651 1657 1693 J
1661 1651 1900 1707 ebusaeum,

66 1709 363 1753 habitat-orem
385 1713 539 1763 terrae3
565 1708 821 1764 dictumque
848 1713 913 1752 est
939 1708 1086 1755 David
1112 1709 1168 1752 ab
1191 1709 1252 1752 eis
1273 1725 1281 1752 ε
1308 1709 1350 1752 N
1353 1724 1409 1752 on
1431 1708 1693 1763 ingredieris
1711 1711 1795 1753 huc
1817 1712 1901 1754 nisi

43 1768 301 1812 *abstuleris
324 1782 465 1811 caecos
487 1773 532 1810 et
549 1767 750 1823 claudos,
772 1767 972 1811 dicentes
1002 1784 1010 1811 :
1035 1767 1135 1811 Non
1160 1768 1435 1824 ingredietur
1456 1767 1602 1810 David
1617 1769 1714 1812 huc.
1739 1769 1753 1795 ⁷
1774 1769 1903 1827 Cepit

41 1833 217 1871 61116111
255 1826 401 1870 David
435 1840 583 1869 arcem
618 1825 747 1882 81011;
786 1826 884 1870 11666
923 1831 988 1869 661
1022 1826 1180 1870 civitas
1218 1827 1381 1871 David.
1415 1824 1432 1853 8
1455 1827 1748 1884 Proposuerat
1784 1830 1903 1872 enim

67 1886 213 1930 Dav-id
239 1886 285 1928 in
311 1886 382 1929 die
404 1885 483 1928 illa
506 1886 761 1942 praemium,
786 1885 861 1942 qui
887 1885 1176 1943 percussisset
1197 1886 1226 1929 J
1230 1886 1476 1941 ebusaeum,
1501 1891 1546 1928 et
1575 1886 1797 1944 tetigisset
1828 1888 1901 1931 do-

42 1951 237 1989 *matum
261 1944 454 2000 fistulas,
479 1949 523 1987 et
544 1944 800 1988 abstulisset
827 1959 968 1988 caecos
991 1950 1035 1988 et
1060 1945 1240 1989 claudos
1274 1945 1475 1990 odientes
1506 1945 1704 1988 animam
1739 1947 1899 1992 David.

67 2004 240 2048 Idcirco
263 2003 424 2048 dicitur
441 2004 487 2046 in
501 2003 733 2060 proverbio
754 2020 762 2047 :
786 2004 941 2047 Caecus
961 2009 1005 2048 et
1028 2004 1211 2047 claudus
1234 2019 1322 2048 non
1342 2003 1576 2047 'intrabunt
1592 2004 1639 2047 in
1664 2005 1898 2062 templum.

40 2063 83 2090 ’9
106 2063 344 2106 Habitavit
376 2069 527 2106 autem
555 2063 702 2106 David
725 2063 774 2106 in
806 2078 927 2119 arce,
959 2068 1004 2107 et
1036 2064 1215 2107 vocavit
1244 2071 1343 2107 eam
1376 2063 1618 2107 Civitatem
1651 2064 1823 2119 David3
1859 2070 1902 2108 et

67 2122 308 2166 aedificavit
331 2137 410 2179 per
427 2137 587 2179 gyrum
611 2137 638 2164 a
662 2122 798 2166 Mello
821 2126 865 2166 et
885 2123 1163 2166 intrinsecus.
1188 2122 1224 2150 ¹⁰
1244 2123 1301 2167 Et
1319 2121 1652 2180 ingrediebatur
1668 2123 1902 2180 proficiens

64 2186 198 2238 atque
220 2195 520 2237 succrescens,
544 2186 588 2237 et
612 2181 829 2224 Dominus
855 2182 974 2225 Deus
996 2182 1272 2225 exercituum
1298 2187 1392 2226 erat
1412 2197 1514 2225 cum
1539 2196 1604 2225 eo.

126 2240 159 2267 ¹¹
187 2240 311 2283 Misit
335 2254 506 2316 1111011116
537 2239 717 2296 Hira-m,
747 2255 825 2283 rex
846 2240 977 2297 Tyri,
1004 2241 1182 2284 nuntios
1203 2241 1261 2284 ad
1293 2241 1461 2298 David,
1493 2243 1536 2284 61
1569 2240 1693 2298 ligna
1722 2242 1902 2285 cedrina

43 2304 111 2343 *et
134 2299 326 2343 artifices
351 2299 593 2355 lignorum,
624 2299 902 2355 artificesque
932 2299 1133 2356 lapidum
1162 2300 1218 2343 ad
1247 2301 1464 2358 parietes;
1491 2303 1536 2344 61
1570 2300 1902 2344 aedificaverunt

63 2358 247 2402 domum
273 2357 432 2401 David.
459 2357 496 2383 1‘2
518 2358 576 2400 Et
598 2358 807 2414 cognovit
831 2358 978 2401 David
1002 2359 1211 2414 quoniam
1234 2360 1537 2403 confirmasset
1559 2374 1660 2403 eum
1683 2360 1901 2409 Dominus

63 2427 216 2475 regem
238 2431 368 2474 super
393 2416 552 2473 Israel,
587 2423 631 2461 et
663 2417 874 2473 quoniam
906 2417 1148 2462 exaltasset
1182 2432 1369 2474 regnum
1403 2419 1498 2476 ejus
1527 2433 1658 2477 super
1689 2419 1901 2477 populum

42 2510 45 2513 v
65 2491 195 2520 suum
220 2476 374 2520 Israel.

125 2535 162 2563 ¹3
184 2535 374 2592 Accepit
395 2549 499 2592 ergo
527 2536 674 2579 David
697 2536 842 2580 adhuc
868 2536 1138 2581 concubinas
1164 2542 1207 2581 et
1239 2552 1396 2581 uxores
1418 2539 1472 2582 de
1501 2538 1752 2582 Jerusalem
1781 2543 1900 2595 post-

42 2603 199 2653 1quam
221 2599 406 2638 Venerat
431 2595 483 2637 de
511 2588 715 2652 Hebron,
746 2596 928 2652 natique
961 2601 1064 2639 sunt
1092 2597 1237 2640 David
1269 2601 1314 2640 et
1343 2597 1421 2639 alii
1449 2597 1528 2640 filii
1563 2602 1608 2640 et
1635 2598 1767 2653 filiae;
1799 2597 1835 2624 ¹4
1857 2602 1901 2641 et

65 2654 163 2697 haec
185 2654 367 2696 nomina
393 2667 542 2697 eorum
569 2654 642 2710 qui
665 2655 759 2697 nati
792 2661 894 2698 sunt
919 2655 958 2698 e'i
991 2655 1035 2697 in
1067 2655 1317 2699 Jerusalem
1349 2673 1357 2700 :
1382 2656 1566 2712 Samua‚
1601 2661 1645 2699 et
1664 2656 1832 2712 Sobab,
1856 2662 1900 2700 et

67 2713 269 2770 Nathan„
297 2718 342 2756 et
364 2713 592 2769 Salomon,
622 2712 656 2740 1⁵
679 2719 722 2757 et
744 2715 772 2757 J
777 2714 964 2770 ebahar,
996 2719 1041 2757 61
1071 2714 1244 2772 Ε116116,
1275 2719 1320 2758 61
1350 2715 1559 2773 Nepheg,
1583 2715 1619 2742 1⁶
1644 2721 1688 2759 et
1713 2715 1897 2773 Japhia,

62 2777 112 2816 et
137 2771 355 2828 Elisama,
379 2777 424 2815 et
447 2772 625 2828 Elioda,
653 2778 696 2816 et
721 2773 992 2829 Eliphaleth.

125 2830 160 2858 ¹⁷
195 2831 449 2875 Audierunt
482 2845 587 2888 ergo
622 2832 896 2875 Philisthiim
930 2833 1045 2888 quod
1075 2833 1306 2877 unxissent
1337 2834 1483 2878 David
1513 2833 1559 2877 in
1590 2849 1743 2891 regem
1772 2848 1902 2891 super

28 2921 32 2924 -
67 2890 227 2946 Israel,
255 2895 300 2933 et
320 2890 618 2935 ascenderunt
649 2892 844 2935 universi
877 2896 925 2934 ut
958 2898 1206 2948 quaererent
1231 2892 1391 2937 David.
1419 2893 1543 2944 Quod
1573 2907 1674 2938 cum
1705 2893 1902 2937 audisset

68 2949 236 3005 David,
260 2950 492 2993 descendit
509 2949 553 2992 in
573 2950 844 3008 praesidium.
868 2949 902 2977 18
919 2951 1193 2994 Philisthiim
1215 2957 1364 2996 autem
1381 2953 1611 2996 venientes
1629 2952 1782 2996 diffusi
1799 2958 1902 2996 sunt

46 3009 113 3051 ‘in
134 3009 251 3052 valle
271 3009 506 3065 Raphaim.
531 3009 568 3036 1'9
591 3011 649 3054 Et
671 3010 891 3054 consuluit
917 3010 1066 3054 David
1096 3012 1358 3067 Dominum,
1385 3011 1537 3055 dicens
1563 3029 1572 3056 ;
1595 3012 1641 3056 81
1662 3012 1901 3056 ascendam

66 3067 124 3110 ad
149 3067 451 3112 philisthiim?
473 3074 518 3112 et
543 3069 579 3112 s‘i
598 3069 730 3113 dabis
756 3084 828 3112 eos
855 3070 900 3112 in
934 3084 1068 3113 manu
1089 3070 1221 3114 mea?
1245 3071 1304 3114 Et
1333 3070 1446 3114 dixit
1471 3071 1688 3115 Dominus
1723 3071 1780 3115 ad
1812 3072 1900 3114 Da-

67 3127 144 3170 vid
167 3143 175 3170 :
204 3127 432 3182 Ascende,
460 3129 563 3184 quia
583 3129 764 3172 tradens
787 3129 901 3172 dabo
925 3129 1198 3173 Philisthiim
1223 3130 1269 3172 in
1295 3145 1430 3178 manu
1454 3136 1543 3174 tua.
1574 3130 1611 3157 2⁰
1633 3131 1771 3174 Venit
1795 3144 1900 3186 ergo

66 3185 215 3229 David
239 3185 285 3228 in
312 3186 715 3244 Baal-Pharasim,
743 3193 787 3232 et
809 3187 1023 3245 percussit
1047 3203 1120 3232 eos
1144 3189 1231 3246 ibi,
1256 3194 1300 3234 et
1325 3189 1439 3233 dixit
1465 3207 1473 3234 :
1498 3190 1663 3233 Divisit
1685 3189 1900 3233 Dominus

65 3244 271 3288 inimicos
293 3259 414 3289 meos
441 3259 589 3290 coram
619 3260 688 3290 me
718 3247 832 3290 sicut
866 3247 1124 3291 dividuntur
1152 3262 1294 3305 aquae.
1329 3249 1568 3306 Propterea
1596 3254 1803 3293 vocatum
1833 3253 1900 3291 est

69 3317 230 3346 nomen
264 3303 349 3348 loci
385 3304 506 3348 illius
541 3306 933 3349 Baal-Pharas'im.
970 3302 1004 3332 2¹
1035 3308 1094 3351 Et
1126 3308 1402 3365 reliquerunt
1436 3307 1500 3350 ibi
1537 3307 1761 3366 sculptilia
1794 3321 1896 3363 sua3

69 3375 168 3417 quae
189 3363 294 3406 tulit
322 3363 467 3407 David
490 3369 534 3408 et
555 3365 639 3408 viri
661 3366 772 3423 ejus.

127 3419 165 3446 Ὦ
190 3423 249 3465 Et
270 3422 538 3467 addiderunt
567 3424 712 3468 adhuc
748 3425 1021 3482 Ph'ilisthiim
1054 3431 1102 3469 ut
1133 3428 1444 3484 ascenderent,
1468 3433 1512 3471 et
1542 3426 1694 3470 diffusi
1723 3431 1825 3470 sunt
1853 3425 1899 3469 in

70 3479 187 3523 valle
210 3481 443 3537 Raphaim.
467 3482 504 3509 23
530 3483 761 3527 Consuluit
782 3490 931 3527 autem
963 3485 1108 3529 David
1136 3485 1378 3530 Dominum
1411 3503 1418 3530 :
1449 3487 1494 3530 Si
1525 3485 1764 3529 ascendam
1797 3498 1899 3528 con-

71 3543 140 3579 tra
181 3539 484 3598 Philisthae0s‚
520 3547 565 3586 et
603 3543 754 3586 tradas
793 3557 864 3586 eos
903 3543 951 3586 in
991 3552 1148 3588 manus
1186 3545 1339 3589 meas?
1378 3545 1459 3595 Qui
1503 3543 1730 3601 respondit
1757 3561 1765 3587 :
1798 3544 1900 3588 Non

73 3681 103 3714 1]
123 3681 138 3708 Ι
152 3681 224 3710 Par.
239 3682 300 3718 XI,
318 3686 344 3712 1.
357 3698 393 3704 -
410 3686 457 3719 11]
472 3687 488 3714 Ι
506 3687 579 3716 Par·
592 3687 684 3724 XIV,
698 3690 723 3717 1.
738 3702 774 3708 —-
788 3689 834 3722 13]
851 3688 867 3716 1
886 3688 958 3717 Par.
974 3689 1155 3724 111,1-2.—
1170 3689 1216 3722 18]
1236 3688 1251 3716 I
1266 3687 1338 3716 Par.
1356 3688 1448 3723 XIV,
1465 3691 1490 3716 9.
1505 3702 1539 3706 -
1553 3689 1600 3721 20]
1621 3688 1662 3716 Ι6.
1679 3687 1842 3724 XXVII-1,
1854 3689 1899 3717 21.

1984 1015 2191 1049 Agnoseitur

2021 1067 2079 1087 rex
2109 1062 2150 1087 ab

2003 1111 2022 1130 u
2030 1103 2172 1132 niver-sis

2005 1147 2173 1176 tribubus.

1968 1668 2087 1694 Arcem
2129 1666 2206 1695 Sion

1987 1711 2075 1742 capit
2101 1711 2190 1744 figit-

2000 1763 2064 1788 que
2082 1755 2179 1789 regni

2005 1800 2116 1827 sedern
2138 1800 2172 1828 in

1989 1843 2188 1872 Jerusalem.

2005 2255 2172 2284 Palatium

2010 2299 2162 2327 aedificat.
2173 2327 2176 2330 ,

1967 2547 2095 2575 Uxores
2113 2548 2207 2576 ducit

2009 2591 2078 2619 filio
2084 2599 2165 2624 sque

2007 2640 2171 2668 procreat.

1979 2842 2196 2872 Philisthaeos

1982 2886 2034 2914 bis
2054 2891 2199 2919 proster-

2056 2936 2118 2959 nit.

2444 3209 2456 3223 ⁴.
2450 3186 2456 3195 ο
2444 2953 2456 3178 Ἲᾼ-Α-,ζ-ἱᾶ--ὦὲο-
2443 2930 2445 2945 ‘⁴
2443 2878 2446 2886 “
