2391 3861
95 492 316 522 Comnwnitio

131 540 280 570 paterna.

91 1593 183 1621 Reus
200 1598 331 1620 excom-

108 1634 312 1664 municatur.

124 2069 310 2100 Sententia¹

145 2113 284 2143 motiva.

97 2365 153 2394 On]
160 2370 219 2391 nes
243 2361 339 2395 pravi

126 2405 310 2437 Christiani

153 2450 291 2480 vitandi.

105 3015 174 3043 Non
187 3014 343 3042 standum

104 3065 215 3086 coram
232 3056 345 3092 judice

154 3099 301 3130 ethnico.

394 142 503 183 1264
978 137 998 178 Ι
1033 138 1140 179 Con.
1176 138 1255 191 IV,
1293 140 1345 179 13
1380 163 1438 170 ——
1475 139 1559 192 VI,
1594 141 1631 181 7.

390 313 620 365 operantes
648 307 852 350 manibus
875 306 1035 349 nost-ris
1055 323 1063 359 ς
1093 306 1415 360 maledicimur,
1439 312 1483 349 et
1507 307 1809 350 benedicimus
1830 326 1838 363 3
1867 309 2217 364 persecutionem

389 367 596 424 patimur,
624 372 667 410 et
693 366 961 408 sustinemus
982 383 990 420 3
1021 364 1055 392 ¹3
1075 365 1446 421 blasphemamur,
1475 370 1517 408 et
1543 366 1826 409 obsecramus
1848 384 1856 422 3
1885 371 2097 422 tanquam
2118 382 2218 424 pur—

389 431 601 482 gamenta
627 425 760 481 hujus
783 424 937 467 mundi
963 424 1075 467 facti
1098 438 1261 480 sumus,
1285 424 1485 466 omnium
1509 424 1757 482 peripsema
1778 439 1916 481 usque
1941 425 2099 470 adhuc.

454 486 485 512 ¹'¹
506 487 603 528 Non
636 489 684 526 ut
717 484 994 527 confundam
1024 497 1122 538 vos,
1154 484 1251 526 haec
1282 483 1454 538 scribo,
1487 483 1563 526 sed
1586 490 1634 528 ut
1659 484 1772 528 filios
1798 497 1920 527 meos
1942 483 2220 529 charissimos

392 558 561 588 moneO.
592 544 625 570 ¹5
644 545 760 586 Nam
791 543 827 586 si
859 543 1012 586 decem
1046 542 1189 585 millia
1221 543 1569 599 paedagogorum
1602 544 1806 586 habeatis
1838 545 1884 585 in
1913 543 2110 599 Christo,
2144 544 2222 586 sed

391 619 478 647 non
509 603 672 646 multos
705 607 876 659 patres3
905 617 1010 644 nam
1034 602 1081 644 in
1107 602 1280 645 Christo
1307 603 1415 645 Jesu
1445 616 1521 658 per
1551 601 1834 658 evangelium
1860 616 1942 658 ego
1971 616 2049 646 vos
2075 604 2224 658 genui.

395 664 427 689 ¹6
448 664 571 718 Rogo
598 677 701 718 ergo
723 676 822 717 vos,
849 661 1096 704 imitatores
1124 661 1210 704 mei
1237 666 1396 715 estote,
1416 661 1532 703 sicut
1557 666 1601 704 et
1623 675 1706 717 ego
1731 661 1909 705 Christi.
1936 661 1968 687 ¹⁷
1987 661 2096 705 Ideo
2123 661 2223 704 misi

391 722 447 765 ad
465 736 545 765 vos
570 722 875 776 Timotheum,
899 721 973 776 qui
996 725 1061 764 est
1086 720 1202 762 filius
1230 735 1351 763 meus
1375 720 1682 775 charissimus,
1701 726 1746 763 et
1771 720 1913 764 fidelis
1938 720 1985 763 in
2012 720 2225 780 Domino,

392 781 466 837 qui
492 795 570 824 vos
596 780 969 824 commonefaciet
991 780 1086 823 vias
1113 794 1247 831 meas,
1275 794 1374 835 quae
1398 786 1502 822 sunt
1522 779 1570 822 in
1589 780 1764 824 Christo
1781 780 1905 835 Jesu,
1925 779 2041 823 sicut
2062 779 2225 835 ubique

389 841 436 883 in
463 840 582 884 omni
614 840 802 883 ecclesia
829 839 978 883 doceo.
1010 839 1042 866 ¹8
1060 840 1292 894 Tanquam
1322 853 1409 882 non
1432 844 1645 882 venturus
1675 839 1758 882 sim
1787 839 1843 881 ad
1869 853 1967 894 vos,
1993 839 2057 882 sic
2083 838 2227 881 inflati

391 906 494 943 sunt
517 900 711 956 quidam.
738 899 772 925 ¹9
788 899 978 942 Veniam
995 904 1146 942 autem
1170 898 1227 940 ad
1246 913 1323 941 vos
1346 899 1447 953 cito,
1467 898 1503 940 si
1523 899 1741 941 Dominus
1760 899 1972 952 voluerit,
1998 906 2042 941 et
2067 911 2228 953 cogno·

392 973 511 1002 scam
534 974 623 1003 non
645 973 895 1003 sermonem
918 973 1068 1001 eorum
1095 958 1167 1013 qui
1191 957 1336 999 inflati
1361 965 1477 1013 sunt,
1505 957 1582 1000 sed
1606 957 1830 1001 virtutem.
1859 957 1896 983 '²⁰
1913 958 2014 1000 Non
2041 957 2160 1000 enim
2180 956 2226 999 in

392 1033 593 1062 sermone
619 1023 685 1062 est
709 1033 896 1074 regnum
929 1017 1024 1073 Dei,
1048 1018 1125 1060 sed
1150 1017 1197 1060 in
1220 1016 1397 1060 virtute.
1426 1015 1459 1042 '2¹
1481 1017 1594 1067 Quid
1618 1016 1790 1059 vultis?
1818 1016 1872 1059 In
1899 1016 2024 1072 virga
2051 1015 2228 1059 veniam

392 1078 448 1121 ad
475 1092 565 1134 vos,
592 1092 649 1120 an
674 1077 721 1120 in
747 1077 962 1120 charitate
985 1082 1028 1120 et
1049 1076 1206 1133 spiritu
1228 1076 1615 1119 mansuetudinis?

985 1220 1022 1275 S
1037 1220 1082 1274 E
1094 1219 1135 1274 C
1150 1220 1198 1275 U
1211 1220 1263 1276 N
1276 1219 1323 1273 D
1336 1220 1385 1274 A
1438 1219 1532 1274 ΡΑ
1546 1219 1596 1273 R
1608 1218 1644 1273 S

583 1346 835 1386 REGULAE
878 1345 1051 1385 CIRCA
1094 1345 1546 1385 CORINTHIORUM
1588 1344 1767 1383 VITAM
1810 1344 2047 1383 crwrmr

999 1470 1020 1522 ξ
1049 1468 1080 1510 Ι.
1108 1494 1167 1498 ——
1197 1466 1367 1511 Crimen
1393 1467 1636 1508 incestuosi.

459 1579 565 1622 CAP.
589 1577 644 1620 V.
671 1603 729 1610 —
754 1576 768 1602 ¹
790 1576 981 1621 Omnino
1008 1575 1186 1619 auditur
1215 1576 1330 1619 inter
1354 1589 1432 1618 vos
1466 1574 1728 1629 fornicatio,
1765 1578 1808 1616 et
1839 1573 1940 1616 talis
1973 1573 2234 1630 fornicatio,

399 1636 542 1693 qualis
568 1650 651 1679 nec
675 1636 790 1679 inter
812 1640 988 1691 gentes,
1019 1635 1084 1678 ita
1108 1639 1157 1677 ut
1181 1649 1365 1678 uxorem
1390 1633 1528 1690 patris
1553 1632 1621 1676 sui
1647 1632 1808 1688 aliquis
1835 1632 2011 1678 habeat.
2040 1631 2057 1658 ‘²
2075 1633 2133 1675 Et
2157 1647 2234 1676 vos

399 1696 543 1739 inflati
563 1695 668 1739 estis
689 1712 697 1751 3
726 1700 770 1739 et
791 1709 879 1738 non
904 1694 1047 1750 magis
1071 1694 1242 1736 luctum
1267 1693 1498 1748 habuistis,
1524 1698 1571 1735 ut
1597 1692 1778 1736 tollatur
1797 1692 1851 1735 de
1874 1691 2021 1734 medio
2039 1697 2233 1736 vestrum

401 1756 474 1812 qui
500 1756 583 1799 hoc
610 1769 719 1811 opus
744 1754 868 1797 fecit.
892 1753 909 1780 3
929 1755 1023 1809 Ego
1051 1753 1242 1809 quidem,
1265 1753 1424 1796 absens
1447 1766 1640 1808 corpore,
1666 1765 1858 1807 praesens
1884 1756 2036 1794 autem
2061 1751 2234 1808 spiritu,

400 1815 494 1872 jam
526 1814 726 1871 judicavi
753 1819 800 1856 ut
825 1828 1020 1870 praesens
1047 1827 1147 1856 eum
1182 1813 1253 1868 qui
1285 1812 1348 1855 sic
1379 1818 1584 1868 operatus
1619 1817 1704 1865 est,
1739 1811 1823 1853 4111
1849 1810 2028 1853 nomine
2055 1810 2235 1853 Domini

401 1874 540 1918 nostri
566 1875 674 1917 Jesu
697 1873 873 1928 Christi,
899 1872 1181 1928 congregatis
1204 1872 1329 1914 vobis
1356 1876 1400 1914 et
1423 1885 1519 1914 meo
1546 1870 1716 1926 spiritu,
1742 1885 1843 1913 cum
1869 1869 2033 1912 virtute
2055 1869 2236 1912 Domini

401 1933 539 1977 nostri
571 1934 598 1976 J
604 1948 700 1989 esu,
732 1933 749 1959 5
768 1933 938 1975 tradere
965 1931 1222 1988 hujusmodi
1254 1932 1430 1975 Satanae
1460 1930 1505 1972 in
1535 1929 1766 1972 interitum
1792 1928 1958 1984 carnis,
1986 1933 2035 1970 ut
2056 1927 2238 1985 spiritns

402 1993 551 2036 salvus
574 1993 631 2035 sit
651 1993 697 2035 in
724 1992 794 2035 die
821 1991 1002 2035 Domini
1028 1991 1166 2034 nostri
1189 1991 1216 2033 J
1223 2005 1297 2034 esu
1323 1990 1499 2034 Christi.

461 2053 478 2079 θ
511 2053 611 2095 Non
645 2058 712 2096 est
740 2052 856 2095 bona
896 2050 1103 2106 gloriatio
1134 2056 1294 2094 vestra.
1337 2049 1532 2093 Nescitis
1569 2049 1672 2105 quia
1706 2048 1933 2092 modicum
1966 2049 2240 2092 fermentum

402 2116 545 2156 totam
563 2127 754 2155 massam
772 2110 1046 2168 corrumpit?
1062 2110 1077 2135 ⁷
1090 2110 1350 2166 Expurgate
1365 2115 1490 2152 vetus
1506 2109 1791 2164 fermentum,
1811 2113 1859 2150 ut
1880 2108 1977 2151 sitis
1999 2122 2115 2151 nova
2137 2122 2238 2152 con-

403 2171 582 2229 spersio,
603 2172 719 2215 sicut
737 2173 842 2215 estis
859 2172 1018 2228 azymi.
1041 2170 1219 2214 Etenim
1242 2170 1416 2213 Pascha
1437 2174 1637 2216 nostrum
1656 2167 1912 2212 immolatus
1936 2172 2003 2212 est
2025 2167 2239 2211 Christus.

404 2231 420 2258 8
438 2232 598 2287 Itaque
624 2232 865 2288 epulemur,
893 2244 981 2273 non
1001 2230 1048 2273 in
1069 2230 1291 2273 fermento
1319 2229 1471 2284 veteri,
1496 2242 1637 2284 neque
1661 2227 1707 2269 in
1734 2227 1959 2271 fermento
1981 2226 2168 2269 malitiae
2197 2232 2240 2270 et

404 2291 628 2347 nequitiae,
655 2291 731 2334 sed
757 2291 802 2333 in
827 2289 996 2347 azymis
1021 2288 1290 2333 sinceritatis
1313 2293 1356 2331 et
1382 2288 1595 2332 veritatis.

464 2350 481 2377 9
499 2350 663 2407 Scripsi
690 2350 816 2393 vobis
840 2351 887 2392 in
914 2350 1102 2406 epistola
1133 2364 1143 2393 z
1173 2349 1240 2391 Ne
1269 2347 1648 2391 commisceamini
1675 2346 1958 2402 fornicariis3
1989 2346 2024 2374 ¹⁰
2041 2361 2130 2391 non
2155 2346 2240 2390 uti-

406 2424 489 2466 que
513 2409 766 2453 fornicariis
788 2410 920 2466 hujus
943 2409 1111 2464 mundi,
1135 2413 1212 2451 aut
1237 2408 1396 2463 avaris,
1419 2412 1498 2450 aut
1519 2406 1767 2463 rapacibus,
1791 2411 1868 2449 aut
1889 2405 2020 2450 idolis
2047 2405 2240 2450 servien-

407 2469 554 2525 tibus;
582 2469 780 2525 alioquin
807 2468 1056 2512 debueratis
1087 2468 1141 2511 de
1167 2468 1250 2511 hoc
1285 2467 1450 2510 mundo
1484 2467 1657 2510 exiisse.
1686 2465 1718 2492 ¹¹
1740 2467 1870 2509 Nunc
1905 2470 2056 2510 autem
2085 2464 2246 2522 scripsi

407 2528 532 2573 vobis
566 2542 654 2572 non
691 2528 995 2584 commisceri,
1039 2527 1075 2570 si
1112 2527 1149 2570 is
1183 2527 1256 2583 qui
1293 2527 1434 2570 frater
1467 2526 1721 2569 nominatur
1763 2531 1828 2568 est
1868 2525 2125 2582 fornicator,
2165 2529 2243 2567 aut

406 2602 579 2644 avarus,
607 2593 684 2630 aut
708 2587 839 2630 idolis
866 2588 1074 2643 serviens,
1103 2591 1180 2629 aut
1217 2585 1482 2641 maledicus,
1513 2590 1590 2627 aut
1620 2585 1829 2641 ebriosus,
1854 2589 1931 2627 aut
1955 2599 2108 2641 rapax,
2140 2597 2242 2627 cum

408 2647 627 2704 ejusmodi
650 2661 733 2690 nec
755 2647 903 2690 cibum
930 2661 1114 2690 sumere.
1146 2645 1178 2672 ¹2
1196 2647 1309 2697 Quid
1335 2647 1454 2688 enim
1477 2644 1586 2687 mihi
1614 2644 1668 2687 de
1688 2644 1743 2687 iis
1770 2644 1844 2699 qui
1866 2643 1977 2687 foris
1999 2648 2102 2687 sunt
2122 2643 2242 2700 judi-

408 2707 541 2751 care?
576 2707 734 2749 Nonne
768 2707 820 2749 de
853 2707 907 2749 iis
941 2706 1014 2762 qni
1045 2706 1163 2749 intus
1196 2710 1299 2748 sunt
1332 2719 1409 2748 vos
1442 2703 1689 2760 judicatis?
1718 2703 1752 2730 ¹3
1772 2704 1888 2746 Nam
1922 2717 1995 2746 eos
2029 2702 2104 2758 qui
2132 2701 2242 2745 foris

408 2770 510 2809 sunt
536 2766 657 2809 Deus
681 2766 918 2823 judicabit.
943 2766 1133 2808 Auferte
1160 2764 1327 2807 malum
1353 2778 1408 2807 ex
1433 2763 1558 2807 vobis
1585 2762 1704 2820 ipsis.

693 2886 716 2939 ξ
742 2883 803 2927 ΙΙ.
830 2909 889 2916 —
910 2883 980 2926 De
1002 2883 1127 2925 modo
1153 2882 1248 2925 lites
1269 2881 1507 2924 dirimendi
1532 2887 1572 2924 et
1592 2880 1963 2936 deformatione.

471 2992 578 3036 CAP.
611 2992 690 3035 VI.
723 3017 773 3023 —
805 2991 985 3034 ¹A11det
1017 2990 1178 3046 aliquis
1213 2995 1409 3033 vestrum
1439 2988 1607 3032 habens
1634 2987 1864 3043 negotium
1893 2987 2103 3030 adversus
2133 2984 2242 3027 alte-

411 3065 528 3107 rum,
556 3050 747 3106 judicari
777 3050 894 3107 apud
920 3050 1114 3106 iniquos,
1139 3054 1183 3093 et
1208 3063 1295 3092 non
1317 3048 1435 3105 apud
1458 3047 1669 3091 sanctos?
1695 3046 1712 3072 “2
1729 3047 1802 3089 An
1829 3045 2010 3090 nescitis
2036 3042 2242 3100 quoniam

412 3110 553 3153 sancti
588 3110 642 3153 de
671 3110 753 3153 hoc
786 3109 950 3152 mundo
984 3107 1291 3165 judicabunt?=
1323 3109 1381 3150 Et
1413 3107 1449 3150 si
1483 3107 1528 3149 in
1562 3106 1687 3149 vobis
1721 3105 1995 3163 judicabitur
2031 3101 2235 3150 mundus

413 3168 586 3226 indigni
613 3168 717 3212 estis
744 3169 817 3225 qui
848 3168 901 3212 de
928 3167 1124 3211 minimis
1149 3167 1397 3223 judicetis?
1424 3167 1442 3193 3
1460 3166 1652 3209 Nescitis
1685 3165 1893 3222 quoniam
1918 3162 2101 3219 angelos
2126 3160 2243 3217 judi-

415 3228 613 3271 cabimus
630 3227 652 3270 ἶ)
679 3233 842 3284 quanto
868 3227 1012 3283 magis
1038 3226 1289 3270 saecularia!
1323 3225 1590 3270 ¹Saeoularia
1617 3225 1753 3281 igitur
1782 3223 1951 3279 judicia
1976 3221 2013 3264 si
2035 3220 2241 3263 habueri-

415 3287 492 3343 tis,
523 3287 882 3344 contemptibiles
905 3287 977 3343 qui
1003 3291 1106 3330 sunt
1131 3286 1177 3329 in
1202 3286 1410 3341 ecclesia,
1438 3285 1538 3328 illos
1569 3283 1826 3328 constituite
1854 3281 1910 3325 ad
1936 3279 2241 3337 judicandum.

415 3346 432 3372 5
449 3346 522 3390 Ad
544 3346 861 3390 verecundiam
882 3350 1076 3389 vestram
1100 3345 1213 3389 dico.
1241 3345 1312 3389 Sic
1339 3359 1427 3389 non
1453 3350 1520 3387 est
1548 3344 1663 3386 inter
1684 3357 1761 3386 vos
1791 3340 1964 3398 sapiens
1991 3339 2239 3395 quisquam,

417 3405 491 3461 qui
524 3405 662 3463 possit
690 3405 892 3462 judicare
921 3405 1037 3449 inter
1069 3406 1257 3448 frat-rem
1283 3404 1444 3447 suum?
1471 3404 1488 3430 ⁶
1507 3402 1591 3448 Sed
1617 3402 1757 3445 frater
1785 3413 1885 3443 cum
1910 3399 2049 3442 fratre
2075 3397 2242 3454 judicio

417 3465 667 3520 contendit,
695 3470 737 3508 et
765 3465 849 3508 hoc
873 3464 992 3522 apud
1024 3463 1259 3507 infideles?
1287 3462 1302 3489 ⁷
1321 3463 1425 3507 Jam
1456 3461 1634 3518 quidem
1661 3458 1838 3503 omnino
1869 3457 2083 3501 delictum
2109 3462 2175 3500 est
2197 3456 2243 3498 in

422 3611 451 3643 1]
473 3611 550 3639 ch.
570 3613 699 3648 XVIII,
718 3616 743 3647 7,
760 3616 776 3641 8
794 3615 829 3641 et
848 3613 923 3647 XX,
945 3615 988 3640 11.
1015 3626 1051 3631 -
1076 3611 1106 3644 3]
1125 3611 1190 3639 Col.
1212 3610 1257 3645 11,
1273 3613 1300 3638 5.
1326 3623 1360 3628 —
1389 3609 1420 3642 6]
1443 3607 1510 3637 Gal.
1532 3607 1571 3641 V,
1595 3609 1621 3634 9.
1648 3622 1675 3627 -
1693 3609 1720 3641 6,
1733 3606 1761 3639 7]
1779 3605 1899 3633 Matth.
1919 3604 2011 3639 V‚39.
2031 3605 2111 3634 Luc.
2126 3605 2184 3635 VI.
2198 3608 2242 3633 21η

422 3654 517 3683 Rom.
536 3657 622 3690 XII,
641 3660 683 3685 17.
705 3658 718 3684 1
737 3657 850 3685 Thess.
871 3657 926 3691 JV,
943 3659 969 3684 6.
