<?xml version="1.0" encoding="UTF-8"?>
<!DOCTYPE html PUBLIC "-//W3C//DTD XHTML 1.0 Transitional//EN"
    "http://www.w3.org/TR/xhtml1/DTD/xhtml1-transitional.dtd">
<html xmlns="http://www.w3.org/1999/xhtml" xml:lang="en" lang="en">
 <head>
  <title>
</title>
<meta http-equiv="Content-Type" content="text/html;charset=utf-8" />
  <meta name='ocr-system' content='tesseract 3.04.00' />
  <meta name='ocr-capabilities' content='ocr_page ocr_carea ocr_par ocr_line ocrx_word'/>
</head>
<body>
  <div class='ocr_page' id='page_1' title='image "./bibliasacrajuxta00fill_0497.png"; bbox 0 0 2456 3861; ppageno 0'>
   <div class='ocr_carea' id='block_1_1' title="bbox 753 127 1979 181">
    <p class='ocr_par' dir='ltr' id='par_1_1' title="bbox 753 127 1979 181">
     <span class='ocr_line' id='line_1_1' title="bbox 753 127 1979 181; baseline 0.002 -13"><span class='ocrx_word' id='word_1_1' title='bbox 753 129 932 169; x_wconf 76' lang='lat' dir='ltr'>JUDITH</span> <span class='ocrx_word' id='word_1_2' title='bbox 968 128 1046 181; x_wconf 85' lang='lat' dir='ltr'>IV,</span> <span class='ocrx_word' id='word_1_3' title='bbox 1081 127 1107 169; x_wconf 87' lang='lat'>5</span> <span class='ocrx_word' id='word_1_4' title='bbox 1141 152 1197 159; x_wconf 94' lang='lat'>—</span> <span class='ocrx_word' id='word_1_5' title='bbox 1229 128 1282 181; x_wconf 71' lang='lat' dir='ltr'>V,</span> <span class='ocrx_word' id='word_1_6' title='bbox 1321 129 1386 170; x_wconf 83' lang='lat'>13.</span> <span class='ocrx_word' id='word_1_7' title='bbox 1898 128 1979 171; x_wconf 81' lang='grc'>481</span> 
     </span>
    </p>
   </div>
   <div class='ocr_carea' id='block_1_2' title="bbox 151 294 1985 3482">
    <p class='ocr_par' dir='ltr' id='par_1_2' title="bbox 157 294 1985 704">
     <span class='ocr_line' id='line_1_2' title="bbox 163 294 1983 363; baseline 0.001 -25"><span class='ocrx_word' id='word_1_8' title='bbox 163 296 298 339; x_wconf 71' lang='lat' dir='ltr'>muris</span> <span class='ocrx_word' id='word_1_9' title='bbox 321 295 706 339; x_wconf 77' lang='lat' dir='ltr'>circumdedelunt</span> <span class='ocrx_word' id='word_1_10' title='bbox 723 309 749 336; x_wconf 67' lang='grc' dir='ltr'>ι</span> <span class='ocrx_word' id='word_1_11' title='bbox 753 294 843 337; x_wconf 82' lang='grc'>1003</span> <span class='ocrx_word' id='word_1_12' title='bbox 862 309 981 349; x_wconf 87' lang='lat' dir='ltr'>suos,</span> <span class='ocrx_word' id='word_1_13' title='bbox 999 300 1041 338; x_wconf 87' lang='lat' dir='ltr'>et</span> <span class='ocrx_word' id='word_1_14' title='bbox 1059 301 1440 351; x_wconf 74' lang='lat' dir='ltr'>eon‹r1·ogave1·unt</span> <span class='ocrx_word' id='word_1_15' title='bbox 1457 297 1710 340; x_wconf 84' lang='lat' dir='ltr'>frumenta</span> <span class='ocrx_word' id='word_1_16' title='bbox 1700 312 1742 338; x_wconf 89' lang='grc' dir='ltr'>ιιι</span> <span class='ocrx_word' id='word_1_17' title='bbox 1766 312 1827 353; x_wconf 87' lang='lat' dir='ltr'>pr·</span> <span class='ocrx_word' id='word_1_18' title='bbox 1820 311 1983 363; x_wconf 40' lang='lat' dir='ltr'>,epara-</span> 
     </span>
     <span class='ocr_line' id='line_1_3' title="bbox 162 329 1985 411; baseline 0.001 -14"><span class='ocrx_word' id='word_1_19' title='bbox 162 355 326 398; x_wconf 86' lang='lat' dir='ltr'>tionem</span> <span class='ocrx_word' id='word_1_20' title='bbox 351 370 436 411; x_wconf 59' lang='lat' dir='ltr'>pu,³</span> <span class='ocrx_word' id='word_1_21' title='bbox 414 370 525 397; x_wconf 67' lang='lat' dir='ltr'>rnae.</span> <span class='ocrx_word' id='word_1_22' title='bbox 552 354 568 380; x_wconf 75' lang='lat'>5</span> <span class='ocrx_word' id='word_1_23' title='bbox 587 353 796 397; x_wconf 80' lang='lat' dir='ltr'>Saceldos</span> <span class='ocrx_word' id='word_1_24' title='bbox 826 353 960 396; x_wconf 80' lang='lat' dir='ltr'>etiam</span> <span class='ocrx_word' id='word_1_25' title='bbox 990 329 1209 397; x_wconf 62' lang='lat' dir='ltr'>1⁴·21iachi‘1n</span> <span class='ocrx_word' id='word_1_26' title='bbox 1234 355 1409 411; x_wconf 76' lang='lat' dir='ltr'>scripsit</span> <span class='ocrx_word' id='word_1_27' title='bbox 1433 355 1489 398; x_wconf 88' lang='lat' dir='ltr'>ad</span> <span class='ocrx_word' id='word_1_28' title='bbox 1516 356 1740 398; x_wconf 75' lang='lat' dir='ltr'>universos</span> <span class='ocrx_word' id='word_1_29' title='bbox 1763 356 1833 410; x_wconf 83' lang='lat' dir='ltr'>qui</span> <span class='ocrx_word' id='word_1_30' title='bbox 1861 362 1985 399; x_wconf 88' lang='lat' dir='ltr'>erant</span> 
     </span>
     <span class='ocr_line' id='line_1_4' title="bbox 161 412 1985 470; baseline 0.001 -15"><span class='ocrx_word' id='word_1_31' title='bbox 161 422 286 456; x_wconf 79' lang='lat' dir='ltr'>conti</span> <span class='ocrx_word' id='word_1_32' title='bbox 287 429 311 456; x_wconf 87' lang='grc' dir='ltr'>ιι</span> <span class='ocrx_word' id='word_1_33' title='bbox 341 413 575 468; x_wconf 80' lang='lat' dir='ltr'>Esdrelon,</span> <span class='ocrx_word' id='word_1_34' title='bbox 606 426 702 468; x_wconf 75' lang='lat' dir='ltr'>quae</span> <span class='ocrx_word' id='word_1_35' title='bbox 733 416 799 454; x_wconf 87' lang='lat' dir='ltr'>est</span> <span class='ocrx_word' id='word_1_36' title='bbox 820 417 971 454; x_wconf 85' lang='lat' dir='ltr'>contra</span> <span class='ocrx_word' id='word_1_37' title='bbox 997 412 1162 456; x_wconf 75' lang='lat' dir='ltr'>faciem</span> <span class='ocrx_word' id='word_1_38' title='bbox 1193 414 1337 470; x_wconf 87' lang='lat' dir='ltr'>campi</span> <span class='ocrx_word' id='word_1_39' title='bbox 1366 415 1514 469; x_wconf 82' lang='lat' dir='ltr'>magni</span> <span class='ocrx_word' id='word_1_40' title='bbox 1545 414 1673 470; x_wconf 82' lang='lat' dir='ltr'>juxta</span> <span class='ocrx_word' id='word_1_41' title='bbox 1701 414 1830 457; x_wconf 82' lang='lat' dir='ltr'>Doth</span> <span class='ocrx_word' id='word_1_42' title='bbox 1822 414 1915 470; x_wconf 86' lang='grc' dir='ltr'>ιιιι,</span> <span class='ocrx_word' id='word_1_43' title='bbox 1943 420 1985 458; x_wconf 91' lang='lat' dir='ltr'>et</span> 
     </span>
     <span class='ocr_line' id='line_1_5' title="bbox 160 470 1984 529; baseline 0 -15"><span class='ocrx_word' id='word_1_44' title='bbox 160 472 386 515; x_wconf 76' lang='lat' dir='ltr'>universos</span> <span class='ocrx_word' id='word_1_45' title='bbox 420 487 495 529; x_wconf 87' lang='lat' dir='ltr'>per</span> <span class='ocrx_word' id='word_1_46' title='bbox 528 485 634 528; x_wconf 90' lang='lat' dir='ltr'>quos</span> <span class='ocrx_word' id='word_1_47' title='bbox 664 470 748 513; x_wconf 81' lang='lat' dir='ltr'>viae</span> <span class='ocrx_word' id='word_1_48' title='bbox 782 470 993 513; x_wconf 80' lang='lat' dir='ltr'>transitus</span> <span class='ocrx_word' id='word_1_49' title='bbox 1027 486 1120 514; x_wconf 87' lang='lat' dir='ltr'>esse</span> <span class='ocrx_word' id='word_1_50' title='bbox 1157 479 1347 528; x_wconf 84' lang='lat' dir='ltr'>poterat,</span> <span class='ocrx_word' id='word_1_51' title='bbox 1378 473 1395 499; x_wconf 81' lang='lat'>⁰</span> <span class='ocrx_word' id='word_1_52' title='bbox 1417 479 1465 515; x_wconf 89' lang='lat' dir='ltr'>ut</span> <span class='ocrx_word' id='word_1_53' title='bbox 1497 473 1746 516; x_wconf 82' lang='lat' dir='ltr'>obtinerent</span> <span class='ocrx_word' id='word_1_54' title='bbox 1778 487 1984 516; x_wconf 82' lang='lat' dir='ltr'>ascensus</span> 
     </span>
     <span class='ocr_line' id='line_1_6' title="bbox 159 529 1983 587; baseline 0.001 -15"><span class='ocrx_word' id='word_1_55' title='bbox 159 531 398 583; x_wconf 83' lang='lat' dir='ltr'>montium,</span> <span class='ocrx_word' id='word_1_56' title='bbox 427 545 501 587; x_wconf 89' lang='lat' dir='ltr'>per</span> <span class='ocrx_word' id='word_1_57' title='bbox 527 544 633 586; x_wconf 89' lang='lat' dir='ltr'>quos</span> <span class='ocrx_word' id='word_1_58' title='bbox 656 529 728 572; x_wconf 91' lang='lat' dir='ltr'>via</span> <span class='ocrx_word' id='word_1_59' title='bbox 750 543 843 572; x_wconf 86' lang='grc'>0330</span> <span class='ocrx_word' id='word_1_60' title='bbox 869 535 1040 585; x_wconf 83' lang='lat' dir='ltr'>poterat</span> <span class='ocrx_word' id='word_1_61' title='bbox 1064 530 1119 572; x_wconf 88' lang='lat' dir='ltr'>ad</span> <span class='ocrx_word' id='word_1_62' title='bbox 1143 531 1412 587; x_wconf 75' lang='lat' dir='ltr'>Jerusalem,</span> <span class='ocrx_word' id='word_1_63' title='bbox 1437 537 1480 574; x_wconf 91' lang='lat' dir='ltr'>et</span> <span class='ocrx_word' id='word_1_64' title='bbox 1501 531 1594 574; x_wconf 91' lang='lat' dir='ltr'>illic</span> <span class='ocrx_word' id='word_1_65' title='bbox 1616 531 1888 575; x_wconf 77' lang='lat' dir='ltr'>custodirent</span> <span class='ocrx_word' id='word_1_66' title='bbox 1910 532 1983 574; x_wconf 89' lang='lat' dir='ltr'>ubi</span> 
     </span>
     <span class='ocr_line' id='line_1_7' title="bbox 157 587 1980 646; baseline 0.001 -16"><span class='ocrx_word' id='word_1_67' title='bbox 157 595 396 644; x_wconf 80' lang='lat' dir='ltr'>angustum</span> <span class='ocrx_word' id='word_1_68' title='bbox 422 590 504 633; x_wconf 88' lang='lat' dir='ltr'>iter</span> <span class='ocrx_word' id='word_1_69' title='bbox 526 603 619 633; x_wconf 88' lang='lat' dir='ltr'>esse</span> <span class='ocrx_word' id='word_1_70' title='bbox 644 592 814 646; x_wconf 88' lang='lat' dir='ltr'>poterat</span> <span class='ocrx_word' id='word_1_71' title='bbox 839 587 954 631; x_wconf 89' lang='lat' dir='ltr'>inter</span> <span class='ocrx_word' id='word_1_72' title='bbox 984 594 1168 632; x_wconf 86' lang='lat' dir='ltr'>montes.</span> <span class='ocrx_word' id='word_1_73' title='bbox 1196 589 1210 615; x_wconf 87' lang='lat'>7</span> <span class='ocrx_word' id='word_1_74' title='bbox 1240 591 1295 632; x_wconf 83' lang='lat' dir='ltr'>Et</span> <span class='ocrx_word' id='word_1_75' title='bbox 1320 590 1522 633; x_wconf 81' lang='lat' dir='ltr'>fecerunt</span> <span class='ocrx_word' id='word_1_76' title='bbox 1552 590 1630 633; x_wconf 88' lang='lat' dir='ltr'>filii</span> <span class='ocrx_word' id='word_1_77' title='bbox 1666 591 1802 634; x_wconf 89' lang='lat' dir='ltr'>Israel</span> <span class='ocrx_word' id='word_1_78' title='bbox 1831 605 1980 634; x_wconf 91' lang='lat' dir='ltr'>secun-</span> 
     </span>
     <span class='ocr_line' id='line_1_8' title="bbox 158 646 1500 704; baseline 0.002 -15"><span class='ocrx_word' id='word_1_79' title='bbox 158 648 262 690; x_wconf 88' lang='lat' dir='ltr'>dum</span> <span class='ocrx_word' id='word_1_80' title='bbox 286 649 400 704; x_wconf 75' lang='lat' dir='ltr'>quod</span> <span class='ocrx_word' id='word_1_81' title='bbox 429 648 717 692; x_wconf 89' lang='lat' dir='ltr'>constituerat</span> <span class='ocrx_word' id='word_1_82' title='bbox 742 647 804 690; x_wconf 91' lang='lat' dir='ltr'>eis</span> <span class='ocrx_word' id='word_1_83' title='bbox 829 646 1033 690; x_wconf 81' lang='lat' dir='ltr'>saceidos</span> <span class='ocrx_word' id='word_1_84' title='bbox 1058 648 1237 691; x_wconf 86' lang='lat' dir='ltr'>Domini</span> <span class='ocrx_word' id='word_1_85' title='bbox 1266 648 1500 691; x_wconf 85' lang='lat' dir='ltr'>Eliachim.</span> 
     </span>
    </p>

    <p class='ocr_par' dir='ltr' id='par_1_3' title="bbox 156 705 1985 1163">
     <span class='ocr_line' id='line_1_9' title="bbox 216 705 1984 773; baseline 0.001 -24"><span class='ocrx_word' id='word_1_86' title='bbox 216 708 309 749; x_wconf 72' lang='lat'><strong>⁸111:</strong></span> <span class='ocrx_word' id='word_1_87' title='bbox 339 707 551 750; x_wconf 82' lang='lat' dir='ltr'>clamavit</span> <span class='ocrx_word' id='word_1_88' title='bbox 577 706 716 750; x_wconf 87' lang='lat' dir='ltr'>omnis</span> <span class='ocrx_word' id='word_1_89' title='bbox 731 705 942 773; x_wconf 75' lang='lat' dir='ltr'>populus</span> <span class='ocrx_word' id='word_1_90' title='bbox 958 705 1014 748; x_wconf 90' lang='lat' dir='ltr'>ad</span> <span class='ocrx_word' id='word_1_91' title='bbox 1046 706 1286 749; x_wconf 91' lang='lat' dir='ltr'>Dominum</span> <span class='ocrx_word' id='word_1_92' title='bbox 1315 707 1529 750; x_wconf 84' lang='lat' dir='ltr'>instantia</span> <span class='ocrx_word' id='word_1_93' title='bbox 1555 723 1738 765; x_wconf 85' lang='lat' dir='ltr'>magna,</span> <span class='ocrx_word' id='word_1_94' title='bbox 1765 714 1808 752; x_wconf 89' lang='lat' dir='ltr'>et</span> <span class='ocrx_word' id='word_1_95' title='bbox 1841 708 1984 751; x_wconf 90' lang='lat' dir='ltr'>humi-</span> 
     </span>
     <span class='ocr_line' id='line_1_10' title="bbox 159 764 1983 822; baseline 0.002 -15"><span class='ocrx_word' id='word_1_96' title='bbox 159 765 272 808; x_wconf 72' lang='lat' dir='ltr'>liar</span> <span class='ocrx_word' id='word_1_97' title='bbox 251 774 377 809; x_wconf 83' lang='lat' dir='ltr'>erunt</span> <span class='ocrx_word' id='word_1_98' title='bbox 402 767 574 809; x_wconf 88' lang='lat' dir='ltr'>animas</span> <span class='ocrx_word' id='word_1_99' title='bbox 599 779 700 809; x_wconf 90' lang='lat' dir='ltr'>suas</span> <span class='ocrx_word' id='word_1_100' title='bbox 729 765 774 807; x_wconf 91' lang='lat' dir='ltr'>in</span> <span class='ocrx_word' id='word_1_101' title='bbox 799 764 983 821; x_wconf 79' lang='lat' dir='ltr'>jejuniis</span> <span class='ocrx_word' id='word_1_102' title='bbox 1010 770 1053 808; x_wconf 90' lang='lat' dir='ltr'>et</span> <span class='ocrx_word' id='word_1_103' title='bbox 1081 765 1354 808; x_wconf 85' lang='lat' dir='ltr'>orationibus</span> <span class='ocrx_word' id='word_1_104' title='bbox 1369 766 1486 822; x_wconf 83' lang='lat' dir='ltr'>,ipsi</span> <span class='ocrx_word' id='word_1_105' title='bbox 1514 772 1557 809; x_wconf 87' lang='lat' dir='ltr'>et</span> <span class='ocrx_word' id='word_1_106' title='bbox 1587 767 1790 810; x_wconf 89' lang='lat' dir='ltr'>mulieres</span> <span class='ocrx_word' id='word_1_107' title='bbox 1820 782 1983 811; x_wconf 88' lang='lat' dir='ltr'>eor.um</span> 
     </span>
     <span class='ocr_line' id='line_1_11' title="bbox 157 801 1984 881; baseline 0.001 -14"><span class='ocrx_word' id='word_1_108' title='bbox 157 825 173 849; x_wconf 80' lang='lat'>⁰</span> <span class='ocrx_word' id='word_1_109' title='bbox 202 826 255 867; x_wconf 81' lang='lat' dir='ltr'>Et</span> <span class='ocrx_word' id='word_1_110' title='bbox 294 826 531 869; x_wconf 76' lang='lat' dir='ltr'>induerunt</span> <span class='ocrx_word' id='word_1_111' title='bbox 567 839 613 868; x_wconf 91' lang='lat' dir='ltr'>se</span> <span class='ocrx_word' id='word_1_112' title='bbox 649 824 898 868; x_wconf 75' lang='lat' dir='ltr'>sacerdotes</span> <span class='ocrx_word' id='word_1_113' title='bbox 936 823 1115 879; x_wconf 80' lang='lat' dir='ltr'>ciliciis,</span> <span class='ocrx_word' id='word_1_114' title='bbox 1157 829 1200 867; x_wconf 88' lang='lat' dir='ltr'>et</span> <span class='ocrx_word' id='word_1_115' title='bbox 1235 801 1433 868; x_wconf 66' lang='lat' dir='ltr'>infantes</span> <span class='ocrx_word' id='word_1_116' title='bbox 1467 830 1797 881; x_wconf 61' lang='lat' dir='ltr'>prosa-avemnt</span> <span class='ocrx_word' id='word_1_117' title='bbox 1833 832 1984 869; x_wconf 82' lang='lat' dir='ltr'>contra</span> 
     </span>
     <span class='ocr_line' id='line_1_12' title="bbox 157 883 1984 941; baseline 0.002 -16"><span class='ocrx_word' id='word_1_118' title='bbox 157 884 322 927; x_wconf 79' lang='lat' dir='ltr'>faciem</span> <span class='ocrx_word' id='word_1_119' title='bbox 353 885 506 941; x_wconf 87' lang='lat' dir='ltr'>templi</span> <span class='ocrx_word' id='word_1_120' title='bbox 541 883 741 938; x_wconf 85' lang='lat' dir='ltr'>Domini,</span> <span class='ocrx_word' id='word_1_121' title='bbox 765 888 809 927; x_wconf 92' lang='lat' dir='ltr'>et</span> <span class='ocrx_word' id='word_1_122' title='bbox 832 883 973 926; x_wconf 86' lang='lat' dir='ltr'>altare</span> <span class='ocrx_word' id='word_1_123' title='bbox 1004 883 1183 926; x_wconf 89' lang='lat' dir='ltr'>Domini</span> <span class='ocrx_word' id='word_1_124' title='bbox 1213 889 1478 940; x_wconf 87' lang='lat' dir='ltr'>operuerunt</span> <span class='ocrx_word' id='word_1_125' title='bbox 1503 884 1673 938; x_wconf 81' lang='lat' dir='ltr'>cilici03</span> <span class='ocrx_word' id='word_1_126' title='bbox 1699 884 1734 911; x_wconf 90' lang='lat'>¹⁰</span> <span class='ocrx_word' id='word_1_127' title='bbox 1752 890 1795 928; x_wconf 90' lang='lat' dir='ltr'>et</span> <span class='ocrx_word' id='word_1_128' title='bbox 1821 885 1984 928; x_wconf 89' lang='lat' dir='ltr'>clama-</span> 
     </span>
     <span class='ocr_line' id='line_1_13' title="bbox 158 942 1985 1000; baseline 0.002 -17"><span class='ocrx_word' id='word_1_129' title='bbox 158 950 314 985; x_wconf 71' lang='lat' dir='ltr'>verunt</span> <span class='ocrx_word' id='word_1_130' title='bbox 342 944 398 986; x_wconf 84' lang='lat' dir='ltr'>ad</span> <span class='ocrx_word' id='word_1_131' title='bbox 432 944 693 998; x_wconf 90' lang='lat' dir='ltr'>Dominum,</span> <span class='ocrx_word' id='word_1_132' title='bbox 719 944 862 986; x_wconf 89' lang='lat' dir='ltr'>Deum</span> <span class='ocrx_word' id='word_1_133' title='bbox 887 942 1048 996; x_wconf 87' lang='lat' dir='ltr'>Israel,</span> <span class='ocrx_word' id='word_1_134' title='bbox 1078 942 1366 1000; x_wconf 89' lang='lat' dir='ltr'>unanimiter,</span> <span class='ocrx_word' id='word_1_135' title='bbox 1394 957 1448 986; x_wconf 90' lang='lat' dir='ltr'>ne</span> <span class='ocrx_word' id='word_1_136' title='bbox 1478 943 1687 987; x_wconf 89' lang='lat' dir='ltr'>darentur</span> <span class='ocrx_word' id='word_1_137' title='bbox 1711 943 1757 986; x_wconf 94' lang='lat' dir='ltr'>in</span> <span class='ocrx_word' id='word_1_138' title='bbox 1787 944 1985 1000; x_wconf 84' lang='lat' dir='ltr'>praedam</span> 
     </span>
     <span class='ocr_line' id='line_1_14' title="bbox 156 1001 1985 1058; baseline 0.002 -16"><span class='ocrx_word' id='word_1_139' title='bbox 156 1001 352 1045; x_wconf 72' lang='lat' dir='ltr'>infantes</span> <span class='ocrx_word' id='word_1_140' title='bbox 387 1017 560 1057; x_wconf 86' lang='lat' dir='ltr'>eorum,</span> <span class='ocrx_word' id='word_1_141' title='bbox 599 1008 642 1046; x_wconf 90' lang='lat' dir='ltr'>et</span> <span class='ocrx_word' id='word_1_142' title='bbox 679 1016 834 1045; x_wconf 79' lang='lat' dir='ltr'>uxores</span> <span class='ocrx_word' id='word_1_143' title='bbox 872 1016 1022 1045; x_wconf 91' lang='lat' dir='ltr'>eorum</span> <span class='ocrx_word' id='word_1_144' title='bbox 1054 1001 1101 1044; x_wconf 88' lang='lat' dir='ltr'>in</span> <span class='ocrx_word' id='word_1_145' title='bbox 1131 1001 1420 1058; x_wconf 88' lang='lat' dir='ltr'>divisionem,</span> <span class='ocrx_word' id='word_1_146' title='bbox 1455 1007 1499 1046; x_wconf 92' lang='lat' dir='ltr'>et</span> <span class='ocrx_word' id='word_1_147' title='bbox 1527 1002 1731 1046; x_wconf 90' lang='lat' dir='ltr'>civitates</span> <span class='ocrx_word' id='word_1_148' title='bbox 1762 1017 1911 1046; x_wconf 88' lang='lat' dir='ltr'>eorum</span> <span class='ocrx_word' id='word_1_149' title='bbox 1939 1003 1985 1045; x_wconf 90' lang='lat' dir='ltr'>in</span> 
     </span>
     <span class='ocr_line' id='line_1_15' title="bbox 156 1060 1984 1119; baseline 0.001 -16"><span class='ocrx_word' id='word_1_150' title='bbox 156 1062 489 1117; x_wconf 77' lang='lat' dir='ltr'>exterminium,</span> <span class='ocrx_word' id='word_1_151' title='bbox 509 1068 552 1105; x_wconf 90' lang='lat' dir='ltr'>et</span> <span class='ocrx_word' id='word_1_152' title='bbox 574 1066 727 1105; x_wconf 86' lang='lat' dir='ltr'>sancta</span> <span class='ocrx_word' id='word_1_153' title='bbox 753 1074 902 1104; x_wconf 89' lang='lat' dir='ltr'>eorum</span> <span class='ocrx_word' id='word_1_154' title='bbox 927 1060 973 1102; x_wconf 89' lang='lat' dir='ltr'>in</span> <span class='ocrx_word' id='word_1_155' title='bbox 999 1060 1310 1117; x_wconf 84' lang='lat' dir='ltr'>pollutionem,</span> <span class='ocrx_word' id='word_1_156' title='bbox 1330 1066 1373 1104; x_wconf 90' lang='lat' dir='ltr'>et</span> <span class='ocrx_word' id='word_1_157' title='bbox 1398 1061 1552 1105; x_wconf 89' lang='lat' dir='ltr'>fierent</span> <span class='ocrx_word' id='word_1_158' title='bbox 1573 1061 1857 1119; x_wconf 87' lang='lat' dir='ltr'>opprobrium</span> <span class='ocrx_word' id='word_1_159' title='bbox 1879 1076 1984 1117; x_wconf 86' lang='lat' dir='ltr'>gen-</span> 
     </span>
     <span class='ocr_line' id='line_1_16' title="bbox 157 1119 288 1163; baseline 0.008 -2"><span class='ocrx_word' id='word_1_160' title='bbox 157 1119 288 1163; x_wconf 86' lang='lat' dir='ltr'>tibus.</span> 
     </span>
    </p>

    <p class='ocr_par' dir='ltr' id='par_1_4' title="bbox 152 1179 1985 1886">
     <span class='ocr_line' id='line_1_17' title="bbox 219 1179 1983 1237; baseline 0.001 -16"><span class='ocrx_word' id='word_1_161' title='bbox 219 1179 246 1205; x_wconf 88' lang='lat'>¹¹</span> <span class='ocrx_word' id='word_1_162' title='bbox 269 1181 392 1222; x_wconf 83' lang='lat' dir='ltr'>Tunc</span> <span class='ocrx_word' id='word_1_163' title='bbox 422 1180 663 1230; x_wconf 81' lang='lat' dir='ltr'>Eliachim,</span> <span class='ocrx_word' id='word_1_164' title='bbox 691 1180 894 1224; x_wconf 77' lang='lat' dir='ltr'>sacerdos</span> <span class='ocrx_word' id='word_1_165' title='bbox 922 1179 1101 1223; x_wconf 90' lang='lat' dir='ltr'>Domini</span> <span class='ocrx_word' id='word_1_166' title='bbox 1133 1195 1343 1237; x_wconf 87' lang='lat' dir='ltr'>magnus,</span> <span class='ocrx_word' id='word_1_167' title='bbox 1377 1179 1582 1224; x_wconf 83' lang='lat' dir='ltr'>circuivit</span> <span class='ocrx_word' id='word_1_168' title='bbox 1615 1194 1790 1225; x_wconf 91' lang='lat' dir='ltr'>omnem</span> <span class='ocrx_word' id='word_1_169' title='bbox 1825 1180 1983 1237; x_wconf 86' lang='lat' dir='ltr'>Israel,</span> 
     </span>
     <span class='ocr_line' id='line_1_18' title="bbox 154 1238 1985 1296; baseline 0.002 -16"><span class='ocrx_word' id='word_1_170' title='bbox 154 1238 458 1294; x_wconf 77' lang='lat' dir='ltr'>allocut-usque</span> <span class='ocrx_word' id='word_1_171' title='bbox 481 1245 547 1284; x_wconf 86' lang='lat' dir='ltr'>est¹</span> <span class='ocrx_word' id='word_1_172' title='bbox 572 1254 665 1295; x_wconf 87' lang='lat' dir='ltr'>eos,</span> <span class='ocrx_word' id='word_1_173' title='bbox 687 1239 722 1266; x_wconf 68' lang='lat'>¹2</span> <span class='ocrx_word' id='word_1_174' title='bbox 740 1240 917 1283; x_wconf 86' lang='lat' dir='ltr'>dicens:</span> <span class='ocrx_word' id='word_1_175' title='bbox 945 1239 1109 1282; x_wconf 84' lang='lat' dir='ltr'>Scitote</span> <span class='ocrx_word' id='word_1_176' title='bbox 1132 1239 1340 1295; x_wconf 88' lang='lat' dir='ltr'>quoniam</span> <span class='ocrx_word' id='word_1_177' title='bbox 1366 1239 1574 1283; x_wconf 79' lang='lat' dir='ltr'>exaudiet</span> <span class='ocrx_word' id='word_1_178' title='bbox 1597 1239 1813 1283; x_wconf 87' lang='lat' dir='ltr'>Dominus</span> <span class='ocrx_word' id='word_1_179' title='bbox 1835 1253 1985 1296; x_wconf 90' lang='lat' dir='ltr'>preces</span> 
     </span>
     <span class='ocr_line' id='line_1_19' title="bbox 155 1298 1984 1356; baseline 0.002 -18"><span class='ocrx_word' id='word_1_180' title='bbox 155 1304 342 1353; x_wconf 70' lang='lat' dir='ltr'>vestras,</span> <span class='ocrx_word' id='word_1_181' title='bbox 362 1298 398 1340; x_wconf 91' lang='lat' dir='ltr'>si</span> <span class='ocrx_word' id='word_1_182' title='bbox 423 1304 650 1342; x_wconf 89' lang='lat' dir='ltr'>manentes</span> <span class='ocrx_word' id='word_1_183' title='bbox 677 1298 1005 1356; x_wconf 85' lang='lat' dir='ltr'>permanseritis</span> <span class='ocrx_word' id='word_1_184' title='bbox 1030 1298 1076 1340; x_wconf 92' lang='lat' dir='ltr'>in</span> <span class='ocrx_word' id='word_1_185' title='bbox 1101 1298 1286 1354; x_wconf 82' lang='lat' dir='ltr'>jejuniis</span> <span class='ocrx_word' id='word_1_186' title='bbox 1313 1304 1356 1342; x_wconf 90' lang='lat' dir='ltr'>et</span> <span class='ocrx_word' id='word_1_187' title='bbox 1382 1299 1652 1342; x_wconf 88' lang='lat' dir='ltr'>orationibus</span> <span class='ocrx_word' id='word_1_188' title='bbox 1674 1298 1720 1341; x_wconf 93' lang='lat' dir='ltr'>in</span> <span class='ocrx_word' id='word_1_189' title='bbox 1746 1304 1984 1356; x_wconf 88' lang='lat' dir='ltr'>conspectu</span> 
     </span>
     <span class='ocr_line' id='line_1_20' title="bbox 158 1356 1985 1413; baseline 0.002 -15"><span class='ocrx_word' id='word_1_190' title='bbox 158 1357 350 1400; x_wconf 87' lang='lat' dir='ltr'>Domini.</span> <span class='ocrx_word' id='word_1_191' title='bbox 375 1357 407 1383; x_wconf 78' lang='lat'>¹3</span> <span class='ocrx_word' id='word_1_192' title='bbox 424 1358 641 1400; x_wconf 88' lang='lat' dir='ltr'>Memores</span> <span class='ocrx_word' id='word_1_193' title='bbox 664 1363 803 1400; x_wconf 90' lang='lat' dir='ltr'>estote</span> <span class='ocrx_word' id='word_1_194' title='bbox 826 1356 991 1413; x_wconf 86' lang='lat' dir='ltr'>Moysi,</span> <span class='ocrx_word' id='word_1_195' title='bbox 1018 1357 1132 1399; x_wconf 81' lang='lat' dir='ltr'>servi</span> <span class='ocrx_word' id='word_1_196' title='bbox 1157 1357 1358 1413; x_wconf 89' lang='lat' dir='ltr'>Domini,</span> <span class='ocrx_word' id='word_1_197' title='bbox 1382 1358 1454 1413; x_wconf 89' lang='lat' dir='ltr'>qui</span> <span class='ocrx_word' id='word_1_198' title='bbox 1481 1357 1666 1401; x_wconf 85' lang='lat' dir='ltr'>Amalec</span> <span class='ocrx_word' id='word_1_199' title='bbox 1690 1357 1985 1401; x_wconf 89' lang='lat' dir='ltr'>confidentem</span> 
     </span>
     <span class='ocr_line' id='line_1_21' title="bbox 154 1415 1982 1473; baseline 0.001 -15"><span class='ocrx_word' id='word_1_200' title='bbox 154 1415 199 1458; x_wconf 90' lang='lat' dir='ltr'>in</span> <span class='ocrx_word' id='word_1_201' title='bbox 226 1416 388 1458; x_wconf 82' lang='lat' dir='ltr'>virtute</span> <span class='ocrx_word' id='word_1_202' title='bbox 413 1430 514 1470; x_wconf 88' lang='lat' dir='ltr'>sua,</span> <span class='ocrx_word' id='word_1_203' title='bbox 541 1421 584 1459; x_wconf 90' lang='lat' dir='ltr'>et</span> <span class='ocrx_word' id='word_1_204' title='bbox 609 1416 654 1458; x_wconf 93' lang='lat' dir='ltr'>in</span> <span class='ocrx_word' id='word_1_205' title='bbox 681 1416 879 1472; x_wconf 86' lang='lat' dir='ltr'>potentia</span> <span class='ocrx_word' id='word_1_206' title='bbox 909 1430 1008 1470; x_wconf 90' lang='lat' dir='ltr'>sua,</span> <span class='ocrx_word' id='word_1_207' title='bbox 1035 1421 1078 1458; x_wconf 89' lang='lat' dir='ltr'>et</span> <span class='ocrx_word' id='word_1_208' title='bbox 1103 1415 1149 1457; x_wconf 92' lang='lat' dir='ltr'>in</span> <span class='ocrx_word' id='word_1_209' title='bbox 1179 1416 1374 1459; x_wconf 77' lang='lat' dir='ltr'>exercitu</span> <span class='ocrx_word' id='word_1_210' title='bbox 1403 1431 1502 1472; x_wconf 88' lang='lat' dir='ltr'>suo,</span> <span class='ocrx_word' id='word_1_211' title='bbox 1529 1422 1572 1460; x_wconf 93' lang='lat' dir='ltr'>et</span> <span class='ocrx_word' id='word_1_212' title='bbox 1600 1417 1647 1459; x_wconf 90' lang='lat' dir='ltr'>in</span> <span class='ocrx_word' id='word_1_213' title='bbox 1677 1417 1843 1473; x_wconf 88' lang='lat' dir='ltr'>clypeis</span> <span class='ocrx_word' id='word_1_214' title='bbox 1872 1417 1982 1473; x_wconf 91' lang='lat' dir='ltr'>suis,</span> 
     </span>
     <span class='ocr_line' id='line_1_22' title="bbox 154 1474 1984 1532; baseline 0.002 -16"><span class='ocrx_word' id='word_1_215' title='bbox 154 1480 198 1517; x_wconf 88' lang='lat' dir='ltr'>et</span> <span class='ocrx_word' id='word_1_216' title='bbox 219 1475 264 1517; x_wconf 89' lang='grc' dir='ltr'>ιιι</span> <span class='ocrx_word' id='word_1_217' title='bbox 288 1474 486 1517; x_wconf 89' lang='lat' dir='ltr'>curribus</span> <span class='ocrx_word' id='word_1_218' title='bbox 513 1474 615 1529; x_wconf 84' lang='lat' dir='ltr'>suis,</span> <span class='ocrx_word' id='word_1_219' title='bbox 639 1480 683 1517; x_wconf 89' lang='lat' dir='ltr'>et</span> <span class='ocrx_word' id='word_1_220' title='bbox 703 1475 750 1516; x_wconf 90' lang='lat' dir='ltr'>in</span> <span class='ocrx_word' id='word_1_221' title='bbox 772 1474 994 1529; x_wconf 89' lang='lat' dir='ltr'>equitibus</span> <span class='ocrx_word' id='word_1_222' title='bbox 1019 1474 1122 1529; x_wconf 91' lang='lat' dir='ltr'>suis,</span> <span class='ocrx_word' id='word_1_223' title='bbox 1147 1489 1233 1517; x_wconf 90' lang='lat' dir='ltr'>non</span> <span class='ocrx_word' id='word_1_224' title='bbox 1259 1475 1378 1518; x_wconf 79' lang='lat' dir='ltr'>ferro</span> <span class='ocrx_word' id='word_1_225' title='bbox 1403 1475 1658 1531; x_wconf 87' lang='lat' dir='ltr'>pugnando,</span> <span class='ocrx_word' id='word_1_226' title='bbox 1680 1476 1756 1519; x_wconf 91' lang='lat' dir='ltr'>sed</span> <span class='ocrx_word' id='word_1_227' title='bbox 1782 1476 1984 1532; x_wconf 88' lang='lat' dir='ltr'>precibus</span> 
     </span>
     <span class='ocr_line' id='line_1_23' title="bbox 153 1532 1984 1590; baseline 0.002 -15"><span class='ocrx_word' id='word_1_228' title='bbox 153 1533 318 1576; x_wconf 87' lang='lat' dir='ltr'>sanctis</span> <span class='ocrx_word' id='word_1_229' title='bbox 345 1533 509 1576; x_wconf 88' lang='lat' dir='ltr'>orando</span> <span class='ocrx_word' id='word_1_230' title='bbox 535 1533 712 1588; x_wconf 85' lang='lat' dir='ltr'>dejecit.</span> <span class='ocrx_word' id='word_1_231' title='bbox 743 1532 775 1559; x_wconf 70' lang='grc'>11</span> <span class='ocrx_word' id='word_1_232' title='bbox 793 1533 865 1576; x_wconf 86' lang='lat' dir='ltr'>Sic</span> <span class='ocrx_word' id='word_1_233' title='bbox 889 1537 1016 1575; x_wconf 87' lang='lat' dir='ltr'>erunt</span> <span class='ocrx_word' id='word_1_234' title='bbox 1045 1533 1238 1576; x_wconf 79' lang='lat' dir='ltr'>universi</span> <span class='ocrx_word' id='word_1_235' title='bbox 1264 1534 1411 1577; x_wconf 89' lang='lat' dir='ltr'>hostes</span> <span class='ocrx_word' id='word_1_236' title='bbox 1434 1534 1592 1586; x_wconf 89' lang='lat' dir='ltr'>Israel,</span> <span class='ocrx_word' id='word_1_237' title='bbox 1616 1534 1652 1576; x_wconf 91' lang='lat' dir='ltr'>si</span> <span class='ocrx_word' id='word_1_238' title='bbox 1678 1549 1984 1590; x_wconf 76' lang='lat' dir='ltr'>perseverave-</span> 
     </span>
     <span class='ocr_line' id='line_1_24' title="bbox 152 1591 1984 1650; baseline 0.002 -16"><span class='ocrx_word' id='word_1_239' title='bbox 152 1592 247 1634; x_wconf 88' lang='lat' dir='ltr'>ritis</span> <span class='ocrx_word' id='word_1_240' title='bbox 283 1592 329 1634; x_wconf 92' lang='lat' dir='ltr'>in</span> <span class='ocrx_word' id='word_1_241' title='bbox 363 1592 443 1635; x_wconf 90' lang='lat' dir='ltr'>hoc</span> <span class='ocrx_word' id='word_1_242' title='bbox 478 1606 606 1648; x_wconf 88' lang='lat' dir='ltr'>opere</span> <span class='ocrx_word' id='word_1_243' title='bbox 640 1592 755 1648; x_wconf 87' lang='lat' dir='ltr'>quod</span> <span class='ocrx_word' id='word_1_244' title='bbox 789 1591 998 1648; x_wconf 82' lang='lat' dir='ltr'>coepistis.</span> <span class='ocrx_word' id='word_1_245' title='bbox 1030 1591 1066 1618; x_wconf 82' lang='lat'>¹5</span> <span class='ocrx_word' id='word_1_246' title='bbox 1084 1592 1156 1635; x_wconf 92' lang='lat' dir='ltr'>Ad</span> <span class='ocrx_word' id='word_1_247' title='bbox 1190 1593 1304 1636; x_wconf 88' lang='lat' dir='ltr'>hanc</span> <span class='ocrx_word' id='word_1_248' title='bbox 1336 1592 1474 1648; x_wconf 86' lang='lat' dir='ltr'>igitur</span> <span class='ocrx_word' id='word_1_249' title='bbox 1506 1593 1858 1637; x_wconf 84' lang='lat' dir='ltr'>exhortationem</span> <span class='ocrx_word' id='word_1_250' title='bbox 1888 1594 1984 1650; x_wconf 81' lang='lat' dir='ltr'>ejus</span> 
     </span>
     <span class='ocr_line' id='line_1_25' title="bbox 154 1651 1984 1708; baseline 0.001 -14"><span class='ocrx_word' id='word_1_251' title='bbox 154 1651 439 1707; x_wconf 83' lang='lat' dir='ltr'>deprecantes</span> <span class='ocrx_word' id='word_1_252' title='bbox 462 1651 725 1706; x_wconf 88' lang='lat' dir='ltr'>Dominum,</span> <span class='ocrx_word' id='word_1_253' title='bbox 753 1651 1074 1707; x_wconf 82' lang='lat' dir='ltr'>permanebant</span> <span class='ocrx_word' id='word_1_254' title='bbox 1094 1651 1140 1693; x_wconf 91' lang='lat' dir='ltr'>in</span> <span class='ocrx_word' id='word_1_255' title='bbox 1164 1658 1401 1708; x_wconf 90' lang='lat' dir='ltr'>conspectu</span> <span class='ocrx_word' id='word_1_256' title='bbox 1428 1652 1628 1707; x_wconf 89' lang='lat' dir='ltr'>Domini,</span> <span class='ocrx_word' id='word_1_257' title='bbox 1650 1652 1685 1679; x_wconf 74' lang='lat'>¹⁶</span> <span class='ocrx_word' id='word_1_258' title='bbox 1701 1652 1765 1695; x_wconf 88' lang='lat' dir='ltr'>ita</span> <span class='ocrx_word' id='word_1_259' title='bbox 1782 1657 1831 1695; x_wconf 91' lang='lat' dir='ltr'>ut</span> <span class='ocrx_word' id='word_1_260' title='bbox 1849 1653 1984 1696; x_wconf 87' lang='lat' dir='ltr'>etiam</span> 
     </span>
     <span class='ocr_line' id='line_1_26' title="bbox 152 1709 1985 1767; baseline 0.002 -15"><span class='ocrx_word' id='word_1_261' title='bbox 152 1710 196 1752; x_wconf 90' lang='lat' dir='ltr'>hi</span> <span class='ocrx_word' id='word_1_262' title='bbox 223 1710 295 1765; x_wconf 89' lang='lat' dir='ltr'>qui</span> <span class='ocrx_word' id='word_1_263' title='bbox 320 1709 567 1754; x_wconf 82' lang='lat' dir='ltr'>offerebant</span> <span class='ocrx_word' id='word_1_264' title='bbox 589 1710 781 1754; x_wconf 90' lang='lat' dir='ltr'>Domino</span> <span class='ocrx_word' id='word_1_265' title='bbox 807 1710 1086 1765; x_wconf 87' lang='lat' dir='ltr'>holocausta,</span> <span class='ocrx_word' id='word_1_266' title='bbox 1106 1711 1335 1767; x_wconf 75' lang='lat' dir='ltr'>praecincti</span> <span class='ocrx_word' id='word_1_267' title='bbox 1359 1711 1516 1754; x_wconf 89' lang='lat' dir='ltr'>ciliciis</span> <span class='ocrx_word' id='word_1_268' title='bbox 1540 1711 1749 1755; x_wconf 85' lang='lat' dir='ltr'>offerrent</span> <span class='ocrx_word' id='word_1_269' title='bbox 1767 1711 1985 1755; x_wconf 87' lang='lat' dir='ltr'>sacrificia</span> 
     </span>
     <span class='ocr_line' id='line_1_27' title="bbox 154 1769 1983 1826; baseline 0.002 -15"><span class='ocrx_word' id='word_1_270' title='bbox 154 1769 365 1823; x_wconf 84' lang='lat' dir='ltr'>Domino,</span> <span class='ocrx_word' id='word_1_271' title='bbox 392 1775 435 1813; x_wconf 90' lang='lat' dir='ltr'>et</span> <span class='ocrx_word' id='word_1_272' title='bbox 464 1775 557 1812; x_wconf 88' lang='lat' dir='ltr'>erat</span> <span class='ocrx_word' id='word_1_273' title='bbox 584 1770 694 1813; x_wconf 91' lang='lat' dir='ltr'>cinis</span> <span class='ocrx_word' id='word_1_274' title='bbox 720 1784 850 1826; x_wconf 88' lang='lat' dir='ltr'>super</span> <span class='ocrx_word' id='word_1_275' title='bbox 873 1769 1020 1826; x_wconf 89' lang='lat' dir='ltr'>capita</span> <span class='ocrx_word' id='word_1_276' title='bbox 1047 1784 1211 1813; x_wconf 89' lang='lat' dir='ltr'>eorum.</span> <span class='ocrx_word' id='word_1_277' title='bbox 1239 1770 1272 1796; x_wconf 84' lang='lat'>¹7</span> <span class='ocrx_word' id='word_1_278' title='bbox 1293 1772 1350 1813; x_wconf 87' lang='lat' dir='ltr'>Et</span> <span class='ocrx_word' id='word_1_279' title='bbox 1379 1784 1432 1813; x_wconf 82' lang='lat' dir='ltr'>ex</span> <span class='ocrx_word' id='word_1_280' title='bbox 1458 1775 1549 1814; x_wconf 88' lang='lat' dir='ltr'>toto</span> <span class='ocrx_word' id='word_1_281' title='bbox 1577 1771 1707 1814; x_wconf 88' lang='lat' dir='ltr'>corde</span> <span class='ocrx_word' id='word_1_282' title='bbox 1732 1785 1809 1814; x_wconf 90' lang='lat' dir='ltr'>suo</span> <span class='ocrx_word' id='word_1_283' title='bbox 1833 1785 1983 1815; x_wconf 89' lang='lat' dir='ltr'>omnes</span> 
     </span>
     <span class='ocr_line' id='line_1_28' title="bbox 152 1829 1392 1886; baseline 0.002 -15"><span class='ocrx_word' id='word_1_284' title='bbox 152 1829 338 1871; x_wconf 83' lang='lat' dir='ltr'>orabant</span> <span class='ocrx_word' id='word_1_285' title='bbox 366 1830 529 1883; x_wconf 88' lang='lat' dir='ltr'>Deum,</span> <span class='ocrx_word' id='word_1_286' title='bbox 554 1835 603 1871; x_wconf 92' lang='lat' dir='ltr'>ut</span> <span class='ocrx_word' id='word_1_287' title='bbox 624 1829 825 1872; x_wconf 83' lang='lat' dir='ltr'>visitaret</span> <span class='ocrx_word' id='word_1_288' title='bbox 851 1829 1063 1886; x_wconf 90' lang='lat' dir='ltr'>populum</span> <span class='ocrx_word' id='word_1_289' title='bbox 1089 1844 1217 1872; x_wconf 89' lang='lat' dir='ltr'>suum</span> <span class='ocrx_word' id='word_1_290' title='bbox 1238 1830 1392 1873; x_wconf 86' lang='lat' dir='ltr'>Israel.</span> 
     </span>
    </p>

    <p class='ocr_par' dir='ltr' id='par_1_5' title="bbox 151 1888 1983 2419">
     <span class='ocr_line' id='line_1_29' title="bbox 212 1888 1982 1947; baseline 0.002 -18"><span class='ocrx_word' id='word_1_291' title='bbox 212 1888 318 1930; x_wconf 74' lang='lat' dir='ltr'>CAP.</span> <span class='ocrx_word' id='word_1_292' title='bbox 339 1889 392 1930; x_wconf 81' lang='lat' dir='ltr'>V.</span> <span class='ocrx_word' id='word_1_293' title='bbox 411 1913 470 1920; x_wconf 91' lang='lat'>——-</span> <span class='ocrx_word' id='word_1_294' title='bbox 494 1888 503 1914; x_wconf 94' lang='lat'><strong>¹</strong></span> <span class='ocrx_word' id='word_1_295' title='bbox 526 1889 881 1944; x_wconf 87' lang='lat' dir='ltr'>Nuntiatumque</span> <span class='ocrx_word' id='word_1_296' title='bbox 907 1893 973 1931; x_wconf 89' lang='lat' dir='ltr'>est</span> <span class='ocrx_word' id='word_1_297' title='bbox 999 1888 1250 1945; x_wconf 75' lang='lat' dir='ltr'>Holoferni,</span> <span class='ocrx_word' id='word_1_298' title='bbox 1278 1889 1466 1946; x_wconf 90' lang='lat' dir='ltr'>principi</span> <span class='ocrx_word' id='word_1_299' title='bbox 1489 1889 1663 1933; x_wconf 78' lang='lat' dir='ltr'>militiae</span> <span class='ocrx_word' id='word_1_300' title='bbox 1685 1890 1982 1947; x_wconf 84' lang='lat' dir='ltr'>Assyriorum,</span> 
     </span>
     <span class='ocr_line' id='line_1_30' title="bbox 152 1947 1983 2004; baseline 0.001 -14"><span class='ocrx_word' id='word_1_301' title='bbox 152 1947 267 2003; x_wconf 88' lang='lat' dir='ltr'>quod</span> <span class='ocrx_word' id='word_1_302' title='bbox 293 1947 372 1990; x_wconf 92' lang='lat' dir='ltr'>filii</span> <span class='ocrx_word' id='word_1_303' title='bbox 397 1948 534 1991; x_wconf 86' lang='lat' dir='ltr'>Israel</span> <span class='ocrx_word' id='word_1_304' title='bbox 556 1952 858 2004; x_wconf 77' lang='lat' dir='ltr'>praepararent</span> <span class='ocrx_word' id='word_1_305' title='bbox 878 1962 925 1991; x_wconf 91' lang='lat' dir='ltr'>se</span> <span class='ocrx_word' id='word_1_306' title='bbox 945 1947 1002 1990; x_wconf 88' lang='lat' dir='ltr'>ad</span> <span class='ocrx_word' id='word_1_307' title='bbox 1027 1948 1342 2004; x_wconf 87' lang='lat' dir='ltr'>resistendum,</span> <span class='ocrx_word' id='word_1_308' title='bbox 1369 1963 1420 1991; x_wconf 90' lang='lat' dir='ltr'>ac</span> <span class='ocrx_word' id='word_1_309' title='bbox 1448 1949 1667 1992; x_wconf 89' lang='lat' dir='ltr'>montium</span> <span class='ocrx_word' id='word_1_310' title='bbox 1695 1949 1854 1993; x_wconf 88' lang='lat' dir='ltr'>itinera</span> <span class='ocrx_word' id='word_1_311' title='bbox 1881 1963 1983 1992; x_wconf 90' lang='lat' dir='ltr'>con-</span> 
     </span>
     <span class='ocr_line' id='line_1_31' title="bbox 153 2006 1982 2064; baseline 0.002 -16"><span class='ocrx_word' id='word_1_312' title='bbox 153 2006 414 2061; x_wconf 82' lang='lat' dir='ltr'>clusissent3</span> <span class='ocrx_word' id='word_1_313' title='bbox 453 2006 471 2032; x_wconf 65' lang='lat'><strong>2</strong></span> <span class='ocrx_word' id='word_1_314' title='bbox 495 2013 538 2050; x_wconf 91' lang='lat' dir='ltr'>et</span> <span class='ocrx_word' id='word_1_315' title='bbox 575 2008 725 2050; x_wconf 66' lang='lat' dir='ltr'>furore</span> <span class='ocrx_word' id='word_1_316' title='bbox 761 2007 900 2050; x_wconf 91' lang='lat' dir='ltr'>nimio</span> <span class='ocrx_word' id='word_1_317' title='bbox 937 2007 1101 2050; x_wconf 79' lang='lat' dir='ltr'>exarsit</span> <span class='ocrx_word' id='word_1_318' title='bbox 1136 2007 1183 2050; x_wconf 90' lang='lat' dir='ltr'>in</span> <span class='ocrx_word' id='word_1_319' title='bbox 1218 2008 1450 2051; x_wconf 74' lang='lat' dir='ltr'>iracundia</span> <span class='ocrx_word' id='word_1_320' title='bbox 1490 2022 1674 2064; x_wconf 85' lang='lat' dir='ltr'>magna,</span> <span class='ocrx_word' id='word_1_321' title='bbox 1718 2008 1982 2064; x_wconf 78' lang='lat' dir='ltr'>vocavitque</span> 
     </span>
     <span class='ocr_line' id='line_1_32' title="bbox 152 2065 1982 2123; baseline 0.002 -16"><span class='ocrx_word' id='word_1_322' title='bbox 152 2080 303 2108; x_wconf 86' lang='lat' dir='ltr'>omnes</span> <span class='ocrx_word' id='word_1_323' title='bbox 326 2065 545 2122; x_wconf 76' lang='lat' dir='ltr'>principes</span> <span class='ocrx_word' id='word_1_324' title='bbox 571 2066 704 2108; x_wconf 87' lang='lat' dir='ltr'>Moab</span> <span class='ocrx_word' id='word_1_325' title='bbox 728 2071 771 2110; x_wconf 91' lang='lat' dir='ltr'>et</span> <span class='ocrx_word' id='word_1_326' title='bbox 792 2066 924 2109; x_wconf 86' lang='lat' dir='ltr'>duces</span> <span class='ocrx_word' id='word_1_327' title='bbox 951 2066 1167 2123; x_wconf 87' lang='lat' dir='ltr'>Ammon,</span> <span class='ocrx_word' id='word_1_328' title='bbox 1194 2067 1212 2093; x_wconf 83' lang='lat'><strong>3</strong></span> <span class='ocrx_word' id='word_1_329' title='bbox 1230 2072 1273 2110; x_wconf 89' lang='lat' dir='ltr'>et</span> <span class='ocrx_word' id='word_1_330' title='bbox 1298 2067 1411 2110; x_wconf 78' lang='lat' dir='ltr'>dixit</span> <span class='ocrx_word' id='word_1_331' title='bbox 1441 2067 1501 2110; x_wconf 91' lang='lat' dir='ltr'>eis</span> <span class='ocrx_word' id='word_1_332' title='bbox 1524 2085 1532 2111; x_wconf 76' lang='grc' dir='ltr'>ε</span> <span class='ocrx_word' id='word_1_333' title='bbox 1563 2068 1710 2111; x_wconf 88' lang='lat' dir='ltr'>Dicite</span> <span class='ocrx_word' id='word_1_334' title='bbox 1744 2068 1852 2110; x_wconf 89' lang='lat' dir='ltr'>mihi</span> <span class='ocrx_word' id='word_1_335' title='bbox 1886 2068 1982 2123; x_wconf 89' lang='lat' dir='ltr'>quis</span> 
     </span>
     <span class='ocr_line' id='line_1_33' title="bbox 151 2125 1982 2183; baseline 0.001 -16"><span class='ocrx_word' id='word_1_336' title='bbox 151 2125 209 2167; x_wconf 89' lang='lat' dir='ltr'>sit</span> <span class='ocrx_word' id='word_1_337' title='bbox 234 2125 422 2181; x_wconf 88' lang='lat' dir='ltr'>populus</span> <span class='ocrx_word' id='word_1_338' title='bbox 446 2125 550 2180; x_wconf 87' lang='lat' dir='ltr'>iste,</span> <span class='ocrx_word' id='word_1_339' title='bbox 575 2125 648 2181; x_wconf 87' lang='lat' dir='ltr'>qui</span> <span class='ocrx_word' id='word_1_340' title='bbox 671 2130 882 2168; x_wconf 88' lang='lat' dir='ltr'>montana</span> <span class='ocrx_word' id='word_1_341' title='bbox 908 2125 1101 2182; x_wconf 84' lang='lat' dir='ltr'>obsidet,</span> <span class='ocrx_word' id='word_1_342' title='bbox 1123 2131 1201 2169; x_wconf 90' lang='lat' dir='ltr'>aut</span> <span class='ocrx_word' id='word_1_343' title='bbox 1223 2141 1340 2183; x_wconf 87' lang='lat' dir='ltr'>quae,</span> <span class='ocrx_word' id='word_1_344' title='bbox 1365 2132 1407 2170; x_wconf 93' lang='lat' dir='ltr'>et</span> <span class='ocrx_word' id='word_1_345' title='bbox 1433 2127 1604 2182; x_wconf 87' lang='lat' dir='ltr'>quales,</span> <span class='ocrx_word' id='word_1_346' title='bbox 1624 2133 1667 2170; x_wconf 88' lang='lat' dir='ltr'>et</span> <span class='ocrx_word' id='word_1_347' title='bbox 1692 2132 1870 2183; x_wconf 77' lang='lat' dir='ltr'>quantae</span> <span class='ocrx_word' id='word_1_348' title='bbox 1893 2127 1982 2169; x_wconf 88' lang='lat' dir='ltr'>sint</span> 
     </span>
     <span class='ocr_line' id='line_1_34' title="bbox 153 2184 1982 2241; baseline 0.002 -15"><span class='ocrx_word' id='word_1_349' title='bbox 153 2184 355 2227; x_wconf 78' lang='lat' dir='ltr'>civitates</span> <span class='ocrx_word' id='word_1_350' title='bbox 398 2199 576 2238; x_wconf 72' lang='lat' dir='ltr'>eorum,</span> <span class='ocrx_word' id='word_1_351' title='bbox 620 2199 718 2240; x_wconf 81' lang='lat' dir='ltr'>quae</span> <span class='ocrx_word' id='word_1_352' title='bbox 752 2184 888 2227; x_wconf 84' lang='lat' dir='ltr'>etiam</span> <span class='ocrx_word' id='word_1_353' title='bbox 924 2184 981 2227; x_wconf 89' lang='lat' dir='ltr'>sit</span> <span class='ocrx_word' id='word_1_354' title='bbox 1017 2185 1157 2228; x_wconf 88' lang='lat' dir='ltr'>virtus</span> <span class='ocrx_word' id='word_1_355' title='bbox 1190 2200 1364 2241; x_wconf 85' lang='lat' dir='ltr'>eorum,</span> <span class='ocrx_word' id='word_1_356' title='bbox 1402 2191 1479 2228; x_wconf 88' lang='lat' dir='ltr'>aut</span> <span class='ocrx_word' id='word_1_357' title='bbox 1515 2201 1611 2241; x_wconf 87' lang='lat' dir='ltr'>quae</span> <span class='ocrx_word' id='word_1_358' title='bbox 1647 2186 1706 2229; x_wconf 90' lang='lat' dir='ltr'>sit</span> <span class='ocrx_word' id='word_1_359' title='bbox 1743 2186 1982 2229; x_wconf 79' lang='lat' dir='ltr'>mult-itudo</span> 
     </span>
     <span class='ocr_line' id='line_1_35' title="bbox 153 2242 1982 2301; baseline 0.001 -15"><span class='ocrx_word' id='word_1_360' title='bbox 153 2257 322 2298; x_wconf 88' lang='lat' dir='ltr'>eorum,</span> <span class='ocrx_word' id='word_1_361' title='bbox 350 2244 420 2287; x_wconf 70' lang='lat' dir='ltr'>vel</span> <span class='ocrx_word' id='word_1_362' title='bbox 446 2243 541 2299; x_wconf 89' lang='lat' dir='ltr'>quis</span> <span class='ocrx_word' id='word_1_363' title='bbox 562 2258 640 2288; x_wconf 83' lang='lat' dir='ltr'>rex</span> <span class='ocrx_word' id='word_1_364' title='bbox 657 2242 831 2286; x_wconf 88' lang='lat' dir='ltr'>militiae</span> <span class='ocrx_word' id='word_1_365' title='bbox 849 2242 1048 2298; x_wconf 85' lang='lat' dir='ltr'>illorum;</span> <span class='ocrx_word' id='word_1_366' title='bbox 1073 2244 1090 2270; x_wconf 80' lang='lat'>4</span> <span class='ocrx_word' id='word_1_367' title='bbox 1108 2250 1151 2287; x_wconf 89' lang='lat' dir='ltr'>et</span> <span class='ocrx_word' id='word_1_368' title='bbox 1177 2259 1308 2300; x_wconf 89' lang='lat' dir='ltr'>quare</span> <span class='ocrx_word' id='word_1_369' title='bbox 1330 2260 1421 2301; x_wconf 85' lang='lat' dir='ltr'>prae</span> <span class='ocrx_word' id='word_1_370' title='bbox 1448 2245 1650 2288; x_wconf 90' lang='lat' dir='ltr'>omnibus</span> <span class='ocrx_word' id='word_1_371' title='bbox 1673 2245 1747 2301; x_wconf 87' lang='lat' dir='ltr'>qui</span> <span class='ocrx_word' id='word_1_372' title='bbox 1777 2245 1982 2288; x_wconf 88' lang='lat' dir='ltr'>habitant</span> 
     </span>
     <span class='ocr_line' id='line_1_36' title="bbox 152 2302 1980 2360; baseline 0.002 -16"><span class='ocrx_word' id='word_1_373' title='bbox 152 2302 197 2344; x_wconf 90' lang='lat' dir='ltr'>in</span> <span class='ocrx_word' id='word_1_374' title='bbox 217 2302 407 2358; x_wconf 86' lang='lat' dir='ltr'>Oriente,</span> <span class='ocrx_word' id='word_1_375' title='bbox 430 2303 504 2346; x_wconf 89' lang='lat' dir='ltr'>isti</span> <span class='ocrx_word' id='word_1_376' title='bbox 528 2307 887 2360; x_wconf 88' lang='lat' dir='ltr'>contempserunt</span> <span class='ocrx_word' id='word_1_377' title='bbox 909 2316 1000 2358; x_wconf 86' lang='lat' dir='ltr'>nos,</span> <span class='ocrx_word' id='word_1_378' title='bbox 1020 2308 1062 2346; x_wconf 91' lang='lat' dir='ltr'>et</span> <span class='ocrx_word' id='word_1_379' title='bbox 1083 2317 1171 2346; x_wconf 89' lang='lat' dir='ltr'>non</span> <span class='ocrx_word' id='word_1_380' title='bbox 1193 2304 1394 2347; x_wconf 76' lang='lat' dir='ltr'>exierunt</span> <span class='ocrx_word' id='word_1_381' title='bbox 1417 2304 1594 2346; x_wconf 85' lang='lat' dir='ltr'>obviam</span> <span class='ocrx_word' id='word_1_382' title='bbox 1617 2305 1756 2360; x_wconf 89' lang='lat' dir='ltr'>nobis,</span> <span class='ocrx_word' id='word_1_383' title='bbox 1776 2309 1823 2347; x_wconf 90' lang='lat' dir='ltr'>ut</span> <span class='ocrx_word' id='word_1_384' title='bbox 1844 2304 1980 2347; x_wconf 89' lang='lat' dir='ltr'>susci-</span> 
     </span>
     <span class='ocr_line' id='line_1_37' title="bbox 152 2362 693 2428; baseline 0.002 -24"><span class='ocrx_word' id='word_1_385' title='bbox 152 2368 304 2428; x_wconf 68' lang='grc' dir='ltr'>Ῑιοιοιιι</span> <span class='ocrx_word' id='word_1_386' title='bbox 326 2376 404 2404; x_wconf 93' lang='lat' dir='ltr'>nos</span> <span class='ocrx_word' id='word_1_387' title='bbox 427 2376 528 2404; x_wconf 92' lang='lat' dir='ltr'>cum</span> <span class='ocrx_word' id='word_1_388' title='bbox 553 2362 693 2419; x_wconf 82' lang='lat' dir='ltr'>pace?</span> 
     </span>
    </p>

    <p class='ocr_par' dir='ltr' id='par_1_6' title="bbox 151 2421 1980 3056">
     <span class='ocr_line' id='line_1_38' title="bbox 211 2421 1979 2479; baseline 0.001 -16"><span class='ocrx_word' id='word_1_389' title='bbox 211 2421 228 2447; x_wconf 77' lang='lat'>5</span> <span class='ocrx_word' id='word_1_390' title='bbox 256 2421 382 2463; x_wconf 86' lang='lat' dir='ltr'>Tunc</span> <span class='ocrx_word' id='word_1_391' title='bbox 420 2421 605 2471; x_wconf 82' lang='lat' dir='ltr'>Achior,</span> <span class='ocrx_word' id='word_1_392' title='bbox 641 2421 731 2464; x_wconf 81' lang='lat' dir='ltr'>dux</span> <span class='ocrx_word' id='word_1_393' title='bbox 770 2422 967 2464; x_wconf 89' lang='lat' dir='ltr'>omnium</span> <span class='ocrx_word' id='word_1_394' title='bbox 999 2421 1189 2464; x_wconf 79' lang='lat' dir='ltr'>filiolum</span> <span class='ocrx_word' id='word_1_395' title='bbox 1225 2422 1441 2478; x_wconf 89' lang='lat' dir='ltr'>Ammon,</span> <span class='ocrx_word' id='word_1_396' title='bbox 1478 2422 1767 2479; x_wconf 85' lang='lat' dir='ltr'>respondens,</span> <span class='ocrx_word' id='word_1_397' title='bbox 1801 2423 1898 2466; x_wconf 88' lang='lat' dir='ltr'>ait:</span> <span class='ocrx_word' id='word_1_398' title='bbox 1936 2423 1979 2466; x_wconf 82' lang='lat' dir='ltr'>Si</span> 
     </span>
     <span class='ocr_line' id='line_1_39' title="bbox 153 2458 1980 2547; baseline 0.001 -25"><span class='ocrx_word' id='word_1_399' title='bbox 153 2480 348 2547; x_wconf 71' lang='lat' dir='ltr'>digneris</span> <span class='ocrx_word' id='word_1_400' title='bbox 369 2480 542 2536; x_wconf 88' lang='lat' dir='ltr'>audire,</span> <span class='ocrx_word' id='word_1_401' title='bbox 568 2474 745 2524; x_wconf 76' lang='lat' dir='ltr'>dOmine</span> <span class='ocrx_word' id='word_1_402' title='bbox 768 2481 849 2536; x_wconf 92' lang='lat' dir='ltr'>mi,</span> <span class='ocrx_word' id='word_1_403' title='bbox 873 2481 1020 2523; x_wconf 88' lang='lat' dir='ltr'>dicam</span> <span class='ocrx_word' id='word_1_404' title='bbox 1042 2481 1275 2523; x_wconf 83' lang='lat' dir='ltr'>ve1itatem</span> <span class='ocrx_word' id='word_1_405' title='bbox 1296 2481 1342 2523; x_wconf 91' lang='grc' dir='ltr'>ιιι</span> <span class='ocrx_word' id='word_1_406' title='bbox 1365 2487 1603 2536; x_wconf 90' lang='lat' dir='ltr'>conspectu</span> <span class='ocrx_word' id='word_1_407' title='bbox 1624 2486 1720 2537; x_wconf 82' lang='lat' dir='ltr'>tuo,</span> <span class='ocrx_word' id='word_1_408' title='bbox 1744 2458 1797 2524; x_wconf 86' lang='lat' dir='ltr'>de</span> <span class='ocrx_word' id='word_1_409' title='bbox 1818 2481 1980 2538; x_wconf 90' lang='lat' dir='ltr'>populo</span> 
     </span>
     <span class='ocr_line' id='line_1_40' title="bbox 151 2516 1980 2595; baseline 0.001 -14"><span class='ocrx_word' id='word_1_410' title='bbox 151 2539 236 2582; x_wconf 86' lang='lat' dir='ltr'>isto</span> <span class='ocrx_word' id='word_1_411' title='bbox 269 2540 343 2595; x_wconf 89' lang='lat' dir='ltr'>qui</span> <span class='ocrx_word' id='word_1_412' title='bbox 379 2540 426 2582; x_wconf 89' lang='lat' dir='ltr'>in</span> <span class='ocrx_word' id='word_1_413' title='bbox 459 2516 681 2583; x_wconf 70' lang='lat' dir='ltr'>moiitanis</span> <span class='ocrx_word' id='word_1_414' title='bbox 715 2540 909 2593; x_wconf 89' lang='lat' dir='ltr'>habitat,</span> <span class='ocrx_word' id='word_1_415' title='bbox 944 2544 986 2582; x_wconf 92' lang='lat' dir='ltr'>et</span> <span class='ocrx_word' id='word_1_416' title='bbox 1022 2554 1110 2582; x_wconf 89' lang='lat' dir='ltr'>non</span> <span class='ocrx_word' id='word_1_417' title='bbox 1143 2539 1391 2595; x_wconf 34' lang='grc' dir='ltr'>08Ἡοᾱιοιιιι</span> <span class='ocrx_word' id='word_1_418' title='bbox 1419 2540 1602 2582; x_wconf 87' lang='lat' dir='ltr'>verbum</span> <span class='ocrx_word' id='word_1_419' title='bbox 1628 2539 1795 2582; x_wconf 80' lang='lat' dir='ltr'>falsum</span> <span class='ocrx_word' id='word_1_420' title='bbox 1824 2554 1879 2583; x_wconf 81' lang='lat' dir='ltr'>ex</span> <span class='ocrx_word' id='word_1_421' title='bbox 1909 2554 1980 2583; x_wconf 91' lang='lat' dir='ltr'>ore</span> 
     </span>
     <span class='ocr_line' id='line_1_41' title="bbox 152 2575 1978 2656; baseline 0.001 -15"><span class='ocrx_word' id='word_1_422' title='bbox 152 2613 262 2642; x_wconf 90' lang='lat' dir='ltr'>meo.</span> <span class='ocrx_word' id='word_1_423' title='bbox 286 2599 304 2625; x_wconf 73' lang='grc'><strong>6</strong></span> <span class='ocrx_word' id='word_1_424' title='bbox 322 2599 515 2655; x_wconf 89' lang='lat' dir='ltr'>Populus</span> <span class='ocrx_word' id='word_1_425' title='bbox 536 2599 621 2643; x_wconf 89' lang='lat' dir='ltr'>iste</span> <span class='ocrx_word' id='word_1_426' title='bbox 642 2614 697 2642; x_wconf 77' lang='lat' dir='ltr'>ex</span> <span class='ocrx_word' id='word_1_427' title='bbox 717 2575 926 2656; x_wconf 59' lang='lat' dir='ltr'>progeni’e</span> <span class='ocrx_word' id='word_1_428' title='bbox 948 2598 1260 2642; x_wconf 77' lang='lat' dir='ltr'>Chaldaeorum</span> <span class='ocrx_word' id='word_1_429' title='bbox 1283 2604 1361 2641; x_wconf 89' lang='lat' dir='ltr'>est.</span> <span class='ocrx_word' id='word_1_430' title='bbox 1384 2598 1399 2624; x_wconf 86' lang='lat'><em>⁷</em></span> <span class='ocrx_word' id='word_1_431' title='bbox 1424 2598 1512 2640; x_wconf 91' lang='lat' dir='ltr'>Hic</span> <span class='ocrx_word' id='word_1_432' title='bbox 1541 2598 1733 2655; x_wconf 82' lang='lat' dir='ltr'>primum</span> <span class='ocrx_word' id='word_1_433' title='bbox 1759 2599 1806 2641; x_wconf 91' lang='lat' dir='ltr'>in</span> <span class='ocrx_word' id='word_1_434' title='bbox 1836 2599 1978 2643; x_wconf 82' lang='lat' dir='ltr'>Meso—</span> 
     </span>
     <span class='ocr_line' id='line_1_42' title="bbox 152 2657 1978 2714; baseline 0.001 -14"><span class='ocrx_word' id='word_1_435' title='bbox 152 2658 349 2714; x_wconf 87' lang='lat' dir='ltr'>potamia</span> <span class='ocrx_word' id='word_1_436' title='bbox 390 2659 636 2713; x_wconf 87' lang='lat' dir='ltr'>habitavit,</span> <span class='ocrx_word' id='word_1_437' title='bbox 679 2658 886 2714; x_wconf 89' lang='lat' dir='ltr'>quoniam</span> <span class='ocrx_word' id='word_1_438' title='bbox 922 2657 1156 2700; x_wconf 88' lang='lat' dir='ltr'>noluerunt</span> <span class='ocrx_word' id='word_1_439' title='bbox 1191 2657 1314 2712; x_wconf 90' lang='lat' dir='ltr'>sequi</span> <span class='ocrx_word' id='word_1_440' title='bbox 1351 2657 1454 2701; x_wconf 89' lang='lat' dir='ltr'>deos</span> <span class='ocrx_word' id='word_1_441' title='bbox 1487 2663 1663 2713; x_wconf 91' lang='lat' dir='ltr'>patrum</span> <span class='ocrx_word' id='word_1_442' title='bbox 1699 2672 1877 2701; x_wconf 88' lang='lat' dir='ltr'>suorum</span> <span class='ocrx_word' id='word_1_443' title='bbox 1906 2659 1978 2714; x_wconf 86' lang='lat' dir='ltr'>qui</span> 
     </span>
     <span class='ocr_line' id='line_1_43' title="bbox 152 2716 1977 2773; baseline 0.001 -14"><span class='ocrx_word' id='word_1_444' title='bbox 152 2722 277 2760; x_wconf 87' lang='lat' dir='ltr'>erant</span> <span class='ocrx_word' id='word_1_445' title='bbox 309 2718 356 2760; x_wconf 92' lang='lat' dir='ltr'>in</span> <span class='ocrx_word' id='word_1_446' title='bbox 381 2723 495 2761; x_wconf 86' lang='lat' dir='ltr'>terra</span> <span class='ocrx_word' id='word_1_447' title='bbox 525 2717 847 2761; x_wconf 80' lang='lat' dir='ltr'>Chaldaeorum.</span> <span class='ocrx_word' id='word_1_448' title='bbox 878 2717 895 2743; x_wconf 81' lang='lat'>⁸</span> <span class='ocrx_word' id='word_1_449' title='bbox 918 2717 1178 2759; x_wconf 88' lang='lat' dir='ltr'>Deserentes</span> <span class='ocrx_word' id='word_1_450' title='bbox 1202 2716 1353 2772; x_wconf 89' lang='lat' dir='ltr'>itaque</span> <span class='ocrx_word' id='word_1_451' title='bbox 1378 2716 1647 2759; x_wconf 84' lang='lat' dir='ltr'>ceremonias</span> <span class='ocrx_word' id='word_1_452' title='bbox 1676 2722 1852 2773; x_wconf 86' lang='lat' dir='ltr'>patrum</span> <span class='ocrx_word' id='word_1_453' title='bbox 1881 2732 1977 2760; x_wconf 89' lang='lat' dir='ltr'>suo-</span> 
     </span>
     <span class='ocr_line' id='line_1_44' title="bbox 151 2774 1977 2833; baseline 0.001 -15"><span class='ocrx_word' id='word_1_454' title='bbox 151 2791 270 2833; x_wconf 90' lang='lat' dir='ltr'>rum,</span> <span class='ocrx_word' id='word_1_455' title='bbox 305 2791 403 2832; x_wconf 86' lang='lat' dir='ltr'>quae</span> <span class='ocrx_word' id='word_1_456' title='bbox 431 2777 477 2819; x_wconf 92' lang='lat' dir='ltr'>in</span> <span class='ocrx_word' id='word_1_457' title='bbox 511 2776 796 2819; x_wconf 88' lang='lat' dir='ltr'>multitudine</span> <span class='ocrx_word' id='word_1_458' title='bbox 826 2776 1005 2819; x_wconf 87' lang='lat' dir='ltr'>deorum</span> <span class='ocrx_word' id='word_1_459' title='bbox 1038 2780 1182 2830; x_wconf 88' lang='lat' dir='ltr'>erant,</span> <span class='ocrx_word' id='word_1_460' title='bbox 1213 2774 1230 2800; x_wconf 83' lang='lat'>9</span> <span class='ocrx_word' id='word_1_461' title='bbox 1255 2789 1392 2817; x_wconf 90' lang='lat' dir='ltr'>unum</span> <span class='ocrx_word' id='word_1_462' title='bbox 1427 2776 1568 2818; x_wconf 90' lang='lat' dir='ltr'>Deum</span> <span class='ocrx_word' id='word_1_463' title='bbox 1600 2775 1698 2819; x_wconf 83' lang='lat' dir='ltr'>oaeli</span> <span class='ocrx_word' id='word_1_464' title='bbox 1728 2776 1977 2831; x_wconf 88' lang='lat' dir='ltr'>coluerunt,</span> 
     </span>
     <span class='ocr_line' id='line_1_45' title="bbox 152 2834 1980 2893; baseline 0.001 -15"><span class='ocrx_word' id='word_1_465' title='bbox 152 2836 225 2891; x_wconf 88' lang='lat' dir='ltr'>qui</span> <span class='ocrx_word' id='word_1_466' title='bbox 259 2841 302 2879; x_wconf 92' lang='lat' dir='ltr'>et</span> <span class='ocrx_word' id='word_1_467' title='bbox 335 2836 546 2893; x_wconf 89' lang='lat' dir='ltr'>praecepit</span> <span class='ocrx_word' id='word_1_468' title='bbox 580 2836 641 2879; x_wconf 90' lang='lat' dir='ltr'>eis</span> <span class='ocrx_word' id='word_1_469' title='bbox 675 2841 722 2878; x_wconf 92' lang='lat' dir='ltr'>ut</span> <span class='ocrx_word' id='word_1_470' title='bbox 759 2835 928 2878; x_wconf 80' lang='lat' dir='ltr'>exirent</span> <span class='ocrx_word' id='word_1_471' title='bbox 956 2834 1084 2890; x_wconf 91' lang='lat' dir='ltr'>inde,</span> <span class='ocrx_word' id='word_1_472' title='bbox 1115 2839 1157 2877; x_wconf 91' lang='lat' dir='ltr'>et</span> <span class='ocrx_word' id='word_1_473' title='bbox 1190 2834 1443 2877; x_wconf 85' lang='lat' dir='ltr'>habitarent</span> <span class='ocrx_word' id='word_1_474' title='bbox 1473 2834 1520 2876; x_wconf 90' lang='lat' dir='ltr'>in</span> <span class='ocrx_word' id='word_1_475' title='bbox 1553 2834 1742 2879; x_wconf 88' lang='lat' dir='ltr'>Charan.</span> <span class='ocrx_word' id='word_1_476' title='bbox 1782 2836 1980 2891; x_wconf 85' lang='lat' dir='ltr'>Cumque</span> 
     </span>
     <span class='ocr_line' id='line_1_46' title="bbox 152 2893 1980 2952; baseline 0.001 -16"><span class='ocrx_word' id='word_1_477' title='bbox 152 2895 393 2951; x_wconf 89' lang='lat' dir='ltr'>operuisset</span> <span class='ocrx_word' id='word_1_478' title='bbox 420 2909 594 2938; x_wconf 89' lang='lat' dir='ltr'>omnem</span> <span class='ocrx_word' id='word_1_479' title='bbox 617 2900 779 2938; x_wconf 87' lang='lat' dir='ltr'>terram</span> <span class='ocrx_word' id='word_1_480' title='bbox 801 2894 965 2948; x_wconf 80' lang='lat' dir='ltr'>fames,</span> <span class='ocrx_word' id='word_1_481' title='bbox 993 2893 1314 2936; x_wconf 81' lang='lat' dir='ltr'>descenderunt</span> <span class='ocrx_word' id='word_1_482' title='bbox 1334 2893 1380 2936; x_wconf 90' lang='lat' dir='ltr'>in</span> <span class='ocrx_word' id='word_1_483' title='bbox 1406 2895 1676 2951; x_wconf 85' lang='lat' dir='ltr'>AEgyptum,</span> <span class='ocrx_word' id='word_1_484' title='bbox 1698 2893 1880 2950; x_wconf 88' lang='lat' dir='ltr'>illicque</span> <span class='ocrx_word' id='word_1_485' title='bbox 1904 2910 1980 2952; x_wconf 88' lang='lat' dir='ltr'>per</span> 
     </span>
     <span class='ocr_line' id='line_1_47' title="bbox 153 2952 1979 3010; baseline 0.002 -17"><span class='ocrx_word' id='word_1_486' title='bbox 153 2954 497 3010; x_wconf 80' lang='lat' dir='ltr'>quadringentos</span> <span class='ocrx_word' id='word_1_487' title='bbox 516 2968 654 2997; x_wconf 89' lang='lat' dir='ltr'>annos</span> <span class='ocrx_word' id='word_1_488' title='bbox 672 2954 734 2996; x_wconf 90' lang='lat' dir='ltr'>sic</span> <span class='ocrx_word' id='word_1_489' title='bbox 755 2952 1039 3009; x_wconf 88' lang='lat' dir='ltr'>multiplicati</span> <span class='ocrx_word' id='word_1_490' title='bbox 1057 2957 1180 3007; x_wconf 89' lang='lat' dir='ltr'>sunt,</span> <span class='ocrx_word' id='word_1_491' title='bbox 1199 2958 1248 2995; x_wconf 90' lang='lat' dir='ltr'>ut</span> <span class='ocrx_word' id='word_1_492' title='bbox 1266 2952 1534 2996; x_wconf 87' lang='lat' dir='ltr'>dinumerari</span> <span class='ocrx_word' id='word_1_493' title='bbox 1554 2966 1704 2995; x_wconf 87' lang='lat' dir='ltr'>eorum</span> <span class='ocrx_word' id='word_1_494' title='bbox 1726 2967 1815 2996; x_wconf 90' lang='lat' dir='ltr'>non</span> <span class='ocrx_word' id='word_1_495' title='bbox 1831 2960 1979 3010; x_wconf 89' lang='lat' dir='ltr'>posset</span> 
     </span>
     <span class='ocr_line' id='line_1_48' title="bbox 151 3013 384 3056; baseline 0.004 -1"><span class='ocrx_word' id='word_1_496' title='bbox 151 3013 384 3056; x_wconf 78' lang='lat' dir='ltr'>exercitus.</span> 
     </span>
    </p>

    <p class='ocr_par' dir='ltr' id='par_1_7' title="bbox 151 3070 1978 3482">
     <span class='ocr_line' id='line_1_49' title="bbox 214 3070 1978 3129; baseline 0 -14"><span class='ocrx_word' id='word_1_497' title='bbox 214 3070 248 3097; x_wconf 81' lang='lat'>¹⁰</span> <span class='ocrx_word' id='word_1_498' title='bbox 267 3072 465 3128; x_wconf 85' lang='lat' dir='ltr'>Cumque</span> <span class='ocrx_word' id='word_1_499' title='bbox 491 3078 696 3129; x_wconf 85' lang='lat' dir='ltr'>gravaret</span> <span class='ocrx_word' id='word_1_500' title='bbox 725 3086 797 3115; x_wconf 92' lang='grc'>003</span> <span class='ocrx_word' id='word_1_501' title='bbox 826 3086 901 3114; x_wconf 80' lang='lat' dir='ltr'>rex</span> <span class='ocrx_word' id='word_1_502' title='bbox 929 3071 1137 3128; x_wconf 84' lang='lat' dir='ltr'>AEgypti,</span> <span class='ocrx_word' id='word_1_503' title='bbox 1167 3076 1300 3126; x_wconf 91' lang='lat' dir='ltr'>atque</span> <span class='ocrx_word' id='word_1_504' title='bbox 1330 3072 1377 3114; x_wconf 93' lang='lat' dir='ltr'>in</span> <span class='ocrx_word' id='word_1_505' title='bbox 1409 3071 1776 3115; x_wconf 80' lang='lat' dir='ltr'>aedificationibus</span> <span class='ocrx_word' id='word_1_506' title='bbox 1803 3072 1978 3115; x_wconf 89' lang='lat' dir='ltr'>urbium</span> 
     </span>
     <span class='ocr_line' id='line_1_50' title="bbox 152 3129 1976 3187; baseline 0.001 -15"><span class='ocrx_word' id='word_1_507' title='bbox 152 3145 330 3173; x_wconf 87' lang='lat' dir='ltr'>suarum</span> <span class='ocrx_word' id='word_1_508' title='bbox 354 3132 402 3174; x_wconf 94' lang='lat' dir='ltr'>in</span> <span class='ocrx_word' id='word_1_509' title='bbox 428 3132 521 3174; x_wconf 90' lang='lat' dir='ltr'>luto</span> <span class='ocrx_word' id='word_1_510' title='bbox 543 3137 586 3175; x_wconf 91' lang='lat' dir='ltr'>et</span> <span class='ocrx_word' id='word_1_511' title='bbox 608 3132 744 3175; x_wconf 87' lang='lat' dir='ltr'>latere</span> <span class='ocrx_word' id='word_1_512' title='bbox 766 3131 1048 3186; x_wconf 76' lang='lat' dir='ltr'>subjugasset</span> <span class='ocrx_word' id='word_1_513' title='bbox 1071 3144 1154 3186; x_wconf 83' lang='lat' dir='ltr'>eos,</span> <span class='ocrx_word' id='word_1_514' title='bbox 1176 3129 1481 3174; x_wconf 84' lang='lat' dir='ltr'>clamaverunt</span> <span class='ocrx_word' id='word_1_515' title='bbox 1500 3131 1557 3174; x_wconf 90' lang='lat' dir='ltr'>ad</span> <span class='ocrx_word' id='word_1_516' title='bbox 1578 3131 1817 3174; x_wconf 90' lang='lat' dir='ltr'>Dominum</span> <span class='ocrx_word' id='word_1_517' title='bbox 1836 3146 1976 3187; x_wconf 86' lang='lat' dir='ltr'>suum,</span> 
     </span>
     <span class='ocr_line' id='line_1_51' title="bbox 154 3189 1977 3246; baseline 0.001 -14"><span class='ocrx_word' id='word_1_518' title='bbox 154 3196 194 3232; x_wconf 87' lang='lat' dir='ltr'>et</span> <span class='ocrx_word' id='word_1_519' title='bbox 217 3191 432 3246; x_wconf 82' lang='lat' dir='ltr'>percussit</span> <span class='ocrx_word' id='word_1_520' title='bbox 457 3196 596 3234; x_wconf 87' lang='lat' dir='ltr'>totam</span> <span class='ocrx_word' id='word_1_521' title='bbox 622 3196 784 3234; x_wconf 80' lang='lat' dir='ltr'>teiram</span> <span class='ocrx_word' id='word_1_522' title='bbox 809 3190 900 3232; x_wconf 64' lang='grc' dir='ltr'>ίΕσ</span> <span class='ocrx_word' id='word_1_523' title='bbox 873 3189 997 3246; x_wconf 79' lang='lat' dir='ltr'>gypti</span> <span class='ocrx_word' id='word_1_524' title='bbox 1021 3189 1164 3245; x_wconf 85' lang='lat' dir='ltr'>plagis</span> <span class='ocrx_word' id='word_1_525' title='bbox 1189 3189 1337 3233; x_wconf 88' lang='lat' dir='ltr'>variis.</span> <span class='ocrx_word' id='word_1_526' title='bbox 1365 3189 1397 3215; x_wconf 82' lang='lat'>¹¹</span> <span class='ocrx_word' id='word_1_527' title='bbox 1418 3191 1616 3246; x_wconf 84' lang='lat' dir='ltr'>Cumque</span> <span class='ocrx_word' id='word_1_528' title='bbox 1641 3190 1877 3245; x_wconf 82' lang='lat' dir='ltr'>ejecissent</span> <span class='ocrx_word' id='word_1_529' title='bbox 1905 3205 1977 3233; x_wconf 87' lang='grc'>003</span> 
     </span>
     <span class='ocr_line' id='line_1_52' title="bbox 151 3248 1977 3306; baseline 0.001 -16"><span class='ocrx_word' id='word_1_530' title='bbox 151 3249 357 3306; x_wconf 81' lang='lat' dir='ltr'>AEgyptii</span> <span class='ocrx_word' id='word_1_531' title='bbox 379 3264 405 3292; x_wconf 90' lang='lat' dir='ltr'>a</span> <span class='ocrx_word' id='word_1_532' title='bbox 430 3264 497 3302; x_wconf 93' lang='grc'>30,</span> <span class='ocrx_word' id='word_1_533' title='bbox 524 3255 568 3293; x_wconf 92' lang='lat' dir='ltr'>et</span> <span class='ocrx_word' id='word_1_534' title='bbox 590 3255 802 3293; x_wconf 89' lang='lat' dir='ltr'>cessasset</span> <span class='ocrx_word' id='word_1_535' title='bbox 825 3249 956 3305; x_wconf 74' lang='lat' dir='ltr'>plaga</span> <span class='ocrx_word' id='word_1_536' title='bbox 981 3248 1037 3290; x_wconf 92' lang='lat' dir='ltr'>ab</span> <span class='ocrx_word' id='word_1_537' title='bbox 1063 3248 1145 3304; x_wconf 90' lang='lat' dir='ltr'>eis,</span> <span class='ocrx_word' id='word_1_538' title='bbox 1172 3254 1216 3292; x_wconf 87' lang='lat' dir='ltr'>et</span> <span class='ocrx_word' id='word_1_539' title='bbox 1239 3248 1400 3292; x_wconf 87' lang='lat' dir='ltr'>iterum</span> <span class='ocrx_word' id='word_1_540' title='bbox 1429 3263 1501 3292; x_wconf 90' lang='grc'>003</span> <span class='ocrx_word' id='word_1_541' title='bbox 1530 3249 1696 3292; x_wconf 83' lang='lat' dir='ltr'>vellent</span> <span class='ocrx_word' id='word_1_542' title='bbox 1729 3263 1903 3306; x_wconf 73' lang='lat' dir='ltr'>capere,</span> <span class='ocrx_word' id='word_1_543' title='bbox 1935 3256 1977 3292; x_wconf 85' lang='lat' dir='ltr'>et</span> 
     </span>
     <span class='ocr_line' id='line_1_53' title="bbox 151 3283 1975 3364; baseline 0.001 -15"><span class='ocrx_word' id='word_1_544' title='bbox 151 3307 207 3349; x_wconf 89' lang='lat' dir='ltr'>ad</span> <span class='ocrx_word' id='word_1_545' title='bbox 229 3322 358 3351; x_wconf 88' lang='lat' dir='ltr'>suum</span> <span class='ocrx_word' id='word_1_546' title='bbox 387 3323 484 3352; x_wconf 72' lang='lat' dir='ltr'>seu</span> <span class='ocrx_word' id='word_1_547' title='bbox 486 3310 617 3352; x_wconf 90' lang='lat' dir='ltr'>1t1um</span> <span class='ocrx_word' id='word_1_548' title='bbox 646 3322 872 3363; x_wconf 81' lang='lat' dir='ltr'>r&#39;evocale,</span> <span class='ocrx_word' id='word_1_549' title='bbox 903 3283 1232 3363; x_wconf 71' lang='lat' dir='ltr'>¹2f11gientibus</span> <span class='ocrx_word' id='word_1_550' title='bbox 1257 3307 1325 3351; x_wconf 91' lang='lat' dir='ltr'>his</span> <span class='ocrx_word' id='word_1_551' title='bbox 1352 3309 1471 3351; x_wconf 86' lang='lat' dir='ltr'>Deus</span> <span class='ocrx_word' id='word_1_552' title='bbox 1501 3308 1600 3351; x_wconf 78' lang='lat' dir='ltr'>caeli</span> <span class='ocrx_word' id='word_1_553' title='bbox 1631 3322 1750 3350; x_wconf 81' lang='lat' dir='ltr'>male</span> <span class='ocrx_word' id='word_1_554' title='bbox 1783 3308 1975 3364; x_wconf 87' lang='lat' dir='ltr'>aperuit,</span> 
     </span>
     <span class='ocr_line' id='line_1_54' title="bbox 151 3343 1976 3424; baseline 0.001 -16"><span class='ocrx_word' id='word_1_555' title='bbox 151 3366 214 3408; x_wconf 90' lang='lat' dir='ltr'>ita</span> <span class='ocrx_word' id='word_1_556' title='bbox 241 3375 289 3409; x_wconf 89' lang='lat' dir='ltr'>ut</span> <span class='ocrx_word' id='word_1_557' title='bbox 309 3368 413 3410; x_wconf 88' lang='lat' dir='ltr'>hinc</span> <span class='ocrx_word' id='word_1_558' title='bbox 437 3368 541 3411; x_wconf 89' lang='lat' dir='ltr'>inde</span> <span class='ocrx_word' id='word_1_559' title='bbox 562 3383 688 3423; x_wconf 75' lang='lat' dir='ltr'>aquae</span> <span class='ocrx_word' id='word_1_560' title='bbox 711 3367 835 3423; x_wconf 88' lang='lat' dir='ltr'>quasi</span> <span class='ocrx_word' id='word_1_561' title='bbox 859 3381 1006 3409; x_wconf 84' lang='grc' dir='ltr'>ιιιιιι·ιι3</span> <span class='ocrx_word' id='word_1_562' title='bbox 1028 3365 1331 3423; x_wconf 87' lang='lat' dir='ltr'>solidarentur,</span> <span class='ocrx_word' id='word_1_563' title='bbox 1351 3372 1394 3410; x_wconf 91' lang='lat' dir='ltr'>et</span> <span class='ocrx_word' id='word_1_564' title='bbox 1418 3367 1492 3410; x_wconf 92' lang='lat' dir='ltr'>isti</span> <span class='ocrx_word' id='word_1_565' title='bbox 1514 3367 1625 3424; x_wconf 89' lang='lat' dir='ltr'>pede</span> <span class='ocrx_word' id='word_1_566' title='bbox 1646 3367 1762 3409; x_wconf 92' lang='lat' dir='ltr'>sicco</span> <span class='ocrx_word' id='word_1_567' title='bbox 1784 3343 1976 3410; x_wconf 80' lang='lat' dir='ltr'>fundum&#39;</span> 
     </span>
     <span class='ocr_line' id='line_1_55' title="bbox 152 3424 1974 3482; baseline 0.001 -16"><span class='ocrx_word' id='word_1_568' title='bbox 152 3426 284 3468; x_wconf 84' lang='lat' dir='ltr'>maris</span> <span class='ocrx_word' id='word_1_569' title='bbox 314 3427 662 3482; x_wconf 80' lang='lat' dir='ltr'>perambulando</span> <span class='ocrx_word' id='word_1_570' title='bbox 696 3426 946 3469; x_wconf 86' lang='lat' dir='ltr'>transirent.</span> <span class='ocrx_word' id='word_1_571' title='bbox 975 3424 1010 3450; x_wconf 85' lang='lat'>¹3</span> <span class='ocrx_word' id='word_1_572' title='bbox 1031 3425 1086 3468; x_wconf 91' lang='lat' dir='ltr'>In</span> <span class='ocrx_word' id='word_1_573' title='bbox 1115 3439 1199 3480; x_wconf 91' lang='lat' dir='ltr'>quo</span> <span class='ocrx_word' id='word_1_574' title='bbox 1232 3425 1326 3469; x_wconf 92' lang='lat' dir='ltr'>loco</span> <span class='ocrx_word' id='word_1_575' title='bbox 1361 3426 1466 3469; x_wconf 88' lang='lat' dir='ltr'>dum</span> <span class='ocrx_word' id='word_1_576' title='bbox 1494 3425 1829 3469; x_wconf 88' lang='lat' dir='ltr'>innumerabilis</span> <span class='ocrx_word' id='word_1_577' title='bbox 1856 3440 1974 3469; x_wconf 85' lang='lat' dir='ltr'>exer-</span> 
     </span>
    </p>
   </div>
   <div class='ocr_carea' id='block_1_3' title="bbox 151 3582 1974 3662">
    <p class='ocr_par' dir='ltr' id='par_1_8' title="bbox 151 3582 1974 3662">
     <span class='ocr_line' id='line_1_56' title="bbox 152 3582 1974 3619; baseline 0.001 -9"><span class='ocrx_word' id='word_1_578' title='bbox 152 3583 199 3616; x_wconf 81' lang='lat'>13]</span> <span class='ocrx_word' id='word_1_579' title='bbox 218 3584 278 3611; x_wconf 80' lang='lat' dir='ltr'>Ex.</span> <span class='ocrx_word' id='word_1_580' title='bbox 297 3584 409 3619; x_wconf 67' lang='lat' dir='ltr'>XVII,</span> <span class='ocrx_word' id='word_1_581' title='bbox 427 3586 470 3612; x_wconf 90' lang='lat'>12.</span> <span class='ocrx_word' id='word_1_582' title='bbox 488 3599 524 3603; x_wconf 96' lang='lat'><strong>—</strong></span> <span class='ocrx_word' id='word_1_583' title='bbox 542 3585 570 3618; x_wconf 85' lang='lat'>7]</span> <span class='ocrx_word' id='word_1_584' title='bbox 590 3584 668 3612; x_wconf 79' lang='lat' dir='ltr'>Gen.</span> <span class='ocrx_word' id='word_1_585' title='bbox 686 3583 748 3618; x_wconf 80' lang='lat' dir='ltr'>XI,</span> <span class='ocrx_word' id='word_1_586' title='bbox 765 3585 811 3611; x_wconf 87' lang='lat'>31.</span> <span class='ocrx_word' id='word_1_587' title='bbox 835 3596 872 3603; x_wconf 91' lang='lat'>-—-</span> <span class='ocrx_word' id='word_1_588' title='bbox 897 3582 926 3615; x_wconf 84' lang='lat'>9]</span> <span class='ocrx_word' id='word_1_589' title='bbox 945 3582 1022 3610; x_wconf 83' lang='lat' dir='ltr'>Gen.</span> <span class='ocrx_word' id='word_1_590' title='bbox 1041 3582 1121 3617; x_wconf 83' lang='lat' dir='ltr'>X11,</span> <span class='ocrx_word' id='word_1_591' title='bbox 1139 3585 1153 3610; x_wconf 87' lang='lat'>1</span> <span class='ocrx_word' id='word_1_592' title='bbox 1172 3583 1206 3610; x_wconf 80' lang='lat' dir='ltr'>et</span> <span class='ocrx_word' id='word_1_593' title='bbox 1226 3583 1345 3618; x_wconf 73' lang='lat' dir='ltr'>XLVI,</span> <span class='ocrx_word' id='word_1_594' title='bbox 1363 3585 1387 3610; x_wconf 88' lang='lat'>6.</span> <span class='ocrx_word' id='word_1_595' title='bbox 1413 3597 1449 3602; x_wconf 88' lang='lat'><strong>—</strong></span> <span class='ocrx_word' id='word_1_596' title='bbox 1475 3583 1521 3615; x_wconf 87' lang='grc' dir='ltr'>ιι]</span> <span class='ocrx_word' id='word_1_597' title='bbox 1541 3583 1600 3610; x_wconf 80' lang='lat' dir='ltr'>Ex.</span> <span class='ocrx_word' id='word_1_598' title='bbox 1619 3583 1698 3618; x_wconf 73' lang='lat' dir='ltr'>XII,</span> <span class='ocrx_word' id='word_1_599' title='bbox 1715 3586 1760 3611; x_wconf 87' lang='lat'>33.</span> <span class='ocrx_word' id='word_1_600' title='bbox 1789 3598 1824 3602; x_wconf 91' lang='lat'>—</span> <span class='ocrx_word' id='word_1_601' title='bbox 1849 3584 1895 3617; x_wconf 83' lang='lat'>12]</span> <span class='ocrx_word' id='word_1_602' title='bbox 1914 3584 1974 3612; x_wconf 80' lang='lat' dir='ltr'>Ex.</span> 
     </span>
     <span class='ocr_line' id='line_1_57' title="bbox 151 3627 304 3662; baseline 0.007 -8"><span class='ocrx_word' id='word_1_603' title='bbox 151 3627 304 3662; x_wconf 73' lang='lat' dir='ltr'>X1v‚29.</span> 
     </span>
    </p>
   </div>
   <div class='ocr_carea' id='block_1_4' title="bbox 1713 3686 1763 3727">
    <p class='ocr_par' dir='ltr' id='par_1_9' title="bbox 1713 3686 1763 3727">
     <span class='ocr_line' id='line_1_58' title="bbox 1713 3686 1763 3727; baseline 0 0"><span class='ocrx_word' id='word_1_604' title='bbox 1713 3686 1763 3727; x_wconf 87' lang='lat'>31</span> 
     </span>
    </p>
   </div>
   <div class='ocr_carea' id='block_1_5' title="bbox 2078 712 2261 873">
    <p class='ocr_par' dir='ltr' id='par_1_10' title="bbox 2078 712 2261 829">
     <span class='ocr_line' id='line_1_59' title="bbox 2095 712 2252 742; baseline -0.006 0"><span class='ocrx_word' id='word_1_605' title='bbox 2095 712 2252 742; x_wconf 82' lang='lat' dir='ltr'>Oratione</span> 
     </span>
     <span class='ocr_line' id='line_1_60' title="bbox 2078 757 2261 785; baseline 0.011 -1"><span class='ocrx_word' id='word_1_606' title='bbox 2078 758 2180 784; x_wconf 88' lang='lat' dir='ltr'>Dcum</span> <span class='ocrx_word' id='word_1_607' title='bbox 2201 757 2261 785; x_wconf 64' lang='lat' dir='ltr'>sin:</span> 
     </span>
     <span class='ocr_line' id='line_1_61' title="bbox 2081 800 2258 829; baseline -0.011 0"><span class='ocrx_word' id='word_1_608' title='bbox 2081 800 2258 829; x_wconf 59' lang='lat' dir='ltr'>conciliari:</span> 
     </span>
    </p>

    <p class='ocr_par' dir='ltr' id='par_1_11' title="bbox 2099 845 2247 873">
     <span class='ocr_line' id='line_1_62' title="bbox 2099 845 2247 873; baseline 0 -1"><span class='ocrx_word' id='word_1_609' title='bbox 2099 845 2247 873; x_wconf 69' lang='lat' dir='ltr'>student.</span> 
     </span>
    </p>
   </div>
   <div class='ocr_carea' id='block_1_6' title="bbox 2064 1896 2271 2065">
    <p class='ocr_par' dir='ltr' id='par_1_12' title="bbox 2064 1896 2271 2065">
     <span class='ocr_line' id='line_1_63' title="bbox 2075 1896 2265 1932; baseline 0 -8"><span class='ocrx_word' id='word_1_610' title='bbox 2075 1896 2265 1932; x_wconf 77' lang='lat' dir='ltr'>Holoferni,</span> 
     </span>
     <span class='ocr_line' id='line_1_64' title="bbox 2086 1939 2252 1968; baseline 0.012 -2"><span class='ocrx_word' id='word_1_611' title='bbox 2086 1939 2124 1967; x_wconf 84' lang='lat' dir='ltr'>de</span> <span class='ocrx_word' id='word_1_612' title='bbox 2151 1941 2252 1968; x_wconf 83' lang='lat' dir='ltr'>rebus</span> 
     </span>
     <span class='ocr_line' id='line_1_65' title="bbox 2073 1984 2266 2012; baseline 0.005 -1"><span class='ocrx_word' id='word_1_613' title='bbox 2073 1984 2093 2011; x_wconf 82' lang='lat' dir='ltr'><strong>J</strong></span> <span class='ocrx_word' id='word_1_614' title='bbox 2099 1984 2266 2012; x_wconf 82' lang='lat' dir='ltr'>udaeorum</span> 
     </span>
     <span class='ocr_line' id='line_1_66' title="bbox 2064 2026 2271 2065; baseline 0 -9"><span class='ocrx_word' id='word_1_615' title='bbox 2064 2026 2271 2065; x_wconf 83' lang='lat' dir='ltr'>sciscitanti,</span> 
     </span>
    </p>
   </div>
   <div class='ocr_carea' id='block_1_7' title="bbox 2064 2424 2272 2673">
    <p class='ocr_par' dir='ltr' id='par_1_13' title="bbox 2064 2424 2272 2673">
     <span class='ocr_line' id='line_1_67' title="bbox 2108 2424 2231 2452; baseline 0 0"><span class='ocrx_word' id='word_1_616' title='bbox 2108 2424 2231 2452; x_wconf 81' lang='lat' dir='ltr'>Achior</span> 
     </span>
     <span class='ocr_line' id='line_1_68' title="bbox 2064 2467 2272 2496; baseline 0 0"><span class='ocrx_word' id='word_1_617' title='bbox 2064 2467 2272 2496; x_wconf 74' lang='lat' dir='ltr'>Ammonites</span> 
     </span>
     <span class='ocr_line' id='line_1_69' title="bbox 2110 2517 2223 2540; baseline -0.009 0"><span class='ocrx_word' id='word_1_618' title='bbox 2110 2517 2223 2540; x_wconf 83' lang='lat' dir='ltr'>narrat</span> 
     </span>
     <span class='ocr_line' id='line_1_70' title="bbox 2093 2556 2240 2589; baseline 0 -5"><span class='ocrx_word' id='word_1_619' title='bbox 2093 2556 2240 2589; x_wconf 84' lang='lat' dir='ltr'>ipsorum</span> 
     </span>
     <span class='ocr_line' id='line_1_71' title="bbox 2074 2600 2256 2629; baseline -0.005 0"><span class='ocrx_word' id='word_1_620' title='bbox 2074 2600 2256 2629; x_wconf 84' lang='lat' dir='ltr'>mirandam</span> 
     </span>
     <span class='ocr_line' id='line_1_72' title="bbox 2071 2644 2259 2673; baseline 0 0"><span class='ocrx_word' id='word_1_621' title='bbox 2071 2644 2259 2673; x_wconf 81' lang='lat' dir='ltr'>historiam.</span> 
     </span>
    </p>
   </div>
  </div>
 </body>
</html>
