2456 3861
861 116 976 159 om.
1012 115 1140 169 XLI,
1176 115 1308 157 4-42.
1934 115 1989 155 41

166 285 280 328 bant
303 285 354 328 de
381 284 582 335 flumine,
602 285 735 327 foedw,
762 285 1066 339 confectaeque
1091 284 1260 338 macie,
1285 288 1328 326 et
1352 283 1646 340 pascebantur
1671 283 1715 324 in
1738 283 1833 338 ipsa
1851 283 1994 325 amnis

156 343 285 399 ripa,
313 343 356 385 in
380 343 487 385 locis
515 343 770 386 virentibus.
797 343 812 369 ⁴
839 345 1256 398 Devoravcruntque
1283 357 1377 397 eas,
1408 356 1591 397 quarum
1618 342 1728 383 mira
1754 341 1921 396 species
1951 348 1995 384 et

170 401 384 444 habitudo
419 416 647 458 corporum
678 408 787 447 erat.
828 403 1183 458 Expergcfactus
1220 402 1409 455 Pharao,
1440 401 1457 426 ⁵
1482 415 1649 442 rursum
1688 400 1916 454 dormivit,
1951 406 1995 442 et

171 461 283 503 vidit
312 461 500 503 alterum
536 461 768 506 somnium.
796 462 972 516 Septem
997 460 1132 516 spicae
1156 460 1437 516 pullulabant
1467 459 1512 502 in
1543 459 1688 501 cuhno
1712 473 1817 514 uno,
1851 459 1994 514 plenae

160 526 300 574 -atque
324 520 544 562 fornmsae.
568 520 584 545 ὓ
605 519 718 561 Aliae
740 533 911 574 quoque
935 519 1120 561 totidem
1147 519 1279 576 spicae
1305 526 1474 561 tenues·
1489 523 1780 573 etpercnssae
1815 517 1994 560 uredine

169 578 434 632 oriebantur,
451 577 465 604 ⁷
483 577 745 620 devorantes
762 592 939 620 omnem
957 577 1150 633 priorum
1170 577 1559 633 pulchritudinem.
1577 576 1808 629 Evigilans
1826 576 1996 618 Pharao

168 643 267 692 post
299 636 513 692 quietem,
536 638 553 663 ⁸
575 642 619 679 et
648 637 772 678 facto
807 650 955 689 mane,
988 650 1149 691 pavore
1175 636 1451 692 perterritus,
1479 635 1599 678 misit
1624 636 1685 678 ad
1713 649 1863 677 omnes
1894 649 1996 677 con-

159 695 358 750 jectores
388 695 598 751 Aflgypti,
623 699 889 749 cunctosque
919 694 1164 750 sapientes,
1189 699 1233 736 et
1266 694 1491 736 accersitis
1522 694 1718 736 narravit
1747 693 1993 747 somnium3

167 768 250 796 nec
273 760 367 796 erat
389 753 463 808 qui
489 754 863 808 iinterpretaretur.

228 814 245 838 ‘2’
263 813 387 855 Tunc
413 812 590 854 demum
619 811 906 854 reminiscens
939 811 1250 866 pincernarum
1276 811 1500 866 magister,
1531 811 1595 853 ait
1618 828 1625 853 :
1652 813 1872 855 Confiteor
1896 826 1996 867 pec-

158 877 317 914 ·catuin
341 885 501 914 meum.
526 870 558 897 ¹⁰
576 872 721 913 Iratus
743 885 821 913 rex
846 870 984 913 servis
1008 869 1215 925 suis,>me
1236 875 1285 912 et
1309 869 1571 925 magistrum
1597 870 1810 925 pistorum
1833 871 1997 912 retrudi

168 930 300 986 jussit
328 930 374 972 in
404 943 623 972 carcerem
658 928 869 985 principis
901 928 1115 983 militum,
1144 927 1176 954 ¹¹
1204 928 1280 971 ubi
1313 943 1401 970 una
1429 933 1558 970 nocte
1594 934 1774 983 uterque
1806 929 1997 971 vidimus

158 989 387 1032 somnium
416 1002 667 1044 praesagum
697 988 961 1031 futurorum.
989 986 1024 1013 ¹⁹²
1044 988 1152 1030 Erat
1175 987 1239 1030 ibi
1265 1001 1371 1044 puer
1396 987 1619 1040 hebraeus,
1643 987 1844 1041 ejusdem
1872 987 1997 1029 ducis

168 1048 358 1090 militum
386 1047 608 1101 famulus3
636 1046 705 1089 cui
731 1051 962 1090 narrantes
987 1046 1184 1101 somnia,
1200 1045 1504 1088 ¹3audivimus
1526 1045 1740 1100 quidquid
1761 1051 1914 1101 postea
1936 1046 1998 1088 rei

168 1106 373 1164 probavit
397 1111 609 1159 eveutus;
635 1120 718 1161 ego
747 1106 867 1148 enim
895 1105 1094 1148 redditus
1127 1119 1224 1148 sum
1252 1105 1405 1148 officio
1435 1118 1556 1158 meO,
1584 1109 1628 1147 et
1652 1104 1727 1147 ille
1761 1119 1998 1160 suspensus

157 1172 236 1209 -est
267 1165 313 1208 in
342 1179 485 1208 cruce.
513 1165 547 1191 '¹4
567 1165 772 1208 Protinus
803 1164 860 1208 ad
892 1164 1009 1220 regis
1039 1164 1274 1220 imperium
1299 1164 1508 1207 eductum
1534 1163 1592 1206 ,de
1623 1177 1795 1205 carcere
1824 1164 1998 1219 --Joseph

168 1225 476 1279 totonderunt,
499 1239 551 1267 ac
576 1229 699 1267 veste
723 1228 915 1279 mutata,
938 1223 1195 1266 obtulerunt
1217 1222 1270 1266 ei.
1295 1222 1427 1267 15Ουί
1450 1222 1524 1265 ille
1550 1221 1614 1264 ait
1635 1238 1644 1265 ε
1672 1222 1775 1265 Vidi
1803 1223 1997 1277 somnia,

165 1298 250 1328 ‚nec
271 1289 340 1327 est
359 1283 433 1339 qui
456 1283 694 1337 edisserat3
723 1297 819 1338 quae
845 1282 997 1325 audivi
1019 1287 1062 1325 te
1080 1282 1412 1339 sapientissime
1438 1281 1674 1336 conjicere.
1702 1281 1734 1307 ¹⁶
1756 1281 1999 1337 Respondit

158 1343 336 1399 ..Ioseph
360 1359 368 1385 :
394 1343 573 1398 Absque
596 1356 665 1384 me
689 1343 808 1384 Deus
826 1341 1111 1398 respondebit
1132 1356 1340 1398 prospera
1359 1339 1593 1385 Pharaoni.
1614 1339 1648 1366 ‘¹⁷
1668 1340 1878 1382 Narravit
1896 1354 1998 1396 ergo

171 1403 342 1445 Pharao
366 1401 482 1456 quod
508 1401 679 1444 viderat
703 1417 711 1444 :
742 1401 958 1443 Putabam
988 1414 1056 1443 me
1090 1405 1205 1443 stare
1232 1414 1361 1456 super
1384 1400 1528 1455 ripam
1551 1399 1767 1453 fluminis,
1796 1398 1827 1425 ¹8
1856 1404 1901 1441 et
1933 1414 1998 1442 se-

169 1467 290 1518 ptem
311 1461 446 1503 boves
461 1460 516 1503 de
533 1474 664 1502 amne
683 1459 999 1514 conscendere,
1018 1459 1225 1514 pulchras
1247 1458 1400 1514 nimis,
1424 1463 1469 1502 et
1489 1458 1634 1500 obesis
1653 1458 1876 1513 carnibus,
1901 1473 1998 1513 quae

158 1521 216 1563 vin
251 1525 381 1576 pastu
420 1519 595 1575 paludis
628 1519 796 1561 virecta
833 1518 1089 1574 carpebant.
1129 1517 1164 1544 ¹9
1199 1519 1257 1561 Et
1289 1531 1411 1573 ecce,
1450 1517 1529 1559 has
1566 1517 1862 1572 sequebantur
1894 1517 1998 1559 aliae

169 1586 338 1635 septem
372 1578 508 1620 boves
537 1577 582 1620 in
617 1583 790 1620 tantum
818 1577 1045 1620 deformes
1073 1582 1123 1620 et
1153 1576 1433 1632 macilentae,
1464 1581 1513 1618 ut
1555 1590 1781 1631 nunquam
1809 1575 1921 1618 tales
1953 1575 1999 1617 in

167 1644 285 1681 terra
310 1637 500 1693 AEgypti
521 1637 735 1691 viderim;
762 1636 799 1662 ‘2⁰
816 1636 1187 1692 quae,-devoratis
1211 1640 1261 1679 et
1289 1634 1563 1691 consumptis
1585 1634 1822 1690 prioribus,
1849 1633 1882 1660 ‘2¹
1904 1635 1999 1677 nul-

159 1698 261 1740 ]um
282 1696 535 1740 saturitatis·
551 1696 709 1739 dedere
735 1695 1001 1751 vestigium3
1029 1695 1105 1738 sed
1128 1695 1263 1738 simili
1288 1695 1430 1737 macie
1453 1699 1498 1737 et
1513 1693 1728 1749 vsqualore
1748 1693 1999 1749 torpebant.

171 1755 423 1812 Evigilans,
450 1770 597 1798 rursus
624 1769 783 1811 sopore
811 1755 1063 1811 depressus,
1090 1753 1127 1780 '22
1153 1754 1249 1797 vidi
1272 1753 1508 1797 som-nium.
1537 1753 1714 1809 Septem
1739 1752 1874 1809 spicae
1903 1753 1999 1809 pul-

169 1815 372 1857 lulabant
396 1815 443 1857 in
468 1815 614 1857 culmo
636 1829 722 1857 uno
743 1814 889 1871 plenae
906 1813 1393 1870 ‘atquepulcherrimae
1421 1812 1458 1839 23
1475 1811 1593 1855 Aliae
1626 1812 1796 1867 quoque
1830 1816 2000 1867 septem

171 1880 323 1917 tenues
345 1879 390 1917 et
414 1888 633 1930 percussae
656 1873 859 1929 uredine,
887 1873 1141 1916 oriebantur
1162 1887 1186 1916 e
1211 1872 1376 1929 stipula
1393 1890 1402 1927 3
1421 1871 1457 1898 24
1471 1886 1570 1927 quae
1593 1871 1787 1927 priorum
1809 1871 2000 1927 pulchri-

168 1933 368 1976 tudinem
391 1933 726 1976 devoraverunt.
755 1933 945 1976 Narravi
971 1931 1299 1988 conjectoribus
1332 1931 1572 1986 somnium,
1600 1935 1644 1973 et
1673 1943 1802 1972 nemo
1832 1934 1898 1972 est
1927 1930 2001 1984 qui

157 1992 394 2038 edisserat.
422 1991 458 2018 '²5
478 1992 722 2048 Respondit
751 1992 951 2049 joseph:
980 1991 1207 2036 Somnium
1238 1991 1357 2047 regis
1386 2005 1525 2033 unum
1551 1993 1619 2032 est
1647 2006 1655 2034 :
1679 2003 1777 2045 quae
1799 1989 2000 2032 facturus

157 2056 235 2094 —est
262 2053 400 2108 Deus,
428 2051 622 2094 ostendit
648 2051 882 2096 Pharaoni.
907 2050 945 2078 2⁶
964 2052 1142 2107 Septem
1170 2051 1307 2094 boves
1335 2049 1555 2107 pulchrae,
1586 2053 1631 2091 et
1663 2052 1834 2104 septem
1866 2048 2000 2104 spicae

168 2110 335 2167 plenae,
365 2116 535 2166 septem
560 2110 775 2153 ubertatis
800 2110 907 2153 anni
932 2115 1058 2165 sunt3
1087 2110 1377 2165 eamdemque
1407 2108 1498 2151 vim
1529 2107 1688 2151 somnii
1715 2107 2000 2163 comprehen-

158 2170 293 2212 dunt.
320 2168 355 2195 2⁷
377 2171 553 2226 Septem
576 2184 746 2225 quoque
769 2170 904 2213 boves
929 2174 1085 2213 tenues
1115 2175 1247 2225 atque
1272 2167 1548 2223 macilentae,
1575 2181 1673 2225 quae
1707 2166 2001 2209 ascenderunt

157 2234 267 2285 vpost
288 2243 383 2284 eas,
412 2234 456 2272 et
481 2238 652 2284 septem
674 2229 808 2284 spicae
830 2233 1006 2285 tenues,
1031 2235 1076 2272 et
1100 2234 1234 2272 vento
1256 2232 1410 2271 urente
1432 2241 1673 2284 percussae,
1694 2230 1870 2282 <septem
1893 2225 2000 2268 anni

158 2291 492 2330 vventuraesunt
512 2287 668 2343 famis,
693 2287 729 2314 ‘²8
747 2287 821 2344 qui
842 2288 925 2330 hoc
949 2288 1100 2331 ordine
1126 2287 1478 2344 complebuntur.
1502 2285 1539 2312 29
1558 2287 1675 2329 Ecce
1698 2290 1867 2341 septem
1894 2284 2000 2327 anni

167 2346 351 2390 venient
383 2346 634 2389 fertilitatis
667 2361 844 2403 magnae
877 2346 924 2389 in
961 2346 1167 2390 universa
1195 2351 1312 2389 terra
1337 2345 1552 2403 AEgypti,
1575 2344 1613 2372 3⁰
1630 2359 1736 2400 quos
1765 2348 2002 2400 sequentur

157 2412 339 2462 septem
377 2405 484 2448 anni
519 2405 598 2448 alii
635 2411 772 2448 tantae
814 2405 1083 2462 sterilitatis,
1118 2411 1166 2449 ut
1200 2405 1414 2449 oblivioni
1450 2404 1652 2447 tradatur
1689 2408 1849 2446 cuncta
1884 2408 2000 2446 retro

157 2465 468 2520 abundantia,
498 2471 812 2521 consumptura
838 2470 905 2507 est
934 2465 1054 2507 enim
1078 2465 1225 2508 fames
1255 2468 1640 2518 omnemterram,
1665 2462 1697 2489 3¹
1719 2467 1763 2505 et
1785 2461 2000 2505 ubertatis

167 2524 525 2580 magnitudinem
561 2523 789 2580 perditura
826 2529 893 2567 est
929 2523 1092 2580 inopiae
1130 2524 1405 2579 magnitudo.
1437 2522 1473 2549 3'2
1498 2522 1622 2573 ,Quod
1662 2527 1811 2564 autem
1848 2520 2001 2564 vidisti

156 2583 362 2626 secundo
404 2583 461 2626 ad
494 2583 698 2626 eamdem
738 2597 832 2626 rem
865 2583 1091 2639 pertinens
1127 2583 1368 2635 somn-ium,
1401 2580 1625 2624 firmitatis
1663 2580 1878 2623 indicium
1908 2584 1997 2635 est,

158 2656 219 2685 eo
241 2642 355 2698 quod
380 2643 458 2685 fiat
483 2656 625 2685 sermo
648 2642 750 2693 Dei,
775 2648 820 2686 et
841 2642 1037 2685 velocius
1062 2642 1312 2699 impleatur.
1335 2641 1374 2668 33
1390 2642 1650 2696 Nuncergo
1675 2638 1906 2696 provideat
1922 2653 2000 2682 rex

167 2701 311 2744 virum
343 2701 591 2758 sapientem
625 2706 670 2744 et
698 2701 984 2758 industrium,
1016 2706 1061 2745 et
1093 2701 1308 2758 praeficiat
1338 2714 1439 2744 eum
1472 2705 1598 2742 terrae
1625 2698 1815 2754 AEgypti
1837 2715 1846 2753 3
1871 2697 1999 2753 32qui

157 2760 411 2803 constituat
435 2760 696 2817 praepositos
717 2776 796 2817 per
817 2765 1000 2804 cunctas
1028 2760 1252 2816 regiones„
1277 2765 1321 2803 et
1347 2759 1548 2815 quintam
1569 2763 1743 2814 partem
1769 2757 1999 2800 fructuum

167 2834 244 2876 per
273 2825 444 2876 septem
468 2834 608 2863 annos
634 2819 905 2876 fertilitatis,
932 2820 969 2846 35
991 2820 1065 2876 qui
1092 2820 1188 2876 jam
1213 2833 1331 2862 nunc
1354 2818 1497 2861 'futuri
1530 2822 1652 2873 sunt,
1685 2820 1925 2873 congreget
1951 2815 1998 2858 in

167 2879 322 2921 horrea
337 2896 346 2933 ;
366 2884 411 2922 et
429 2893 557 2923 omne
573 2879 853 2922 'frumentum
870 2879 951 2922 sub
971 2879 1214 2922 Pharaonis
1231 2882 1452 2935 potestate
1465 2877 1698 2931 «condatur,
1714 2882 1998 2930 serveturque

168 2937 213 2979 in
236 2938 430 2982 urbibus.
457 2938 494 2965 36
512 2940 570 2982 Et
594 2944 868 2995 praeparetur
890 2939 1055 2982 'futurae
1079 2943 1250 2995 septem
1279 2951 1494 2980 annorum
1519 2935 1654 2991 fami,
1686 2949 1786 2991 quae
1823 2948 1997 2991 oppres-

156 3011 268 3039 sura
293 3004 360 3040 est
384 2998 656 3055 AEgyptum‚
679 3003 724 3041 et
745 3012 833 3041 non
860 3003 1140 3041 consumetur
1165 3002 1281 3040 terra
1303 2996 1465 3053 inopia.

227 3056 261 3082 37
282 3056 458 3100 Placuit
476 3057 710 3100 *Pharaoni
740 3056 973 3100 consilium
999 3062 1044 3101 et
1076 3055 1246 3100 cunctis
1275 3055 1493 3098 ministris
1522 3055 1650 3111 ejus,
1681 3053 1717 3081 38
1739 3053 1997 3108 locutusque

157 3121 235 3158 -est
251 3116 308 3158 ad
330 3130 404 3159 eos
428 3132 436 3159 :
465 3117 583 3160 Num
609 3116 807 3159 invenire
830 3116 1071 3174 poterimus
1097 3116 1234 3159 talem
1259 3115 1424 3170 virum,
1447 3114 1522 3170 qui
1552 3113 1709 3171 spiritu
1734 3112 1817 3155 Dei
1843 3112 1998 3170 plenus

159 3175 258 3219 sit‘?
285 3175 321 3201 39
341 3175 466 3218 Dixit
492 3190 597 3232 ergo
619 3175 677 3218 ad
701 3175 870 3232 Joseph
894 3191 902 3218 :
927 3175 1038 3226 Quia
1063 3174 1257 3218 ostendit
1281 3173 1509 3217 tibi'Deus
1533 3172 1682 3216 omnia
1703 3186 1801 3228 quae
1826 3171 1998 3214 locutus

158 3248 234 3290 -eS,
261 3235 476 3291 numquid
502 3234 816 3291 sapientiorem
841 3239 886 3278 et
915 3235 1191 3278 consimilem
1217 3233 1282 3276 tui
1315 3232 1513 3276 invenire
1537 3231 1733 3289 potero?
1764 3230 1801 3256 4⁰
1817 3230 1884 3273 Tu
1913 3228 1997 3272 eris

158 3307 298 3350 super
324 3294 504 3337 domum
533 3309 699 3349 meam,
725 3299 771 3337 et
799 3293 855 3336 ad
881 3293 946 3337 tui
971 3294 1056 3337 oris
1087 3292 1321 3350 imperium
1354 3296 1538 3335 cunctus
1555 3290 1757 3347 *populus
1791 3288 1996 3343 obed-iet3

171 3367 256 3395 uno
277 3358 452 3396 tantum
468 3353 596 3409 regni
614 3353 723 3396 solio
740 3358 784 3396 te
806 3353 1070 3410 praecedam.
1087 3352 1119 3379 ‘¹¹
1137 3352 1347 3408 Dixitque
1369 3365 1516 3394 rursus
1535 3350 1707 3393 Pharao
1729 3347 1785 3391 ad
1803 3346 1994 3403 Joseph:

171 3411 308 3467 Ecce,
336 3413 545 3456 constitui
574 3417 618 3456 te
648 3427 778 3469 super
802 3412 1056 3456 universam
1077 3417 1239 3455 terram
1263 3410 1468 3467 AEgypti.
1495 3408 1532 3436 ⁴2
1548 3407 1755 3463 Tulitque
1784 3405 1997 3448 annulum

154 3469 225 3519 fide
249 3485 385 3514 manu
406 3486 505 3527 sua,
528 3477 573 3514 et
595 3471 717 3515 dedit
739 3485 839 3515 eum
865 3471 911 3513 in
936 3486 1071 3514 manu
1097 3470 1217 3527 ejus3
1244 3469 1511 3525 vestivitque
1534 3481 1634 3510 eum
1659 3465 1773 3508 stola
1794 3463 1995 3521 byssina,

160 3613 222 3647 40]
241 3613 293 3642 Pa.
311 3614 393 3649 clv,
411 3617 455 3642 21.
474 3615 489 3642 1
507 3614 615 3643 Mach.
634 3615 680 3649 11,
697 3618 742 3643 53.
760 3616 834 3643 Act.
852 3615 930 3650 VII,
945 3618 988 3643 10.

2121 818 2246 849 Just-pli

2063 868 2172 889 eornm
2222 861 2300 889 Plia-

2129 912 2239 933 raone.

2110 3056 2256 3089 AEgypto

2089 3099 2276 3133 praencitur.
