2423 3861
663 134 803 175 l‘uov.
841 133 942 178 XX,
977 134 1002 175 6
1036 158 1094 163 ——-
1126 133 1258 186 XXI,
1296 134 1331 174 1.
1824 133 1911 176 683

82 239 155 246 *—
196 243 205 245 A
258 243 333 246 *kam
415 243 458 247 ....
472 244 483 247 -
667 241 845 246 ———---
860 242 871 244 -
884 242 926 245 ,-.-
946 242 957 245 -
994 242 1180 245 -,.--..---,
1466 239 1503 243 --—
1518 239 1615 244 ——-——-
1636 240 1663 244 --
1673 240 1903 246 -.--.—.—..

378 305 453 347 sed
479 305 607 347 homo
630 303 804 359 sapiens
827 304 1057 346 exhauriet.
1084 304 1204 346 illud.

279 364 296 388 ὓ
319 363 448 406 Multi
471 362 671 405 homines
695 362 997 405 misericordes
1024 368 1260 409 vocantur:

381 422 522 464 virum
546 426 696 464 autem
723 420 896 463 fidelem
919 421 1016 476 quis
1041 421 1271 464 inveniet?

281 480 295 506 ⁷
318 482 472 523 tiustus
496 479 568 536 qui
594 479 796 521 ambulat
820 479 865 521 in
889 479 1176 535 simplicitate
1201 494 1280 521 sua

378 540 528 583 beatos
550 543 648 595 post
673 552 718 581 se
740 538 852 580 filios
879 538 1167 593 derelinquet.

279 600 295 625 ὃ
319 600 411 642 Rex
438 597 511 654 qui
533 597 658 640 sedet
680 597 723 638 111
749 597 859 639 solio
884 597 1042 651 judieii

377 657 563 713 dissipat
587 670 716 699 omne
742 656 909 698 malum
933 656 1100 698 intuitu
1122 670 1213 699 suo.

277 716 294 739 ²³
315 716 418 765 Qui<
441 720 585 772 potest
610 715 783 758 dicere:
811 714 1028 757 Mundum
1055 719 1121 756 est
1147 728 1219 756 cor
1245 730 1414 770 meum,

376 789 508 832 pur-us
526 788 628 817 sum
653 788 679 816 a
701 774 919 830 peccato?

264 835 295 861 ¹⁰
318 835 493 877 Pondus
520 838 563 876 et
588 833 777 890 pondus,
803 847 1008 875 mensura
1034 837 1077 875 et
1103 846 1336 876 mensura:

377 900 610 948 utrumque
631 891 932 935 abominabile
958 896 1024 935 est
1047 891 1166 947 apud
1194 892 1352 934 Deum.

257 954 289 979 '¹¹
316 955 382 996 Ex
405 951 562 995 studiis
587 951 676 994 suis
702 950 968 1007 intelligitur
989 965 1108 1007 puer,

375 1012 411 1055 si
439 1011 604 1053 munda
629 1015 672 1054 et
694 1015 814 1053 recta
840 1010 929 1052 sint
951 1024 1081 1066 opera
1107 1009 1217 1065 ejus.

260 1072 292 1097 ¹²
314 1074 478 1114 Aurem
503 1070 780 1124 audientem,
807 1074 852 1112 et
873 1069 1050 1112 oculum
1075 1068 1300 1112 videntem
1322 1086 1332 1112 :

377 1129 592 1174 Dominus
618 1129 730 1172 feeit
755 1134 1003 1184 utrumque.

261 1190 292 1216 ¹³³
315 1190 417 1233 Noli
442 1189 628 1244 diligere
653 1202 880 1242 somnum,
907 1202 962 1230 ne
987 1192 1031 1231 te
1056 1192 1230 1243 egestas
1255 1187 1505 1243 opprimat;

372 1249 492 1306 aperi
521 1247 668 1291 oculos
696 1253 814 1303 tuos,
839 1252 883 1290 et
907 1251 1105 1290 saturare
1126 1246 1329 1303 panibus.

256 1308 290 1334 1'*
313 1308 484 1350 Malum
510 1312 596 1362 est,
624 1306 792 1349 malum
818 1311 903 1361 est,
932 1305 1042 1349 dicit
1067 1306 1210 1349 omnis
1236 1310 1432 1362 emptor3

374 1373 416 1410 et
442 1381 544 1410 cum
569 1366 818 1420 recesserit,
847 1370 952 1408 tunc
980 1365 1254 1421 gloriabitur.

256 1426 291 1453 ¹³³
313 1427 393 1469 Est
418 1440 574 1468 aurum
599 1430 644 1467 et
670 1424 910 1466 multitudo
932 1438 1229 1480 gemmarum,

372 1490 415 1528 et
440 1499 518 1526 vas
541 1483 784 1540 pretiosum
810 1483 930 1525 labia
951 1483 1166 1525 scientiae.

255 1544 290 1570 10
311 1543 436 1587 Tolle
458 1543 777 1586 vestimentum
805 1542 900 1597 ejus
928 1542 1002 1597 qui
1027 1542 1259 1597 fidejussor
1285 1541 1435 1585 extitit
1460 1541 1617 1598 alieni,

371 1607 414 1645 et
438 1617 515 1659 pro
538 1601 762 1644 extraneis
784 1601 914 1643 aufer
937 1600 1098 1657 pignus
1124 1601 1180 1643 ab
1202 1615 1266 1644 eo.

257 1661 286 1686 ¹7
311 1662 467 1705 Suavis
493 1666 560 1704 est
583 1660 753 1703 homini
780 1659 907 1717 panis
931 1659 1178 1715 mendacii,

370 1726 413 1764 et
438 1726 590 1777 postea
611 1719 872 1776 implebitur
894 1734 939 1762 os
966 1719 1063 1775 ejus
1088 1719 1271 1762 calculo.

196 1824 198 1826 ,
254 1780 289 1806 ‘¹3
311 1779 615 1836 Cogitationes
642 1779 839 1822 consiliis
864 1779 1140 1834 roborantur,

371 1845 414 1883 et
435 1839 749 1895 gubernaculis
775 1839 1009 1882 tractanda
1035 1844 1138 1882 sunt
1161 1838 1293 1882 bella.

257 1899 288 1925 ¹⁰
310 1899 364 1942 Ei
391 1899 465 1955 qui
489 1899 659 1942 revelat
685 1898 895 1955 mysteria.
919 1903 965 1942 et
988 1898 1197 1941 ambulat
1216 1899 1537 1957 fraudulenter,

371 1964 415 2001 et
440 1958 601 2001 dilatat
622 1958 742 2000 labia
763 1973 863 2013 sua,
887 1972 942 2001 ne
967 1958 1311 2001 commiscearis.

251 2017 288 2044 ‘20
309 2018 392 2069 Qui
418 2017 646 2061 maledicit
671 2019 786 2075 patri
812 2032 889 2061 suo
915 2023 959 2061 et
985 2018 1137 2073 matri,

371 2077 656 2133 extinguetur
682 2077 862 2120 lucerna
883 2078 980 2133 ejus
1001 2077 1049 2119 in
1076 2077 1239 2121 mediis?
1261 2080 1468 2123 tenebris.

250 2136 283 2162 '2¹
309 2136 550 2179 Hereditas
576 2136 632 2179 ad
659 2151 792 2192 quam
816 2137 1058 2180 festinatur
1082 2137 1128 2179 in
1154 2137 1392 2195 principio,

369 2196 416 2238 in
442 2195 681 2239 novissimo
704 2196 1013 2239 benedictione
1039 2196 1220 2239 carebit.

251 2254 288 2280 ”2'2
309 2255 377 2297 Ne
404 2255 555 2298 dicas:
586 2255 783 2298 Reddam
808 2256 1002 2312 malum3

371 2320 558 2371 expecta
586 2314 847 2370 Dominum,
871 2320 915 2358 et
938 2315 1147 2359 libe-rabit
1171 2322 1227 2361 te.

254 2372 290 2399 ‘23
310 2373 600 2416 Abominatio
627 2379 693 2416 est
716 2374 835 2430 apud
863 2375 1104 2418 Dominum
1128 2376 1300 2433 pondus
1326 2382 1369 2421 et
1394 2379 1590 2435 pondus:

372 2439 537 2475 statera
563 2433 715 2475 dolosa
736 2447 824 2476 non
850 2439 916 2476 est
936 2434 1065 2478 bona.

254 2490 290 2517 *24
310 2493 351 2534 A
376 2492 567 2535 Domino
595 2491 847 2548 diriguntur
867 2507 1042 2549 gressus
1068 2494 1177 2550 viri3

371 2551 467 2607 quis
489 2557 639 2594 autem
664 2551 896 2595 hominum
919 2552 1170 2610 intelligere
1196 2559 1340 2611 potest
1362 2555 1482 2598 viam
1507 2556 1666 2599 suam?

253 2609 290 2636 ‘25
311 2610 457 2653 Ruina
479 2616 545 2654 est
570 2611 739 2654 homini
763 2612 972 2655 devorare
997 2619 1194 2669 sanctos,

371 2675 415 2713 et
440 2676 539 2727 post
564 2676 668 2713 vota
690 2677 940 2715 retractare.

253 2728 290 2754 ‘²⁶
311 2729 512 2786 Dissipat
535 2730 695 2787 impios
721 2745 796 2774 rex
823 2731 1018 2788 sapiens,

371 2794 415 2831 et
435 2789 642 2832 incurvat
664 2804 794 2846 super
815 2805 888 2833 eos
911 2792 1142 2836 fornicem.

254 2846 288 2873 2⁷
312 2849 514 2892 Lucerna
542 2849 722 2892 Domini
748 2850 1019 2906 spiraculum
1043 2852 1254 2909 hominis,

373 2922 471 2963 quae
496 2908 741 2965 investigat
763 2909 916 2952 omnia
942 2916 1111 2954 secreta
1135 2912 1315 2955 ventris.

255 2965 290 2992 ‘23
312 2966 618 3011 Misericordia
644 2975 688 3012 et
714 2969 876 3012 veritas
901 2967 1157 3013 custodiunt
1181 2985 1349 3028 regem,

372 3031 419 3069 et
443 3027 673 3071 roboratur
699 3028 935 3072 clementia
962 3030 1143 3074 thronus
1173 3030 1283 3086 ejus,

255 3083 291 3110 29
312 3086 545 3131 Exultatio
569 3087 789 3144 juvenum
814 3088 1032 3133 fortitudo
1058 3104 1229 3145 eorum,

374 3151 418 3189 et
443 3146 641 3203 dignitas
666 3163 822 3191 senum
849 3149 1047 3193 canities.

254 3203 291 3230 3⁰
312 3204 447 3248 Livor
469 3206 665 3251 vulneris
690 3208 916 3264 absterget
939 3208 1077 3265 mala,

373 3270 418 3309 et
442 3265 588 3322 plagae
613 3267 660 3309 in
685 3267 993 3312 secretioribus
1016 3269 1196 3312 ventris.

135 3321 244 3367 CAP.
264 3325 391 3368 XXI.
409 3352 469 3358 —
486 3325 500 3352 ¹
515 3326 640 3370 Sicut
659 3326 898 3371 divisiones
918 3343 1152 3385 aquarum,
1171 3329 1234 3372 ita
1256 3343 1329 3373 eor
1346 3329 1461 3386 regis
1480 3330 1524 3374 in
1544 3345 1677 3375 manu
1698 3330 1902 3386 Domini3
2000 3329 2196 3382 Proverbia‘

375 3399 652 3443 quocumque
678 3387 869 3431 voluerit
893 3387 1128 3432 inclinabit
1151 3389 1275 3432 illud.
1734 3391 1736 3394 ’
1993 3385 2192 3412 promscua.

78 3599 109 3632 9]
135 3599 190 3627 111
216 3601 299 3634 Reg.
315 3602 422 3637 VIII,
438 3605 483 3630 46.
511 3603 546 3630 Π
568 3604 640 3631 Par.
658 3604 724 3637 VT,
741 3606 786 3631 36.
819 3605 906 3632 Eccl.
923 3605 1001 3639 VH,
1018 3606 1061 3631 21.
1084 3604 1099 3631 Ι
1117 3604 1212 3632 Joan.
1246 3603 1279 3639 1,
1296 3607 1322 3633 8.
1347 3619 1384 3624 —
1409 3605 1455 3638 10]
1475 3605 1552 3637 sup,
1577 3604 1647 3640 XI,
1666 3608 1689 3633 1.
1717 3605 1781 3633 Ins.
1800 3608 1844 3635 23.
1867 3620 1904 3625 —-

79 3643 128 3677 20]
147 3644 207 3672 Ex.
225 3644 321 3680 XXI,
336 3648 378 3674 17.
396 3646 476 3674 Lev.
494 3647 570 3682 XX,
587 3652 613 3676 9.
631 3648 751 3675 Matth.
770 3647 842 3681 XV,
859 3650 885 3674 -1,
902 3660 938 3666 -
955 3648 1003 3681 22]
1022 3648 1116 3676 Rom.
1133 3648 1216 3682 XII,
1235 3651 1277 3676 17.
1296 3649 1311 3675 I
1330 3648 1442 3677 Thess.
1461 3649 1499 3683 V,
1518 3651 1561 3677 15.
1580 3650 1594 3676 I
1614 3649 1701 3677 Petr.
1720 3649 1788 3682 ΧΠ,
1803 3651 1830 3677 9.
