2456 3861
134 429 222 456 Esau
236 426 372 455 tertiam

206 471 301 499 ducit

176 522 326 544 uxorem.

126 1171 223 1199 'visio
269 1171 366 1198 scalae

158 1215 190 1243 in
212 1215 339 1243 Bethel.

190 2529 309 2558 Jacobi

129 2573 294 2602 adventus
334 2573 367 2602 in

191 2617 313 2653 Haran,

442 128 496 170 28
936 129 1050 172 GEN.
1087 128 1318 182 XXVIII,
1354 129 1380 172 6
1407 155 1466 160 —
1495 129 1673 184 XXIX,
1711 130 1777 172 12.

438 298 562 341 venit
601 298 646 340 in
689 299 1056 355 Mesopotamiam
1090 298 1226 354 Syriae
1260 298 1316 340 ad
1351 298 1506 339 Laban
1543 298 1682 340 filium
1718 300 1908 342 Bathuel
1939 301 2048 357 syri,
2082 301 2269 344 fratrem

441 357 656 400 Rebeccae
681 358 836 400 matris
861 372 966 401 suae.

498 416 515 442 6
545 417 710 460 Videns
743 422 892 459 autem
920 418 1035 458 Esau
1062 415 1177 470 quod
1210 415 1514 458 benedixisset
1536 421 1664 471 pater
1688 430 1792 459 suus
1818 416 1981 472 Jacob,
2008 423 2054 461 et.
2077 419 2270 462 misisset

438 489 539 518 eum
568 476 613 518 in
641 476 1009 532 Mesopotamiam
1037 474 1195 530 Syriae,
1223 480 1272 516 ut
1296 474 1401 517 inde
1423 488 1606 517 uxorem
1632 475 1832 531 duceret,
1861 481 1905 518 et
1929 477 2045 531 quod
2063 478 2269 533 post-be·-

438 535 737 577 nedictionem
774 534 1059 590 praecepisset
1092 533 1152 588 ei,
1189 533 1340 576 dicens
1371 550 1379 576 :
1416 535 1516 577 Non
1552 534 1747 590 accipies
1785 548 1968 577 uxorem
2004 535 2058 578 de
2094 536 2270 579 filiabus

439 594 679 647 Chanaan3
715 593 729 618 ⁷
757 593 958 648 quodque
995 592 1206 635 obediens
1243 593 1385 636 Jacob
1423 593 1682 649 parentibus
1718 593 1807 637 suis
1843 594 1951 636 isset
1985 593 2034 636 in-
2067 595 2267 651 Syriam;

437 654 453 677 ὅ
477 652 669 707 probans
695 666 866 707 quoque
892 651 1008 707 quod
1040 666 1127 694 non
1154 652 1345 695 libenter
1369 652 1588 710 aspiceret
1609 652 1723 696 filias
1748 653 1962 696 chanaan
1987 659 2115 710 pater
2145 668 2267 710 suns,

437 712 454 736 ⁹
478 711 559 752 ivit
606 710 663 752 ad
698 711 954 766 lsmaelem,
990 716 1034 753 et
1075 711 1203 754 duxit
1234 726 1436 765 1111010111,
1471 711 1638 767 absque
1672 712 1725 755 iis
1756 727 1864 768 quas
1896 713 2016 769 prius
2053 712 2265 770 habebat,

438 770 663 812 Maheleth
686 769 824 812 filiam
851 771 1015 813 Ismael
1040 770 1119 813 filii
1146 770 1396 826 Abraham,
1421 785 1614 814 sororem
1642 771 1880 815 Nabaiotah.

747 921 910 964 SECTIo
945 921 1008 964 Π.
1040 948 1100 952 -
1132 922 1267 965 VITAE
1302 922 1439 965 ISAAC
1472 934 1677 966 STADIUM
1713 935 1961 966 SECUNDUM

952 1043 975 1100 ξ
1010 1043 1045 1087 Ι.
1076 1068 1132 1076 -
1163 1043 1307 1085 Jacob
1341 1044 1386 1085 in
1419 1043 1773 1099 1711000210ιῒοινηὶαι.ι

497 1158 530 1184 ¹0
562 1158 707 1213 Igitur
744 1172 946 1213 egressus
987 1158 1129 1201 -Jacob
1170 1158 1223 1200 de
1264 1158 1505 1212 Bersabee,
1547 1159 1765 1215 pergebat
1803 1160 1973 1204 Haran.
2016 1160 2045 1186 ¹¹
2074 1160 2272 1216 Cumque

433 1217 628 1260 venisset
652 1217 708 1260 ad
735 1217 969 1272 quemdam
996 1217 1161 1271 locum,
1186 1222 1230 1259 et
1251 1217 1388 1259 vellet
1421 1217 1466 1259 in
1491 1232 1543 1261 eo
1574 1219 1848 1274 requiescere
1881 1225 1982 1275 post
2014 1219 2118 1262 solis
2145 1232 2272 1261 occu-

433 1276 597 1329 bitum,
630 1276 733 1319 tulit
767 1276 821 1318 de
859 1275 1082 1332 lapidibus
1120 1276 1194 1331 qui
1229 1275 1466 1332 jacebant,
1500 1282 1545 1321 et
1583 1292 1836 1334 supponens
1870 1278 2007 1335 capiti
2039 1291 2138 1332 suo',
2173 1277 2271 1320 dor-

433 1335 562 1378 mivit
585 1337 629 1377 in
655 1336 811 1378 eodem
835 1335 945 1377 1000.
975 1334 1010 1360 ¹2
1032 1334 1244 1390 Viditque
1271 1335 1316 1378 in
1344 1336 1509 1379 somnis
1536 1337 1704 1380 scalam
1729 1343 1924 1381 stantem
1947 1352 2077 1395 super
2094 1342 2270 1393 terram,

433 1400 476 1437 et
502 1407 715 1437 cacumen
749 1394 868 1437 illius
899 1400 1090 1450 tangens
1123 1395 1310 1450 caelu-m3
1348 1396 1532 1451 angelos
1572 1411 1742 1453 quoque
1784 1397 1867 1440 Dei
1903 1397 2196 1440 ascendentes
2227 1400 2273 1439 et

433 1454 753 1497 descendentes
786 1468 864 1510 per
897 1468 1025 1509 eam,
1066 1453 1098 1479 ¹3
1123 1459 1167 1497 et
1202 1454 1444 1497 Dominum
1484 1456 1687 1499 innixum
1721 1456 1854 1499 scalae
1889 1456 2113 1499 dice-ntem
2145 1455 2231 1499 sibi
2260 1471 2270 1499 :

435 1514 529 1568 Ego
554 1527 651 1556 sum
683 1514 902 1556 Dominus
933 1514 1052 1556 Deus
1079 1514 1309 1557 Abraham
1341 1515 1478 1571 patris
1505 1516 1590 1571 tu-i,
1618 1520 1662 1558 et
1685 1517 1805 1559 Deus
1832 1517 1990 1569 Isaac,
2020 1521 2203 1570 terram,
2227 1514 2272 1557 in

433 1587 518 1628 qua
540 1573 727 1628 dormis,
754 1572 837 1616 tibi
864 1573 978 1615 dabo
1009 1578 1053 1615 et
1077 1573 1237 1616 semini
1262 1579 1350 1616 tuo.
1388 1573 1419 1600 ¹²⁴
1443 1575 1624 1630 Eritque
1651 1589 1802 1618 semen
1829 1581 1953 1618 tuum
1979 1574 2104 1630 quasi
2126 1573 2273 1631 pulvis

433 1638 590 1686 terrae3
632 1632 890 1675 dilataberis
928 1632 985 1674 ad
1027 1632 1337 1688 Occidentem,
1373 1639 1417 1678 et
1456 1634 1704 1690 Orientem,
1739 1641 1783 1678 et
1817 1635 2194 1691 Septentrionem,
2229 1637 2274 1676 et

435 1691 693 1746 Meridiem3
730 1696 774 1734 et
800 1691 1118 1735 benedicentur
1142 1691 1186 1734 in
1213 1697 1277 1747 te,
1306 1698 1349 1735 et
1374 1694 1420 1736 in
1447 1695 1616 1736 semine
1642 1699 1737 1749 tuo,
1763 1699 1936 1737 cunctae
1960 1693 2102 1736 tribus
2127 1699 2270 1743 terrae.

438 1751 468 1775 ¹7¹
495 1752 551 1794 Et
585 1765 656 1793 ero
691 1755 836 1794 custos
868 1756 969 1794 tuus
1002 1765 1277 1806 quocumque
1318 1753 1585 1808 perrexeris,
1620 1757 1665 1795 et
1699 1753 1910 1796 reducam
1946 1757 1991 1796 te
2027 1753 2072 1795 in
2109 1757 2272 1795 terram

434 1810 577 1865 hanc,
607 1824 688 1853 nec
719 1810 945 1853 dimittam
969 1810 1054 1853 nisi
1089 1811 1368 1867 complevero
1396 1813 1604 1856 universa
1629 1826 1728 1867 quae
1755 1812 1862 1856 dixi.
1901 1812 1934 1838 ¹ss
1960 1812 2157 1868 Cumque
2182 1810 2273 1854 evi-

435 1870 616 1925 gilasset
649 1869 791 1912 ,Jacob
827 1870 879 1913 de
913 1884 1086 1926 somno,
1122 1870 1185 1913 ait
1215 1886 1223 1914 :
1262 1871 1375 1915 Vere
1412 1872 1628 1915 Dominus
1661 1878 1728 1915 est
1761 1872 1807 1914 in
1843 1871 1940 1915 1000
1973 1871 2079 1926 iste,
2113 1875 2159 1914 et
2191 1884 2273 1926 ego

435 1929 700 1972 nesciebam.
739 1928 769 1954 ¹⁷
797 1930 1079 1985 Pavensque,
1104 1930 1241 1981 Quam
1269 1932 1479 1974 terribilis
1509 1936 1595 1986 est,
1623 1931 1786 1987 inquit,
1813 1931 1936 1974 locus
1962 1931 2068 1974 iste!
2092 1944 2181 1972 non
2206 1934 2273 1972 est

432 1987 504 2030 1110
537 1988 658 2030 aliud
691 1988 776 2031 nisi
810 1989 965 2032 domus
1001 1989 1102 2045 Dei,
1130 1994 1174 2032 et
1207 1996 1334 2046 porta
1369 1991 1480 2034 caeli.
1519 1990 1552 2017 ¹¹3
1578 1992 1770 2047 Surgens
1805 2004 1909 2046 ergo
1943 1989 2086 2033 Jacob
2119 2002 2276 2043 mane,

433 2047 535 2090 tulit
560 2047 756 2103 lapidem
782 2062 912 2104 quem
937 2054 1228 2105 supposuerat
1258 2051 1395 2107 capiti
1421 2065 1517 2106 suo,
1543 2055 1588 2093 et
1609 2050 1752 2093 erexit
1776 2051 1823 2092 in
1847 2050 2049 2104 titulum,
2075 2048 2270 2092 fundens

433 2107 578 2149 oleum
611 2107 809 2164 desuper.
850 2107 882 2133 ¹9
907 2107 1254 2164 Appellavitque
1289 2124 1451 2153 nomen
1488 2109 1608 2152 urbis
1643 2109 1822 2165 Bethel,
1857 2123 1955 2165 quae
1993 2109 2114 2165 prius
2152 2108 2272 2151 Luza

433 2166 687 2209 vocabatur.
726 2165 763 2192 2⁰
792 2167 925 2210 Vovit
965 2167 1102 2210 etiam
1139 2174 1313 2224 votum,
1354 2169 1544 2212 dicens:
1584 2169 1628 2212 Si
1668 2169 1806 2212 fuerit
1845 2169 1965 2212 Deus
1998 2181 2196 2224 mecum,
2228 2171 2272 2210 et

433 2225 691 2268 custodierit
715 2241 786 2270 me
811 2227 858 2269 in
889 2226 982 2282 via,
1010 2241 1088 2283 per
1113 2241 1246 2282 quam
1276 2242 1359 2284 ego
1384 2228 1584 2283 ambulo,
1612 2233 1656 2271 et
1693 2227 1867 2271 dederit
1891 2227 2003 2270 mihi
2028 2241 2188 2284 panem
2214 2225 2272 2269 ad

432 2285 721 2340 vescendum,
742 2291 786 2328 et
808 2285 1124 2329 vestimentum
1142 2287 1198 2329 ad
1225 2286 1520 2343 induendum,
1549 2287 1581 2313 ‘²¹
1601 2302 1889 2343 reversusque
1911 2287 2040 2330 fuero
2065 2299 2270 2343 prospere

432 2343 489 2385 ad
515 2344 694 2386 domum
720 2346 859 2400 patris
884 2345 992 2400 mei,
1013 2345 1096 2388 erit
1120 2345 1231 2388 mihi
1259 2347 1474 2390 Dominus
1500 2347 1543 2389 in
1569 2348 1730 2403 Deum,
1757 2345 1794 2372 ‘²⁹²
1811 2351 1856 2390 et
1882 2346 1995 2403 lapis
2016 2345 2120 2398 iste,
2139 2358 2270 2400 quem

433 2403 553 2446 erexi
578 2403 624 2445 in
646 2404 846 2460 titulum,
866 2404 1098 2447 vocabitur
1124 2404 1279 2449 domus
1306 2406 1389 2450 Dei
1410 2424 1418 2461 3
1448 2411 1793 2462 cunctorumque
1818 2420 1916 2462 quae
1941 2404 2112 2448 dederis
2138 2403 2268 2459 mihi,

433 2461 629 2505 decimas
654 2463 841 2505 offeram
866 2463 961 2508 tibi.

493 2523 598 2565 CAP.
633 2522 804 2566 XXIX.
831 2549 888 2554 -—
928 2522 937 2548 ¹
968 2523 1200 2567 Profectus
1237 2538 1340 2580 ergo
1379 2525 1520 2568 Jacob
1554 2525 1678 2568 venit
1710 2524 1757 2567 in
1793 2530 1954 2568 terram
1995 2523 2268 2567 orientalem.

434 2580 450 2605 *2
475 2582 534 2623 Et
565 2581 679 2623 vidit
713 2587 893 2637 puteum
920 2582 966 2624 in
999 2597 1125 2638 agro,
1152 2588 1241 2626 tres
1267 2598 1437 2639 quoque
1471 2598 1629 2641 greges
1663 2584 1812 2627 ovium
1844 2583 2116 2626 accubant-es
2139 2582 2270 2638 juxta

434 2654 563 2695 eum3
590 2654 694 2682 nam
717 2655 772 2684 ex
796 2641 874 2684 illo
899 2641 1238 2697 adaquabantur
1262 2657 1442 2699 pecora,
1468 2648 1511 2686 et
1541 2658 1588 2686 00
1613 2643 1711 2700 ejus
1737 2642 1893 2699 grandi
1919 2642 2066 2698 lapide
2093 2641 2270 2684 claude-

432 2699 576 2742 batur.
611 2699 628 2724 3
654 2700 873 2755 Morisque
908 2706 1002 2743 erat
1034 2706 1082 2743 ut
1115 2701 1286 2745 cunctis
1321 2702 1476 2745 ovibus
1515 2703 1796 2759 congregatis
1835 2701 2123 2745 devolverent
2160 2699 2270 2757 lapi-

433 2758 555 2814 dem,
583 2764 627 2801 et
651 2759 833 2801 refectis
858 2759 1068 2815 gregibus
1093 2775 1264 2804 rursum
1290 2775 1420 2817 super
1449 2776 1496 2805 00
1521 2762 1644 2818 putei
1669 2766 1898 2818 ponerent.
1933 2760 1949 2786 4
1977 2760 2188 2816 Dixitque
2213 2758 2270 2802 ad

433 2822 630 2874 pastores
662 2833 669 2859 :
709 2818 906 2873 Fratres,
943 2818 1057 2861 uude
1094 2819 1235 2862 estis?
1275 2821 1355 2870 Qui
1398 2821 1756 2876 responderunt:
1799 2821 1863 2863 De
1906 2820 2074 2863 Haran.
2112 2820 2129 2846 ⁵
2155 2819 2269 2870 Quos

434 2877 733 2932 interrogans,
758 2877 1004 2932 Numquid,
1032 2877 1114 2932 ait,
1143 2878 1281 2922 nostis
1306 2879 1462 2922 Laban
1488 2880 1628 2923 filium
1655 2878 1867 2924 Nachor‘?
1899 2880 2117 2923 Dixerunt
2141 2894 2151 2922 :
2181 2878 2268 2921 No-

434 2936 590 2980 vimus.
627 2936 644 2962 ⁰
671 2937 869 2979 Sanusne
895 2936 997 2979 est?
1025 2937 1181 2992 inquit.
1205 2938 1359 2993 Valet,
1387 2939 1622 2994 inquiunt3
1658 2944 1703 2983 et
1727 2953 1829 2983 ecce
1863 2939 2028 2982 Rachel
2054 2937 2147 2980 filia
2171 2936 2268 2993 ejus

434 2995 557 3037 venit
594 3009 691 3038 cum
730 3009 864 3051 grege
898 3010 987 3039 suo.
1023 2995 1038 3021 ⁷
1067 2996 1278 3052 Dixitque
1313 2998 1455 3040 Jacob
1487 3015 1495 3042 :
1525 2999 1685 3043 Adhuc
1710 2998 1898 3041 multum
1927 2998 2015 3041 diei
2048 3001 2266 3054 superest,

432 3067 516 3096 nec
541 3058 607 3096 est
632 3059 806 3110 tempus
829 3059 876 3097 ut
899 3055 1166 3098 reducantur
1191 3055 1246 3098 ad
1274 3057 1424 3099 caulas
1449 3072 1606 3113 greges
1627 3076 1636 3112 3
1660 3058 1762 3101 date
1785 3063 1889 3100 ante
1915 3063 2068 3114 potum
2091 3056 2266 3111 ovibus,

434 3119 477 3156 et
503 3113 565 3155 sic
591 3127 665 3157 eas
691 3114 746 3156 ad
773 3119 949 3171 pastum
971 3114 1181 3158 reducite.
1206 3115 1222 3142 8
1242 3115 1324 3166 Qui
1349 3117 1670 3172 responderunt
1692 3134 1700 3160 :
1730 3116 1830 3160 Non
1856 3130 2107 3173 possumus,
2127 3115 2268 3158 donec

435 3172 583 3215 omnia
608 3187 766 3228 pecora
792 3179 1127 3229 congregentur,
1147 3180 1191 3218 et
1216 3189 1501 3218 amoveamus
1528 3176 1721 3233 lapidem
1749 3176 1801 3218 de
1828 3190 1898 3219 ore
1926 3175 2069 3232 putei,
2092 3180 2140 3217 ut
2163 3173 2266 3217 ada-

434 3245 617 3286 quemus
642 3246 812 3287 greges.
840 3232 856 3257 9
876 3233 1033 3275 Adhuc
1059 3233 1365 3289 loquebantur,
1386 3239 1430 3278 et
1452 3248 1553 3278 0000
1583 3235 1745 3279 Rachel
1765 3235 1973 3278 veniebat
1993 3248 2090 3277 cum
2111 3233 2266 3276 ovibus

434 3290 572 3346 patris
598 3291 692 3342 sui3
727 3305 830 3334 nam
856 3305 1035 3347 gregem
1063 3292 1158 3348 ipsa
1183 3293 1407 3349 pascebat.
1447 3293 1481 3319 ¹⁰
1505 3294 1644 3344 Quam
1665 3308 1777 3336 cum
1814 3294 1999 3336 vidisset
2033 3292 2196 3347 Jacob,
2221 3297 2264 3335 et

435 3349 567 3392 sciret
592 3350 901 3393 consobrinam
934 3365 1078 3405 suam,
1107 3366 1296 3408 ovesque
1326 3352 1480 3395 Laban
1513 3353 1724 3396 avunculi
1757 3354 1843 3409 0111,
1871 3353 2040 3396 amovit
2073 3351 2265 3407 lapidem

435 3421 520 3462 quo
546 3414 703 3464 puteus
729 3410 1031 3453 claudebatur.
1063 3410 1091 3436 ¹¹
1119 3413 1176 3453 Et
1200 3411 1422 3467 adaquato
1448 3426 1603 3468 grege,
1623 3412 1846 3456 osculatus
1868 3418 1934 3455 est
1959 3425 2055 3454 eam
2078 3428 2088 3465 3
2113 3416 2158 3452 et.
2179 3409 2265 3453 010-

436 3472 539 3508 vata
564 3482 671 3511 voce
705 3467 848 3523 flevit,
885 3468 920 3494 ¹2
944 3474 988 3511 et
1014 3469 1231 3512 indicavit
1263 3471 1302 3513 ei
1335 3471 1451 3526 quod
1484 3471 1625 3514 stater
1657 3476 1772 3514 esset
1803 3471 1942 3527 patris
1967 3469 2054 3526 sui,
2081 3474 2126 3512 et
2150 3468 2262 3512 filius

439 3630 484 3662 13]
504 3629 568 3658 Inf.
587 3630 726 3666 XXXV,
742 3634 753 3658 l
769 3635 803 3659 et
817 3632 976 3667 XLVIII,
993 3635 1020 3661 3.
1038 3648 1074 3652 —
1090 3634 1135 3667 14]
1154 3634 1249 3662 Deut.
1266 3634 1345 3669 XII,
1363 3636 1398 3661 20
1415 3638 1449 3661 ct
1463 3634 1557 3668 XIX,
1571 3637 1596 3662 8.
1616 3634 1692 3666 Sup.
1708 3633 1922 3669 XXV1,4.—
1935 3633 2064 3667 1⁸]1nf.
2078 3633 2263 3666 XXXLu.
