2423 3861
153 1167 322 1198 Sermonis

126 1213 229 1242 tertia
246 1219 323 1245 pars
337 1218 344 1240 ι

116 1258 187 1286 dira
223 1255 357 1285 commi-

185 1300 290 1330 natio,

148 1879 331 1914 prophetia

160 1925 202 1953 de
218 1923 317 1952 ruina

117 1969 308 1998 Jerusalem
322 1975 360 1996 ac

133 2012 250 2042 mundi
268 2013 343 2040 fine.

149 2062 181 2085 10
195 2056 333 2086 Occasio

143 2100 338 2136 prophetiae.

137 2306 172 2331 20
190 2301 343 2331 Indican-

157 2350 214 2375 tur
231 2347 326 2382 signa

183 2398 297 2420 rumae.

430 153 541 195 1122
892 152 1079 192 Mirr-sn.
1116 150 1302 203 XXIII,
1337 151 1394 191 24
1426 175 1485 180 -—
1516 150 1687 204 XXIV,
1721 151 1790 192 21.

427 321 463 347 ‘2²
490 323 634 364 Duces
673 322 798 375 emti,
842 320 1095 362 excolantes
1134 318 1342 374 culicem,
1378 319 1600 361 camelum
1632 324 1781 361 autem
1819 318 2074 374 glutientes.
2109 319 2146 346 ‘²³³
2174 321 2256 362 Vre

426 381 574 435 vobis,
609 381 765 423 scriba>
801 389 843 421 et
875 378 1083 434 pharisaei
1116 378 1392 434 hypocritae3
1427 378 1531 433 quia
1568 376 1795 420 mundatis
1833 377 1948 432 quod
1990 377 2159 422 deforis
2192 390 2258 422 est

427 439 578 482 calicis
620 447 661 481 et
698 437 966 494 paropsidis,
1005 437 1126 479 intus
1171 442 1322 480 autem
1361 436 1482 493 pleni
1524 436 1629 479 estis
1665 436 1822 492 rapina
1868 433 1913 479 et
1953 436 2254 480 immunditia.

426 498 463 524 2⁶
482 499 706 540 Pharisaee
732 511 862 552 caece,
887 497 1052 538 munda
1073 496 1199 552 prius,
1213 496 1329 551 quod
1350 496 1472 538 intus
1497 500 1564 539 est
1586 495 1739 538 calicis
1766 499 1810 538 et
1830 494 2090 551 paropsidis,
2113 500 2161 538 ut
2182 496 2260 539 fiat

423 557 470 599 id
496 556 611 611 quod
637 555 804 599 deforis
827 562 891 599 est
918 555 1148 598 mundum.
1174 554 1209 581 ‘2⁷
1229 555 1311 598 Vae
1337 554 1476 610 vobis,
1500 555 1659 598 scribae
1687 559 1730 597 et
1752 553 1961 611 pharisaei
1987 553 2255 610 hypocritae,

425 616 526 671 quia
552 615 720 658 similes
743 615 847 658 estis
873 614 1087 672 sepulcris
1113 614 1354 670 dealbatis,
1386 628 1485 670 quae
1509 629 1537 656 a
1561 613 1670 656 foris
1697 618 1856 670 parent
1884 613 2139 656 hominibus
2165 625 2262 670 spe-

425 674 563 729 ciosa,
588 674 708 717 intus
738 688 841 718 vero
866 674 999 731 plena
1027 679 1131 717 sunt
1159 673 1333 717 ossibus
1365 679 1638 716 mortuorum
1662 677 1706 716 et
1727 671 1848 716 omni
1877 672 2104 729 spurcitia.
2135 671 2173 699 ²⁸
2189 673 2262 716 Sic

424 740 468 776 et
495 747 575 776 vos
604 748 630 775 a
662 734 774 776 foris
804 733 983 789 quidem
1013 733 1177 790 paretis
1206 731 1460 775 hominibus
1493 732 1627 789 justi,
1661 731 1783 774 intus
1815 736 1964 775 autem
1998 731 2120 788 pleni
2158 732 2264 784 estis

422 793 666 849 hypocrisi,
695 798 738 836 et
761 793 1012 849 iniquitate.
1605 794 1634 813 ³
1920 794 1923 795 ⁷
2186 798 2189 801 ’

483 851 520 878 29
537 853 619 895 Vae
644 852 783 907 robiS,
811 852 969 895 scribae
995 857 1039 895 et
1059 851 1267 909 pharisaei
1292 852 1553 909 hypocritae,
1583 851 1658 907 qui
1685 850 1916 896 aedificatis
1943 849 2145 908 sepulcra
2166 863 2266 907 pro-

422 912 678 969 phetarum,
707 917 749 955 et
772 912 937 954 ornatis
960 916 1248 954 monumenta
1271 911 1511 967 justorum,
1535 910 1572 937 3⁰
1593 915 1635 953 et
1661 910 1810 953 dicitis
1837 927 1846 954 ε
1878 909 1922 954 Si
1953 909 2192 953 fuissemus
2216 910 2264 952 in

422 971 578 1014 diebus
605 978 781 1028 patrum
811 976 1081 1023 nostrorum,
1109 985 1197 1013 non
1224 978 1418 1013 essemus
1448 970 1556 1013 socii
1589 983 1739 1013 eorum
1768 969 1815 1012 in
1838 969 2057 1025 sanguine
2079 968 2264 1026 prophe-

424 1039 582 1074 tarum.
611 1029 645 1058 3¹
666 1031 826 1086 Itaque
852 1030 1109 1074 testimonio
1135 1030 1241 1072 estis
1266 1029 1618 1086 vobismetipsis,
1646 1029 1748 1085 quia
1779 1029 1860 1071 filii
1889 1028 1994 1072 estis
2017 1042 2168 1072 eorum
2190 1028 2268 1084 qui-

423 1091 660 1148 prophetas
688 1090 958 1133 occiderunt.
986 1087 1023 1115 3'2
1042 1090 1101 1131 Et
1125 1103 1203 1131 vos
1225 1089 1410 1145 implete
1432 1102 1688 1132 mensuram
1711 1094 1886 1145 patrum
1915 1094 2175 1131 vestrorum.

482 1150 520 1176 33
535 1150 779 1206 Serpentes,
803 1149 1031 1205 genimina
1049 1148 1315 1205 viperarum,
1335 1147 1555 1203 quomodo
1578 1148 1767 1204 fugietis
1784 1162 1810 1190 a
1828 1147 1996 1204 judicio
2015 1147 2232 1203 gehennae
2244 1146 2265 1189 ’ἓ

423 1208 460 1235 34
479 1209 585 1252 Ideo
621 1223 722 1252 ecce
752 1223 832 1264 ego
858 1208 988 1251 mitto
1014 1208 1175 1251 advos
1206 1208 1463 1265 prophetaS,
1492 1212 1535 1250 et
1563 1207 1806 1264 sapientes,
1839 1212 1881 1250 et
1911 1207 2109 1262 scribas3
2140 1212 2183 1250 et
2212 1221 2267 1250 ex

422 1268 512 1311 illis
536 1268 748 1311 occidetis
772 1278 815 1311 et
838 1267 1120 1324 crucifigetis.
1146 1272 1191 1310 et
1215 1282 1269 1310 ex
1292 1267 1355 1310 eis
1376 1266 1669 1322 flagellabitis
1690 1266 1738 1309 in
1761 1266 2003 1323 synagogis
2025 1265 2197 1321 vestris,
2224 1271 2268 1308 et

423 1328 748 1385 persequemini
791 1327 844 1370 de
886 1327 1069 1370 civitate
1107 1327 1154 1369 in
1197 1326 1458 1381 civitatem,
1498 1325 1534 1352 35
1563 1331 1613 1369 ut
1651 1326 1803 1369 veniat-
1840 1339 1971 1382 super
2004 1338 2084 1368 vos
2123 1325 2269 1368 omnis

423 1387 605 1443 sanguis
635 1387 781 1443 justus
812 1387 886 1443 qui
912 1386 1079 1437 effusus
1103 1392 1167 1429 est
1191 1400 1321 1443 super
1346 1391 1532 1441 terram,
1560 1400 1587 1428 a
1617 1385 1834 1441 sanguine
1856 1385 1973 1428 Abel
1999 1385 2107 1441 justi
2130 1397 2268 1440 usque

423 1446 481 1489 ad
506 1447 771 1502 sanguinem
797 1446 1036 1502 Zachariae,
1064 1445 1143 1488 filii
1169 1445 1416 1500 Barachiae,
1443 1459 1573 1501 quem
1602 1445 1828 1488 occidistis
1851 1445 1965 1488 inter
1985 1443 2204 1501 templum
2226 1448 2269 1486 et

424 1506 577 1550 altare.
601 1506 638 1533 3⁶
652 1507 798 1549 Amen
823 1506 922 1549 dico
948 1505 1087 1562 vobis,
1112 1505 1293 1548 venient
1316 1505 1413 1547 haec
1437 1505 1586 1548 omnia
1610 1518 1739 1560 super
1760 1504 2095 1560 generationem
2117 1503 2267 1546 istam.

425 1566 460 1592 3⁷
480 1566 750 1621 Jerusalem,
779 1565 1049 1620 Jerusalem,
1080 1579 1178 1620 quae
1204 1564 1370 1607 occidis
1397 1565 1635 1621 prophetas
1664 1569 1707 1606 et
1732 1563 1906 1620 lapidas
1937 1576 2009 1606 eos
2035 1563 2109 1619 qui
2137 1562 2195 1605 ad
2225 1568 2270 1606 te

425 1625 548 1668 missi
584 1631 708 1681 sunt,
737 1625 907 1680 quoties
941 1624 1061 1666 volui
1093 1636 1362 1679 congregare
1398 1623 1511 1666 filios
1545 1629 1664 1678 tuos,
1694 1622 2070 1678 quemadmodum
2099 1621 2270 1678 gallina

426 1690 668 1741 congregat
704 1684 849 1740 pullos
882 1697 983 1726 suos
1016 1683 1097 1726 sub
1133 1682 1248 1737 alas,
1284 1689 1325 1725 et
1365 1682 1574 1725 noluisti!
1609 1682 1645 1709 38
1679 1683 1796 1725 Ecce
1832 1682 2105 1738 relinquetur
2140 1679 2269 1724 vobis

426 1744 582 1787 domus
603 1749 749 1786 vestra
774 1744 959 1787 deserta.
988 1742 1025 1769 39
1043 1742 1155 1786 Dico
1182 1741 1301 1785 enim
1324 1741 1463 1795 vobis,
1487 1755 1576 1785 non
1602 1756 1671 1784 me
1696 1741 1906 1784 videbitis
1932 1740 2105 1796 amodo,
2130 1739 2270 1782 donec

420 1803 586 1846 *dicatis
616 1820 625 1847 :
654 1802 924 1846 Benedictus
949 1802 1022 1858 qui
1046 1802 1169 1845 venit
1194 1801 1239 1843 in
1266 1801 1446 1843 nomine
1475 1801 1667 1843 Domini.

486 1862 591 1906 GAP.
626 1862 798 1905 XXIV.
828 1888 887 1893 -—
920 1862 928 1887 ¹
958 1863 1013 1904 Et
1048 1875 1249 1917 egressus
1285 1861 1415 1903 Jesus
1447 1860 1500 1903 de
1534 1860 1722 1916 templo,
1755 1860 1863 1902 ibat.
1900 1861 1957 1902 Et
1990 1864 2270 1903 accesserunt

427 1922 633 1978 discipuli
661 1921 771 1977 ejus,
796 1926 847 1963 ut
868 1921 1150 1965 ostenderent
1167 1920 1206 1963 ei
1231 1919 1548 1962 aedificationes
1569 1919 1738 1975 templi.
1764 1918 1782 1943 '2
1798 1919 1902 1974 lpse
1919 1924 2069 1961 autem
2090 1932 2268 1975 respon-

427 1982 534 2025 dens
564 1981 680 2024 dixit
703 1981 793 2023 illis
824 1997 833 2024 z
862 1980 1037 2023 Videtis
1065 1980 1161 2022 haec
1190 1978 1377 2022 omnia?
1408 1979 1555 2021 Amen
1583 1978 1681 2021 dico
1708 1978 1856 2033 vobis,
1885 1991 1973 2021 non
1997 1977 2272 2034 relinquetur

425 2041 497 2084 hic
532 2040 645 2098 lapis
679 2054 812 2097 super
840 2039 1056 2096 lapidem,
1090 2039 1162 2095 qui
1190 2053 1278 2081 non
1312 2038 1575 2081 destruat-ur.
1612 2037 1630 2063 3
1657 2037 1846 2080 Sedente
1871 2042 2023 2080 autem
2057 2051 2109 2080 eo
2141 2051 2272 2095 super

427 2106 623 2144 montem
642 2098 820 2154 Oliveti,
844 2104 1126 2141 accesserunt
1144 2098 1200 2140 ad
1224 2112 1326 2141 eum
1347 2096 1554 2154 discipuli
1578 2103 1758 2153 secreto,
1780 2096 1978 2139 dicentes
2003 2113 2012 2140 :
2037 2097 2122 2139 Dic
2143 2097 2272 2141 nobis

427 2160 603 2215 quando
638 2160 735 2202 haec
775 2157 938 2200 erunt?
976 2163 1019 2201 61Ι
1061 2157 1176 2213 quod
1215 2157 1393 2212 signum
1429 2156 1648 2199 adventus
1682 2156 1747 2199 tui
1789 2162 1832 2199 et
1873 2156 2271 2199 consummationis

426 2219 610 2262 saeculi‘?

485 2279 501 2304 ·'⁴
520 2279 580 2320 Et
608 2279 877 2335 respondens
905 2278 931 2320 J
938 2290 1056 2333 esus,
1089 2277 1205 2320 dixit
1235 2277 1297 2320 eis
1331 2294 1341 2321 ε
1367 2276 1529 2319 Videte
1561 2290 1615 2319 ne
1644 2276 1740 2331 quis
1769 2289 1847 2319 vos
1873 2276 2069 2319 seducat.
2104 2275 2271 2319 5Multi

427 2339 545 2382 enim
579 2338 763 2381 venient
793 2338 841 2380 in
872 2337 1049 2380 nomine
1084 2350 1203 2390 meo,
1236 2336 1433 2379 dicentes
1467 2353 1476 2378 :
1511 2337 1607 2391 Ego
1637 2349 1734 2377 sum
1768 2335 1998 2390 Christu‘s3
2031 2340 2075 2378 et
2108 2335 2273 2378 multos

427 2398 653 2441 seducent.
682 2397 699 2423 ⁰
717 2396 926 2440 Audituri
954 2396 1073 2439 enim
1100 2396 1205 2439 estis
1227 2395 1397 2453 praelia,
1431 2402 1474 2437 et
1498 2395 1727 2452 opiniones
1748 2394 2015 2451 praeliorum.
2031 2394 2196 2438 Videte
2215 2408 2272 2438 ne

427 2457 667 2499 turbemini
689 2474 698 2511 3
723 2461 895 2513 oportet
913 2456 1032 2498 enim
1057 2456 1156 2498 haec
1183 2455 1290 2510 fieri,
1314 2455 1392 2498 sed
1413 2455 1611 2498 nondum
1630 2459 1696 2497 est
1713 2454 1826 2497 finis.
1855 2453 1869 2479 7
1889 2453 2133 2510 Consurget
2153 2453 2271 2497 enim

427 2529 536 2571 gens
562 2515 606 2558 in
635 2521 830 2572 gentem,
858 2522 901 2557 et
926 2529 1114 2571 regnum
1133 2515 1181 2556 in
1207 2528 1396 2570 regnum
1419 2531 1427 2568 3
1454 2519 1498 2557 et
1520 2520 1647 2557 erunt
1671 2513 1953 2570 pestilentiae,
1977 2518 2022 2556 et
2041 2513 2199 2569 fames,
2227 2518 2272 2555 et

427 2579 705 2618 terraemotus
752 2588 831 2630 per
870 2574 980 2615 loca.
1014 2573 1030 2600 8
1056 2574 1172 2616 Haec
1204 2579 1354 2617 autem
1390 2573 1538 2616 omnia
1572 2573 1704 2616 initia
1732 2581 1835 2616 sunt
1861 2571 2075 2615 dolorum.
2110 2571 2272 2615 ⁹Tunc

428 2633 606 2676 tradent
627 2648 707 2677 vos
726 2638 774 2676 in
800 2635 1147 2688 tribulationem,
1174 2640 1216 2676 et
1242 2633 1447 2676 occident
1469 2647 1547 2676 vos
1568 2651 1576 2687 3
1601 2638 1645 2676 et
1667 2632 1788 2675 eritis
1815 2631 1917 2675 odio
1938 2628 2142 2675 omnibus
2164 2645 2273 2688 gen-

427 2693 546 2736 tibus
573 2699 753 2750 propter
772 2707 935 2735 nomen
958 2706 1119 2736 meum.
1150 2692 1185 2719 ‘¹⁰
1203 2692 1262 2735 Et
1284 2698 1391 2734 tunc
1411 2691 1833 2735 scandalizabuntur
1851 2691 1994 2747 multi,
2014 2696 2057 2734 et
2078 2690 2271 2734 invicem

429 2752 627 2808 tradent,
656 2758 698 2796 et
725 2752 826 2795 odio
854 2752 1084 2795 habebunt
1109 2752 1316 2795 invicem.
1348 2751 1381 2777 1¹
1406 2753 1464 2794 Et
1489 2751 1619 2794 multi
1649 2750 2046 2815 pseudoprophetae
2067 2754 2269 2805 surgent,

431 2817 475 2854 et
495 2812 708 2855 seducent
729 2811 906 2854 multos.
936 2810 971 2837 ¹2
989 2813 1048 2854 Et-
1069 2811 1278 2867 quoniam
1305 2811 1553 2853 abundavit
1569 2809 1794 2865 iniquitas,
1805 2807 2070 2864 refrigescet
2079 2807 2271 2851 charit-as

431 2871 685 2914 multorum.
722 2870 853 2921 131.]111
883 2876 1034 2914 autem
1067 2871 1418 2928 perseveraverit
1451 2884 1589 2926 usque
1621 2872 1670 2912 in
1696 2871 1853 2925 finem,
1883 2871 1959 2912 hic
1992 2869 2143 2910 salvus
2173 2866 2269 2910 erit.

432 2929 468 2955 '¹4
486 2930 545 2972 Et,
567 2930 884 2987 praedicabitur
909 2931 992 2973 hoc
1015 2930 1296 2985 evangelium
1320 2930 1446 2986 regni
1470 2930 1515 2971 in
1539 2929 1746 2971 universo
1766 2928 1882 2981 orbe,
1901 2927 1947 2969 in
1967 2923 2271 2969 testimonium

431 2989 638 3032 omnibus
665 2990 902 3045 gentibus;
931 2996 974 3032 et
1000 2995 1104 3032 tunc
1131 2989 1280 3032 veniet
1307 2989 1644 3031 consummatio.

493 3047 528 3074 ¹5
554 3047 666 3090 Cum
701 3062 803 3103 ergo
842 3048 1043 3092 viderit-is
1081 3047 1460 3091 abominationem
1499 3047 1806 3103 desolationis,
1845 3058 1943 3102 quae
1985 3044 2103 3087 dicta
2142 3050 2210 3087 est
2246 3058 2274 3086 a

434 3106 623 3150 Daniele
648 3108 876 3164 propheta,
901 3113 1093 3151 stantem
1121 3108 1166 3150 in
1188 3107 1287 3151 loco
1307 3112 1474 3163 sancto,
1500 3107 1574 3163 qui
1599 3106 1711 3163 legit
1734 3102 1970 3160 intelligat.
1996 3102 2032 3129 ¹⁶
2048 3104 2173 3146 Tunc
2196 3103 2271 3159 qui

433 3165 479 3209 in
504 3166 667 3209 Judaea
686 3172 810 3220 sunt,
834 3167 1015 3223 fugiant
1036 3167 1093 3209 ad
1121 3171 1322 3221 montes;
1349 3166 1383 3192 1⁷
1402 3172 1448 3210 et,
1475 3166 1547 3222 qui
1574 3165 1620 3209 in
1641 3171 1778 3220 tecte,
1806 3176 1893 3206 non
1921 3162 2161 3206 descendat
2188 3162 2271 3205 tol-

433 3224 522 3268 lere
564 3225 736 3282 aliquid
778 3225 832 3269 de
877 3225 1006 3269 domo
1047 3241 1154 3280 sua3
1199 3225 1236 3252 ¹8
1270 3232 1313 3268 et
1354 3226 1428 3282 qui
1466 3226 1511 3268 in
1548 3238 1674 3281 agro,
1712 3237 1800 3266 non
1838 3227 2084 3266 revertatur
2115 3220 2271 3265 tollere

434 3284 633 3327 tunicam
654 3298 795 3328 suam.
822 3284 858 3311 19
875 3286 959 3328 Vae
981 3291 1131 3328 autem
1159 3283 1495 3342 praegnantibus
1518 3290 1562 3328 et
1583 3282 1879 3326 nutrientibus
1903 3281 1949 3323 in
1975 3280 2067 3324 illis
2093 3280 2271 3324 diebus!

434 3341 471 3369 ²⁰
489 3343 626 3387 Orate
643 3349 794 3387 autem
822 3349 869 3387 ut
892 3358 979 3387 non
1001 3344 1080 3386 fiat
1100 3345 1214 3400 fuga
1240 3350 1384 3387 vestra
1404 3344 1450 3386 in
1475 3342 1632 3398 hieme,
1660 3341 1729 3385 vel
1753 3340 1951 3383 sabbato.
1977 3338 2011 3366 2¹
2032 3340 2128 3383 Erit
2151 3340 2270 3383 enim

437 3535 486 3569 33]
505 3535 583 3569 sup.
607 3538 674 3572 III,
692 3542 716 3567 7.
735 3554 770 3558 —
787 3541 835 3573 35]
853 3540 931 3568 Gen.
950 3540 1007 3575 IV,
1032 3543 1058 3568 8.
1077 3539 1178 3568 Hebr.
1193 3539 1288 3574 xm.
1305 3539 1338 3566 11
1353 3539 1425 3568 Par.
1442 3538 1569 3574 XXIV,
1587 3541 1630 3566 22.
1647 3552 1684 3557 —
1703 3537 1752 3570 37]
1772 3537 1852 3565 Luc.
1873 3537 1981 3570 XIII,
2001 3538 2046 3565 34.
2063 3553 2099 3558 -
2121 3539 2150 3572 1]
2168 3537 2270 3566 Marc.

440 3579 548 3614 XIII,
569 3584 594 3609 1.
614 3582 693 3610 Luc..
711 3583 812 3618 XXI,
837 3587 863 3612 5.
885 3599 921 3604 —
945 3585 975 3618 2]
995 3584 1074 3612 Luc.
1100 3583 1203 3618 XIX,
1223 3585 1268 3610 44.
1285 3596 1322 3602 -—
1345 3584 1375 3617 4]
1401 3582 1485 3616 Eph.
1509 3583 1549 3617 V,
1571 3585 1597 3610 6.
1617 3580 1685 3609 col.
1705 3581 1757 3615 11,
1782 3582 1827 3609 18.
1851 3595 1887 3600 -
1911 3581 1942 3614 9]
1960 3580 2038 3613 Sup.
2057 3581 2108 3616 X,
2125 3584 2170 3610 17.
2189 3580 2270 3610 Luc.

438 3623 534 3696 ῗζὶξῙ),
559 3627 602 3653 12.
628 3626 723 3655 Joan.
746 3627 817 3660 XV,
835 3630 872 3655 20
895 3630 929 3655 et
950 3628 1042 3663 XVI,
1059 3631 1085 3655 2.
1103 3641 1140 3647 -
1160 3626 1208 3661 15]
1225 3626 1327 3655 Marc.
1345 3625 1446 3660 XIII,
1472 3628 1516 3654 14.
1541 3625 1620 3653 Luc.
1640 3622 1734 3657 XXI,
1752 3625 1796 3653 2⁰.
1822 3624 1904 3655 Dan.
1930 3625 1992 3660 IX,
2008 3626 2053 3655 27.
2071 3639 2107 3645 ··-
2128 3626 2177 3660 20]
2194 3626 2271 3654 Act·

458 3687 466 3703 ‚
508 3686 531 3694 ...
