2391 3861
707 182 817 224 Am.
852 180 984 234 XIX,
1019 181 1074 223 33
1106 207 1165 214 -
1197 180 1301 233 xx,
1337 181 1404 222 24.
1853 168 1963 222 1237

146 350 291 408 plures
318 350 577 393 nesciebant
600 364 684 405 qua
709 364 764 393 ex
790 364 923 392 causa
945 350 1264 393 convenissent.
1288 351 1325 377 ²³³
1344 351 1409 393 De
1435 350 1562 392 turba
1591 356 1739 392 autem
1767 350 1966 393 detraxe-

143 415 247 452 runt
278 408 604 463 Alexandrum,
636 408 981 466 propellentibus
1015 423 1115 451 eum
1145 408 1340 463 Judaeis3
1375 409 1630 452 Alexander
1652 414 1800 451 autem
1836 422 1965 450 manu

145 468 322 512 silentio
346 467 588 525 postulato,
617 467 796 510 volebat
816 467 998 510 reddere
1023 468 1237 510 rationem
1261 467 1434 524 populo.
1462 467 1502 494 3-1
1516 467 1653 517 Quem
1677 471 1724 509 ut
1749 480 1966 522 cognove-

146 534 248 570 runt
270 528 481 570 ‚Judaeum
498 540 612 582 esse,
636 540 722 569 vox
745 527 874 569 facta>
893 540 984 568 una
1005 526 1311 581 est‘omnium,
1335 527 1465 582 quasi·
1490 540 1566 582 per
1590 526 1718 569 horas
1741 524 1849 568 duas
1878 524 1966 568 cla—

146 587 390 629 mantium:
419 586 590 642 Magna
613 585 758 628 Diana
785 585 1098 641 1⁴31·›liesi‹n·111n!

204 645 240 672 ³⁵
268 646 323 687 Et
349 660 450 687 cum
483 645 680 688 sedasset
712 645 856 686 scriba
885 644 1056 698 turbas,
1084 643 1197 685 dixit
1223 661 1231 687 :
1258 643 1353 686 Viri
1391 644 1588 700 Ephesii,
1621 645 1717 700 quis
1752 643 1869 688 enim
1903 647 1969 686 est

147 705 374 746 hominum
393 704 465 759 qui
491 703 661 747 nesciat
681 703 969 759 Ephesiorum
992 703 1218 745 civitatem
1239 702 1465 746 cultricem
1485 716 1577 746 csse
1601 717 1775 759 magnae
1797 701 1966 758 Dianae,

145 763 360 818 <Iovisque
388 763 553 818 prolis?
576 762 613 788 3⁰
631 763 742 805 Cum
768 775 874 816 ergo
899 761 968 803 his
989 761 1230 803 contradici
1256 775 1340 803 non
1368 762 1525 817 possit,
1554 768 1724 818 oportet
1746 775 1822 805 vos
1843 761 1967 804 seda-

145 828 212 865 tos
238 836 351 874 esse,
381 827 423 864 et
450 821 559 863 nihil
594 826 759 863 temere
783 833 927 875 agere.
955 819 990 845 3⁷
1013 819 1277 862 Adduxistis
1304 820 1420 863 enim
1451 821 1650 864 homines
1675 821 1801 875 istos,
1831 834 1968 876 neque

144 880 404 935 sacrilegos,
441 894 582 936 neque
614 880 974 935 blasphemantes
1010 879 1137 921 dcam
1171 883 1377 922 vestram.
1411 878 1448 905 3⁸
1474 880 1595 929 Quod
1630 880 1665 921 si
1698 880 1965 935 Demetrius,

144 946 189 983 et
214 939 291 995 qui
319 953 418 982 cum
450 953 499 982 eo
526 944 627 981 sunt
653 938 862 993 artifices,
896 937 1062 980 habent
1090 937 1301 980 adversus
1333 937 1527 993 aliquem
1554 952 1752 992 causam,
1781 952 1969 981 conven-

142 1004 215 1041 tus
246 999 442 1042 forenses
469 1003 673 1054 aguntur,
706 1002 748 1040 et
773 996 1054 1053 proconsules
1084 1001 1187 1038 sunt
1213 1013 1220 1039 :
1251 1002 1461 1039 accusent
1488 997 1695 1039 invicem.
1726 997 1769 1023 3⁰·
1788 996 1831 1040 Si
1865 996 1970 1052 quid

143 1064 294 1101 autem
320 1057 500 1100 alterius
530 1057 590 1100 rei
625 1056 843 1112 quaeritis,
869 1055 913 1098 in
946 1054 1148 1111 legitima
1174 1055 1359 1098 ecclesia
1389 1055 1549 1112 poterit
1578 1055 1762 1099 absolvi.
1793 1055 1830 1081 4⁰
1856 1056 1971 1098 Nam

147 1123 190 1160 et
219 1116 525 1173 periclitamur
548 1115 674 1172 argui
706 1114 935 1158 seditionis
968 1114 1214 1169 hodiernae,
1248 1128 1347 1156 cum
1379 1114 1526 1157 nullus
1564 1114 1779 1158 obnoxius
1809 1114 1885 1170 sit,
1917 1115 1971 1157 de

145 1190 230 1231 quo
259 1175 476 1231 possimus
501 1174 682 1218 reddere
725 1173 971 1229 rationem,
992 1187 1228 1216 concursus
1252 1173 1392 1216 istius.
1426 1174 1482 1217 Et
1512 1187 1611 1216 cum
1642 1173 1739 1216 haec
1765 1172 1967 1229 dixisset,

138 1235 316 1277 >dimisit
337 1234 584 1277 ecclesiam.

205 1294 311 1336 CAP.
350 1294 448 1336 XX.
485 1319 544 1327 —-
576 1293 590 1319 1
619 1294 859 1349 Postquam
899 1299 1047 1337 autem
1086 1293 1276 1337 cessavit
1312 1293 1552 1348 tumultus,
1595 1293 1764 1336 vocatis
1806 1291 1969 1335 Paulus

143 1353 376 1409 discipulis
406 1359 448 1395 et
474 1353 730 1396 exhortatus
757 1367 848 1408 eos,
873 1353 1109 1408 valedixit,
1138 1358 1181 1396 et
1206 1353 1432 1410 profectus
1463 1357 1528 1395 est
1558 1358 1605 1394 ut
1633 1352 1716 1395 iret
1744 1351 1790 1394 in
1821 1352 1968 1394 Mace-

144 1412 338 1455 doniam.
366 1410 383 1436 ‘2
401 1412 511 1454 Cum
536 1417 686 1454 autem
712 1411 1062 1468 perambulasset
1088 1417 1233 1468 partes
1263 1411 1382 1467 illas,
1406 1417 1450 1454 et
1475 1412 1732 1454 exhortatus
1759 1425 1832 1455 eos
1860 1410 1969 1454 fuis-

145 1478 211 1513 set
237 1471 376 1513 multo
402 1484 621 1526 sermone,
649 1470 772 1513 venit
804 1470 860 1513 ad
895 1471 1142 1525 Graecimn3
1167 1470 1276 1514 3ubi
1307 1485 1407 1513 cum
1441 1470 1622 1513 fecisset
1655 1484 1827 1513 menses
1861 1475 1967 1525 tres,

145 1531 281 1573 factae
302 1536 406 1572 sunt
429 1529 495 1571 illi
521 1529 695 1571 insidiae
725 1543 751 1571 a
772 1529 944 1572 Judaeis
969 1530 1234 1585 navigaturo
1262 1530 1308 1571 in
1336 1530 1528 1585 Syriam,
1555 1529 1799 1584 habuitque
1829 1528 1970 1572 consi-

144 1589 254 1631 lium
277 1593 324 1630 ut
345 1592 636 1631 reverteretur
661 1602 738 1644 per
759 1588 1082 1631 Macedoniam.
1102 1588 1118 1614 ‘¹
1136 1588 1384 1631 Comitatus
1410 1594 1475 1631 est
1496 1594 1646 1631 autem
1664 1603 1766 1631 eum
1790 1589 1972 1644 Sopater

146 1647 303 1703 Pyrrhi
331 1646 598 1701 Bereeensis,
625 1646 1088 1690 Thessalonicensium
1118 1662 1219 1690 vero
1251 1647 1554 1701 Aristarchus,
1587 1653 1630 1690 et
1654 1647 1901 1700 Secundus,
1929 1651 1973 1689 et

145 1706 284 1750 Gaius
312 1706 531 1760 Derbeus,
559 1710 603 1748 et
628 1706 911 1761 Timotheus3
939 1706 1094 1748 Asiani
1119 1721 1221 1749 vero
1249 1706 1469 1762 Tychicus
1501 1712 1542 1748 et
1569 1705 1846 1762 Trophimus.
1875 1706 1971 1747 5Hi

138 1780 245 1808 vcum
269 1764 616 1822 praecessissent,
644 1764 946 1808 sustinuerunt
967 1780 1046 1808 nos
1068 1765 1254 1808 Troade.
1477 1819 1479 1821 ι

203 1825 220 1851 6
248 1825 345 1867 Nos
365 1838 469 1867 vero
490 1824 821 1881 navigavi-inus,
846 1829 945 1881 post
972 1824 1062 1868 dies
1085 1831 1362 1881 azymorum,
1385 1840 1411 1868 a
1438 1824 1677 1882 Philippis,
1705 1829 1748 1868 et
1770 1825 1971 1868 venimus

143 1884 201 1927 ad
226 1897 298 1927 eos
325 1883 542 1926 Troadem
567 1883 613 1925 in
640 1883 796 1926 diebus
825 1884 1037 1940 quinque,
1069 1883 1146 1927 ubi
1175 1884 1389 1927 demorati
1419 1898 1570 1927 sumus
1600 1884 1754 1927 diebus
1787 1888 1970 1940 septem.

143 1943 167 1991 ⁷,
182 1944 283 1987 Una
305 1948 454 1985 autem
478 1942 666 1998 sabbati,
691 1957 791 1985 cum
818 1943 1178 1986 convenissemus
1203 1943 1260 1986 ad
1284 1943 1585 2000 frangendum
1606 1957 1780 2000 panem,
1810 1943 1972 1985 Paulus

144 2001 404 2059 disputabat
437 2016 538 2044 cum
577 2001 660 2057 eis,
693 2001 972 2058 profecturus
1005 2002 1052 2044 in
1089 2002 1350 2057 crastinum,
1384 2002 1688 2059 protraxitque
1725 2016 1973 2045 sermonem

145 2061 349 2117 usquein
375 2061 568 2104 mediam
598 2066 787 2104 noctem.
810 2060 829 2087 3
846 2061 986 2103 Erant
1015 2066 1165 2105 autem
1194 2062 1423 2118 lampades
1452 2061 1642 2118 copiosae
1663 2061 1710 2103 in
1742 2060 1972 2104 coenaculo

145 2121 220 2163 ubi
253 2134 426 2163 era-mus
453 2119 725 2176 congregati.
756 2119 773 2145 9
798 2119 963 2163 Sedens
993 2126 1141 2164 autem
1167 2121 1347 2176 quidam
1372 2120 1650 2175 adolescens,
1677 2120 1854 2163 nomine
1885 2121 1971 2162 Eu-

145 2180 326 2235 tychus,
360 2193 489 2235 super
514 2179 779 2234 fenest-ram,
807 2193 908 2221 cum
942 2184 1214 2235 mergeretur
1245 2193 1398 2223 somno
1433 2179 1579 2235 gravi,
1607 2179 1861 2236 disputante
1897 2178 1971 2221 diu

145 2238 304 2294 Paulo,
329 2238 486 2280 ductus
513 2252 666 2280 somno
689 2237 851 2280 cecidit
877 2238 931 2281 de
952 2239 1081 2281 tertio
1107 2239 1335 2282 coenaculo
1363 2238 1585 2294 deorsum,
1611 2243 1654 2281 et
1678 2238 1879 2280 sublatus
1905 2243 1972 2280 est

145 2304 356 2340 mortuus.
382 2296 418 2323 10
435 2296 507 2339 Ad
537 2311 666 2353 quem
692 2311 793 2339 cum
828 2297 1128 2341 descendisset
1157 2297 1344 2353 Paulus,
1377 2297 1580 2340 incubuit
1611 2311 1744 2353 super
1765 2311 1893 2352 eum,
1929 2302 1972 2339 et

147 2356 415 2413 com-plexus,
444 2356 584 2400 dixit:
613 2356 762 2399 Nolite
786 2356 966 2411 turbari,
993 2357 1144 2399 anima
1169 2357 1287 2399 enim
1308 2357 1445 2413 ipsius
1466 2356 1512 2398 in
1534 2356 1630 2413 ipso
1656 2360 1734 2399 est.
1755 2355 1787 2381 11
1804 2356 1969 2399 Ascen-

145 2416 260 2458 dens-
282 2421 452 2471 autem,
480 2415 782 2471 frangensque
803 2429 963 2471 panem
989 2421 1032 2459 et
1057 2421 1262 2472 gustans,
1289 2416 1483 2471 satisque
1508 2413 1727 2458 allocut-us
1757 2429 1893 2470 usque
1924 2415 1971 2457 in

147 2475 312 2530 lucem,
339 2475 403 2517 sic
425 2474 654 2531 profectus
678 2480 757 2517 est.
786 2473 822 2499 12
840 2474 1137 2518 Adduxerunt
1157 2480 1307 2517 autem
1332 2489 1516 2531 puerum
1537 2474 1785 2529 viventem,
1805 2480 1848 2517 et
1870 2488 1971 2517 con-

145 2534 274 2577 solati
299 2539 404 2576 sunt
428 2547 513 2577 non
542 2533 738 2577 minime.

207 2592 242 2619 13
260 2593 358 2635 Nos
379 2599 530 2636 autem
559 2593 850 2637 ascendentes
879 2607 1059 2649 navem,
1087 2593 1398 2650 navigavimus
1425 2593 1472 2636 in
1498 2595 1663 2649 Asson,
1693 2593 1797 2636 inde
1826 2607 1971 2636 susce-

144 2652 264 2709 pturi·
290 2652 503 2707 Paulum,
531 2652 593 2695 sic
616 2652 735 2695 enim
757 2652 1033 2709 disposuerat
1058 2653 1152 2709 ipse
1173 2667 1250 2709 per
1273 2657 1435 2696 terram
1459 2653 1543 2696 iter
1570 2653 1786 2696 facturus.
1803 2651 1838 2678 ¹4
1860 2652 1971 2695 Cum

146 2717 296 2754 autem
322 2711 600 2754 convenisset
625 2725 704 2754 nos
728 2711 775 2754 in
803 2714 967 2767 Asson,
995 2717 1226 2768 assumpto,
1251 2725 1322 2766 eo,
1342 2711 1543 2755 venimus
1568 2711 1829 2768 Mitylenen.
1855 2710 1889 2737 15
1915 2712 1973 2754 Et

146 2770 256 2813 inde—
276 2770 553 2826 navigantes,
572 2770 772 2825 sequenti
795 2771 865 2814 die
887 2771 1088 2814 venimus
1111 2776 1263 2814 contra
1288 2770 1474 2826 Chium3
1502 2776 1545 2814 et
1565 2771 1654 2813 alia
1676 2770 1980 2827 applicuimus.

148 2831 350 2884 Samum,
377 2834 421 2872 et
453 2829 652 2884 sequenti
683 2829 754 2872 die
783 2830 984 2873 venimus
1018 2829 1236 2875 Miletum,
1271 2829 1307 2856 1⁶
1331 2830 1623 2887 Proposuerat
1656 2828 1774 2873 enim
1808 2829 1970 2872 Paulus

146 2888 487 2944 transnavigare
510 2888 746 2944 Ephesum,
774 2903 828 2932 ne
851 2903 936 2945 qua
963 2903 1084 2931 mora
1106 2888 1171 2931 illi
1194 2889 1317 2933 fieret
1340 2889 1386 2932 in
1408 2889 1516 2933 Asia
1539 2906 1546 2933 :
1569 2887 1817 2932 festinabat
1839 2888 1968 2944 enim,

146 2948 185 2990 si
204 2947 415 3004 possibile
439 2947 525 2989 sibi
550 2952 684 3003 esset,
712 2952 761 2990 ut
779 2948 896 2991 diem
922 2948 1205 2991 Pentecostes
1229 2948 1398 2991 faceret
1423 2948 1726 3004 jerosolymis.

207 3006 240 3032 ¹⁷
267 3007 308 3049 A
338 3006 493 3050 Mileto
526 3012 677 3048 autem
702 3006 883 3050 mittens
914 3007 1159 3063 Ephesum,
1186 3007 1364 3050 vocavit
1392 3008 1584 3064 majores
1612 3014 1720 3050 natu
1753 3007 1969 3051 ecclesiae.

150 3064 183 3093 18
208 3065 290 3116 Qui
325 3080 425 3109 cum
451 3065 677 3109 venissent
708 3065 764 3108 ad
795 3080 916 3115 eum,
951 3071 995 3109 et
1027 3066 1158 3110 simul
1191 3071 1357 3123 essent,
1393 3066 1508 3110 dixit
1541 3067 1602 3110 eis
1633 3083 1641 3111 :
1667 3067 1758 3110 Vos
1791 3067 1914 3110 scitis
1944 3081 1970 3109 a

147 3125 289 3182 prima
327 3125 398 3167 die
431 3139 516 3180 qua
552 3125 776 3180 ingressus
812 3139 909 3167 sum
940 3125 986 3167 in
1024 3125 1199 3182 Asiam,
1238 3126 1429 3181 qualiter
1461 3125 1693 3170 vobiscum
1729 3140 1806 3184 per
1841 3139 1971 3169 omne

146 3190 322 3240 tenipus
343 3184 527 3240 fuerim,
557 3183 594 3209 ¹9
609 3184 804 3227 serviens
831 3184 1021 3228 Domino
1045 3198 1145 3227 cum
1168 3182 1286 3228 omni
1310 3185 1583 3240 humilitate,
1606 3190 1650 3228 et
1675 3185 1903 3241 lacrymis,
1927 3190 1970 3227 et

146 3242 468 3286 tentationibus
507 3257 605 3299 quae
639 3243 746 3285 mihi
785 3243 1042 3287 acciderunt
1074 3258 1130 3286 ex
1160 3243 1334 3287 insidiis
1367 3245 1654 3299 Judaeorum3
1690 3243 1728 3270 ⁴2⁰
1752 3243 1969 3300 quomodo

147 3301 259 3344 nih-il
281 3301 578 3345 subtraxerim
605 3302 802 3355 utilium,
831 3302 1063 3358 quominus
1089 3303 1400 3346 annuntiarem
1425 3303 1571 3358 vobis,
1595 3309 1642 3346 et.
1663 3303 1866 3346 docerem
1893 3317 1968 3345 vos

148 3360 345 3418 publice,
379 3367 423 3404 et
456 3376 533 3418 per
565 3362 741 3417 domos,
773 3360 806 3387 ⁹²²
834 3361 1075 3407 testificans
1105 3361 1276 3409 Judaeis
1308 3368 1440 3419 atque
1472 3362 1712 3418 gentilibus
1745 3362 1790 3403 in
1825 3362 1969 3404 Deum

147 3419 471 3476 poenitentiam,
498 3425 542 3464 et
567 3420 700 3464 fidem
726 3421 771 3463 in
799 3421 1038 3463 Dominum
1059 3427 1257 3464 nostrum
1279 3423 1306 3466 J
1311 3436 1434 3465 esum
1456 3422 1693 3466 Christum.
1714 3418 1750 3445 ‘2⁹2
1769 3420 1826 3462 Et
1851 3435 1968 3464 nunc

138 3492 253 3522 ecce
277 3478 490 3535 alligatus
520 3494 605 3535 ego
635 3480 821 3537 Spiritu,
848 3479 963 3522 vadso
994 3480 1039 3522 in
1069 3481 1339 3537 Jerusalem,
1371 3495 1468 3537 quse
1499 3480 1546 3522 in
1578 3493 1630 3523 ea
1661 3483 1848 3522 ventura
1879 3479 1969 3522 sint

148 3537 260 3581 mihi
290 3537 531 3594 ignorans,
559 3538 596 3566 23
616 3539 704 3582 nisi
734 3539 851 3595 quod·
881 3538 1069 3596 Spiritus
1105 3545 1284 3583 sanctus
1321 3554 1399 3597 per
1435 3553 1585 3582 omnes
1622 3538 1832 3581 civitates
1858 3538 1967 3581 mihi

141 3601 429 3652 protestatur,
457 3597 609 3641 dicens
634 3599 844 3654 quoniam
866 3597 1047 3641 vincula
1071 3604 1115 3642 et
1137 3599 1446 3642 tribulationes
1468 3598 1496 3641 J
1501 3597 1756 3654 erosolymis
1782 3611 1852 3640 me
1874 3612 1965 3640 ma-

141 3660 269 3698 nent.
302 3654 339 3681 24
355 3655 440 3700 Sed
473 3656 586 3700 nihil
617 3657 774 3701 horum-
799 3671 961 3712 vereor,
994 3671 1075 3701 nec
1107 3658 1228 3702 flacio
1260 3657 1460 3701 animam·
1489 3670 1633 3700 mea-m
1664 3656 1967 3714 pretiosi-orem

2034 662 2149 692 Scriba
2181 664 2273 691 sedat

2083 707 2225 734 turham.

2056 1313 2260 1345 Progressus

2086 1355 2228 1384 itineris·

2058 1840 2261 1869 Mil-aculum

2068 1884 2101 1913 in
2119 1883 2252 1912 Troade.

2097 2607 2222 2635 Paulus

2067 2649 2102 2679 in
2119 2650 2246 2680 Milon-0.

2074 3020 2239 3048 Valcdicit

2079 3064 2235 3096 Ephesiis

2080 3108 2236 3136 Miletum

2076 3151 2237 3180 evocatis.
