2423 3861
711 147 753 189 ll
793 148 945 190 MAs'u.
983 147 1061 200 IV,
1096 147 1151 188 40
1185 173 1241 178 -—
1274 148 1327 195 V,
1365 146 1428 187 16.

1874 147 1981 189 1081

163 318 315 372 chum,
344 317 484 360 inulto
507 321 599 374 giam
627 332 732 360 auro
757 322 1000 373 exportato.
1034 317 1064 343 '¹⁰
1084 317 1243 360 anliis
1269 321 1415 359 autem
1442 315 1798 371 insurgentibus,
1826 321 1868 358 et
1892 317 1984 358 ani-

162 376 246 418 mis
278 375 341 418 ira
372 376 571 432 repletis,
603 377 912 432 Lysimachus,
940 376 1122 418 armatis
1142 377 1250 418 ·fe1·c
1284 375 1423 417 tribus
1455 375 1674 430 millibus,
1699 374 1862 429 iniquis
1896 389 1986 416 ma-

159 435 290 477 nibus
316 435 380 477 uti
408 435 563 491 coepit,
592 435 703 478 duce
735 436 926 490 quodam
958 441 1166 491 tyranno,
1205 440 1336 477 aetate
1370 434 1533 490 pariter
1563 440 1608 477 et
1640 433 1866 477 dementia
1892 447 1987 489 pro-

161 499 300 537 vecto.
345 493 377 520 *¹¹
411 494 515 549 Sed,
558 499 607 536 ut
647 494 961 536 intellexeruut
1002 500 1208 536 conatum
1250 493 1530 548 Lysimachi,
1568 492 1643 535 alii
1681 491 1872 549 lapides,
1911 491 1985 534 alii

158 553 300 596 histes
334 552 507 596 validos
540 553 787 610 arripuere,
821 552 1000 608 qnidam
1033 567 1136 594 vero
1169 552 1360 595 cinerem
1395 552 1437 593 in
1479 552 1795 608 Lysimachum
1828 550 1987 606 J'ecerc.

159 610 194 637 ⁴⁹
214 613 270 654 Et
298 611 425 654 multi
452 611 631 667 quidem
663 611 904 665 vulnerati,
930 611 1112 665 quid-ani
1137 618 1285 653 autem
1313 615 1358 653 et
1382 612 1607 667 prostrati,
1635 625 1786 654 omnes
1812 623 1913 653 vero
1943 609 1987 651 in

158 671 317 726 fugam
351 670 551 715 conversi
585 675 716 722 sunt;
750 669 897 725 ipsum
931 670 1066 711 etiam
1099 669 1366 724 sacrilegum
1400 683 1525 712 secus
1564 670 1768 712 aerarium
1802 668 1989 712 interfe-

159 734 323 772 cerunt.

216 787 254 814 ⁴3
273 789 338 832 De
362 789 432 831 his
460 802 562 844 ergo
594 787 729 844 coepit
754 787 973 842 judicium
1003 787 1218 830 adversus·
1250 788 1502 831 Menelaum
1534 788 1710 842 agitari.
1742 787 1778 813 ⁴¹¹
1801 788 1859 830 Et
1886 801 1988 830 cum

156 847 352 891 venisset
387 861 463 890 rex
500 847 689 902 Tyrum,
727 845 783 888 ad
822 845 964 902 ipsum
1008 846 1235 900 negotium
1274 847 1526 890 detulerunt
1563 846 1685 888 missi
1721 851 1808 889 tres
1846 846 1927 888 viri
1963 861 1990 888 a

155 905 415 950 senioribus.
447 905 483 931 ⁴5
511 906 569 948 Et
602 919 703 947 cum
728 911 1007 961 superaretur
1041 904 1290 959 Menelaus,
1322 905 1523 961 promisit
1553 905 1794 948 Ptolemaeo
1827 905 1989 948 multas

158 964 367 1021 pecunias
393 964 498 1007 dare
532 964 588 1007 ad
615 964 892 1007 suadendum
918 963 1025 1019 regi.
1053 963 1265 1019 ⁴01taque
1292 965 1558 1007 Ptolemaeus
1586 964 1630 1006 in
1661 964 1853 1019 quodam
1877 964 1990 1007 atrio

156 1023 349 1080 positum
375 1022 500 1078 quasi
534 1022 830 1079 refrigerandi
864 1023 1010 1078 gratia
1038 1036 1186 1078 regem
1221 1023 1356 1078 adiit,
1388 1029 1431 1066 et
1464 1023 1647 1066 deduxit
1679 1037 1706 1064 a
1738 1023 1986 1077 sententia3

157 1081 191 1108 ⁴⁷
225 1087 269 1125 et
308 1082 563 1125 Menelaum
605 1082 783 1138 quidem
821 1082 1040 1124 universae
1082 1082 1266 1124 malitiae
1306 1096 1430 1125 reum
1470 1081 1730 1125 criminibus
1770 1081 1987 1137 absolvit,

155 1141 338 1185 miseros
369 1146 541 1196 autem,
570 1141 664 1198 qui,
693 1141 867 1184 etiamsi
893 1141 1010 1197 apud
1042 1141 1229 1197 Scythas
1264 1155 1443 1184 causam
1469 1141 1705 1196 dixissent,
1731 1141 1990 1184 innocentes

154 1199 482 1257 judicarentur,
513 1201 592 1243 hos
628 1206 767 1243 morte
802 1199 1047 1243 damnavit.
1074 1199 1111 1227 ‘¹⁸
1136 1200 1236 1243 Cito
1269 1214 1371 1256 ergo
1403 1200 1620 1256 injustam
1652 1214 1830 1257 poenam
1858 1199 1990 1242 dede-

157 1265 278 1316 runt,
304 1259 380 1315 qui
404 1273 482 1317 pro
509 1259 712 1315 civitate,
737 1265 781 1302 et
807 1259 991 1316 populo,
1019 1264 1063 1302 et
1092 1260 1228 1303 sacris
1254 1260 1396 1315 vasis,
1423 1273 1602 1302 causam
1628 1258 1847 1316 prosecuti
1871 1264 1987 1302 sunt.

154 1317 508 1369 ⁴⁹Quamobrem
537 1319 660 1375 Tyrii
697 1333 869 1374 quoque
908 1318 1153 1374 indigna-ti,
1188 1333 1293 1373 erga
1337 1319 1610 1375 sepulturam
1647 1332 1798 1361 corum
1833 1318 1990 1361 libera-

155 1377 315 1420 lissimi
348 1378 602 1421 extiterunt.
636 1377 673 1404 ⁵⁰
694 1377 924 1420 Menelaus
971 1383 1142 1433 autem,
1177 1383 1355 1434 propter
1391 1391 1560 1433 eorum,
1603 1378 1675 1433 qui
1712 1378 1757 1419 iu
1792 1377 1991 1434 potentia

157 1442 301 1492 erant,
325 1436 580 1492 avaritiam,
606 1436 895 1493 permanebat
917 1436 962 1479 in
991 1443 1232 1492 potestate,
1253 1450 1453 1480 crescens
1470 1437 1517 1478 in
1537 1436 1708 1479 malitia
1727 1437 1783 1479 ad
1804 1436 1990 1478 insidias

157 1495 334 1539 civium.

214 1555 322 1598 CAP.
349 1556 406 1599 V.
434 1582 490 1588 —
511 1555 525 1581 ¹
547 1555 717 1598 Eodem
743 1562 940 1612 tempore
969 1556 1219 1599 Antiochus
1246 1556 1485 1599 secundam
1515 1557 1839 1612 profectionem
1865 1570 1990 1612 para-

156 1613 220 1656 vit
242 1613 290 1655 in
314 1615 577 1670 AEgyptum.
607 1612 625 1639 2
647 1613 846 1670 Contigit
874 1619 1022 1657 autem
1049 1629 1127 1670 per
1152 1615 1404 1658 universam
1430 1615 1809 1670 Jerosolymorum
1834 1615 1990 1657 civita-

155 1679 246 1716 tem
271 1672 413 1716 videri
437 1673 592 1716 diebus
619 1673 917 1729 quadraginta
942 1688 1019 1730 per
1043 1687 1146 1716 aera
1164 1673 1332 1729 equites
1359 1674 1674 1728 discurrentes,
1701 1679 1878 1716 auratas
1904 1679 1990 1716 sto-

156 1731 221 1775 las
245 1731 481 1788 habentes,
509 1738 553 1776 et
577 1732 731 1788 hastis,
760 1732 886 1788 quasi
911 1732 1133 1788 cohortes,
1160 1739 1381 1788 armatos3
1405 1732 1423 1759 3
1441 1738 1484 1775 et
1506 1746 1657 1776 cursus
1683 1746 1894 1788 equorum
1916 1746 1992 1788 per

157 1791 331 1834 ordines
364 1791 583 1848 digestos,
618 1798 662 1835 et
693 1785 1026 1848 congressiones
1060 1793 1152 1835 fieri
1185 1792 1407 1848 cominus,
1442 1797 1486 1835 et
1515 1798 1739 1835 scutorum
1770 1796 1916 1834 motus
1948 1795 1992 1834 et

157 1849 431 1906 galeatorum
457 1851 793 1895 multitudinem
827 1851 988 1907 gladiis
1024 1850 1258 1905 districtis,
1288 1858 1330 1894 et
1355 1850 1545 1894 telorum
1573 1851 1740 1906 jactus,
1767 1856 1810 1893 et
1838 1865 1989 1893 aureo-

152 1923 251 1952 rum
291 1924 514 1953 armorum
555 1910 859 1967 splendorem,
903 1910 1133 1966 omnisque
1173 1911 1346 1966 generis
1384 1909 1633 1953 loricarum.
1676 1910 1691 1935 ⁴
1717 1909 2013 1966 Quapropter·

157 1983 306 2012 omnes
330 1969 550 2026 rogabant
573 1970 621 2012 in
650 1969 817 2013 bonum
844 1976 1040 2013 monstra
1067 1970 1278 2013 converti.

213 2027 231 2054 ⁵
250 2028 334 2073 Sed
365 2043 467 2072 cum
500 2028 642 2072 falsus
678 2043 826 2072 rumor
852 2029 1035 2085 exisset,
1064 2033 1279 2085 tanquam
1305 2030 1399 2073 vita
1429 2030 1691 2074 excessisset
1721 2028 1989 2087 Antiochus,

155 2088 393 2145 assumptis
416 2089 555 2132 Jason
581 2103 668 2132 non
697 2088 844 2131 minus
871 2089 993 2132 mille
1018 2088 1147 2143 viris,
1173 2094 1353 2146 repente
1379 2103 1614 2145 aggressus
1639 2095 1706 2133 est
1732 2089 1987 2143 civitatem;

150 2152 199 2190 *et
227 2147 399 2190 civibus
432 2148 488 2190 ad
525 2162 701 2191 murum
741 2147 1102 2202 convolantibus,
1138 2148 1195 2190 ad
1232 2148 1438 2191 ultimum
1474 2149 1750 2205 apprehensa
1783 2148 1989 2204 civitate,

155 2203 384 2250 Menelaus
417 2207 538 2262 fugit
574 2207 619 2249 in
659 2220 819 2249 arcem.
855 2206 872 2233 ὓ
894 2207 1033 2249 Jason
1068 2221 1171 2250 vero
1206 2221 1293 2250 non
1330 2207 1542 2264 parcebat
1577 2207 1624 2250 in
1658 2207 1780 2250 caede
1818 2206 1991 2250 civibus

157 2266 266 2321 suis,
293 2279 376 2308 nec
400 2265 629 2321 cogitabat
656 2265 994 2323 prosperitatem
1025 2266 1261 2309 adversum
1287 2272 1500 2322 cognatos
1527 2267 1693 2309 malum
1723 2279 1817 2309 esse
1851 2266 1991 2309 maxi-

157 2338 298 2379 mum,
324 2325 546 2368 arbitrans
573 2325 788 2381 hostium,
816 2330 860 2368 et
882 2339 969 2368 non
993 2325 1178 2381 civium,
1197 2340 1243 2368 se
1265 2325 1463 2382 trophaea
1490 2331 1734 2383 capturum.
1759 2324 1773 2351 ⁷
1794 2325 1852 2368 Et.
1872 2325 1990 2382 prin-

157 2382 353 2440 cipatum
375 2384 553 2440 quidem
583 2398 671 2426 non
697 2384 902 2440 obtinuit,
924 2384 1056 2427 finem
1076 2399 1179 2428 vero
1200 2384 1464 2428 insidiarum
1486 2399 1663 2428 suarum
1684 2384 1991 2428 confusionem

157 2443 350 2498 accepit,
380 2448 423 2486 et
455 2443 671 2500 profugus
705 2443 868 2486 iterum
893 2443 1006 2486 abiit
1035 2444 1080 2487 in
1106 2444 1412 2488 Ammaniten.
1439 2444 1457 2470 8
1475 2444 1546 2487 Ad
1571 2444 1801 2499 ultimum,
1826 2444 1871 2486 in
1899 2443 1990 2487 exi-

157 2501 268 2545 tium
301 2502 366 2544 sui
401 2502 634 2546 conclusus
667 2502 724 2545 ab
760 2504 917 2558 Areta,
949 2503 1150 2546 Arabum
1182 2509 1397 2559 tyranno,
1429 2502 1607 2560 fugiens
1641 2503 1694 2546 de
1729 2503 1910 2546 civitate
1942 2503 1989 2545 in

159 2560 407 2617 civitatem,
442 2561 645 2604 omnibus
681 2560 877 2618 odiosus,
913 2568 963 2605 ut
994 2563 1155 2618 refuga
1188 2563 1338 2618 legum
1367 2567 1411 2606 et
1441 2561 1725 2619 execrabilis,
1752 2567 1800 2605 ut
1833 2562 1989 2618 patn’ae

157 2624 200 2662 et
225 2619 390 2663 civium
412 2621 565 2676 hostis,
588 2620 634 2663 in
654 2621 907 2677 AEgyptum
932 2627 1135 2664 extrusus
1161 2627 1253 2677 est3
1277 2621 1295 2648 ⁹
1313 2627 1356 2665 et
1381 2621 1455 2678 qui
1479 2622 1641 2665 multos
1668 2622 1721 2665 de
1746 2621 1889 2679 patria
1910 2635 1990 2664 sua

157 2680 408 2735 expulerat,
431 2694 615 2736 peregre
640 2680 792 2737 periit,
821 2680 1170 2724 Lacedaemonas
1197 2680 1443 2738 profectus,
1472 2681 1596 2737 quasi
1622 2695 1699 2738 pro
1726 2680 1990 2737 cognatione

157 2738 218 2780 ibi
244 2739 470 2794 refugium
493 2738 749 2795 habiturus3
776 2738 813 2766 ¹⁰
829 2746 873 2783 et
895 2739 968 2795 qni
989 2739 1234 2796 insepultos
1257 2738 1419 2783 multos
1441 2739 1687 2796 abjecerat,
1707 2739 1802 2797 ipse
1824 2745 1866 2783 et
1890 2738 1989 2781 illa-

158 2803 382 2841 mentatus
414 2804 458 2841 et
485 2798 735 2855 insepultus
760 2798 985 2855 abjicitur,
1015 2799 1240 2855 sepultura
1266 2812 1407 2855 neque
1440 2799 1671 2856 peregrina
1697 2813 1820 2853 usuS,
1847 2812 1990 2854 neque

155 2856 300 2912 patrio
321 2857 524 2914 sepulcro
546 2857 832 2914 participans.

232 3009 254 3061 ξ
279 3007 360 3050 IV.
387 3033 444 3040 --
465 3009 678 3050 Antiochi
703 3009 907 3064 impietas
931 3010 977 3050 in
1002 3009 1148 3051 Deum
1168 3016 1210 3051 et
1229 3009 1467 3052 crudelitas·
1492 3009 1703 3051 adversus
1724 3009 1922 3051 Judceos.

219 3150 252 3176 ¹¹
273 3151 358 3195 His
382 3151 532 3207 itaque
557 3151 714 3207 gestis,
741 3152 991 3207 suspicatus
1017 3157 1085 3194 est
1112 3166 1189 3194 rex
1214 3151 1474 3195 societatem
1503 3152 1749 3195 deserturos
1776 3152 1986 3206 ‚Judaeos3

158 3215 205 3253 et
224 3209 280 3253 ob
304 3210 388 3253 hoc
413 3211 641 3266 profectus
667 3224 722 3254 ex
747 3211 947 3266 AEgypto
969 3210 1168 3254 efferatis
1189 3210 1372 3265 animis,
1398 3210 1628 3254 civitatem
1653 3210 1833 3266 quidem
1855 3209 1988 3253 armis

160 3268 290 3325 cepit.
315 3267 351 3295 ¹²
367 3269 395 3312 J
401 3269 511 3312 ussit
535 3276 687 3313 autem
712 3269 930 3312 militibus
959 3269 1225 3322 interlicere,
1249 3284 1330 3314 nec
1357 3283 1535 3326 parcere
1561 3269 1913 3326 occursantibus,
1941 3275 1988 3313 >et

158 3341 238 3383 per
270 3327 422 3372 domos
457 3328 750 3372 ascendentes
790 3327 1022 3372 trucidare.
1066 3328 1101 3355 ¹⁸
1135 3329 1324 3372 Fiebant
1361 3342 1465 3386 ergo
1501 3328 1644 3372 caedes
1685 3329 1899 3385 juvenum
1934 3343 1987 3372 ac

160 3386 402 3442 seniorum,
430 3393 476 3431 et
504 3388 739 3431 mulierum
770 3394 812 3431 et
841 3394 1043 3430 natorum
1069 3388 1353 3444 exterminia,
1381 3388 1690 3444 virginumque
1714 3392 1758 3431 et
1783 3387 1987 3445 parvulo-

159 3459 257 3488 rum
282 3461 425 3490 neces.
450 3446 485 3474 ¹⁴
503 3449 645 3491 Erant
668 3453 819 3490 autem
842 3452 934 3490 toto
954 3446 1103 3490 triduo
1124 3447 1349 3504 octoginta
1374 3447 1515 3490 millia
1536 3446 1777 3502 interfecti,
1801 3446 1987 3503 quadra—

159 3504 288 3560 ginta
313 3506 455 3550 millia
476 3507 638 3560 vincti,
667 3521 750 3549 non
775 3507 920 3549 minus
946 3512 1093 3549 autem
1116 3506 1371 3550 venundati.

222 3564 258 3591 ¹5
284 3565 367 3609 Sed
396 3580 478 3610 nec
503 3566 591 3610 ista
623 3566 877 3610 sufficiunt:
911 3580 1040 3608 ausus
1071 3571 1137 3609 cst
1167 3566 1302 3609 ctiam
1335 3565 1500 3608 intrare
1533 3566 1749 3623 templum
1782 3567 1987 3611 universa.

161 3631 275 3668 terra
302 3625 518 3682 sanctiuS,
552 3626 752 3669 Menelao
780 3625 979 3677 ductore,
1007 3625 1078 3680 qui
1107 3625 1252 3679 legum
1281 3630 1324 3668 et
1351 3624 1505 3680 patriae
1528 3625 1616 3667 fuit
1641 3625 1858 3682 prodit0r3
1888 3625 1924 3652 ¹⁶
1944 3632 1988 3669 et

2083 801 2270 835 Menelaus,

2055 843 2293 877 oblatisdonis,

2118 896 2137 917 a
2153 895 2231 922 rege

2077 932 2276 962 absolvitur.

2120 1570 2223 1597 Jason
2233 1589 2238 1602 ,
2261 1583 2266 1589 ·

2099 1612 2129 1640 in
2136 1613 2261 1640 vadens

2076 1657 2264 1685 Jerusalem
2274 1677 2281 1692 ,

2120 1700 2239 1729 misere

2102 1744 2255 1772 moritur.

2083 3161 2269 3190 Antiochus

2110 3205 2142 3234 in
2149 3205 2239 3234 vadit

2080 3251 2268 3278 Jerusalem

2106 3293 2241 3327 editque

2101 3341 2249 3372 stragem

2075 3382 2254 3412 maximam
2266 3393 2273 3415 :

2072 3583 2187 3616 diripit
2206 3591 2280 3612 san-

2080 3631 2265 3661 ctuarlum;
