2423 3861
132 482 200 508 Pax

54 522 278 553 concluditur.

85 1670 233 1702 cogente

106 1720 186 1746 rege
197 1734 204 1746 ‚

84 1756 230 1784 Nicanor

55 1801 168 1829 soedus
194 1800 260 1829 dis-

100 1843 204 1874 solvit
215 1864 224 1880 ‚

74 2381 107 2408 et
122 2379 239 2412 templi

52 2440 56 2443 »
83 2428 187 2451 minat
195 2431 232 2451 ur

48 2474 64 2494 c
72 2466 265 2497 tersionem.

37 3081 144 3109 Senex
158 3082 275 3112 Razias

82 3125 144 3153 sibi
169 3126 231 3158 ipsi

86 3174 224 3199 mortem

101 3212 212 3242 infert.

358 176 468 219 1094
972 174 1021 215 II
1054 173 1207 215 MACH.
1242 172 1368 226 XIV,
1405 173 1569 215 15-43.

353 345 620 400 miscebant,
660 343 857 386 miserias
896 347 941 385 et
977 341 1126 385 clades
1159 341 1448 398 Judaeorum,
1481 343 1796 400 prosperitates
1826 358 1976 387 rerum
2005 359 2187 390 sua-rum

352 404 670 448 existimantes.

412 463 447 490 ¹5
465 463 631 506 Audito
657 462 806 515 itaque
832 460 979 503 Judaei
1007 460 1241 503 Nicanoris
1267 460 1477 516 adventu,
1500 465 1546 504 et
1567 466 1789 505 conventu
1807 462 2055 519 nationum,
2082 478 2189 508 con—
2211 493 2217 496 -

351 523 485 579 spersi
510 527 625 564 terra
656 519 874 575 rogabant
903 533 1004 563 eum
1029 519 1102 575 qui
1128 519 1342 576 populum
1370 532 1500 562 suum
1534 520 1788 576 constituit,
1815 526 1864 563 ut
1895 521 1943 563 111
1969 527 2186 566 aeternum

351 581 611 633 custodiret,
646 579 807 634 quique
842 593 970 621 suam
1005 578 1255 636 portionem
1291 579 1431 635 signis
1469 579 1752 623 evidentibus
1790 581 1997 636 protegit.
2033 581 2070 608 16
2093 582 2184 624 Im·
2212 611 2216 613 -

350 646 529 696 perante
553 643 701 680 autem
725 637 849 693 duce,
877 638 1030 680 statim
1053 638 1159 681 inde
1181 643 1428 694 moverunt,
1453 645 1841 694 conveneruntque
1866 640 1922 682 ad
1949 640 2184 685 castellum
2211 680 2214 682 .

351 700 532 742 Dessau.
561 696 594 722 '¹⁷
613 696 765 740 Simon
791 710 914 752 vero,
938 697 1078 740 frater
1103 697 1256 753 -Judae,
1281 697 1565 741 commiserat
1589 713 1691 741 cum
1717 697 1954 755 Nicanore,
1977 699 2055 742 sed
2081 714 2184 742 con-

348 758 524 801 territus
550 761 615 799 est
639 755 871 812 repentino
894 756 1090 799 adventu
1117 757 1484 800 adversariorum.
2214 792 2218 796 ‚

407 816 441 843 ‘¹⁸
469 816 663 859 Nicanor
687 820 858 871 tamen,
890 815 1075 859 audiens
1104 816 1317 860 virtutem
1347 817 1563 860 comitum
1589 817 1746 874 -Judae,
1774 822 1818 860 et
1843 818 1982 861 animi
2010 819 2184 876 mag-ni-
2211 847 2216 850 -

346 875 567 931 tudinem,
603 889 737 931 quam
769 889 846 931 pro
880 875 1037 932 patriae
1073 876 1390 919 certaminibus
1423 876 1675 933 habebant,
1713 877 1932 933 sanguine
1965 877 2183 933 judicium

345 935 494 978 facere
529 934 780 988 metuebat3
824 934 857 960 ¹9
878 934 1166 990 quamobrem
1203 935 1422 992 praemisit
1451 935 1760 992 Posidonium,
1788 941 1833 979 et
1863 936 2181 994 Theodotium,

345 1000 389 1037 et
416 994 678 1050 Matthiam,
708 998 757 1036 ut
787 993 944 1036 darent
973 994 1152 1037 dextras
1189 1000 1323 1051 atque
1355 995 1623 1051 acciperent.
1650 994 1688 1021 ‘²0
1710 997 1766 1038 Et
1793 1010 1893 1038 cum
1919 995 1995 1039 diu
2031 996 2083 1040 de
2112 997 2183 1040 his
2209 1028 2213 1032 »

345 1053 578 1096 consilium
605 1058 821 1109 ageretur,
849 1058 892 1096 et
916 1053 1012 1110 ipse
1038 1054 1129 1097 dux
1159 1054 1214 1097 ad
1236 1054 1572 1097 multitudinem
1598 1055 1842 1111 retulisset,
1871 1056 2070 1099 omnium
2090 1070 2197 1107 una,

343 1113 433 1156 fuit
453 1113 677 1156 sententia
701 1112 914 1155 amicitiis
938 1127 1147 1157 annuere.
1168 1112 1202 1140 2¹
1222 1114 1381 1170 Itaque
1404 1113 1523 1156 diem
1545 1114 1886 1171 constituerunt,
1908 1129 1993 1171 qua
2011 1121 2181 1159 secreto

344 1172 458 1216 inter
490 1186 535 1215 se
564 1176 772 1227 agerent3
805 1176 848 1215 et
879 1171 1070 1228 singulis
1099 1172 1222 1216 sellae
1256 1173 1441 1229 prolatae
1473 1178 1597 1229 sunt,
1629 1178 1673 1216 et
1705 1174 1875 1230 positae.
1901 1173 1939 1200 2'2
1961 1175 2182 1231 Praecepit

343 1236 493 1274 autem
517 1232 545 1274 J
551 1231 659 1274 udas
684 1236 878 1274 armatos
900 1245 994 1275 esse
1023 1232 1132 1275 locis
1163 1232 1442 1289 opportunis,
1466 1246 1522 1275 ne
1547 1232 1665 1275 forte
1689 1232 1746 1275 ab
1772 1233 1974 1276 hostibus
1998 1239 2182 1291 repente
2206 1259 2209 1261 -

343 1290 450 1333 mali
487 1290 656 1346 aliquid
691 1290 903 1345 oriretur-3
945 1296 988 1334 et
1025 1305 1271 1347 congruum
1305 1291 1575 1347 colloquium
1608 1292 1830 1336 fecerunt.
1865 1291 1903 1319 ⁶²3
1923 1293 2210 1336 Morabatur·

343 1356 492 1393 autem
519 1351 713 1393 Nicanor
735 1351 763 1393 J
767 1351 1047 1406 erosolymis,
1069 1351 1268 1407 nihilque
1290 1351 1441 1407 inique
1466 1351 1642 1407 agebat,
1667 1365 1908 1407 gregesque
1935 1352 2179 1408 turbarum,

343 1425 441 1465 quae
485 1413 769 1465 congregatae
809 1409 1010 1465 fuerant,
1050 1409 1233 1454 dimisit.
1275 1409 1311 1437 24
1353 1410 1566 1453 Habebat
1606 1416 1757 1454 autem
1793 1411 1961 1454 <ludam
2007 1427 2182 1469 semper
2205 1431 2208 1433 >

344 1484 493 1512 carum
520 1483 574 1512 ex
596 1469 766 1524 animo,
794 1473 837 1512 et
867 1474 961 1512 erat
985 1470 1080 1512 viro
1111 1470 1368 1514 inclinatus.
1391 1469 1429 1496 25
1449 1469 1729 1526 Rogavitque
1755 1484 1857 1513 eum
1891 1470 2050 1515 ducere
2073 1485 2185 1514 uxo-

342 1543 455 1584 rem,
482 1528 682 1584 filiosque
702 1542 945 1585 procreare.
974 1529 1165 1585 Nuptias
1191 1529 1323 1586 fecit,
1348 1529 1495 1586 quiete
1519 1529 1630 1585 egit,
1659 1529 2039 1587 communiterque
2058 1530 2182 1574 vive-

342 1588 464 1631 bant.

403 1646 439 1674 26
465 1647 666 1691 Alcimus
699 1653 870 1703 autem,
905 1648 1061 1691 videns
1092 1649 1324 1692 caritatem
1359 1650 1535 1693 illorum
1571 1649 1627 1692 ad
1663 1649 1878 1706 invicem,
1916 1654 1958 1692 et
1988 1662 2204 1692 convent

343 1707 506 1763 tiones,
533 1707 656 1750 venit
688 1707 743 1750 ad
780 1708 1078 1764 Demetrium,
1106 1714 1150 1751 et
1175 1708 1353 1752 dicebat
1378 1709 1648 1752 Nicanorem
1681 1709 1812 1752 rebus
1842 1707 2000 1752 alienis
2030 1722 2178 1752 assen-

344 1765 447 1822 tire,
475 1766 741 1822 Judamque,
765 1767 890 1822 regni
913 1766 1230 1824 insidiatorem,
1258 1782 1556 1812 successorem
1575 1767 1659 1811 sibi
1686 1768 1944 1811 destinasse.
1963 1766 1999 1794 ‘²⁷
2019 1768 2179 1824 Itaque

342 1840 420 1868 rex
439 1832 737 1882 exasperatus,
758 1831 801 1869 et
826 1826 1028 1882 pessimis
1053 1827 1185 1883 hujus
1209 1827 1594 1871 criminationibus
1617 1827 1828 1883 irritatus,
1849 1826 2026 1883 scripsit
2044 1827 2178 1870 Nica-

343 1885 458 1941 nori,
491 1884 662 1941 dicens,
693 1885 890 1941 graviter
918 1886 1097 1942 quidem
1122 1901 1168 1929 se
1199 1886 1316 1930 ferre
1347 1887 1400 1930 de
1427 1887 1639 1929 amicitiae
1675 1886 1991 1942 conventione,
2023 1886 2179 1942 jubere

343 1950 493 1988 tamen
512 1944 822 1987 Machabaeum
844 1945 974 1988 citius
993 1945 1193 1988 vinctum
1216 1946 1391 1989 mittere
1410 1946 1713 1989 Antiochiam.
1735 1945 1770 1972 ²8
1786 1945 1952 1996 Quibus
1972 1945 2178 2002 cognitis,

344 2003 539 2055 Nicanor
573 2005 950 2060 consternabatur,
986 2010 1030 2047 et
1067 2005 1262 2061 graviter
1298 2005 1496 2062 ferebat,
1536 2005 1572 2048 si
1609 2019 1681 2060 ea,
1720 2019 1818 2061 quae
1857 2001 2180 2062 convenerant,

342 2062 466 2105 irrita
496 2063 688 2118 faceret,
715 2063 826 2110 nihil
856 2064 985 2107 laesus
1012 2079 1037 2106 a
1064 2064 1170 2107 viro.
1198 2063 1234 2090 29
1257 2065 1341 2108 Sed
1366 2064 1469 2121 quia
1498 2064 1592 2120 regi
1622 2064 1826 2107 resistere
1863 2079 1950 2107 non
1983 2069 2200 2121 poterat,.

343 2122 718 2179 opportunitatem
744 2123 1009 2166 observabat
1034 2139 1119 2179 qua
1148 2130 1421 2181 praeceptum
1447 2124 1689 2181 perficeret.
1721 2123 1758 2150 3⁰
1774 2124 1837 2166 At
1862 2123 2175 2180 Machabaeus,

341 2181 495 2224 videns
526 2196 676 2225 secum
705 2182 922 2225 austerius
954 2197 1086 2239 agere
1121 2183 1482 2239 Nicanorem,‘et
1507 2188 1767 2227 consuetum
1800 2197 2030 2226 occursum
2059 2182 2199 2226 fero-⁷

341 2241 433 2284 cius
460 2241 766 2298 exhibentem,
789 2242 1045 2299 intelligens
1068 2257 1156 2286 non
1181 2258 1236 2287 ex
1261 2243 1376 2287 bono
1400 2257 1495 2286 esse
1520 2243 1828 2286 austeritatem
1852 2242 2000 2299 istam,
2024 2242 2177 2300 paucis

340 2314 517 2343 suorum
545 2301 846 2357 congregatis,
872 2302 1113 2345 occultavit
1134 2317 1180 2345 se
1206 2318 1231 2346 a
1256 2303 1491 2346 Nicanore.

400 2359 432 2386 3¹
455 2360 578 2410 Quod
602 2375 702 2403 cum
728 2361 802 2404 ille
827 2362 1036 2418 cognovit
1062 2362 1240 2406 fortiter
1259 2377 1305 2406 se
1327 2377 1354 2405 a
1371 2362 1465 2405 viro
1491 2367 1783 2419 praeventum,
1807 2361 1932 2405 venit
1951 2361 2008 2405 ad
2035 2362 2177 2405 maxi-

340 2435 462 2462 mum
485 2425 528 2462 et
561 2420 892 2463 sanctissimum
923 2422 1164 2478 templum3
1195 2428 1239 2465 et
1271 2422 1576 2465 sacerdotibus
1605 2421 1759 2465 solitas
1793 2421 1960 2464 hostias
1987 2421 2176 2465 offeren—

339 2479 480 2535 tibus,
506 2479 637 2536 jussit
659 2480 742 2523 sibi
766 2480 882 2523 tradi
907 2480 1065 2525 virum.
1089 2480 1126 2507 32
1145 2482 1312 2531 Quibus
1334 2496 1435 2524 cum
1457 2481 1710 2538 juramento
1732 2480 1985 2524 dicentibus
2007 2481 2177 2525 nescire

340 2553 385 2581 se
408 2539 483 2581 ubi
511 2545 626 2583 esset
654 2540 728 2596 qui
755 2541 1048 2596 quaerebatur,
1084 2542 1330 2584 extendens
1362 2555 1544 2583 manum
1571 2540 1627 2583 ad
1661 2540 1900 2597 templum,
1927 2539 1964 2566 33
1984 2539 2175 2597 juravit,

342 2597 491 2641 dicens
515 2616 523 2643 :
550 2599 647 2642 Nisi
674 2600 703 2643 J
709 2599 840 2642 udam
868 2600 976 2642 mihi
1002 2600 1203 2643 vinctum
1232 2600 1525 2655 tradideritis,
1556 2599 1676 2642 istud
1704 2599 1789 2642 Dei
1817 2599 1974 2642 fanum
2006 2599 2051 2641 in
2081 2600 2174 2656 pla—

340 2657 497 2700 nitiem
521 2657 758 2715 deducam,
783 2664 826 2702 et
846 2660 986 2702 altare
1013 2660 1246 2715 effodiam,
1277 2666 1320 2704 et
1345 2659 1562 2716 ternplum
1583 2659 1666 2702 hoc
1697 2658 1860 2702 Libero
1883 2658 2000 2715 patri
2025 2673 2187 2703 conse-⁷

342 2717 486 2760 crabo.
513 2717 550 2744 34
568 2719 626 2761 Et
653 2719 722 2761 his
756 2719 909 2775 dictis,
940 2719 1064 2762 abiit.
1102 2720 1359 2763 Sacerdotes
1396 2723 1565 2775 autem,
1590 2718 1905 2776 protendentes
1938 2732 2096 2761 manus
2127 2718 2176 2761 111

341 2776 520 2834 eaelum,
551 2777 822 2821 invocabant
853 2793 953 2822 eum
986 2778 1059 2835 qui
1093 2793 1267 2836 semper
1298 2784 1602 2837 propugnator
1629 2783 1746 2821 esset
1782 2777 1929 2834 gentis
1957 2777 2173 2834 ipsorum,

340 2835 437 2879 haec
462 2836 657 2881 dicentes
683 2855 692 2882 t
718 2837 755 2864 35
773 2839 860 2893 Tu,
889 2838 1079 2881 Domine
1104 2839 1431 2894 universorum,
1459 2837 1532 2893 qui
1567 2837 1733 2880 nullius
1767 2836 1965 2893 indiges,
1993 2837 2175 2880 voluis-ti

342 2895 558 2952 templum
589 2897 880 2940 habitationis
914 2903 1003 2940 tuae
1041 2898 1133 2941 fieri
1167 2898 1212 2940 in
1246 2899 1396 2953 nobis;
1430 2897 1467 2924 36
1485 2902 1528 2941 et
1555 2910 1694 2951 nun-c,
1731 2897 1890 2940 Sancte
1919 2900 2175 2940 sanctorum

341 2954 538 2998 omnium
565 2956 778 3013 Domine,
804 2971 1015 3000 conserva
1047 2957 1090 2999 111
1121 2963 1335 3001 aeternum
1368 2956 1650 3014 impollutam
1677 2956 1860 2999 domum
1890 2955 2046 3011 istam,
2073 2968 2193 3011 quae.

341 3026 480 3069 nuper
500 3015 715 3058 mundata
741 3022 818 3059 est.
1921 3023 1928 3026 “

400 3071 435 3098 3⁷
457 3073 614 3116 Razias
640 3080 789 3118 autem
812 3076 991 3132 quidam
1017 3077 1070 3120 dc
1094 3076 1338 3120 senioribus
1360 3076 1417 3119 ab
1444 3078 1472 3120 J
1477 3075 1734 3133 erosolymis
1757 3074 1930 3118 delatus
1953 3078 2019 3117 est
2038 3074 2170 3117 Nica—

341 3131 456 3188 nori,
485 3132 552 3175 vir
573 3139 743 3176 amator
769 3134 984 3192 civitatiS,
1013 3142 1055 3179 et
1076 3136 1189 3179 bene
1215 3136 1420 3192 audiens,
1448 3136 1521 3192 qui
1545 3149 1623 3192 pro
1646 3134 1814 3177 affectu
1840 3139 1965 3190 pater
1990 3133 2172 3176 Judaeo-

341 3205 437 3234 rum
463 3191 785 3249 appellabatur.
805 3193 842 3219 38
860 3194 948 3237 Hic
967 3196 1118 3238 multis
1136 3195 1408 3252 temporibus
1428 3193 1714 3238 continentiae
1736 3192 2009 3249 propositum
2028 3192 2173 3235 tenuit

340 3250 386 3292 in
415 3251 659 3308 judaismo,
687 3266 928 3308 corpusque
956 3260 998 3296 ct
1025 3255 1222 3297 animam
1249 3254 1422 3297 tradere
1454 3258 1688 3297 contentus
1716 3265 1794 3308 pro
1827 3250 2171 3308 perseverantia.

342 3309 378 3335 3⁰
397 3311 436 3353 V
440 3310 561 3355 olens
596 3317 744 3354 autem
782 3311 976 3355 Nicanor
1008 3313 1298 3357 manifestare
1331 3314 1481 3356 odium
1510 3312 1626 3369 quod
1658 3311 1854 3354 habebat
1885 3310 1932 3353 in
1965 3310 2171 3366 Judaeos,

343 3368 461 3412 misit
487 3370 651 3414 milites
681 3370 965 3426 quingentos,
996 3377 1044 3414 111
1070 3387 1170 3415 011111
1200 3372 1646 3430 comprehenderent3
1678 3370 1715 3397 4⁰
1739 3369 1926 3426 putabat
1959 3369 2098 3425 enim,
2133 3371 2170 3413 si

343 3427 467 3471 11111111
495 3429 753 3486 decepisset,
779 3444 824 3473 se
851 3429 1023 3474 cladem
1050 3431 1222 3474 ι1111111013
1243 3432 1487 3475 maximam
1513 3430 1754 3473 illaturum.
1782 3428 1815 3455 ⁴¹
1840 3429 2000 3471 Turbis
2018 3435 2169 3472 autem

343 3486 505 3532 irruere
537 3489 582 3531 111
616 3489 795 3532 domum
825 3489 944 3546 erS,
971 3495 1015 3532 et
1043 3490 1227 3546 januam
1262 3491 1553 3547 disrumpere,
1587 3494 1719 3544 atque
1752 3488 1901 3544 ignem
1931 3488 2169 3531 admovere

345 3546 643 3603 cupientibus,
668 3563 766 3591 cum
788 3549 883 3605 jam
905 3549 1363 3605 comprehenderetur,
1386 3549 1535 3606 gladio
1561 3562 1607 3591 se
1628 3547 1777 3604 petiit,
1798 3545 1835 3574 ‘¹²
1853 3547 2022 3603 eligens
2040 3547 2164 3590 nobi-

345 3603 445 3647 liter
469 3607 576 3648 mori
600 3608 743 3663 potius
768 3622 901 3664 quam
925 3608 1127 3651 subditus
1151 3608 1246 3651 'fieri
1271 3608 1600 3666 peccat-oribus,
1625 3612 1669 3650 et
1695 3612 1848 3650 contra
1869 3607 2040 3650 natales
2066 3619 2172 3649 suos

343 3661 539 3719 indignis
563 3665 739 3721 injuriis
763 3668 848 3723 agi.
877 3667 914 3695 ⁴3
938 3666 1042 3722 Sed,
1073 3681 1174 3710 cum
1202 3681 1281 3724 per
1308 3666 1645 3710 festinationem
1678 3680 1767 3709 non
1800 3671 1920 3708 certo
1951 3665 2043 3708 ictu
2071 3664 2196 3722 pla-u
