2456 3861
107 614 209 649 Quam
220 611 348 640 atrocia

144 656 313 685 sustineat

124 705 166 731 ab
193 701 310 730 amicis
320 722 329 738 ,

158 1156 178 1178 a
203 1150 285 1184 Deo,

105 2050 127 2073 a
138 2042 346 2077 propinquis.

131 3221 180 3249 Ad
201 3221 333 3253 11130010-

149 3263 315 3292 rissimam

124 3315 215 3341 spem
230 3308 345 3337 subito

160 3353 308 3386 exurgit.

387 130 498 196 -522
949 130 1037 173 JOB
1070 130 1256 185 XVIII,
1290 131 1341 171 21
1378 156 1438 162 —
1471 130 1605 186 XIX,
1637 130 1706 173 26.

590 298 624 325 2¹
644 300 757 342 Haec
782 304 884 342 sunt
906 314 1009 355 ergo
1035 299 1323 343 tabernacula
1348 299 1508 355 iniqui⁷

707 363 749 401 et
774 358 858 401 iste
879 358 1001 401 locus
1023 358 1120 414 ejus
1145 358 1219 416 qui
1239 359 1417 415 ignorat
1439 360 1598 402 Deum.

879 482 901 536 ξ
923 481 1002 523 IV.
1025 506 1084 513 —
1109 481 1349 544 Responsio
1374 480 1462 523 Job
1488 481 1551 522 ad
1574 459 1775 523 Baldad.

471 596 576 639 CAP.
602 597 728 640 XIX.
754 623 813 630 —
837 596 847 622 ¹
870 597 1157 653 Respondens
1179 602 1329 640 autem
1351 597 1378 640 J
1384 596 1460 650 ob,
1488 594 1602 638 dixit
1630 610 1640 639 ε

607 654 624 681 2
642 657 880 712 Usquequo
906 655 1104 712 affligitis
1130 656 1328 699 animam
1350 669 1518 710 meam,

707 720 750 758 et
771 715 962 758 atteritis
985 730 1055 758 me
1081 714 1394 759 sermonibus?

607 774 625 801 3
642 775 710 817 Εο
737 774 883 818 decies
909 775 1186 818 confunditis
1209 789 1301 829 010,

707 838 750 877 01
771 848 859 878 0011
882 834 1142 877 erubescitis
1164 834 1464 891 opprimentes
1488 847 1572 875 me.

607 892 624 920 4
642 894 835 950 Nempe,
862 900 906 938 et
930 893 967 936 si
992 893 1216 949 ignoravi,

706 967 881 996 mecum
903 953 985 996 erit
1010 952 1264 1008 ignorantia
1287 966 1397 995 mea.

607 1012 624 1039 ⁵
642 1013 704 1056 At
729 1026 807 1055 vos
834 1018 987 1055 contra
1012 1026 1082 1054 me
1108 1011 1354 1067 erigimini,

707 1077 750 1115 et
775 1071 961 1128 arguitis
985 1086 1056 1114 me
1082 1070 1330 1127 oppiobriis
1357 1070 1480 1113 meis.

606 1131 624 1158 6
639 1131 809 1175 Saltem
829 1145 946 1173 111100
964 1130 1206 1198 intelligite
1228 1129 1331 1186 quia
1350 1131 1470 1173 Deus
1489 1144 1577 1173 non
1601 1146 1727 1188 aequo
1749 1130 1918 1187 judicio
1937 1131 2145 1176 afflixerit
2162 1145 2259 1186 me,

707 1195 751 1236 et
774 1189 965 1246 flagellis
990 1190 1080 1233 suis
1102 1204 1174 1233 me
1199 1189 1403 1234 cinxerit.

607 1249 622 1276 7
641 1251 758 1293 Ecce
787 1249 1012 1305 clamabo,
1038 1249 1131 1293 vim
1155 1249 1352 1306 patiens,
1380 1254 1426 1293 et
1445 1265 1576 1294 nemo
1602 1250 1781 1307 audiet3

580 1322 583 1326 ’
706 1309 1000 1364 vociferabor,
1025 1314 1068 1352 et
1093 1323 1181 1352 non
1207 1313 1273 1353 est
1298 1308 1373 1365 qui
1395 1309 1579 1366 judicet.

605 1368 622 1395 8
638 1369 855 1413 Semitam
880 1383 1026 1412 meam
1049 1368 1376 1424 circumsepsit,
1404 1374 1446 1412 et
1469 1370 1656 1414 transire
1680 1384 1768 1413 non
1792 1383 2000 1427 possum;

707 1433 751 1472 et
770 1428 818 1470 in
844 1428 956 1471 calle
982 1442 1080 1471 11100
1104 1428 1311 1471 tenebras
1332 1428 1493 1485 posuit.

607 1487 624 1514 9
639 1487 860 1545 Spoliavit
881 1502 951 1530 me
974 1488 1117 1544 gloria
1138 1502 1259 1543 mea,

707 1553 750 1591 et
771 1547 958 1590 abstulit
980 1561 1188 1591 coronam
1211 1546 1265 1590 de
1288 1547 1433 1604 capite
1460 1548 1568 1591 1000.

591 1606 627 1633 ¹⁰
646 1606 876 1650 Destruxit
898 1621 968 1649 me
991 1606 1207 1662 undiquej
1231 1612 1277 1649 et
1297 1621 1427 1663 pereo
1448 1624 1457 1659 ;

706 1671 751 1709 et
772 1665 897 1722 quasi
923 1666 1088 1708 evulsae
1114 1666 1259 1709 arbori
1281 1665 1468 1709 abstulit
1489 1680 1614 1723 spem
1641 1680 1799 1709 meam.

590 1726 623 1752 ¹1
643 1726 790 1769 Iratus
816 1730 882 1768 est
905 1730 1057 1768 contra
1084 1739 1155 1768 1110
1179 1725 1304 1768 furor
1326 1725 1444 1782 ejus,

708 1790 751 1828 et
776 1784 839 1828 sic
865 1799 935 1827 me
961 1784 1119 1828 habuit
1144 1785 1269 1840 quasi
1290 1785 1464 1828 hostem
1486 1799 1628 1827 suum.

591 1842 626 1870 ¹⁹
642 1844 783 1888 Simul
804 1849 1023 1888 venerunt
1044 1844 1238 1887 latrones
1264 1844 1381 1900 ejus,

708 1909 752 1947 et
776 1904 980 1947 fecerunt
1002 1903 1086 1946 sibi
1108 1903 1227 1945 viam
1251 1917 1328 1959 per
1353 1917 1445 1958 100,

709 1968 752 2006 01
777 1963 1044 2006 obsederunt
1068 1963 1116 2005 in
1140 1976 1249 2019 gyro
1274 1962 1615 2020 tabernaculum
1641 1977 1797 2007 meum.

591 2023 627 2049 ¹3
646 2024 823 2066 Fratres
850 2036 970 2065 meos
991 2022 1124 2078 longe
1145 2022 1259 2065 fecit
1283 2036 1310 2064 a
1332 2036 1426 2076 010,

708 2086 752 2125 01
772 2081 865 2124 0011
890 2081 977 2125 0101
1004 2081 1128 2137 quasi
1153 2080 1292 2125 alieni
1309 2087 1587 2124 recesserunt
1612 2096 1637 2124 a
1661 2096 1746 2125 me.

592 2141 627 2168 ¹4
647 2141 987 2196 Dereliquerunt
1008 2155 1079 2184 me
1099 2140 1336 2198 propinqui
1361 2140 1471 2196 mei,
1713 2163 1716 2166 ⁴

709 2205 753 2244 et
774 2200 847 2257 qui
872 2215 944 2243 me
964 2205 1181 2243 noverant
1203 2201 1330 2244 obliti
1356 2206 1459 2244 sunt
1481 2201 1582 2245 mei.

591 2261 626 2287 ¹5
644 2260 858 2316 Inquilini
873 2260 1030 2303 domus
1045 2275 1156 2303 meae
1171 2263 1216 2303 et
1229 2259 1406 2304 ancillae
1420 2274 1532 2303 meae
1550 2260 1666 2303 sicut
1682 2260 1879 2304 alienum
1897 2260 2149 2305 habuerunt
2163 2272 2248 2314 me,

709 2324 752 2363 et
773 2320 898 2375 quasi
923 2319 1182 2376 peregrinus
1203 2319 1272 2363 fui
1293 2320 1342 2363 in
1367 2319 1506 2363 oculis
1532 2333 1694 2363 eorum.

591 2379 627 2406 ¹⁶
643 2380 830 2423 Servum
850 2393 999 2422 meum
1021 2379 1201 2434 vocavi,
1225 2384 1269 2422 et
1289 2394 1378 2423 non
1398 2378 1628 2436 respondit
1645 2397 1654 2435 3

713 2453 785 2482 ore
805 2439 981 2495 proprio
1007 2438 1278 2495 deprecabar
1298 2439 1440 2482 illum.
1981 2450 2000 2473 Ψ

593 2497 627 2524 ¹⁷
646 2498 853 2541 Halitum
879 2513 1028 2541 meum
1050 2498 1276 2541 exhorruit
1296 2512 1407 2541 uxor
1431 2513 1550 2554 mea,

710 2562 753 2601 01
775 2557 956 2601 orabam
982 2557 1094 2600 filios
1116 2558 1227 2601 uteri
1255 2558 1355 2601 mei.

594 2615 629 2643 ¹8
648 2617 778 2661 Stulti
801 2631 972 2672 quoque
995 2617 1304 2673 despiciebant
1324 2631 1424 2672 10ος

711 2682 755 2719 01
779 2690 881 2719 cum
905 2676 964 2720 ab
988 2675 1050 2719 eis
1074 2676 1376 2732 recessissem,
1404 2653 1698 2720 detrahebant
1724 2677 1845 2742 mihi.

596 2735 630 2762 ¹9
647 2735 909 2779 Abominati
934 2740 1038 2778 sunt
1061 2750 1132 2779 me
1154 2711 1380 2792 quondani
1405 2735 1647 2780 consiliarii
1672 2736 1780 2792 mei,

711 2800 755 2839 et
776 2809 907 2851 quem
929 2795 1124 2838 maxime
1151 2795 1417 2852 diligebam,
1443 2801 1672 2839 aversatus
1695 2800 1762 2839 est
1787 2810 1870 2839 me.

592 2853 630 2881 2⁰
648 2854 761 2898 Pelli
787 2869 919 2909 meae,
947 2854 1219 2911 consumptis
1246 2855 1474 2909 carnibus⁷
1496 2854 1688 2898 adhaesit
1712 2869 1759 2898 os
1780 2869 1950 2910 1001101,

711 2919 754 2958 01
779 2913 991 2957 derelicta
1015 2918 1119 2956 sunt
1138 2912 1451 2957 tantummodo
1472 2914 1593 2957 labia
1615 2914 1732 2957 circa
1757 2914 1913 2957 dentes
1934 2928 2068 2958 meos.

594 2972 625 2998 Ἣ
648 2972 920 3016 Miseremini
942 2973 1051 3027 mei,
1079 2973 1352 3016 miseremini
1377 2973 1485 3027 mei,
1508 2973 1669 3016 saltem
1689 2986 1787 3028 vos,
1811 2973 1945 3017 amici
1972 2973 2082 3030 mei,

712 3032 815 3088 quia
837 3046 993 3075 manus
1018 3032 1197 3075 Domini
1220 3032 1370 3089 tetigit
1391 3047 1476 3076 me.

593 3090 630 3116 2'2
647 3091 788 3142 Quare
810 3091 1124 3148 persequimini
1151 3106 1221 3135 me
1243 3092 1356 3136 sicut
1378 3093 1519 3146 Deus,

711 3156 754 3194 et
776 3150 981 3194 carnibus
1004 3151 1112 3194 meis
1133 3151 1433 3195 saturamini?
1765 3204 1768 3208 .

595 3209 632 3236 23
649 3209 753 3260 Quis
782 3209 891 3252 mihi
916 3210 1085 3253 tribuat
1105 3215 1155 3253 ut
1179 3211 1428 3254 scribantur
1454 3223 1677 3254 sermones
1702 3209 1790 3253 mei
1805 3209 1829 3253 ⁶?

713 3268 817 3319 Quis
843 3268 952 3311 mihi
975 3269 1048 3312 det
1069 3275 1117 3312 ut
1139 3274 1375 3313 exarentur
1397 3270 1445 3313 in
1471 3269 1604 3324 libro,

594 3327 631 3355 Ψ*
647 3327 764 3384 stylo
784 3328 929 3371 ferreo
951 3334 994 3371 et
1014 3329 1187 3384 plumbi
1212 3329 1402 3384 lamina,

711 3387 782 3430 vel
805 3387 918 3430 celte
940 3388 1196 3443 sculpantur
1216 3389 1262 3431 in
1285 3388 1445 3431 silice?

525 3454 529 3458 ”
595 3445 631 3474 25
648 3446 749 3491 Scio
775 3446 891 3490 enim
914 3445 1029 3501 quod
1056 3446 1326 3504 Redemptor
1346 3461 1471 3490 meus
1491 3446 1625 3500 vivit,

712 3511 756 3549 et
780 3505 825 3548 in
850 3505 1090 3548 novissimo
1116 3505 1186 3549 die
1209 3507 1262 3549 de
1284 3512 1399 3549 terra
1424 3510 1696 3548 surrecturus
1719 3519 1846 3563 sum,—

595 3564 632 3591 9ss
649 3570 692 3609 et
712 3579 885 3608 rursum
911 3565 1218 3607 circumdabor
1238 3565 1355 3621 pelle
1382 3579 1501 3617 mea,

713 3629 756 3667 et
777 3624 820 3666 in
848 3638 978 3667 carne
1003 3637 1101 3683 mea
1122 3623 1283 3666 videbo
1306 3625 1447 3666 Deum
1475 3637 1634 3666 meum.
