2456 3861
190 357 318 385 cheon

134 401 257 428 occidit
271 402 373 429 Zehcc

148 448 182 472 et
199 445 360 473 salmana.

189 1065 306 1097 Ephod

161 1108 339 1137 conficitur

127 1159 167 1179 ex
193 1152 368 1182 inauribus

184 1198 311 1230 praedae.

156 1955 342 1985 Posteriras

175 2004 208 2027 et
227 2007 317 2028 mors

163 2044 334 2073 Gedeonis.

146 2305 287 2334 Animus
308 2307 355 2335 in-

189 2353 307 2382 gratus

178 2394 321 2423 Israelis.

154 2659 349 2689 Abimelech

177 2709 319 2737 usurpat

157 2747 343 2781 imperium.

193 3543 321 3572 Fabula

170 3586 189 3615 J
194 3587 338 3617 catham.

439 177 526 217 232
1020 177 1127 217 sm).
1162 175 1305 229 vm,
1342 145 1487 217 16-
1519 175 1607 228 ix,
1643 177 1680 217 7.

502 345 534 371 ¹8
555 345 764 399 Dixitque
791 344 846 386 ad
872 343 1013 386 Zebee
1045 348 1089 386 et
1115 343 1324 387 Salmana
1347 359 1355 386 :
1385 343 1544 395 Quales
1569 343 1754 386 fuerunt
1779 343 1884 399 viri,
1912 358 2020 399 quos
2046 346 2270 390 occidistis

440 404 483 446 111
507 403 714 446 Thabor?
736 402 819 452 Qui
844 401 1165 457 responderunt
1184 417 1193 445 :
1218 401 1392 445 Similes
1413 401 1491 457 tui,
1512 406 1556 445 et
1573 416 1684 444 unus
1702 416 1758 444 ex
1776 401 1838 444 eis
1859 402 1985 458 quasi
2006 402 2122 446 filius
2139 406 2267 460 regis.

443 463 475 488 Μ’
497 461 662 513 Quibus
699 461 774 503 ille
806 460 1065 517 respondit:
1102 461 1280 504 Fratres
1316 461 1404 504 mei
1440 461 1644 516 fuerunt,
1683 460 1763 503 filii
1800 461 1954 504 matris
1991 476 2117 508 meae.
2145 463 2272 508 Vivit

439 520 678 564 Dominus!
706 520 809 576 quia
834 519 871 562 si
896 520 1153 563 servassetis
1179 534 1273 577 eos,
1307 534 1395 563 non
1422 534 1500 563 vos
1534 520 1794 563 occiderem.
1821 519 1858 546 20
1876 519 2089 577 Dixitque
2115 522 2144 564 J
2149 522 2273 565 ether

438 578 733 636 primogenito
757 593 871 622 suo:
899 579 1056 635 Surge,
1084 585 1129 623 et
1154 579 1352 623 interfice
1378 593 1465 623 eos.
1493 578 1574 631 Qui
1599 593 1688 622 non
1713 579 1869 622 eduxit
1894 579 2121 636 gladium3
2144 580 2272 624 time-

437 639 514 681 bat
539 638 678 693 enim,
706 638 807 694 quia
834 638 978 681 adhuc
1003 653 1112 696 puer
1137 644 1244 682 erat.
1272 638 1306 665 2¹
1329 639 1636 695 Dixeruntque
1670 639 1811 682 Zebee
1837 643 1882 681 et
1908 639 2148 684 Salmana:
2182 640 2270 696 Tu,

436 712 586 753 surge,
613 701 658 741 et
691 697 805 741 111116
839 697 885 740 111
918 712 1022 754 1106,
1057 697 1160 754 quia
1193 698 1324 754 juxta
1361 703 1542 742 aetatem
1574 698 1708 741 robur
1736 703 1803 741 est
1836 697 2042 742 hominis.
2075 699 2272 743 Surrexit

436 757 640 813 Gedeon,
666 762 712 800 et
740 757 970 801 interfecit
998 757 1140 801 Zebee
1170 763 1215 801 et
1242 758 1479 812 Salmana,
1506 762 1550 801 et
1583 757 1687 800 tulit
1720 761 1984 800 ornamenta
2015 771 2068 800 ac
2101 757 2272 819 bullas,

435 815 592 870 quibus
618 816 734 860 colla
759 817 977 872 regalium
1003 817 1273 861 camelorum
1296 816 1493 861 decorari
1519 816 1676 862 solent.

555 938 579 995 ξ
613 939 701 983 III.
727 965 787 972 —
818 939 1014 995 Reliqua
1050 938 1265 983 Gedeonis
1283 939 1432 994 facta.
1468 939 1748 994 Abimelech,
1791 939 1932 982 Thola
1964 945 2004 983 et
2032 939 2159 986 Jair.

493 1053 530 1080 22
549 1054 855 1110 Dixeruntque
882 1069 1035 1098 omnes
1060 1054 1144 1097 viri
1171 1053 1311 1097 Israel
1337 1054 1393 1097 ad
1421 1053 1605 1098 Gedeon
1628 1069 1637 1097 :
1672 1054 1914 1097 Dominare
1947 1054 2107 1110 nostri,
2134 1059 2202 1110 tn,
2230 1060 2275 1099 et

432 1113 549 1156 filius
576 1118 695 1169 tuus,
716 1119 760 1156 et
781 1113 898 1156 filius
924 1113 1004 1156 filii
1029 1113 1115 1170 tui,
1135 1114 1238 1169 quia
1264 1113 1466 1156 liberasti
1490 1127 1570 1155 nos
1596 1112 1650 1155 116
1677 1127 1813 1156 11161111
1836 1113 2034 1157 Madian.
2053 1113 2091 1140 23
2107 1113 2273 1164 Quibus

433 1172 508 1216 ille
534 1172 626 1215 ait:
654 1174 754 1215 Non
780 1172 1042 1216 dominabor
1066 1172 1225 1224 vestri,
1255 1186 1337 1215 nec
1363 1171 1668 1215 dominabitur
1693 1171 1739 1214 in
1763 1186 1841 1215 vos
1867 1172 1984 1215 filius
2017 1187 2163 1228 meus,
2197 1173 2274 1216 sed

434 1231 733 1274 dominabitur
751 1232 876 1275 vobis
902 1231 1131 1275 Dominus.
1151 1231 1187 1257 24
1206 1231 1421 1287 Dixitque
1443 1231 1501 1274 ad
1519 1245 1594 1274 eos
1613 1247 1622 1274 :
1645 1232 1795 1275 Unam
1812 1230 2077 1288 petitionem
2099 1232 2275 1288 postulo

434 1306 459 1333 a
482 1290 608 1333 vobis
629 1306 637 1334 :
665 1290 766 1334 date
788 1290 899 1333 mihi
921 1290 1097 1334 inaures
1123 1305 1180 1334 ex
1204 1290 1357 1347 praeda
1381 1295 1541 1334 vestra.
1567 1291 1752 1334 Inaures
1778 1290 1898 1334 enim
1923 1305 2080 1334 aureas
2107 1291 2274 1334 1611166-

433 1350 526 1393 litae
559 1349 723 1393 habere
757 1355 1090 1394 consuever.ant
1127 1349 1163 1377 25
1189 1350 1272 1402 Qui
1302 1350 1664 1417 responderunt:
1701 1349 2021 1393 Libentissime
2056 1350 2273 1394 dabimus.

435 1408 838 1465 Expandentesque
881 1423 1011 1466 super
1050 1415 1214 1453 terram
1255 1409 1469 1466 pallium,
1511 1409 1798 1477 projecerunt
1837 1409 1884 1452 in
1921 1423 1973 1452 eo
2009 1409 2186 1453 inames
2220 1410 2275 1453 de

432 1468 609 1525 praeda3
634 1467 671 1495 26
688 1473 732 1512 et
760 1469 850 1512 fuit
873 1469 1047 1536 pondus
1080 1469 1404 1526 postulatarum
1436 1468 1680 1525 inaurium,
1716 1468 1840 1512 mille
1873 1468 2147 1525 septingenti
2182 1469 2275 1512 auri

433 1527 551 1583 sicli,
579 1528 744 1595 absque
771 1528 1063 1584 ornamentis,
1093 1534 1139 1571 et
1168 1528 1428 1584 monilibus,
1457 1534 1503 1571 et
1527 1532 1651 1571 veste
1685 1542 1928 1585 purpurea,
1956 1527 2116 1613 qui7bus
2148 1542 2275 1584 reges

435 1563 616 1631 Madian
643 1587 708 1630 uti
734 1587 853 1631 soliti
878 1593 1025 1642 erant,
1055 1593 1100 1631 et
1124 1593 1287 1644 praeter
1310 1593 1488 1643 torques
1514 1602 1671 1631 aureas
1698 1586 2040 1631 661116101·112111.7
2061 1587 2274 1643 Fecitque

432 1661 488 1689 ex
513 1660 563 1689 eo
591 1646 773 1690 Gedeon
799 1646 962 1703 ephod,
982 1651 1027 1690 et
1051 1647 1199 1703 posuit
1223 1646 1333 1689 illud
1361 1645 1407 1688 111
1430 1646 1613 1690 civitate
1636 1661 1716 1690 sua
1742 1647 1905 1703 Ephra.
1926 1646 2275 1703 Fornicatusque

433 1710 500 1748 est
525 1705 667 1749 omnis
693 1706 834 1749 Israel
859 1706 905 1748 in
931 1720 1002 1761 eo,
1022 1712 1067 1749 et
1087 1706 1263 1749 factum
1289 1710 1356 1749 est
1382 1706 1583 1749 Gedeoni
1609 1711 1655 1749 et
1681 1706 1802 1750 omni
1825 1706 1975 1749 domui
1998 1706 2096 1761 ejus
2122 1706 2167 1749 in
2189 1706 2277 1749 rui-

433 1779 550 1808 nam.
578 1764 614 1791 28
634 1765 910 1808 Humiliatus
935 1771 1002 1808 est
1027 1770 1177 1809 autem
1201 1765 1383 1808 Madian
1414 1779 1562 1808 coram
1589 1765 1692 1809 filiis
1723 1766 1885 1821 Israel,
1920 1779 2002 1808 nec
2036 1770 2276 1822 potuerunt

433 1824 550 1866 ultra
575 1824 768 1868 cervices
794 1824 989 1880 elevare,
1016 1825 1094 1868 sed
1128 1824 1300 1880 quievit
1331 1829 1449 1867 terra
1480 1839 1559 1881 per
1589 1824 1889 1881 quadraginta
1917 1838 2080 1881 annos,
2116 1825 2274 1881 quibus

435 1883 616 1927 Gedeon
642 1884 838 1939 praefuit.

493 1941 529 1968 29
548 1942 674 1986 Abiit
700 1942 849 1999 itaque
877 1942 1108 1998 Jerobaal,
1136 1942 1252 1987 filius
1279 1944 1407 1999 Joas,
1441 1947 1486 1986 et
1517 1943 1744 1986 habitavit
1775 1943 1822 1986 in
1848 1943 1980 1994 domo
2004 1958 2112 2000 sua3
2140 1943 2177 1971 3⁰
2197 1944 2275 1987 ha-

434 2001 616 2057 buitque
657 2002 942 2058 septuaginta
982 2001 1120 2058 filios,
1158 2002 1233 2058 qui
1271 2002 1436 2058 egressi
1473 2008 1577 2046 sunt
1613 2003 1667 2046 de
1708 2003 1880 2046 femore
1917 2002 2041 2059 ejus,
2075 2017 2128 2046 eo
2160 2003 2275 2059 quod

433 2060 580 2116 plures
603 2060 788 2104 haberet
808 2075 979 2104 uxores.
994 2060 1032 2089 3¹
1050 2061 1309 2105 Concubina
1326 2066 1478 2105 autem
1497 2061 1629 2118 illius,
1650 2077 1784 2118 quam
1802 2061 2001 2105 habebat
2018 2061 2065 2104 111
2086 2062 2274 2119 Sichem,

434 2120 590 2176 genuit
614 2120 655 2162 ei
680 2119 820 2163 filium
846 2119 1026 2163 nomine
1048 2119 1327 2164 Abimelech.

493 2178 530 2205 32
551 2179 837 2235 Mortuusque
867 2183 935 2222 est
964 2179 1169 2234 Gedeon,
1200 2180 1317 2223 filius
1347 2181 1479 2236 Joas,
1507 2180 1553 2223 in
1587 2185 1816 2224 senectute
1841 2180 1980 2238 bona,
2007 2186 2052 2224 et
2077 2181 2276 2238 sepultus

434 2243 502 2282 est
529 2238 575 2280 in
600 2238 801 2295 sepulcro
827 2239 936 2281 Joas
958 2239 1095 2295 patris
1117 2239 1205 2294 sui,
1236 2239 1281 2281 in
1304 2240 1474 2296 Ephra,
1499 2240 1554 2283 de
1580 2239 1759 2283 familia
1785 2239 1900 2283 Ezri.

494 2297 531 2324 33
554 2299 793 2353 Postquam
826 2303 976 2341 autem
1012 2304 1211 2341 mortuus
1248 2304 1316 2341 est
1349 2299 1555 2355 Gedeon,
1594 2299 1739 2342 aversi
1775 2304 1878 2342 sunt
1914 2300 1995 2343 filii
2032 2299 2194 2355 Israel,
2231 2304 2277 2343 et

435 2356 647 2399 fornicati
672 2362 776 2400 sunt
804 2371 904 2399 cum
939 2357 1128 2402 Baalim.
1166 2358 1570 2414 percusseruntque
1605 2373 1705 2401 cum
1742 2358 1853 2402 Baal
1886 2359 2055 2415 foedus,
2082 2363 2132 2401 ut
2161 2364 2278 2402 esset

436 2416 497 2459 eis
523 2415 568 2458 in
596 2416 748 2483 deum.
774 2415 811 2442 34
833 2430 914 2459 nec
940 2416 1160 2459 recordati
1186 2423 1290 2460 sunt
1320 2417 1503 2461 Domini
1530 2417 1614 2461 Dei
1644 2418 1731 2474 sui,
1759 2417 1834 2473 qui
1859 2419 1974 2461 eruit
1998 2432 2072 2462 eos
2103 2418 2157 2460 de
2181 2432 2275 2461 ma-

436 2474 566 2517 nibus
599 2474 880 2518 inimicorum
905 2490 1083 2518 suorum
1114 2477 1311 2519 omnium
1343 2491 1420 2533 per
1446 2478 1709 2532 circuitum;
1739 2477 1776 2504 3⁵
1795 2491 1876 2520 nec
1905 2477 2112 2521 fecerunt
2144 2477 2274 2521 mise—

435 2533 671 2636 {icorqiam
701 2548 801 2577 cum
827 2534 957 2577 domo
991 2535 1203 2578 Jeiobaal
1237 2536 1446 2592 Gedeon,
1480 2537 1613 2594 juxta
1646 2513 1795 2579 01111116
1827 2535 1946 2579 bona
1970 2551 2070 2593 quae
2103 2536 2277 2580 fecerat

462 2608 557 2636 srae
578 2608 591 2635 1

495 2653 601 2697 CAP
629 2653 710 2696 IX.
725 2679 785 2686 -
802 2653 815 2679 ¹
832 2653 959 2696 Abiit
980 2659 1132 2696 autem
1150 2654 1437 2711 Abimelech,
1457 2655 1574 2698 filius
1592 2654 1859 2711 Jerobaal‚
1847 2669 1894 2697 111
1914 2654 2087 2698 Sichem
2107 2655 2164 2698 ad
2183 2655 2275 2699 fra-

435 2717 524 2755 tres
545 2712 700 2755 matris
725 2727 836 2768 suae,
859 2718 905 2756 et
928 2713 1102 2756 locutus
1128 2719 1196 2756 est
1221 2714 1278 2757 ad
1304 2729 1397 2770 606,
1423 2720 1468 2758 et
1492 2715 1550 2758 ad
1577 2729 1753 2758 omnem
1779 2713 2093 2769 cognationem
2120 2713 2275 2758 domus

436 2771 575 2827 patris
611 2771 766 2814 matris
799 2786 912 2828 61166,
948 2772 1132 2816 dicens:
1161 2772 1178 2798 2
1200 2750 1455 2829 Loquimiui
1487 2774 1544 2817 ad
1578 2788 1731 2817 omnes
1762 2773 1879 2816 viros
1917 2772 2127 2818 Sichem.
2162 2773 2276 2824 Quid

437 2830 563 2873 vobis
588 2836 655 2874 est
678 2830 860 2887 melius,
886 2807 936 2874 iit
960 2831 1245 2875 dominentur
1261 2848 1290 2875 1
1293 2833 1398 2876 estri
1423 2833 1711 2890 septuaginta
1731 2832 1836 2887 viri,
1865 2846 2018 2875 omnes
2043 2832 2124 2875 filii
2149 2833 2178 2876 J
2182 2847 2274 2876 ero

436 2889 559 2944 baal,
594 2904 651 2931 an
685 2895 733 2932 ut
765 2890 1017 2934 dominetur
1042 2905 1155 2934 unus
1180 2891 1284 2934 vir‘?
1311 2892 1531 2948 simulque
1559 2892 1835 2935 considerate
1862 2891 1978 2946 quod
2004 2905 2051 2935 os
2077 2898 2271 2935 vestrum

437 2953 482 2991 et
507 2962 606 2991 caro
629 2954 776 2992 vestra
801 2964 911 2996 sum.
935 2949 953 2976 3
975 2950 1222 3006 Locutique
1246 2957 1350 2994 sunt
1373 2952 1536 2995 fratres
1571 2966 1631 2994 m
1633 2951 1724 2994 111-16
1751 2950 1846 3006 ejus
1874 2950 1927 2993 de
1957 2964 2009 2993 eo
2037 2951 2093 2994 ad
2120 2965 2275 2994 omnes

437 3007 554 3051 viros
585 3008 759 3051 Sichem
786 3009 1014 3052 universos
1039 3024 1263 3053 sermones
1289 3011 1416 3067 istos,
1451 3018 1496 3054 et
1526 3010 1855 3054 inclinaverunt
1888 3023 1963 3052 cor
1995 3024 2146 3053 eorum
2174 3014 2275 3077 post

437 3067 724 3122 Abimelech,
752 3067 981 3112 dicentes:
1015 3069 1171 3112 Frater
1204 3075 1352 3113 noster
1385 3075 1464 3113 est.
1500 3069 1518 3096 4
1541 3070 1855 3125 Dederuntque
1889 3068 1955 3111 illi
1987 3069 2275 3136 septuaginta

437 3126 584 3183 pondo
609 3126 783 3182 argenti
810 3127 862 3170 de
896 3128 1005 3171 fano
1033 3128 1306 3172 Baalberith.
1334 3129 1417 3179 Qui
1446 3129 1662 3172 conduxit
1693 3128 1778 3171 sibi
1811 3143 1866 3171 ex
1897 3142 1947 3171 eo
1973 3128 2091 3171 viios
2120 3128 2274 3185 inopes

437 3191 483 3229 et
506 3199 665 3241 vagos,
691 3186 918 3242 secutique
948 3193 1051 3230 sunt
1076 3202 1196 3243 eum,
1225 3189 1242 3214 ⁵
1264 3192 1308 3231 et
1333 3188 1457 3231 venit
1482 3188 1528 3231 in
1554 3188 1733 3231 domum
1759 3187 1898 3254 patris
1923 3186 1991 3230 sui
2020 3187 2066 3229 111
2100 3187 2271 3244 Ephra,

438 3250 483 3288 et
515 3220 679 3287 occidi’t
711 3244 873 3288 fratres
905 3260 1005 3289 suos
1038 3246 1152 3290 filios
1185 3223 1396 3290 fJerobaal
1429 3246 1714 3314 septuaginta
1742 3246 1880 3302 vilos,
1914 3260 2046 3302 super
2077 3246 2275 3303 lapidem

439 3319 599 3346 unum
591 3303 926 3360 ,remansitque
948 3306 1182 3360 Joatham,
1205 3306 1322 3349 filius
1340 3306 1552 3350 ι161011661
1573 3305 1804 3361 1111111111116,
1825 3311 1870 3348 et
1887 3304 2174 3348 absconditus
2192 3310 2271 3350 est.

439 3363 455 3389 ⁰
473 3362 745 3419 Congregati
769 3369 874 3406 sunt
901 3369 1051 3407 autem
1078 3378 1230 3408 01111166
1256 3365 1340 3407 viri
1375 3365 1570 3421 Sichem,
1598 3370 1642 3408 et
1675 3365 1893 3407 universae
1927 3363 2119 3407 familiae
2153 3363 2274 3407 uibis

440 3422 595 3478 Mello,
630 3422 942 3478 abieruntque,
977 3429 1023 3466 et
1058 3424 1383 3467 constituerunt
1416 3438 1568 3481 regem
1600 3423 1866 3467 Abimelech
1901 3423 2035 3480 juxta
2063 3436 2272 3478 quercum

439 3495 537 3537 quae
562 3481 712 3525 stabat
737 3481 782 3524 in
806 3481 994 3526 Sichem.

498 3539 513 3565 7
532 3539 656 3590 Quod
682 3554 782 3583 cum
809 3541 1063 3584 nuntiatum
1089 3546 1205 3584 esset
1230 3543 1468 3598 Joatham,
1495 3542 1597 3598 ivit,
1624 3547 1670 3585 et
1693 3542 1819 3585 stetit
1843 3541 1890 3584 in
1914 3540 2082 3584 vertice
2108 3539 2275 3584 montis

440 3685 487 3718 21]
510 3684 757 3722 Ps.1.xxxil,
780 3689 822 3714 12.
