2456 3861
134 1672 203 1701 Mel
216 1671 250 1700 in
269 1679 324 1700 ore

173 1715 288 1745 leonis

145 2861 315 2890 samsonis

147 2905 273 2939 nuptiae
288 2909 322 2934 et

156 2957 307 2984 aemgma.

415 131 503 176 238
971 133 1076 174 JUD.
1111 132 1254 186 XIII,
1292 136 1346 178 13
1379 157 1437 163 ——
1468 131 1594 186 XIV,
1631 133 1700 175 15.

414 301 583 360 pietus,
608 301 711 357 quid
736 300 804 343 vis
827 305 873 342 ut
897 299 1041 341 faciat
1061 298 1202 355 puer?
1229 303 1307 341 aut
1325 313 1354 340 a
1379 312 1463 353 quo
1480 312 1530 341 se
1549 298 1784 342 observare
1805 299 1986 344 debebit
2005 302 2026 345 ⁴?
2051 301 2086 329 ¹3
2105 303 2250 347 Dixit-

414 375 501 417 que
525 360 711 416 angelus
734 358 913 402 Domini
934 357 995 400 ad
1014 357 1175 399 Manue
1196 372 1204 399 :
1224 356 1294 400 Ab
1315 357 1535 412 omnibus,
1562 370 1659 413 quae
1681 357 1854 400 locutus
1874 371 1975 401 sum
2000 361 2126 403 uxori
2145 367 2250 418 mae,

411 419 642 462 abstineat
672 432 745 471 se,
786 416 822 443 Μ
854 422 899 459 et
922 414 1138 472 quidquid
1174 430 1231 459 ex
1263 415 1396 459 vinea
1427 416 1626 458 nascitur
1653 430 1743 459 non
1773 417 1999 473 emnedat,
2031 419 2187 463 vinum
2203 427 2252 464 et

412 479 603 521 siceram
628 490 717 519 non
740 475 884 531 bibat,
912 475 1034 518 nullo
1058 480 1260 518 vescatur
1281 474 1534 529 immundo3
1560 480 1608 518 et
1629 476 1745 531 quod
1768 476 1809 519 ei
1830 477 2043 534 praecepi,
2067 476 2253 535 impl-eat

415 542 548 592 atqu-e
569 535 804 578 custodiat.
832 534 867 561 ¹5
893 534 1105 590 Dixitque
1131 535 1295 577 Manue
1319 534 1376 577 ad
1406 534 1620 590 angelum
1656 532 1837 578 Domini
1866 552 1875 579 ε
1909 536 2102 580 Obsecro
2132 543 2176 581 te
2205 544 2254 581 ut

416 595 671 651 acquiescas
700 593 906 651 precibus
936 594 1067 649 meis,
1095 598 1139 636 et
1168 593 1390 637 faciamus
1424 593 1507 636 tibi
1540 593 1719 637 haedum
1749 594 1802 637 de
1833 595 1992 652 capris.
2019 595 2056 622 1⁶
2074 596 2159 639 Cui
2186 610 2252 640 ne-

413 653 596 710 spondit
614 653 803 710 angelus
821 670 830 698 :
853 654 899 697 Si
924 667 994 696 me
1017 653 1160 709 cogis,
1182 666 1271 696 non
1291 652 1527 696 comedam
1551 666 1691 710 panes
1711 658 1838 709 tuos;
1862 654 1904 697 si
1924 660 2075 698 autem
2092 655 2160 698 vis
2177 656 2253 699 he-

417 713 665 756 locausttum
688 713 861 768 facere,
889 712 1002 756 offer
1025 711 1137 755 illud
1161 712 1363 756 Domino.
1389 713 1448 755 Et
1472 712 1702 756 nesciebat
1722 713 1887 756 Manue
1920 714 2037 770 quod
2069 715 2254 770 angelus

418 771 599 815 Domini
629 777 755 816 esset.
792 770 826 798 ²⁷
854 771 1066 828 Dixitque
1094 771 1156 815 ad
1189 784 1290 815 eum
1321 787 1329 815 :
1368 771 1492 822 Quod
1524 777 1593 815 est
1628 771 1711 815 tibi
1743 786 1927 828 nomen,
1956 778 2026 829 ut,
2049 773 2090 816 si
2112 786 2254 817 sermo

415 837 517 874 tuus
539 831 676 874 fuerit
694 831 920 888 expletus,
948 831 1213 874 honoremus
1233 830 1315 874 te?
1342 831 1378 858 ¹⁸
1393 830 1478 874 'Cui
1499 830 1575 874 ille
1594 831 1827 888 respondit
1849 847 1859 875 :
1881 833 1971 876 Cur
1992 832 2153 888 quaeris
2177 846 2254 876 no—

416 904 519 934 men
543 903 712 944 meum,
736 890 853 947 quod
879 896 946 934 est
965 890 1202 934 mirabile?
1229 888 1265 916 ¹9
1286 889 1409 933 Tulit
1432 890 1583 946 itaque
1609 891 1775 934 Manue
1801 891 1982 934 haedum
2000 891 2058 935 de
2081 892 2254 949 capiis,

416 955 461 993 et
485 949 751 1006 libamenta,
775 955 820 993 et
843 950 990 1007 posuit
1011 964 1140 1007 super
1173 955 1365 1006 petram,
1399 949 1592 992 offerens
1623 949 1837 1006 Domino,
1864 951 1942 1006 qui
1974 950 2090 993 facit
2122 951 2254 994 mira-

415 1008 525 1052 bilia
544 1026 553 1064 ;
580 1009 674 1066 ipse
699 1014 850 1052 autem
871 1014 917 1052 et
935 1023 1047 1052 uxor
1071 1008 1169 1064 ejus
1194 1009 1494 1051 intuebantur.
1520 1007 1559 1034 20
1581 1008 1777 1065 Cumque
1795 1009 2058 1053 ascenderet
2073 1009 2256 1054 flamma

415 1068 568 1112 altaris
590 1069 636 1111 in
662 1069 845 1124 caelum,
877 1068 1062 1124 angelus
1090 1068 1270 1110 Domini
1295 1068 1461 1124 pariter
1485 1067 1531 1109 in
1556 1067 1739 1110 flamma
1763 1068 1980 1113 ascendit.
2004 1069 2129 1119 Quod
2151 1084 2256 1113 cum

415 1127 632 1171 vidissent
658 1129 819 1170 Manue
846 1134 889 1170 et
911 1142 1020 1170 uxor
1046 1127 1163 1183 ejus,
1187 1127 1315 1183 proni
1338 1126 1593 1169 ceciderunt
1618 1126 1663 1169 in
1690 1132 1874 1183 terram,
1911 1126 1945 1153 “2¹
1973 1132 2017 1171 et
2047 1128 2163 1171 ultra
2192 1129 2255 1171 eis

416 1201 504 1229 non
530 1187 736 1242 apparuit
761 1187 945 1242 angelus
976 1186 1170 1231 Domini.
1205 1186 1452 1241 Statimque
1483 1185 1709 1229 intellexit
1734 1187 1897 1230 Manue
1928 1187 2139 1243 angelum
2168 1189 2255 1230 Do-

415 1246 525 1288 mini
549 1260 656 1301 esse,
676 1245 713 1271 2'2
727 1249 772 1288 et
798 1245 912 1288 dixit
947 1245 1004 1288 ad
1041 1259 1223 1288 uxorem
1257 1259 1381 1288 suam
1409 1261 1417 1288 ε
1456 1246 1598 1288 Morte
1632 1245 1891 1302 moriemur,
1927 1246 2030 1301 quia
2062 1246 2256 1290 vidimus

417 1303 574 1348 Deum.
598 1305 636 1332 23
660 1305 741 1348 Cui
760 1304 991 1361 respondit
1012 1303 1173 1347 mulier
1203 1319 1211 1347 :
1242 1305 1285 1348 Si
1312 1304 1530 1347 Dominus
1553 1318 1634 1347 nos
1667 1304 1806 1348 vellet
1834 1305 2058 1361 occidere,
2081 1305 2137 1348 de
2163 1319 2256 1348 ma—

415 1364 545 1407 nibus
568 1363 731 1407 nostris
756 1363 1066 1407 holocaustum
1089 1369 1135 1407 et
1158 1364 1406 1407 libamenta
1431 1377 1520 1406 non
1550 1364 1840 1421 suscepisset,
1876 1378 1959 1407 nec
1984 1364 2257 1409 ostendisset

415 1422 542 1466 nobis
567 1423 666 1466 haee
692 1423 859 1479 omnia,
887 1436 1028 1479 neque
1048 1437 1104 1466 ea
1125 1437 1224 1480 quae
1246 1428 1348 1466 sunt
1368 1428 1557 1466 ventura
1579 1423 1778 1467 dixisset.

475 1481 511 1508 24
535 1482 715 1539 Peperit
750 1482 900 1539 itaque
937 1482 1098 1539 filium,
1137 1487 1182 1526 et
1221 1482 1401 1526 vocavit
1436 1496 1599 1525 nomen
1639 1482 1737 1539 ejus
1779 1482 1977 1528 Samson.
2019 1484 2255 1540 Crevitque

358 1548 360 1550 ’
415 1556 542 1598 puer,
566 1547 610 1585 et
634 1542 865 1585 benedixit
887 1541 927 1585 ei
949 1542 1181 1586 Dominus.
1208 1542 1244 1569 25
1267 1542 1499 1598 Coepitque
1527 1541 1707 1598 spiritus
1734 1542 1917 1586 Domini
1950 1557 2044 1587 esse
2070 1557 2172 1587 cum
2202 1555 2255 1586 eo

416 1601 462 1643 in
484 1601 640 1644 castris
667 1602 792 1657 Dan,
818 1602 935 1644 inter
957 1602 1095 1646 Sar-aa
1116 1606 1161 1644 et
1184 1601 1390 1645 Esthaol.

477 1661 582 1705 CAP.
609 1661 735 1704 XIV.
761 1687 820 1693 ——
842 1660 854 1686 ¹
876 1661 1120 1704 Descendit
1142 1675 1245 1717 ergo
1269 1661 1457 1704 Samson
1486 1661 1532 1704 in
1561 1661 1876 1716 Thamnatha3
1911 1661 2158 1717 vidensque
2192 1660 2256 1704 ibi

417 1714 648 1764 mulierem
670 1720 724 1763 de
754 1719 930 1763 filiabus
965 1719 1259 1777 Philisthiim,
1293 1719 1310 1745 2
1332 1720 1555 1777 ascendit,
1585 1725 1632 1764 et
1664 1721 1890 1764 nuntiavit
1921 1720 2039 1778 patri
2074 1733 2174 1776 suo,
2213 1725 2258 1764 et

414 1779 547 1822 matri
563 1793 676 1835 suae,
700 1779 852 1822 dicens
882 1796 891 1822 :
916 1779 1023 1822 Vidi
1043 1779 1276 1823 mulierem
1301 1779 1347 1821 in
1370 1779 1655 1822 Thamnatha
1681 1778 1734 1823 de
1764 1780 1940 1823 filiabus
1966 1779 2255 1823 Philisthino-

414 1852 537 1895 rum3
562 1853 696 1895 quam
716 1852 867 1895 quaeso
892 1844 942 1882 ut
963 1839 1073 1881 mihi
1096 1838 1330 1895 accipiatis
1350 1852 1551 1883 uxorem.
1573 1839 1591 1865 3
1610 1839 1694 1882 ‘Cui
1718 1839 1928 1883 dixerunt
1948 1844 2076 1896 pater
2091 1843 2138 1882 et
2161 1852 2254 1882 ma-

414 1905 481 1942 ter
505 1913 585 1942 sua
611 1915 620 1942 z
646 1898 872 1954 Numquid
897 1911 984 1941 non
1003 1903 1073 1941 est
1095 1898 1252 1941 mulier
1274 1898 1320 1940 in
1345 1898 1521 1941 filiabus
1545 1898 1737 1941 fratrum
1757 1904 1959 1955 tuorum,
1985 1903 2029 1942 et
2058 1898 2105 1940 in
2131 1899 2253 1941 omni

415 1958 576 2015 populo
602 1973 720 2013 meo,
756 1958 858 2014 quia
887 1957 954 2000 vis
987 1957 1188 2014 accipere
1222 1972 1405 2001 uxorem
1430 1957 1484 2000 de
1519 1957 1812 2013 Philisthiim,
1851 1958 1925 2013 qui
1957 1957 2256 2001 incircumcisi

414 2018 548 2061 sunt?
577 2018 789 2073 Dixitque
812 2018 997 2061 Samson
1016 2016 1075 2059 ad
1099 2022 1273 2074 patrem
1290 2031 1418 2060 suum
1441 2033 1449 2060 :
1479 2018 1611 2060 Hanc
1633 2017 1743 2059 mihi
1765 2017 1938 2073 accipe,
1965 2017 2068 2073 quia
2087 2016 2257 2073 placuit

415 2077 554 2120 oculis
578 2077 700 2120 meis.
724 2077 741 2103 4
764 2077 976 2119 Parentes
999 2081 1149 2120 autem
1176 2077 1274 2133 ejus
1299 2076 1560 2120 nesciebant
1593 2076 1709 2132 quod
1741 2090 1810 2119 res
1839 2091 1866 2119 a
1893 2075 2083 2120 Domino
2108 2076 2254 2132 fieret,

414 2142 459 2179 et
478 2141 697 2192 quaereret
719 2136 997 2179 occasionem
1023 2141 1177 2179 contra
1203 2134 1504 2191 Philisthiim3
1532 2149 1583 2179 eo
1607 2136 1729 2178 enim
1750 2141 1947 2192 tempore
1981 2134 2256 2178 Philisthiim

415 2195 760 2239 dominabantur
785 2195 953 2241 Israeli.
978 2195 995 2222 5
1021 2195 1265 2239 Descendit
1286 2195 1435 2251 itaque
1456 2196 1643 2240 Samson
1667 2209 1767 2238 cum
1786 2200 1914 2251 patre
1938 2208 2017 2238 suo
2041 2199 2089 2238 et
2112 2200 2255 2238 matre

415 2255 460 2298 in
482 2255 779 2298 Thamnatha.
804 2255 1001 2311 Cumque
1022 2255 1250 2299 venissent
1271 2255 1328 2298 ad
1350 2254 1505 2297 vinea-s
1526 2254 1701 2311 oppidi,
1731 2254 1940 2311 apparuit
1966 2253 2138 2297 catulus
2164 2252 2253 2297 leo-

416 2314 484 2357 nis
518 2327 664 2357 saevus
694 2318 742 2357 et
772 2314 972 2371 rugiens,
1008 2319 1053 2357 et
1090 2315 1280 2358 occurrit
1311 2314 1365 2358 ei.
1398 2315 1417 2340 ὅ
1439 2313 1574 2357 Irruit
1595 2319 1750 2357 autem
1781 2313 1962 2370 spiritus
1993 2312 2176 2357 Domini
2203 2313 2254 2356 in

411 2375 622 2429 Samson,
645 2379 689 2417 et
712 2373 974 2417 dilaceravit
995 2373 1190 2430 leonem,
1214 2374 1340 2430 quasi
1369 2373 1549 2416 haedum
1574 2372 1621 2416 in
1653 2371 1800 2416 frusta
1826 2371 2104 2429 discerpens,
2142 2371 2255 2414 nihil

415 2433 596 2476 omnino
617 2433 786 2476 habens
811 2432 857 2475 in
882 2446 1044 2488 manu,
1067 2439 1113 2476 et
1134 2433 1217 2476 hoc
1246 2433 1363 2491 patri
1386 2438 1431 2476 et
1465 2432 1597 2475 matri
1625 2432 1768 2475 noluit
1794 2431 2005 2475 indicare.
2029 2431 2045 2458 ⁷
2061 2432 2255 2474 Descen-

415 2492 569 2548 ditque
592 2497 637 2536 et
662 2493 836 2536 locutus
856 2498 925 2536 est
945 2492 1147 2548 mulieri,
1168 2507 1268 2549 quae
1293 2492 1524 2549 placuerat
1548 2492 1687 2534 ocuiis
1710 2491 1823 2548 ejus.
1842 2488 1863 2516 ⁸
1878 2492 1935 2533 Et
1963 2495 2063 2547 post
2083 2489 2258 2546 aliquot

413 2552 510 2595 dies
534 2557 761 2596 revertens
782 2557 832 2595 ut
854 2551 1078 2609 acciperet
1099 2566 1218 2608 eam,
1242 2551 1486 2595 declinavit
1509 2557 1560 2595 ut
1591 2551 1765 2594 videret
1791 2550 1989 2593 cadaver
2021 2549 2183 2606 leonis,
2210 2555 2256 2593 et

415 2625 517 2654 ecce
543 2625 731 2654 examen
756 2625 890 2668 apum
910 2611 958 2654 in
985 2626 1056 2655 ore
1081 2611 1222 2655 leonis
1244 2616 1339 2655 erat
1360 2625 1413 2654 ac
1438 2611 1572 2654 favus
1596 2609 1756 2655 mellis.
1783 2608 1801 2636 ⁹
1822 2609 1964 2660 Quem
2001 2623 2102 2652 cum
2133 2622 2255 2652 sum-

415 2670 575 2727 psisset
603 2670 648 2713 in
682 2670 909 2726 manibus,
946 2669 1209 2714 comedebat
1244 2670 1292 2714 in
1322 2669 1424 2725 via3
1458 2670 1730 2726 veniensque
1757 2669 1815 2712 ad
1847 2673 2021 2724 patrem
2043 2680 2175 2712 suum
2211 2673 2257 2712 et

414 2735 627 2786 matrem,
652 2730 776 2774 dedit
795 2730 860 2774 eis
884 2736 1077 2787 partem,
1105 2730 1179 2786 qui
1198 2736 1245 2774 et
1269 2729 1355 2787 ipsi
1381 2729 1692 2784 comederunt3
1720 2741 1803 2772 nec
1835 2732 1988 2771 tamen
2024 2728 2089 2771 eis
2112 2727 2257 2770 voluit

415 2787 613 2832 indicare
638 2789 753 2846 quod
776 2789 864 2833 mel
890 2789 943 2833 de
962 2802 1145 2846 corpore
1172 2789 1312 2833 leonis
1337 2794 1650 2846 assumpserat.

476 2847 512 2874 1⁰
539 2848 781 2892 Descendit
804 2848 954 2904 itaque
971 2855 1101 2906 ‘pater
1122 2848 1224 2906 ejus
1248 2848 1305 2892 ad
1335 2848 1587 2903 mulierem,
1620 2853 1667 2891 et
1695 2846 1808 2890 fecit
1840 2846 1931 2890 filio
1960 2860 2039 2890 suo
2071 2847 2256 2891 Samson

412 2906 692 2962 convivium,
717 2907 782 2951 sic
806 2907 927 2951 enim
949 2908 1135 2967 juvenes
1159 2909 1311 2952 facere
1333 2912 1668 2953 consueverant.
1697 2906 1730 2932 1¹
1756 2906 1867 2950 Cum
1897 2920 2001 2962 ergo
2021 2905 2140 2949 cives
2167 2904 2256 2948 loci

415 2965 535 3009 illius
561 2966 778 3010 vidissent
801 2981 921 3023 eum,
942 2967 1160 3011 dederunt
1177 2968 1221 3011 ei
1239 2968 1413 3011 sodales
1431 2966 1618 3023 triginta
1638 2971 1691 3009 ut
1705 2971 1857 3009 essent
1881 2978 1983 3008 cum
2008 2979 2073 3008 eo.
2098 2963 2134 2991 ¹“2
2150 2964 2254 3016 Qui-

416 3026 498 3068 bus
530 3024 703 3068 locutus
731 3031 798 3069 est
831 3027 1016 3070 Samson
1046 3043 1054 3070 z
1091 3028 1342 3084 Proponam
1366 3026 1494 3070 vobis
1526 3025 1778 3082 problema3
1815 3024 1931 3081 quod
1963 3024 2002 3068 si
2033 3023 2254 3068 solveritis

414 3084 526 3127 mihi
547 3084 664 3128 intra
688 3090 857 3141 septem
882 3084 976 3130 dies
999 3086 1215 3143 convivii,
1235 3087 1354 3130 dabo
1380 3085 1506 3129 vobis
1532 3083 1718 3141 triginta
1738 3083 1970 3140 sindones,
1998 3088 2044 3127 et
2061 3082 2251 3126 totidem

416 3144 615 3199 tunicas3
657 3143 693 3170 1⁸
715 3144 783 3186 sin
814 3150 965 3188 autem
994 3158 1082 3188 non
1119 3145 1352 3203 potueritis
1384 3145 1578 3200 solvere,
1613 3156 1690 3186 ves
1723 3143 1892 3187 dabitis
1925 3142 2037 3186 mihi
2067 3141 2254 3199 triginta

413 3203 644 3259 sindones,
671 3208 716 3247 et
736 3203 941 3258 ejusdem
964 3205 1134 3248 numeri
1157 3204 1347 3249 tunicas.
1375 3203 1458 3256 Qui
1478 3202 1803 3260 responderunt
1821 3203 1863 3246 ei
1893 3219 1902 3247 z
1930 3203 2131 3259 Propone
2152 3214 2253 3258 pro-

417 3260 586 3318 blema,
611 3267 660 3305 ut
681 3261 928 3306 audiamus.
957 3263 991 3290 ¹4
1016 3263 1227 3321 Dixitque
1252 3264 1316 3308 eis
1342 3282 1354 3309 ,:

993 3325 1059 3367 De
1085 3324 1346 3367 comedente
1369 3324 1510 3368 exivit
1531 3323 1675 3379 cibus,

939 3383 996 3426 Et
1018 3383 1075 3426 de
1100 3382 1209 3426 forti
1228 3396 1407 3439 egoessa
1430 3387 1500 3427 est
1527 3380 1728 3426 dulcedo.

478 3442 570 3485 Nec
595 3447 835 3499 potuerunt
854 3455 932 3500 per
953 3447 1044 3486 tues
1069 3441 1164 3485 dies
1194 3442 1541 3499 propositionem
1569 3441 1758 3485 solvere.
1792 3440 1827 3468 ¹⁵
1850 3441 2050 3498 Cumque
2075 3440 2254 3484 adesset

414 3499 511 3543 dies
536 3501 771 3558 septimus,
800 3501 1008 3545 dixerunt
1028 3500 1086 3544 ad
1111 3514 1295 3544 uxorem
1321 3502 1507 3545 Samson
1539 3517 1551 3545 ε
1575 3499 1786 3544 Blandire
1803 3499 1899 3544 viro
1919 3504 2021 3557 tuo,
2046 3504 2092 3543 et
2111 3498 2251 3543 suade

419 3645 466 3679 18]
484 3646 562 3674 Gen.
584 3645 735 3680 XXXII,
751 3649 794 3676 29.
