2391 3861
1099 667 1513 724 EPISTOLA

492 846 888 944 BEAri
961 844 1353 942 PAULI
1431 786 2107 941 Arosrom

1008 1056 1118 1120 AD
1169 1054 1602 1120 HEBRAEOS

1138 1235 1473 1261 ——w—x—Qh

754 1408 961 1464 PARS
1015 1407 1307 1478 PRIOR,
1362 1406 1859 1463 DOGMATICA

441 1541 678 1582 RELIGIO
721 1541 861 1581 NOVI
903 1540 1262 1580 TESTAMENTI
1306 1539 1670 1579 RELIGIONEM
1716 1538 1962 1579 VETERIS
2005 1539 2170 1580 LEGIS

986 1615 1228 1655 MULTUM
1270 1614 1630 1654 ANTECELLIT

411 1754 575 1797 SEOTIO
611 1753 646 1796 I.
673 1779 731 1784 —
763 1752 1068 1796 COMPARATIO
1105 1763 1248 1793 INTER
1280 1762 1576 1793 MEDIATORES
1614 1762 1878 1798 UTRIUSQUE
1912 1761 2209 1794 TESTAMENTI

455 1944 489 1988 C
597 1944 619 1986 Ι
791 1885 812 1937 ἓ
846 1882 882 1925 Ι.
911 1906 970 1914 -
1007 1880 1208 1926 Christus
1233 1881 1517 1936 praestantior
1549 1885 1610 1922 est
1641 1879 1819 1935 emmelis.

490 1955 561 1986 ΑΡ.
624 1977 632 1986 .

466 2040 477 2048 z

407 2033 446 2087 εἷ’
533 2028 696 2091 effi
726 2048 1038 2091 ULTIFARIAM,
1066 2036 1305 2091 multisque
1336 2035 1479 2078 modis
1514 2034 1620 2077 olim
1657 2035 1777 2077 Deus
1811 2034 1992 2089 loquens
2026 2033 2227 2090 patribus

417 2123 452 2168 ἢ
519 2094 563 2150 ⁶¹(
593 2096 610 2131 l
657 2113 685 2168 9
745 2097 792 2140 in
821 2096 1068 2154 prophetis,
1097 2094 1114 2121 2
1134 2094 1375 2138 novissime
1409 2094 1564 2137 diebus
1597 2093 1693 2135 istis
1719 2093 1892 2136 locutus
1926 2098 1992 2136 est
2024 2092 2150 2135 nobis
2179 2092 2224 2135 in

400 2107 452 2265 g
537 2125 564 2188 b
656 2104 702 2231 ἦ
748 2156 877 2211 Filio,
897 2170 1028 2212 quem
1047 2154 1280 2198 constituit
1300 2153 1509 2197 heredem
1528 2153 1847 2208 universorum,
1868 2166 1945 2209 per
1962 2166 2094 2208 quem
2114 2151 2225 2195 fecit

514 2229 531 2272 y
558 2244 587 2284 Q
674 2221 689 2263 t
747 2222 792 2260 et
816 2215 1005 2269 saecula3
1027 2215 1044 2241 3
1062 2214 1136 2271 qui
1162 2228 1263 2257 cum
1288 2213 1345 2256 sit
1371 2212 1579 2270 splendor
1596 2211 1764 2268 gloriae,
1786 2216 1829 2255 et
1854 2212 1996 2267 figura
2021 2210 2225 2254 substan-

403 2279 523 2316 §.dr
545 2296 553 2315 ι
576 2283 702 2319 Q
746 2277 822 2320 tiae
849 2276 958 2332 ejus
982 2279 1250 2331 portansque
1273 2273 1421 2316 omnia
1440 2272 1573 2315 verbo
1593 2271 1770 2314 virtutis
1792 2285 1897 2326 suae,
1918 2269 2226 2327 purgationem

388 2345 673 2397 peccatorum
698 2337 894 2389 faciens,
914 2335 1039 2378 sedet
1064 2334 1121 2376 ad
1145 2333 1375 2376 dexteram
1397 2331 1648 2387 majestatis
1673 2330 1718 2373 in
1745 2330 1945 2373 excelsis.

97 2411 309 2437 Dmnsmstra-
448 2398 465 2425 4
490 2400 636 2442 Tanto
668 2397 824 2441 melior
856 2394 1028 2451 angelis
1062 2393 1271 2449 effectus,
1306 2397 1473 2448 quanto
1507 2390 1786 2434 differentius
1820 2404 1909 2446 prae
1942 2390 2031 2433 illis
2065 2405 2228 2434 nornen

82 2453 323 2526 turxtrhgsisex
388 2458 670 2502 hereditavit.
698 2457 715 2484 5
737 2455 818 2500 Cui
852 2455 971 2499 enim
1001 2453 1115 2496 dixit
1148 2452 1388 2508 aliquando
1418 2450 1709 2506 angelorum:
1744 2449 1885 2492 Filius
1922 2463 2044 2492 meus
2078 2464 2121 2493 es
2157 2455 2224 2505 tu,

89 2505 312 2572 Τθεῑξιῃῗᾷῑο,
388 2533 470 2575 ego
496 2517 629 2561 hodie
652 2516 786 2574 genui
809 2514 884 2559 te?
913 2515 972 2558 Et
994 2527 1169 2556 rursum
1191 2529 1199 2556 :
1225 2513 1320 2567 Ego
1343 2525 1415 2554 ero
1440 2509 1507 2553 illi
1531 2510 1578 2553 in
1603 2514 1796 2566 patrem,
1823 2513 1868 2551 et
1892 2508 1985 2565 ipse
2010 2508 2095 2551 erit
2115 2509 2226 2551 mihi

386 2578 434 2620 in
470 2577 642 2621 filium?
673 2577 690 2603 ὃ
716 2578 774 2619 Et
811 2590 912 2619 cum
949 2573 1111 2617 iterum
1146 2571 1391 2614 introducit
1424 2569 1772 2627 primogenitum
1804 2568 1850 2611 in
1887 2568 2036 2611 orbem
2075 2573 2223 2625 terrae,

389 2637 499 2681 dicit
522 2653 530 2680 :
562 2638 620 2679 Et
645 2637 832 2680 adorent
860 2649 960 2678 eum
987 2646 1140 2676 omnes
1169 2630 1318 2687 angeli
1347 2630 1443 2674 Dei.
1468 2629 1482 2655 7
1503 2631 1560 2672 Et
1582 2628 1637 2672 ad
1667 2628 1850 2684 angelos
1877 2627 2055 2683 quidem
2081 2626 2191 2670 dicit
2216 2644 2225 2671 ε

389 2696 470 2748 Qui
493 2696 608 2740 facit
633 2695 815 2752 angelos
841 2707 941 2737 suos
960 2691 1153 2749 spiritus,
1175 2696 1219 2734 et
1237 2689 1462 2733 ministros
1485 2703 1585 2732 suos
1610 2687 1839 2730 flammam
1863 2686 2005 2743 ignis;
2034 2686 2051 2713 8
2068 2686 2123 2730 ad
2152 2686 2224 2729 Fi-

388 2756 498 2799 lium
527 2761 705 2799 autem:
737 2755 939 2798 Thronus
969 2756 1091 2807 tuus,
1128 2752 1269 2807 Deus,
1304 2750 1350 2792 in
1379 2748 1594 2792 saeculum
1627 2746 1805 2802 saeculi3
1838 2746 1966 2803 virga
2002 2745 2224 2802 aequitatis

388 2815 515 2871 virga
551 2815 677 2871 regni
714 2814 794 2858 tui.
828 2813 846 2839 9
873 2811 1081 2856 Dilexisti
1122 2810 1366 2867 justitiam,
1405 2813 1448 2852 et
1480 2807 1615 2851 odisti
1651 2805 1959 2862 iniquitatem3
1994 2810 2224 2862 propterea

389 2874 517 2917 unxit
542 2879 586 2918 te
613 2875 752 2930 Deus,
777 2875 896 2916 Deus
922 2876 1045 2927 tuus,
1070 2870 1164 2914 oleo
1195 2868 1482 2913 exultationis
1509 2882 1600 2924 prae
1630 2865 1921 2923 participibus
1947 2865 2048 2908 tuis.
2077 2862 2113 2891 ¹⁰
2138 2865 2222 2907 Et:

389 2935 455 2977 Tu
481 2933 527 2977 in
551 2933 783 2990 principio,
808 2931 1011 2987 Domine,
1035 2936 1200 2974 terram
1224 2928 1440 2984 fundasti,
1464 2933 1508 2971 et
1535 2940 1667 2983 opera
1685 2939 1897 2968 manuum
1918 2929 2095 2968 tuarum
2119 2927 2224 2966 sunt

389 2994 502 3037 caeli.
534 2993 563 3019 ¹¹
585 2993 677 3050 Ipsi
703 2992 933 3049 peribunt,
967 2995 1015 3033 tu
1048 2994 1198 3033 autem
1231 2987 1535 3046 permanebis3
1565 2991 1609 3029 et
1642 2999 1793 3028 omnes
1826 2989 1875 3026 ut
1908 2983 2222 3027 vestimentum

389 3057 687 3108 veterascent,
715 3051 750 3078 ‘1'2
771 3057 816 3095 et
840 3050 964 3094 velut
989 3049 1204 3092 amictum
1233 3047 1427 3090 mutabis
1461 3061 1555 3102 eos,
1585 3054 1629 3089 et
1662 3044 1976 3098 mutabuntur3
2001 3048 2050 3085 tu
2073 3045 2221 3084 autem

390 3112 508 3156 idem
540 3112 635 3168 ipse
668 3126 735 3163 es,
770 3117 813 3154 et
849 3109 955 3153 anni
988 3108 1054 3151 tui
1089 3123 1178 3152 non
1215 3107 1435 3151 deficient.
1464 3106 1500 3132 ¹3
1517 3105 1589 3149 Ad
1621 3118 1751 3160 quem
1784 3108 1933 3146 autem
1961 3100 2221 3157 angelorum

391 3171 505 3215 dixit
529 3170 768 3227 aliquando
795 3187 803 3214 :
834 3169 948 3213 Sede
972 3183 999 3211 a
1030 3167 1196 3211 dextris
1223 3166 1353 3222 meis,
1377 3165 1663 3222 quoadusque
1693 3177 1856 3220 ponam
1889 3160 2093 3205 inimicos
2123 3164 2221 3203 tuos

390 3230 637 3275 scabellum
663 3230 823 3286 pedum
849 3227 1057 3272 tuorum?
1086 3226 1120 3253 ¹4
1139 3227 1297 3269 Nonne
1323 3240 1475 3268 omnes
1500 3230 1604 3268 sunt
1629 3219 1993 3266 administratorii
2019 3218 2220 3275 spiritus,

390 3290 435 3332 in
458 3289 753 3332 ministerium
779 3288 901 3331 missi
924 3292 1101 3344 propter
1127 3300 1199 3330 eos
1221 3285 1295 3341 qui
1321 3285 1614 3328 hereditatem
1637 3282 1814 3339 capient
1838 3277 2024 3323 salutis?

93 3354 319 3383 0¹·<·‘11011<111111
451 3349 557 3393 GAP.
585 3350 650 3392 II.
675 3374 735 3382 —
760 3348 771 3374 ¹
796 3348 1035 3404 Propterea
1059 3344 1362 3388 abundantius
1389 3349 1559 3400 oportet
1585 3342 1816 3386 observare
1842 3352 1919 3381 nos
1944 3352 1996 3381 ea
2022 3352 2119 3393 quae
2146 3352 2220 3381 au-

167 3405 245 3431 ‘mo
392 3408 607 3463 divimus,
630 3422 685 3451 ne
710 3407 827 3450 forte
856 3405 1178 3463 pereffluamus.
1205 3403 1222 3429 2
1245 3403 1289 3448 Si
1315 3404 1433 3447 enim
1459 3402 1532 3459 qui
1559 3416 1635 3459 per
1659 3399 1841 3456 angelos
1867 3397 2011 3440 dictus
2039 3403 2103 3441 est
2133 3412 2218 3441 ser-

105 3442 305 3515 ιὶἶῑῗῑῑὲᾏᾞ,
392 3482 483 3523 nio,
517 3468 667 3510 factus
700 3471 767 3510 est
804 3466 975 3521 firmus,
1014 3470 1057 3508 et
1097 3463 1240 3508 omnis
1278 3461 1585 3520 praevaricatio
1626 3465 1669 3503 et
1706 3456 2008 3501 inobedientia
2047 3456 2222 3513 accepit

112 2064 295 2094 Exordium

127 2109 281 2139 sublime.

393 3625 421 3657 3]
441 3624 513 3657 Sap.
527 3626 667 3660 V11‚2ss.
682 3641 717 3644 —
734 3626 763 3659 5]
783 3625 835 3652 ΡΞ.
856 3625 945 3658 11‚7.
965 3624 999 3651 11
1019 3623 1102 3655 neg.
1118 3623 1306 3655 VII‚14.—
1324 3621 1353 3654 6]
1374 3620 1424 3647 Ps.
1442 3618 1559 3651 XCVI,
1578 3619 1601 3645 7.
1617 3631 1650 3636 —
1665 3616 1692 3645 7]
1714 3615 1765 3644 ΡΞ.
1781 3614 1873 3650 CIII,
1886 3618 1911 3643 4.
1926 3628 1960 3634 -·
1978 3614 2007 3648 8]
2027 3614 2079 3643 PS.
2097 3613 2221 3650 XLIV,

396 3670 419 3695 T.
445 3683 478 3686 —
506 3670 551 3702 10]
572 3670 624 3697 Ps.
642 3671 694 3703 CI,
719 3674 762 3697 26.
790 3683 820 3688 —-
852 3669 896 3701 13]
925 3668 976 3695 rs.
995 3666 1080 3699 CIX,
1100 3668 1123 3693 1.
1143 3666 1157 3692 1
1177 3666 1246 3693 Cor.
1265 3665 1337 3699 XV,
1356 3667 1399 3691 25.
