2456 3861
808 170 934 214 Num.
969 172 1126 226 XXII,
1161 173 1292 215 3-35.
1871 178 1964 220 ‹145

143 340 290 384 omnia
316 356 414 396 quac
447 341 616 384 fecerat
640 341 779 384 Israel
807 342 1086 396 AmorrhaeO,
1114 342 1131 367 3
1147 347 1192 384 et
1216 341 1331 397 quod
1359 341 1687 398 pertimuissent
1713 357 1812 386 eum
1843 344 1963 387 Moa-

145 398 268 453 bitae,
293 406 335 442 et
360 400 575 455 impetum
597 400 692 454 ejus
715 401 830 443 ferre
851 416 936 442 non
957 406 1153 456 possent,
1172 400 1188 426 ·'¹
1208 401 1322 443 dixit
1343 401 1399 443 ad
1424 401 1612 456 majoros
1632 407 1735 444 natu
1755 402 1934 445 Madian
1955 420 1963 447 :

138 457 211 501 Ita
238 458 404 501 delebit
434 458 504 501 hie
531 458 716 514 populus
740 472 911 505 omnes,
939 459 1010 513 qui
1040 459 1085 501 in
1116 459 1275 502 nostris
1304 460 1464 502 tinibus
1494 466 1839 515 commorantur,
1860 476 1963 516 quo-

134 516 270 559 modo
295 517 407 560 solet
430 517 506 559 bos
534 517 690 560 herbas
712 531 849 572 usque
873 517 929 559 ad
953 518 1122 560 radices
1146 532 1335 573 carpere.
1357 519 1458 574 vase
1484 524 1576 561 erat
1602 524 1865 575 eortempore
1886 535 1962 563 rex

139 575 182 617 iu
210 576 355 617 Moab.
376 576 393 601 ἵ·
411 576 534 618 Misit
560 590 662 630 ergo
690 576 866 618 nuntios
888 575 945 618 ad
974 576 1179 630 Balaam,
1207 577 1347 619 tilium
1376 579 1486 620 Beor
1506 577 1715 632 ariolum,
1740 579 1811 633 qui
1839 579 1962 621 habi-

139 634 263 676 tabat
288 649 417 690 super
443 634 606 676 flumen
634 640 761 677 terra)
787 634 977 676 filiorum
1005 635 1219 688 Ammon,
1244 641 1290 677 ut
1310 642 1516 678 vocarent
1538 651 1658 690 eum,
1678 642 1721 679 et
1739 637 1961 682 dicerent:

138 691 254 735 Ecce
288 707 488 748 egressus
521 697 587 735 est
622 692 808 748 populus
842 707 896 734 ex
930 693 1150 748 AEgypto,
1186 693 1258 747 qui
1294 694 1463 749 operuit
1496 695 1771 750 superficiem
1806 702 1960 751 terrae,

137 751 293 794 sedens
317 759 468 794 contra
495 765 589 805 me;
613 752 630 776 ⁴³
648 750 748 793 veni
778 751 926 805 igitur,
953 757 997 793 et
1023 751 1213 793 maledic
1246 752 1405 807 populo
1436 753 1558 807 huic,
1585 754 1686 808 quia
1710 755 1868 797 fortior
1893 770 1962 799 me

138 816 226 863 est3
250 810 285 851 si
310 824 394 865 quo
420 809 549 851 modo
572 809 736 865 possim
763 814 988 865 percutere
1007 814 1050 852 et
1067 809 1226 864 ejicere
1246 824 1344 852 eum
1367 810 1421 853 dc
1444 816 1557 853 terra
1580 826 1677 854 mea
1696 831 1703 866 ;
1724 814 1822 855 novi
1844 815 1962 856 enim

137 868 251 923 quod
286 868 546 911 benedictus
574 868 632 910 sit
665 868 735 911 cui
770 867 1068 923 benedixeris,
1103 873 1146 910 et
1183 868 1446 912 maledictus
1482 869 1526 911 in
1561 884 1690 924 quem
1726 872 1962 915 maledicta

137 927 420 982 congesseris.
452 926 467 952 7
493 927 871 982 Perrexeruntque
903 927 1095 969 seniores
1130 927 1282 981 Moab,
1318 932 1361 970 et
1395 928 1582 982 majores
1616 935 1720 971 natu
1756 930 1959 987 Madian,

136 984 349 1028 habentes
375 985 664 1029 divinationis
688 985 879 1042 pretium
903 985 950 1028 in
976 985 1206 1040 manibus;
1232 1000 1419 1041 cumque
1436 986 1661 1030 venissent
1674 988 1734 1031 ad
1755 989 1959 1045 Balaam,

136 1050 179 1086 et
203 1050 455 1087 narrassent
487 1044 526 1087 ei
560 1044 709 1087 omnia
735 1044 868 1087 verba
896 1044 1052 1099 Balac,
1079 1044 1096 1070 8
1118 1043 1194 1087 ille
1227 1045 1454 1101 respondit
1476 1062 1483 1088 :
1511 1045 1689 1089 Manete
1715 1047 1786 1089 hic
1810 1054 1960 1102 noete,

135 1107 179 1145 et
212 1103 485 1160 respondebo
523 1103 737 1159 quidquid
776 1103 884 1146 mihi
923 1103 1085 1146 dixerit
1127 1104 1355 1147 Dominus.
1392 1104 1678 1147 Manentibus
1710 1105 1804 1148 illis
1843 1107 1962 1162 apud

131 1162 342 1217 Balaam,
370 1162 493 1206 venit
515 1163 656 1217 Deus,
684 1168 728 1205 et
751 1162 816 1206 ait
835 1162 892 1206 ad
915 1176 1042 1206 eum:
1061 1162 1078 1188 9
1096 1162 1209 1212 Quid
1232 1163 1315 1205 sibi
1342 1163 1498 1206 volunt
1522 1163 1723 1207 homines
1744 1164 1820 1208 'isti
1843 1165 1961 1221 apud

131 1222 213 1264 te?
240 1220 273 1247 ¹⁰
293 1221 536 1278 Respondit
565 1238 574 1265 z
607 1222 764 1277 Balac,
799 1221 916 1264 filius
948 1221 1135 1278 Sephor,
1172 1236 1248 1264 rex
1286 1221 1604 1277 Moabitarum,
1636 1223 1756 1266 misit
1778 1224 1841 1267 ad
1870 1238 1960 1279 me,

137 1279 168 1306 ¹¹
190 1280 340 1325 dicens
364 1297 372 1324 :
399 1281 515 1324 Ecce
538 1279 724 1338 populus
747 1280 820 1336 qui
849 1294 1049 1336 egressus
1072 1286 1138 1324 est
1159 1280 1212 1323 de
1240 1282 1459 1337 AEgypto,
1487 1281 1657 1337 operuit
1684 1283 1960 1338 superficiem

135 1344 290 1393 terrae,
321 1339 442 1395 veni,
470 1344 513 1382 et
543 1339 732 1383 maledic
760 1339 820 1395 ei,
850 1339 887 1382 si
921 1354 1005 1395 quo
1035 1339 1164 1382 modo
1198 1340 1363 1396 possim
1394 1354 1597 1396 pugnans
1630 1340 1808 1396 abigere
1845 1356 1959 1385 eum.

134 1396 171 1425 ¹⁸²
190 1398 402 1454 Dixitque
420 1400 541 1442 Deus
568 1398 625 1441 ad
643 1398 866 1443 Balaam:
897 1399 1000 1441 Noli
1026 1399 1088 1441 ire
1115 1412 1216 1441 cum
1238 1399 1320 1454 eis,
1345 1413 1487 1454 neque
1513 1399 1754 1443 maledicas
1776 1400 1959 1457 populo,

134 1457 236 1513 quia
268 1457 527 1500 benedictus
557 1462 636 1500 est.
669 1457 708 1484 1³
725 1457 807 1507 Qui
841 1471 971 1500 mane
1006 1471 1274 1513 consurgens
1309 1457 1423 1500 dixit
1454 1457 1510 1500 ad
1541 1458 1790 1514 principes:
1818 1460 1886 1503 Ite
1913 1460 1960 1503 in

134 1522 295 1559 terram
320 1521 534 1571 vestram,
560 1516 665 1571 quia
693 1515 921 1572 prohibuit
946 1530 1015 1558 me
1042 1516 1260 1558 Dominus
1283 1516 1432 1558 venire
1455 1517 1697 1559 vobiscum.
1726 1517 1761 1543 ¹4
1780 1519 1959 1561 Reversi

134 1575 352 1631 principes
379 1574 586 1618 dixerunt
606 1574 664 1618 ad
689 1575 825 1619 Balac
847 1591 856 1618 ε
880 1574 1035 1617 Noluit
1059 1575 1244 1617 Balaam
1266 1575 1416 1618 venire
1446 1575 1689 1618 nobiscum.
1718 1576 1753 1602 ¹5
1773 1578 1960 1620 Rursum

133 1634 208 1677 ille
229 1633 368 1676 multo
390 1634 535 1690 plures
557 1634 600 1677 et
622 1633 859 1677 nobiliores
882 1648 1014 1689 quam
1035 1638 1139 1677 ante
1161 1633 1353 1689 miserat,
1373 1633 1519 1687 misit;
1545 1634 1664 1690 ¹⁶qui
1695 1649 1796 1677 cum
1818 1636 1960 1678 venis-

131 1698 228 1735 sent
255 1692 312 1735 ad
340 1693 548 1747 Balaam,
575 1693 783 1736 dixerunt
807 1709 816 1736 :
852 1692 922 1736 Sic
952 1692 1062 1735 dicit
1093 1693 1250 1748 Balac,
1277 1693 1397 1736 ¹filius
1429 1693 1619 1749 Sephor:
1646 1694 1714 1737 Ne
1743 1695 1960 1738 cuncteris

132 1751 280 1794 venire
301 1752 358 1794 ad
384 1766 479 1807 me;
504 1751 738 1809 ‘¹⁷¹paratus
762 1766 860 1794 sum
884 1752 1099 1794 honorare
1121 1758 1184 1806 te,
1208 1757 1251 1794 et
1272 1751 1484 1807 quidquid
1502 1753 1828 1796 voluerisdabo
1851 1753 1957 1809 tib13

131 1810 253 1866 veni,
280 1816 324 1853 et
347 1811 538 1854 maledic
560 1811 721 1868 populo
741 1810 830 1854 isti.
860 1810 894 1837 ¹8
914 1810 1158 1867 Respondit
1180 1811 1367 1854 Balaam
1389 1828 1397 1854 ε
1426 1810 1469 1855 Si
1494 1810 1663 1854 dederit
1687 1811 1796 1854 mihi
1823 1813 1961 1856 Balac

131 1869 308 1926 plenam
330 1870 511 1913 domum
528 1884 654 1913 suam
671 1870 845 1925 argenti
857 1874 908 1913 et
925 1870 1032 1925 auri,
1051 1884 1140 1913 non
1157 1875 1307 1926 potero
1326 1870 1563 1913 immutare
1578 1870 1762 1913 verbum
1779 1871 1960 1914 Domini

134 1928 214 1971 Dei
237 1929 344 1985 mei,
367 1934 416 1971 ut
441 1929 512 1973 vel
538 1929 656 1986 plus,
680 1929 752 1973 vel
773 1929 920 1972 minus
943 1929 1110 1984 loquar.
1127 1928 1170 1954 *¹9
1189 1929 1378 1972 Obsecro
1404 1934 1453 1972 ut
1477 1929 1549 1972 hic
1579 1930 1796 1973 maneatis
1825 1930 1960 1974 etiam

129 1986 213 2030 hac
233 1994 383 2044 nocte,
404 1994 447 2032 et
467 1988 579 2031 scire
601 2002 759 2044 queam
781 1987 887 2044 quid
909 1987 1019 2030 mihi
1041 2002 1215 2030 rursum
1232 1987 1501 2045 respondeat
1527 1988 1757 2031 Dominus.
1776 1987 1813 2015 ‘2⁰
1827 1989 1961 2033 Venit

129 2060 233 2102 ergo
262 2048 378 2090 Deus
401 2047 458 2090 ad
483 2047 669 2091 Balaam
692 2052 839 2103 noete,
860 2052 904 2090 et
924 2047 989 2090 ait
1010 2047 1048 2090 ei
1067 2063 1076 2091 :
1101 2047 1145 2091 Si
1167 2061 1326 2090 vocare
1345 2052 1390 2090 te
1407 2052 1622 2091 venerunt
1642 2048 1842 2092 homines
1863 2048 1957 2104 isti,

130 2119 280 2161 surge,
308 2111 352 2149 et
380 2106 494 2150 vade
518 2121 624 2150 :cum
654 2106 741 2161 eis3
771 2106 835 2149 ita
854 2106 1120 2162 dumtaxat,
1143 2111 1193 2148 ut
1229 2106 1344 2162 quod
1374 2106 1461 2149 tibi
1494 2121 1772 2163 praecepero,
1792 2107 1958 2152 facias.

130 2163 164 2190 2¹
184 2165 381 2209 Surrexit
404 2166 590 2209 Balaam
616 2179 765 2221 mane,
792 2171 836 2209 et
857 2170 996 2208 strata
1015 2165 1141 2208 asina
1158 2180 1245 2209 :sua
1271 2165 1496 2222 profectus
1519 2171 1585 2208 est
1606 2180 1707 2210 eum
1728 2166 1803 2210 eis.

188 2222 225 2250 2'2
243 2224 301 2267 Et
316 2224 460 2268 ¹iratus
480 2231 548 2268 est
574 2226 707 2268 Deus.
723 2225 948 2280 ,Stetitque
968 2225 1153 2280 angelus
1185 2224 1366 2267 Domini
1394 2224 1440 2266 in
1471 2224 1543 2267 via
1574 2230 1724 2268 contra
1750 2225 1958 2281 Balaam,

130 2283 202 2339 qui
223 2283 447 2327 insidebat
467 2284 628 2339 asinae,
647 2289 691 2327 et
712 2283 821 2326 duos
842 2297 997 2340 pueros
1020 2283 1214 2327 habebat
1235 2298 1399 2327 secum.
1419 2282 1808 2328 ²31Cernensasina
1825 2299 1959 2340 ange-

129 2341 220 2385 lum
249 2347 443 2387 stantem
463 2343 510 2386 in
534 2343 628 2399 via,
659 2342 896 2398 evaginato
926 2342 1098 2398 gladio,
1121 2342 1290 2386 favertit
1318 2357 1364 2385 se
1394 2342 1448 2386 de
1479 2342 1656 2398 itinere,
1687 2348 1730 2386 et
1761 2343 1858 2387 ibat
1885 2359 1961 2401 per

128 2416 299 2457 agrum.
334 2402 476 2452 Quam
506 2417 608 2446 cum
638 2401 888 2445 verberaret
919 2401 1125 2457 Balaam,
1155 2407 1205 2445 et
1233 2401 1368 2445 vellet
1400 2401 1457 2444 ad
1493 2401 1699 2445 semitam
1731 2402 1958 2458 redimere,

129 2459 166 2486 24
190 2461 314 2504 stetit
342 2461 528 2517 angelus
560 2461 607 2504 in
636 2460 855 2517 angustiis
879 2460 1073 2504 <duarum
1103 2460 1414 2516 maceriarum,
1446 2460 1604 2516 quibus
1633 2461 1777 2505 vineae
1812 2461 1960 2517 einge-

129 2518 302 2562 bantur.
323 2519 360 2547 95
377 2520 517 2570 Quem
538 2520 694 2564 videns
715 2520 854 2575 asina,
877 2519 1027 2575 junxit
1052 2534 1099 2562 se
1120 2519 1290 2576 parieti,
1314 2525 1357 2562 et
1377 2519 1551 2562 attrivit
1572 2519 1768 2565 sedentis
1787 2519 1959 2576 pedem.

129 2578 192 2621 At
226 2579 303 2622 ille
346 2579 508 2623 iterum
541 2579 805 2623 verberabat
841 2593 969 2633 eam3
1010 2577 1047 2605 26
1077 2584 1122 2622 et
1154 2578 1448 2622 nihilominus
1489 2579 1675 2634 angelus
1719 2578 1783 2623 ad.
1813 2579 1960 2622 locum

128 2644 370 2694 angustum
414 2639 656 2695 transiens,
694 2638 773 2681 ubi
815 2652 896 2683 nee
932 2637 990 2681 ad
1031 2638 1260 2681 dexteram
1299 2652 1380 2680 nec
1425 2637 1481 2680 ad
1522 2637 1749 2681 sinistram
1789 2643 1960 2694 poterat

129 2697 326 2753 deviare,
349 2698 506 2741 obvius
527 2697 664 2741 stetit.
684 2696 719 2724 ²⁷
735 2697 933 2753 Cumque
955 2697 1139 2740 vidisset
1159 2696 1285 2739 asina
1306 2701 1499 2739 stantem
1520 2696 1960 2752 angelum,1coneidit

128 2756 210 2799 sub
232 2757 656 2814 pedibus-sedentis,
682 2756 756 2812 qui
785 2756 945 2811 iratus,
969 2755 1274 2799 vehementius
1304 2755 1506 2798 caedebat
1529 2755 1650 2801 fusae
1678 2755 1958 2812 lateraejus.

128 2814 165 2842 ²8
182 2816 456 2872 Aperuitque
476 2816 703 2860 ,Dominus
733 2830 780 2859 os
809 2815 969 2870 asinae,
996 2821 1039 2858 et
1067 2815 1216 2858 locuta
1245 2819 1337 2858 est:
1358 2814 1474 2865 Quid
1502 2814 1597 2857 feci*
1622 2813 1738 2859 tibi?
1761 2828 1838 2857 cur
1861 2829 1958 2872 ‚per-

129 2875 241 2917 cutis
272 2890 362 2929 me,
387 2890 492 2919 eece
520 2875 614 2932 jam
643 2874 805 2919 tertio?
839 2873 876 2902 2⁹
895 2874 1139 2932 Respondit
1170 2875 1356 2917 Balaam
1381 2890 1390 2918 :
1412 2873 1534 2924 *Quia
1554 2873 1886 2928 -eommeruisti‚
1908 2880 1959 2916 et

127 2933 306 2977 illusisti
334 2935 457 2978 mihi.
478 2935 665 2980 Utinam
685 2934 894 2978 haberem
912 2933 1131 2989 gladium,
1153 2938 1203 2976 ut
1226 2939 1270 2977 te
1288 2933 1587 2990 percuterem!
1610 2932 1647 2960 3⁰
1665 2932 1792 2976 Dixit
1812 2932 1957 2976 asina:

129 2993 286 3037 Nonne
306 2994 476 3040 animal
490 2999 620 3039 ‚tuum
641 3008 760 3049 sum,
784 2992 854 3036 cui
876 3007 1049 3049 semper
1069 2993 1225 3036 sedere
1240 2991 1508 3036 consuevisti
1530 3006 1668 3047 usque
1691 2991 1737 3035 in
1767 3005 1958 3048 praesen-

127 3057 218 3095 tem
239 3053 391 3097 diem?
407 3054 500 3107 [Die
528 3053 638 3109 quid
661 3052 817 3098 *simile
841 3066 1038 3107 unquam
1066 3051 1252 3095 fecerim
1282 3050 1379 3095 tibi.
1403 3051 1464 3094 At
1485 3051 1568 3094 ille
1587 3051 1652 3094 ait
1672 3067 1681 3094 ε
1705 3051 1955 3106 Nunquam.

127 3110 161 3137 3¹
181 3112 389 3159 Protinus
411 3112 584 3169 aperuit
608 3112 826 3157 Dominus
849 3111 998 3154 oculos
1026 3111 1232 3166 Balaam,
1256 3116 1299 3154 et
1323 3110 1439 3153 vidit
1459 3110 1669 3166 angelum
1698 3114 1890 3153 stantem
1910 3109 1957 3152 in

128 3170 221 3225 via,
241 3170 681 3228 evaginaw2gladi03
705 3170 995 3226 adoravitque
1020 3184 1121 3214 eum
1142 3184 1303 3226 pronus
1325 3169 1371 3212 in
1393 3175 1568 3212 terram,³
1588 3167 1624 3195 32
1638 3168 1726 3213 *Oui
1752 3168 1956 3223 angelus:

131 3228 228 3285 eur,
254 3230 420 3286 inquit,
451 3231 580 3276 tertio
610 3230 815 3274 verberas
841 3228 1017 3273 asinam
1046 3230 1203 3272 tuam?
1234 3229 1331 3284 Ego
1357 3228 1458 3272 veni
1491 3234 1540 3271 ut
1571 3228 1827 3271 adversarer
1853 3226 1954 3280 tibi,

129 3288 231 3344 quia
261 3303 465 3345 perversa
488 3295 560 3334 est
580 3289 654 3333 via
676 3294 772 3345 tua,
803 3288 1001 3344 mihique
1022 3288 1275 3343 :contraria3
1299 3287 1336 3314 33
1353 3292 1396 3331 et
1424 3287 1508 3330 nisi
1537 3287 1663 3330 asina
1693 3285 1956 3329 declinasset

126 3347 185 3391 ,de
210 3348 308 3403 via,
339 3348 449 3393 dans
487 3349 634 3392 locum
669 3347 912 3399 resistenti,
961 3353 1004 3391 te
1043 3347 1328 3403 occidissem,
1366 3352 1410 3390 et
1441 3346 1520 3389 illa
1556 3345 1736 3388 viveret.
1770 3342 1956 3409 34Dixit

128 3406 316 3450 {Balaam
334 3408 572 3464 ffleceavi,
596 3407 796 3452 nesciens
815 3407 930 3462 quod
952 3412 999 3450 tu
1022 3412 1159 3450 stares
1182 3412 1334 3449 contra
1356 3420 1450 3459 me;
1475 3411 1518 3448 et
1539 3417 1676 3457 nunc,
1695 3402 1731 3445 si
1750 3401 1955 3468 displicet

129 3464 211 3508 tibi
232 3472 282 3509 ut
302 3467 486 3523 vadam,
505 3473 714 3510 revertar.
736 3466 779 3493 *3⁵
793 3466 875 3509 Ait
893 3466 1080 3522 angelus
1098 3483 1106 3510 :
1135 3465 1255 3509 Vade
1285 3479 1387 3508 cum
1411 3464 1526 3518 istis,
1551 3469 1593 3506 et
1614 3475 1722 3504 cave
1751 3474 1805 3504 ne
1828 3459 1954 3504 ahud

130 3537 262 3579 quam
284 3531 533 3582 praecepero
555 3525 637 3570 tibi
661 3525 868 3582 loquaris.
885 3525 1141 3580 {Ivitsigitur
1161 3538 1260 3567 cum
1283 3521 1571 3580 principibus.

134 3668 166 3701 5]
187 3667 258 3695 Jos.
282 3668 408 3704 XXIV,
423 3670 450 3698 9.
473 3682 509 3687 --
526 3669 572 3702 18]
592 3668 658 3696 Inf.
672 3668 796 3702 XXIV,
819 3670 862 3696 13.
876 3682 912 3685 —
932 3667 979 3700 22]
1000 3667 1033 3694 11
1057 3667 1145 3694 Petr.
1170 3668 1213 3693 II.
1237 3671 1274 3693 ιζ..

1696 3737 1748 3776 10

2054 2234 2241 2268 Corripitur

2058 2281 2100 2309 ab
2116 2280 2236 2313 angelo

2044 2326 2078 2352 et
2095 2326 2136 2353 ab
2154 2323 2249 2352 asina

2060 2369 2228 2401 loquente.
