<?xml version="1.0" encoding="UTF-8"?>
<!DOCTYPE html PUBLIC "-//W3C//DTD XHTML 1.0 Transitional//EN"
    "http://www.w3.org/TR/xhtml1/DTD/xhtml1-transitional.dtd">
<html xmlns="http://www.w3.org/1999/xhtml" xml:lang="en" lang="en">
 <head>
  <title>
</title>
<meta http-equiv="Content-Type" content="text/html;charset=utf-8" />
  <meta name='ocr-system' content='tesseract 3.04.00' />
  <meta name='ocr-capabilities' content='ocr_page ocr_carea ocr_par ocr_line ocrx_word'/>
</head>
<body>
  <div class='ocr_page' id='page_1' title='image "./bibliasacrajuxta00fill_1202.png"; bbox 0 0 2423 3861; ppageno 0'>
   <div class='ocr_carea' id='block_1_1' title="bbox 409 96 1570 149">
    <p class='ocr_par' dir='ltr' id='par_1_1' title="bbox 409 96 1570 149">
     <span class='ocr_line' id='line_1_1' title="bbox 409 96 1570 149; baseline -0.002 -11"><span class='ocrx_word' id='word_1_1' title='bbox 409 97 518 138; x_wconf 78' lang='lat'>1182</span> <span class='ocrx_word' id='word_1_2' title='bbox 1070 96 1180 137; x_wconf 83' lang='lat' dir='ltr'>LUC.</span> <span class='ocrx_word' id='word_1_3' title='bbox 1214 96 1373 149; x_wconf 86' lang='lat' dir='ltr'>XXII,</span> <span class='ocrx_word' id='word_1_4' title='bbox 1408 96 1570 137; x_wconf 79' lang='lat'>23-58.</span> 
     </span>
    </p>
   </div>
   <div class='ocr_carea' id='block_1_2' title="bbox 1262 199 1964 206">
    <p class='ocr_par' dir='ltr' id='par_1_2' title="bbox 1262 199 1964 206">
     <span class='ocr_line' id='line_1_2' title="bbox 1262 199 1964 206; baseline 0 0"><span class='ocrx_word' id='word_1_5' title='bbox 1262 199 1964 206; x_wconf 95' lang='lat' dir='ltr'> </span> 
     </span>
    </p>
   </div>
   <div class='ocr_carea' id='block_1_3' title="bbox 404 261 2227 379">
    <p class='ocr_par' dir='ltr' id='par_1_3' title="bbox 404 261 2227 379">
     <span class='ocr_line' id='line_1_3' title="bbox 404 261 2227 323; baseline 0.002 -16"><span class='ocrx_word' id='word_1_6' title='bbox 404 279 471 306; x_wconf 69' lang='lat' dir='ltr'>vae</span> <span class='ocrx_word' id='word_1_7' title='bbox 498 265 665 307; x_wconf 90' lang='lat' dir='ltr'>homini</span> <span class='ocrx_word' id='word_1_8' title='bbox 691 264 757 306; x_wconf 90' lang='lat' dir='ltr'>illi</span> <span class='ocrx_word' id='word_1_9' title='bbox 785 278 860 319; x_wconf 83' lang='lat' dir='ltr'>per</span> <span class='ocrx_word' id='word_1_10' title='bbox 885 277 1015 318; x_wconf 82' lang='lat' dir='ltr'>quem</span> <span class='ocrx_word' id='word_1_11' title='bbox 1042 263 1251 305; x_wconf 88' lang='lat' dir='ltr'>tradetur.</span> <span class='ocrx_word' id='word_1_12' title='bbox 1287 261 1324 288; x_wconf 75' lang='lat'>&#39;23</span> <span class='ocrx_word' id='word_1_13' title='bbox 1345 264 1402 304; x_wconf 88' lang='lat' dir='ltr'>Et</span> <span class='ocrx_word' id='word_1_14' title='bbox 1434 262 1518 318; x_wconf 86' lang='lat' dir='ltr'>ipsi</span> <span class='ocrx_word' id='word_1_15' title='bbox 1553 268 1782 318; x_wconf 89' lang='lat' dir='ltr'>coeperunt</span> <span class='ocrx_word' id='word_1_16' title='bbox 1809 277 2001 318; x_wconf 79' lang='lat' dir='ltr'>quaerere</span> <span class='ocrx_word' id='word_1_17' title='bbox 2026 266 2142 310; x_wconf 88' lang='lat' dir='ltr'>inter</span> <span class='ocrx_word' id='word_1_18' title='bbox 2166 282 2227 323; x_wconf 87' lang='lat' dir='ltr'>se,</span> 
     </span>
     <span class='ocr_line' id='line_1_4' title="bbox 404 321 1388 379; baseline -0.001 -15"><span class='ocrx_word' id='word_1_19' title='bbox 404 323 500 379; x_wconf 88' lang='lat' dir='ltr'>quis</span> <span class='ocrx_word' id='word_1_20' title='bbox 522 329 637 366; x_wconf 86' lang='lat' dir='ltr'>esset</span> <span class='ocrx_word' id='word_1_21' title='bbox 663 337 716 366; x_wconf 73' lang='lat' dir='ltr'>ex</span> <span class='ocrx_word' id='word_1_22' title='bbox 742 323 802 365; x_wconf 84' lang='lat' dir='ltr'>eis</span> <span class='ocrx_word' id='word_1_23' title='bbox 828 322 903 377; x_wconf 88' lang='lat' dir='ltr'>qui</span> <span class='ocrx_word' id='word_1_24' title='bbox 925 322 1008 364; x_wconf 89' lang='lat' dir='ltr'>hoc</span> <span class='ocrx_word' id='word_1_25' title='bbox 1033 321 1235 364; x_wconf 77' lang='lat' dir='ltr'>facturus</span> <span class='ocrx_word' id='word_1_26' title='bbox 1261 327 1388 364; x_wconf 89' lang='lat' dir='ltr'>esset.</span> 
     </span>
    </p>
   </div>
   <div class='ocr_carea' id='block_1_4' title="bbox 128 380 2236 515">
    <p class='ocr_par' dir='ltr' id='par_1_4' title="bbox 128 380 2236 515">
     <span class='ocr_line' id='line_1_5' title="bbox 128 380 2236 435; baseline 0.003 -12"><span class='ocrx_word' id='word_1_27' title='bbox 128 396 307 424; x_wconf 59' lang='lat' dir='ltr'>contendo</span> <span class='ocrx_word' id='word_1_28' title='bbox 463 381 498 408; x_wconf 65' lang='lat'>94</span> <span class='ocrx_word' id='word_1_29' title='bbox 528 383 667 424; x_wconf 82' lang='lat' dir='ltr'>Facta</span> <span class='ocrx_word' id='word_1_30' title='bbox 699 387 764 424; x_wconf 89' lang='lat' dir='ltr'>est</span> <span class='ocrx_word' id='word_1_31' title='bbox 793 386 943 422; x_wconf 87' lang='lat' dir='ltr'>autem</span> <span class='ocrx_word' id='word_1_32' title='bbox 976 385 1020 423; x_wconf 91' lang='lat' dir='ltr'>et</span> <span class='ocrx_word' id='word_1_33' title='bbox 1052 380 1275 423; x_wconf 88' lang='lat' dir='ltr'>contentio</span> <span class='ocrx_word' id='word_1_34' title='bbox 1307 380 1421 422; x_wconf 91' lang='lat' dir='ltr'>inter</span> <span class='ocrx_word' id='word_1_35' title='bbox 1449 394 1542 435; x_wconf 90' lang='lat' dir='ltr'>eos,</span> <span class='ocrx_word' id='word_1_36' title='bbox 1577 380 1674 435; x_wconf 90' lang='lat' dir='ltr'>quis</span> <span class='ocrx_word' id='word_1_37' title='bbox 1707 394 1858 423; x_wconf 89' lang='lat' dir='ltr'>eorum</span> <span class='ocrx_word' id='word_1_38' title='bbox 1891 381 2115 426; x_wconf 83' lang='lat' dir='ltr'>videretur</span> <span class='ocrx_word' id='word_1_39' title='bbox 2143 399 2236 429; x_wconf 88' lang='lat' dir='ltr'>esse</span> 
     </span>
     <span class='ocr_line' id='line_1_6' title="bbox 128 438 2236 515; baseline 0.002 -33"><span class='ocrx_word' id='word_1_40' title='bbox 128 439 298 515; x_wconf 45' lang='lat' dir='ltr'>apgc‘gsos</span> <span class='ocrx_word' id='word_1_41' title='bbox 403 441 558 496; x_wconf 82' lang='lat' dir='ltr'>major.</span> <span class='ocrx_word' id='word_1_42' title='bbox 593 440 628 465; x_wconf 71' lang='lat'>‘²⁵</span> <span class='ocrx_word' id='word_1_43' title='bbox 652 439 778 483; x_wconf 87' lang='lat' dir='ltr'>Dixit</span> <span class='ocrx_word' id='word_1_44' title='bbox 810 445 959 482; x_wconf 88' lang='lat' dir='ltr'>autem</span> <span class='ocrx_word' id='word_1_45' title='bbox 993 439 1054 482; x_wconf 87' lang='lat' dir='ltr'>eis</span> <span class='ocrx_word' id='word_1_46' title='bbox 1091 455 1100 483; x_wconf 79' lang='lat' dir='ltr'><em>z</em></span> <span class='ocrx_word' id='word_1_47' title='bbox 1136 440 1278 494; x_wconf 83' lang='lat' dir='ltr'>Reges</span> <span class='ocrx_word' id='word_1_48' title='bbox 1314 439 1514 494; x_wconf 81' lang='lat' dir='ltr'>gentium</span> <span class='ocrx_word' id='word_1_49' title='bbox 1553 438 1840 482; x_wconf 80' lang='lat' dir='ltr'>dominantur</span> <span class='ocrx_word' id='word_1_50' title='bbox 1873 453 2044 497; x_wconf 89' lang='lat' dir='ltr'>eorum,</span> <span class='ocrx_word' id='word_1_51' title='bbox 2082 447 2127 485; x_wconf 92' lang='lat' dir='ltr'>et</span> <span class='ocrx_word' id='word_1_52' title='bbox 2162 443 2236 499; x_wconf 88' lang='lat' dir='ltr'>qui</span> 
     </span>
    </p>
   </div>
   <div class='ocr_carea' id='block_1_5' title="bbox 93 497 2238 3400">
    <p class='ocr_par' dir='ltr' id='par_1_5' title="bbox 93 497 2238 3400">
     <span class='ocr_line' id='line_1_7' title="bbox 402 497 2233 557; baseline 0.001 -15"><span class='ocrx_word' id='word_1_53' title='bbox 402 505 668 556; x_wconf 83' lang='lat' dir='ltr'>potestatem</span> <span class='ocrx_word' id='word_1_54' title='bbox 700 498 866 541; x_wconf 89' lang='lat' dir='ltr'>habent</span> <span class='ocrx_word' id='word_1_55' title='bbox 899 513 1028 555; x_wconf 90' lang='lat' dir='ltr'>super</span> <span class='ocrx_word' id='word_1_56' title='bbox 1061 513 1133 541; x_wconf 79' lang='lat' dir='ltr'>eos</span> <span class='ocrx_word' id='word_1_57' title='bbox 1166 498 1353 541; x_wconf 82' lang='lat' dir='ltr'>benefici</span> <span class='ocrx_word' id='word_1_58' title='bbox 1388 502 1616 541; x_wconf 84' lang='lat' dir='ltr'>vocantur.</span> <span class='ocrx_word' id='word_1_59' title='bbox 1648 497 1684 524; x_wconf 71' lang='lat'>2⁶</span> <span class='ocrx_word' id='word_1_60' title='bbox 1709 499 1801 541; x_wconf 84' lang='lat' dir='ltr'>Vos</span> <span class='ocrx_word' id='word_1_61' title='bbox 1835 504 1985 542; x_wconf 89' lang='lat' dir='ltr'>autem</span> <span class='ocrx_word' id='word_1_62' title='bbox 2021 514 2110 543; x_wconf 89' lang='lat' dir='ltr'>non</span> <span class='ocrx_word' id='word_1_63' title='bbox 2143 501 2233 557; x_wconf 80' lang='lat' dir='ltr'>sic3</span> 
     </span>
     <span class='ocr_line' id='line_1_8' title="bbox 402 557 2238 614; baseline 0.001 -13"><span class='ocrx_word' id='word_1_64' title='bbox 402 559 477 601; x_wconf 91' lang='lat' dir='ltr'>sed</span> <span class='ocrx_word' id='word_1_65' title='bbox 512 557 584 613; x_wconf 89' lang='lat' dir='ltr'>qui</span> <span class='ocrx_word' id='word_1_66' title='bbox 620 557 762 613; x_wconf 82' lang='lat' dir='ltr'>major</span> <span class='ocrx_word' id='word_1_67' title='bbox 795 563 862 600; x_wconf 90' lang='lat' dir='ltr'>est</span> <span class='ocrx_word' id='word_1_68' title='bbox 893 558 939 599; x_wconf 90' lang='lat' dir='ltr'>in</span> <span class='ocrx_word' id='word_1_69' title='bbox 965 557 1110 610; x_wconf 81' lang='lat' dir='ltr'>vobis,</span> <span class='ocrx_word' id='word_1_70' title='bbox 1137 558 1215 600; x_wconf 87' lang='lat' dir='ltr'>fiat</span> <span class='ocrx_word' id='word_1_71' title='bbox 1243 557 1359 600; x_wconf 85' lang='lat' dir='ltr'>siout</span> <span class='ocrx_word' id='word_1_72' title='bbox 1382 557 1552 612; x_wconf 76' lang='lat' dir='ltr'>minor3</span> <span class='ocrx_word' id='word_1_73' title='bbox 1578 564 1622 600; x_wconf 88' lang='lat' dir='ltr'>et</span> <span class='ocrx_word' id='word_1_74' title='bbox 1647 557 1720 613; x_wconf 89' lang='lat' dir='ltr'>qui</span> <span class='ocrx_word' id='word_1_75' title='bbox 1743 572 1985 614; x_wconf 85' lang='lat' dir='ltr'>praecessor</span> <span class='ocrx_word' id='word_1_76' title='bbox 2010 564 2098 614; x_wconf 91' lang='lat' dir='ltr'>est,</span> <span class='ocrx_word' id='word_1_77' title='bbox 2125 559 2238 603; x_wconf 86' lang='lat' dir='ltr'>sicut</span> 
     </span>
     <span class='ocr_line' id='line_1_9' title="bbox 402 616 2236 673; baseline 0.001 -14"><span class='ocrx_word' id='word_1_78' title='bbox 402 616 687 660; x_wconf 87' lang='lat' dir='ltr'>ministrator.</span> <span class='ocrx_word' id='word_1_79' title='bbox 726 616 760 642; x_wconf 68' lang='lat'>27</span> <span class='ocrx_word' id='word_1_80' title='bbox 789 617 905 659; x_wconf 86' lang='lat' dir='ltr'>Nam</span> <span class='ocrx_word' id='word_1_81' title='bbox 940 616 1036 672; x_wconf 91' lang='lat' dir='ltr'>quis</span> <span class='ocrx_word' id='word_1_82' title='bbox 1070 617 1213 672; x_wconf 83' lang='lat' dir='ltr'>major</span> <span class='ocrx_word' id='word_1_83' title='bbox 1253 621 1339 672; x_wconf 85' lang='lat' dir='ltr'>est,</span> <span class='ocrx_word' id='word_1_84' title='bbox 1375 616 1448 671; x_wconf 87' lang='lat' dir='ltr'>qui</span> <span class='ocrx_word' id='word_1_85' title='bbox 1485 616 1725 672; x_wconf 78' lang='lat' dir='ltr'>recumbit,</span> <span class='ocrx_word' id='word_1_86' title='bbox 1767 631 1823 659; x_wconf 90' lang='lat' dir='ltr'>an</span> <span class='ocrx_word' id='word_1_87' title='bbox 1863 617 1937 673; x_wconf 91' lang='lat' dir='ltr'>qui</span> <span class='ocrx_word' id='word_1_88' title='bbox 1975 618 2236 661; x_wconf 76' lang='lat' dir='ltr'>ministrat?</span> 
     </span>
     <span class='ocr_line' id='line_1_10' title="bbox 401 675 2235 733; baseline 0.001 -15"><span class='ocrx_word' id='word_1_89' title='bbox 401 690 547 720; x_wconf 89' lang='lat' dir='ltr'>nonne</span> <span class='ocrx_word' id='word_1_90' title='bbox 573 676 646 732; x_wconf 91' lang='lat' dir='ltr'>qui</span> <span class='ocrx_word' id='word_1_91' title='bbox 672 676 924 719; x_wconf 76' lang='lat' dir='ltr'>recumbit?</span> <span class='ocrx_word' id='word_1_92' title='bbox 952 676 1049 731; x_wconf 87' lang='lat' dir='ltr'>Ego</span> <span class='ocrx_word' id='word_1_93' title='bbox 1078 681 1229 719; x_wconf 90' lang='lat' dir='ltr'>autem</span> <span class='ocrx_word' id='word_1_94' title='bbox 1261 676 1307 718; x_wconf 92' lang='lat' dir='ltr'>in</span> <span class='ocrx_word' id='word_1_95' title='bbox 1333 675 1478 718; x_wconf 90' lang='lat' dir='ltr'>medio</span> <span class='ocrx_word' id='word_1_96' title='bbox 1505 681 1701 718; x_wconf 86' lang='lat' dir='ltr'>vestrum</span> <span class='ocrx_word' id='word_1_97' title='bbox 1727 690 1825 719; x_wconf 91' lang='lat' dir='ltr'>sum</span> <span class='ocrx_word' id='word_1_98' title='bbox 1858 676 1974 720; x_wconf 84' lang='lat' dir='ltr'>sicut</span> <span class='ocrx_word' id='word_1_99' title='bbox 2003 677 2078 733; x_wconf 90' lang='lat' dir='ltr'>qui</span> <span class='ocrx_word' id='word_1_100' title='bbox 2107 676 2235 719; x_wconf 89' lang='lat' dir='ltr'>mini-</span> 
     </span>
     <span class='ocr_line' id='line_1_11' title="bbox 401 734 2235 793; baseline 0.002 -17"><span class='ocrx_word' id='word_1_101' title='bbox 401 740 525 779; x_wconf 82' lang='lat' dir='ltr'>strat.</span> <span class='ocrx_word' id='word_1_102' title='bbox 552 734 588 761; x_wconf 68' lang='lat'>‘28</span> <span class='ocrx_word' id='word_1_103' title='bbox 606 736 699 778; x_wconf 87' lang='lat' dir='ltr'>Vos</span> <span class='ocrx_word' id='word_1_104' title='bbox 727 740 878 778; x_wconf 86' lang='lat' dir='ltr'>autem</span> <span class='ocrx_word' id='word_1_105' title='bbox 907 735 1013 778; x_wconf 90' lang='lat' dir='ltr'>estis</span> <span class='ocrx_word' id='word_1_106' title='bbox 1039 735 1113 791; x_wconf 88' lang='lat' dir='ltr'>qui</span> <span class='ocrx_word' id='word_1_107' title='bbox 1139 734 1445 792; x_wconf 80' lang='lat' dir='ltr'>permansistis</span> <span class='ocrx_word' id='word_1_108' title='bbox 1468 748 1641 777; x_wconf 90' lang='lat' dir='ltr'>mecum</span> <span class='ocrx_word' id='word_1_109' title='bbox 1670 735 1718 777; x_wconf 89' lang='lat' dir='ltr'>in</span> <span class='ocrx_word' id='word_1_110' title='bbox 1747 735 2069 779; x_wconf 90' lang='lat' dir='ltr'>tentationibus</span> <span class='ocrx_word' id='word_1_111' title='bbox 2096 736 2206 779; x_wconf 90' lang='lat' dir='ltr'>meis</span> <span class='ocrx_word' id='word_1_112' title='bbox 2225 773 2235 793; x_wconf 90' lang='lat'>,</span> 
     </span>
     <span class='ocr_line' id='line_1_12' title="bbox 401 793 2237 852; baseline 0.001 -14"><span class='ocrx_word' id='word_1_113' title='bbox 401 793 438 820; x_wconf 68' lang='lat'>2⁹</span> <span class='ocrx_word' id='word_1_114' title='bbox 460 799 503 838; x_wconf 90' lang='lat' dir='ltr'>et</span> <span class='ocrx_word' id='word_1_115' title='bbox 526 809 606 851; x_wconf 89' lang='lat' dir='ltr'>ego</span> <span class='ocrx_word' id='word_1_116' title='bbox 630 794 814 851; x_wconf 89' lang='lat' dir='ltr'>dispono</span> <span class='ocrx_word' id='word_1_117' title='bbox 849 795 996 850; x_wconf 84' lang='lat' dir='ltr'>vobis,</span> <span class='ocrx_word' id='word_1_118' title='bbox 1027 794 1142 837; x_wconf 91' lang='lat' dir='ltr'>sicut</span> <span class='ocrx_word' id='word_1_119' title='bbox 1173 793 1390 851; x_wconf 87' lang='lat' dir='ltr'>disposuit</span> <span class='ocrx_word' id='word_1_120' title='bbox 1423 793 1533 836; x_wconf 88' lang='lat' dir='ltr'>mihi</span> <span class='ocrx_word' id='word_1_121' title='bbox 1561 794 1694 837; x_wconf 86' lang='lat' dir='ltr'>Pater</span> <span class='ocrx_word' id='word_1_122' title='bbox 1719 809 1863 851; x_wconf 90' lang='lat' dir='ltr'>meus,</span> <span class='ocrx_word' id='word_1_123' title='bbox 1890 809 2099 852; x_wconf 83' lang='lat' dir='ltr'>regnum,</span> <span class='ocrx_word' id='word_1_124' title='bbox 2127 795 2164 822; x_wconf 83' lang='lat'>3⁰</span> <span class='ocrx_word' id='word_1_125' title='bbox 2188 801 2237 840; x_wconf 86' lang='lat' dir='ltr'>ut</span> 
     </span>
     <span class='ocr_line' id='line_1_13' title="bbox 401 852 2237 912; baseline 0.002 -16"><span class='ocrx_word' id='word_1_126' title='bbox 401 853 544 896; x_wconf 81' lang='lat' dir='ltr'>edatis</span> <span class='ocrx_word' id='word_1_127' title='bbox 577 860 620 896; x_wconf 88' lang='lat' dir='ltr'>et</span> <span class='ocrx_word' id='word_1_128' title='bbox 650 854 813 896; x_wconf 86' lang='lat' dir='ltr'>bibatis</span> <span class='ocrx_word' id='word_1_129' title='bbox 843 868 973 910; x_wconf 90' lang='lat' dir='ltr'>super</span> <span class='ocrx_word' id='word_1_130' title='bbox 1003 868 1203 897; x_wconf 89' lang='lat' dir='ltr'>mensam</span> <span class='ocrx_word' id='word_1_131' title='bbox 1238 868 1383 897; x_wconf 90' lang='lat' dir='ltr'>meam</span> <span class='ocrx_word' id='word_1_132' title='bbox 1412 852 1457 895; x_wconf 92' lang='lat' dir='ltr'>in</span> <span class='ocrx_word' id='word_1_133' title='bbox 1491 867 1627 909; x_wconf 90' lang='lat' dir='ltr'>regno</span> <span class='ocrx_word' id='word_1_134' title='bbox 1657 868 1775 910; x_wconf 90' lang='lat' dir='ltr'>meo,</span> <span class='ocrx_word' id='word_1_135' title='bbox 1806 859 1850 897; x_wconf 90' lang='lat' dir='ltr'>et</span> <span class='ocrx_word' id='word_1_136' title='bbox 1883 854 2074 898; x_wconf 85' lang='lat' dir='ltr'>sedeatis</span> <span class='ocrx_word' id='word_1_137' title='bbox 2107 869 2237 912; x_wconf 89' lang='lat' dir='ltr'>super</span> 
     </span>
     <span class='ocr_line' id='line_1_14' title="bbox 400 912 1481 969; baseline 0 -14"><span class='ocrx_word' id='word_1_138' title='bbox 400 913 602 967; x_wconf 89' lang='lat' dir='ltr'>thronos,</span> <span class='ocrx_word' id='word_1_139' title='bbox 625 913 878 969; x_wconf 75' lang='lat' dir='ltr'>judicantes</span> <span class='ocrx_word' id='word_1_140' title='bbox 904 913 1138 956; x_wconf 81' lang='lat' dir='ltr'>duodecim</span> <span class='ocrx_word' id='word_1_141' title='bbox 1161 913 1302 956; x_wconf 91' lang='lat' dir='ltr'>tribus</span> <span class='ocrx_word' id='word_1_142' title='bbox 1328 912 1481 955; x_wconf 83' lang='lat' dir='ltr'>Israel.</span> 
     </span>
     <span class='ocr_line' id='line_1_15' title="bbox 119 971 2236 1030; baseline 0.002 -19"><span class='ocrx_word' id='word_1_143' title='bbox 119 983 322 1030; x_wconf 32' lang='lat' dir='ltr'>praedicitur·</span> <span class='ocrx_word' id='word_1_144' title='bbox 459 971 492 998; x_wconf 81' lang='lat'>3¹</span> <span class='ocrx_word' id='word_1_145' title='bbox 513 972 591 1014; x_wconf 77' lang='lat' dir='ltr'>Ait</span> <span class='ocrx_word' id='word_1_146' title='bbox 616 978 767 1015; x_wconf 91' lang='lat' dir='ltr'>autem</span> <span class='ocrx_word' id='word_1_147' title='bbox 794 972 1010 1015; x_wconf 85' lang='lat' dir='ltr'>Dominus</span> <span class='ocrx_word' id='word_1_148' title='bbox 1045 990 1053 1016; x_wconf 93' lang='lat'>:</span> <span class='ocrx_word' id='word_1_149' title='bbox 1084 973 1256 1028; x_wconf 81' lang='lat' dir='ltr'>Simon,</span> <span class='ocrx_word' id='word_1_150' title='bbox 1290 973 1462 1027; x_wconf 82' lang='lat' dir='ltr'>Simon,</span> <span class='ocrx_word' id='word_1_151' title='bbox 1490 986 1593 1015; x_wconf 89' lang='lat' dir='ltr'>ecce</span> <span class='ocrx_word' id='word_1_152' title='bbox 1620 972 1807 1016; x_wconf 86' lang='lat' dir='ltr'>Satanas</span> <span class='ocrx_word' id='word_1_153' title='bbox 1838 973 2056 1030; x_wconf 83' lang='lat' dir='ltr'>expetivit</span> <span class='ocrx_word' id='word_1_154' title='bbox 2081 988 2158 1017; x_wconf 89' lang='lat' dir='ltr'>vos</span> <span class='ocrx_word' id='word_1_155' title='bbox 2188 979 2236 1017; x_wconf 87' lang='lat' dir='ltr'>ut</span> 
     </span>
     <span class='ocr_line' id='line_1_16' title="bbox 95 1027 2234 1088; baseline 0.001 -15"><span class='ocrx_word' id='word_1_156' title='bbox 95 1028 208 1060; x_wconf 71' lang='lat' dir='ltr'>lapsus</span> <span class='ocrx_word' id='word_1_157' title='bbox 233 1027 335 1055; x_wconf 73' lang='lat' dir='ltr'>pem.</span> <span class='ocrx_word' id='word_1_158' title='bbox 401 1031 612 1075; x_wconf 87' lang='lat' dir='ltr'>cribraret</span> <span class='ocrx_word' id='word_1_159' title='bbox 637 1032 753 1075; x_wconf 91' lang='lat' dir='ltr'>sicut</span> <span class='ocrx_word' id='word_1_160' title='bbox 778 1031 976 1075; x_wconf 88' lang='lat' dir='ltr'>triticum</span> <span class='ocrx_word' id='word_1_161' title='bbox 996 1049 1004 1084; x_wconf 87' lang='lat'>;</span> <span class='ocrx_word' id='word_1_162' title='bbox 1034 1030 1070 1057; x_wconf 76' lang='lat'>3&#39;2</span> <span class='ocrx_word' id='word_1_163' title='bbox 1088 1046 1169 1087; x_wconf 91' lang='lat' dir='ltr'>ego</span> <span class='ocrx_word' id='word_1_164' title='bbox 1195 1038 1344 1075; x_wconf 90' lang='lat' dir='ltr'>autem</span> <span class='ocrx_word' id='word_1_165' title='bbox 1369 1031 1523 1086; x_wconf 87' lang='lat' dir='ltr'>rogavi</span> <span class='ocrx_word' id='word_1_166' title='bbox 1546 1046 1624 1088; x_wconf 88' lang='lat' dir='ltr'>pro</span> <span class='ocrx_word' id='word_1_167' title='bbox 1646 1036 1711 1087; x_wconf 88' lang='lat' dir='ltr'>te,</span> <span class='ocrx_word' id='word_1_168' title='bbox 1739 1037 1788 1074; x_wconf 90' lang='lat' dir='ltr'>ut</span> <span class='ocrx_word' id='word_1_169' title='bbox 1813 1047 1901 1075; x_wconf 88' lang='lat' dir='ltr'>non</span> <span class='ocrx_word' id='word_1_170' title='bbox 1924 1032 2102 1076; x_wconf 87' lang='lat' dir='ltr'>deficiat</span> <span class='ocrx_word' id='word_1_171' title='bbox 2127 1033 2234 1077; x_wconf 90' lang='lat' dir='ltr'>fides</span> 
     </span>
     <span class='ocr_line' id='line_1_17' title="bbox 399 1090 2234 1147; baseline 0.002 -14"><span class='ocrx_word' id='word_1_172' title='bbox 399 1096 505 1146; x_wconf 89' lang='lat' dir='ltr'>tua;</span> <span class='ocrx_word' id='word_1_173' title='bbox 541 1096 584 1133; x_wconf 90' lang='lat' dir='ltr'>et</span> <span class='ocrx_word' id='word_1_174' title='bbox 613 1096 662 1134; x_wconf 91' lang='lat' dir='ltr'>tu</span> <span class='ocrx_word' id='word_1_175' title='bbox 693 1091 933 1147; x_wconf 89' lang='lat' dir='ltr'>aliquando</span> <span class='ocrx_word' id='word_1_176' title='bbox 969 1105 1205 1134; x_wconf 81' lang='lat' dir='ltr'>conversus</span> <span class='ocrx_word' id='word_1_177' title='bbox 1237 1092 1449 1134; x_wconf 89' lang='lat' dir='ltr'>confirma</span> <span class='ocrx_word' id='word_1_178' title='bbox 1482 1090 1644 1134; x_wconf 78' lang='lat' dir='ltr'>fratres</span> <span class='ocrx_word' id='word_1_179' title='bbox 1678 1096 1792 1134; x_wconf 77' lang='lat' dir='ltr'>tuos.</span> <span class='ocrx_word' id='word_1_180' title='bbox 1826 1091 1864 1118; x_wconf 79' lang='lat'>33</span> <span class='ocrx_word' id='word_1_181' title='bbox 1889 1091 1971 1142; x_wconf 89' lang='lat' dir='ltr'>Qui</span> <span class='ocrx_word' id='word_1_182' title='bbox 2006 1092 2120 1135; x_wconf 74' lang='lat' dir='ltr'>dixit</span> <span class='ocrx_word' id='word_1_183' title='bbox 2153 1092 2192 1136; x_wconf 92' lang='lat' dir='ltr'>ei</span> <span class='ocrx_word' id='word_1_184' title='bbox 2224 1109 2234 1137; x_wconf 88' lang='lat'>:</span> 
     </span>
     <span class='ocr_line' id='line_1_18' title="bbox 402 1150 2236 1208; baseline 0.002 -16"><span class='ocrx_word' id='word_1_185' title='bbox 402 1150 613 1205; x_wconf 87' lang='lat' dir='ltr'>Domine,</span> <span class='ocrx_word' id='word_1_186' title='bbox 648 1155 796 1194; x_wconf 88' lang='lat' dir='ltr'>tecum</span> <span class='ocrx_word' id='word_1_187' title='bbox 825 1155 1004 1208; x_wconf 88' lang='lat' dir='ltr'>paratus</span> <span class='ocrx_word' id='word_1_188' title='bbox 1035 1165 1133 1193; x_wconf 90' lang='lat' dir='ltr'>sum</span> <span class='ocrx_word' id='word_1_189' title='bbox 1165 1156 1208 1194; x_wconf 91' lang='lat' dir='ltr'>et</span> <span class='ocrx_word' id='word_1_190' title='bbox 1235 1151 1280 1192; x_wconf 85' lang='lat' dir='ltr'>in</span> <span class='ocrx_word' id='word_1_191' title='bbox 1315 1163 1536 1193; x_wconf 86' lang='lat' dir='ltr'>carcerem</span> <span class='ocrx_word' id='word_1_192' title='bbox 1559 1156 1602 1193; x_wconf 90' lang='lat' dir='ltr'>et</span> <span class='ocrx_word' id='word_1_193' title='bbox 1630 1150 1677 1192; x_wconf 93' lang='lat' dir='ltr'>in</span> <span class='ocrx_word' id='word_1_194' title='bbox 1700 1155 1887 1194; x_wconf 86' lang='lat' dir='ltr'>mortem</span> <span class='ocrx_word' id='word_1_195' title='bbox 1915 1151 1990 1194; x_wconf 90' lang='lat' dir='ltr'>ire.</span> <span class='ocrx_word' id='word_1_196' title='bbox 2019 1151 2055 1178; x_wconf 71' lang='lat'>3¹*</span> <span class='ocrx_word' id='word_1_197' title='bbox 2072 1152 2135 1194; x_wconf 91' lang='lat' dir='ltr'>At</span> <span class='ocrx_word' id='word_1_198' title='bbox 2160 1151 2236 1196; x_wconf 85' lang='lat' dir='ltr'>ille</span> 
     </span>
     <span class='ocr_line' id='line_1_19' title="bbox 399 1208 2235 1267; baseline 0.002 -16"><span class='ocrx_word' id='word_1_199' title='bbox 399 1209 514 1251; x_wconf 77' lang='lat' dir='ltr'>dixit</span> <span class='ocrx_word' id='word_1_200' title='bbox 546 1224 554 1249; x_wconf 91' lang='lat'><strong>:</strong></span> <span class='ocrx_word' id='word_1_201' title='bbox 594 1209 704 1252; x_wconf 90' lang='lat' dir='ltr'>Dico</span> <span class='ocrx_word' id='word_1_202' title='bbox 739 1209 841 1265; x_wconf 88' lang='lat' dir='ltr'>tibi,</span> <span class='ocrx_word' id='word_1_203' title='bbox 880 1210 1029 1264; x_wconf 86' lang='lat' dir='ltr'>Petre,</span> <span class='ocrx_word' id='word_1_204' title='bbox 1066 1224 1152 1252; x_wconf 91' lang='grc'><strong>11011</strong></span> <span class='ocrx_word' id='word_1_205' title='bbox 1188 1210 1387 1252; x_wconf 80' lang='lat' dir='ltr'>cantabit</span> <span class='ocrx_word' id='word_1_206' title='bbox 1417 1208 1548 1252; x_wconf 89' lang='lat' dir='ltr'>hodie</span> <span class='ocrx_word' id='word_1_207' title='bbox 1578 1209 1743 1265; x_wconf 88' lang='lat' dir='ltr'>gallus,</span> <span class='ocrx_word' id='word_1_208' title='bbox 1782 1209 1922 1253; x_wconf 89' lang='lat' dir='ltr'>donec</span> <span class='ocrx_word' id='word_1_209' title='bbox 1947 1216 2013 1254; x_wconf 88' lang='lat' dir='ltr'>ter</span> <span class='ocrx_word' id='word_1_210' title='bbox 2041 1211 2235 1267; x_wconf 81' lang='lat' dir='ltr'>abneges</span> 
     </span>
     <span class='ocr_line' id='line_1_20' title="bbox 399 1282 631 1311; baseline 0.004 -2"><span class='ocrx_word' id='word_1_211' title='bbox 399 1282 525 1311; x_wconf 90' lang='lat' dir='ltr'>nosse</span> <span class='ocrx_word' id='word_1_212' title='bbox 549 1283 631 1311; x_wconf 87' lang='lat' dir='ltr'>me.</span> 
     </span>
     <span class='ocr_line' id='line_1_21' title="bbox 129 1327 2233 1387; baseline 0.001 -18"><span class='ocrx_word' id='word_1_213' title='bbox 129 1331 301 1378; x_wconf 59' lang='lat' dir='ltr'>Allocutjo</span> <span class='ocrx_word' id='word_1_214' title='bbox 462 1328 517 1370; x_wconf 85' lang='lat' dir='ltr'>Et</span> <span class='ocrx_word' id='word_1_215' title='bbox 543 1327 657 1370; x_wconf 75' lang='lat' dir='ltr'>dixit</span> <span class='ocrx_word' id='word_1_216' title='bbox 682 1328 744 1371; x_wconf 91' lang='lat' dir='ltr'>eis</span> <span class='ocrx_word' id='word_1_217' title='bbox 777 1345 786 1372; x_wconf 89' lang='lat'>:</span> <span class='ocrx_word' id='word_1_218' title='bbox 809 1328 845 1354; x_wconf 74' lang='lat'>35</span> <span class='ocrx_word' id='word_1_219' title='bbox 864 1328 1049 1378; x_wconf 82' lang='lat' dir='ltr'>Quando</span> <span class='ocrx_word' id='word_1_220' title='bbox 1073 1329 1172 1371; x_wconf 91' lang='lat' dir='ltr'>misi</span> <span class='ocrx_word' id='word_1_221' title='bbox 1201 1343 1276 1372; x_wconf 87' lang='lat' dir='ltr'>vos</span> <span class='ocrx_word' id='word_1_222' title='bbox 1298 1329 1393 1373; x_wconf 88' lang='lat' dir='ltr'>sine</span> <span class='ocrx_word' id='word_1_223' title='bbox 1415 1329 1605 1384; x_wconf 85' lang='lat' dir='ltr'>sacculo,</span> <span class='ocrx_word' id='word_1_224' title='bbox 1633 1334 1678 1371; x_wconf 91' lang='lat' dir='ltr'>et</span> <span class='ocrx_word' id='word_1_225' title='bbox 1700 1343 1816 1385; x_wconf 86' lang='lat' dir='ltr'>pera,</span> <span class='ocrx_word' id='word_1_226' title='bbox 1837 1334 1880 1372; x_wconf 93' lang='lat' dir='ltr'>et</span> <span class='ocrx_word' id='word_1_227' title='bbox 1906 1328 2233 1387; x_wconf 83' lang='lat' dir='ltr'>calceamentis,</span> 
     </span>
     <span class='ocr_line' id='line_1_22' title="bbox 123 1375 2232 1444; baseline 0.002 -16"><span class='ocrx_word' id='word_1_228' title='bbox 123 1375 163 1403; x_wconf 63' lang='lat'>‘³³</span> <span class='ocrx_word' id='word_1_229' title='bbox 181 1375 303 1408; x_wconf 57' lang='lat' dir='ltr'>gfflw·</span> <span class='ocrx_word' id='word_1_230' title='bbox 397 1387 613 1442; x_wconf 81' lang='lat' dir='ltr'>numquid</span> <span class='ocrx_word' id='word_1_231' title='bbox 639 1387 808 1443; x_wconf 81' lang='lat' dir='ltr'>aliquid</span> <span class='ocrx_word' id='word_1_232' title='bbox 836 1387 984 1430; x_wconf 71' lang='lat' dir='ltr'>defuit</span> <span class='ocrx_word' id='word_1_233' title='bbox 1008 1387 1171 1430; x_wconf 72' lang='lat' dir='ltr'>vobis?</span> <span class='ocrx_word' id='word_1_234' title='bbox 1198 1387 1235 1414; x_wconf 72' lang='lat'>³⁶</span> <span class='ocrx_word' id='word_1_235' title='bbox 1252 1388 1406 1431; x_wconf 81' lang='lat' dir='ltr'>Atini</span> <span class='ocrx_word' id='word_1_236' title='bbox 1434 1389 1642 1432; x_wconf 73' lang='lat' dir='ltr'>dixerunt</span> <span class='ocrx_word' id='word_1_237' title='bbox 1667 1404 1675 1432; x_wconf 89' lang='lat'>:</span> <span class='ocrx_word' id='word_1_238' title='bbox 1700 1388 1838 1431; x_wconf 85' lang='lat' dir='ltr'>Nihil.</span> <span class='ocrx_word' id='word_1_239' title='bbox 1863 1387 1990 1430; x_wconf 72' lang='lat' dir='ltr'>Dixit</span> <span class='ocrx_word' id='word_1_240' title='bbox 2012 1402 2115 1444; x_wconf 74' lang='lat' dir='ltr'>ergo</span> <span class='ocrx_word' id='word_1_241' title='bbox 2142 1389 2232 1433; x_wconf 71' lang='lat' dir='ltr'>eis:</span> 
     </span>
     <span class='ocr_line' id='line_1_23' title="bbox 398 1446 2234 1505; baseline 0.002 -17"><span class='ocrx_word' id='word_1_242' title='bbox 398 1446 482 1489; x_wconf 88' lang='lat' dir='ltr'>Sed</span> <span class='ocrx_word' id='word_1_243' title='bbox 515 1461 654 1502; x_wconf 89' lang='lat' dir='ltr'>nunc,</span> <span class='ocrx_word' id='word_1_244' title='bbox 689 1447 762 1502; x_wconf 90' lang='lat' dir='ltr'>qui</span> <span class='ocrx_word' id='word_1_245' title='bbox 796 1447 932 1490; x_wconf 89' lang='lat' dir='ltr'>habet</span> <span class='ocrx_word' id='word_1_246' title='bbox 966 1447 1214 1502; x_wconf 87' lang='lat' dir='ltr'>sacculum,</span> <span class='ocrx_word' id='word_1_247' title='bbox 1252 1447 1401 1505; x_wconf 86' lang='lat' dir='ltr'>tollat,</span> <span class='ocrx_word' id='word_1_248' title='bbox 1436 1447 1642 1490; x_wconf 85' lang='lat' dir='ltr'>similiter</span> <span class='ocrx_word' id='word_1_249' title='bbox 1675 1452 1718 1490; x_wconf 88' lang='lat' dir='ltr'>et</span> <span class='ocrx_word' id='word_1_250' title='bbox 1751 1462 1931 1504; x_wconf 73' lang='lat' dir='ltr'>peram,</span> <span class='ocrx_word' id='word_1_251' title='bbox 1963 1452 2008 1490; x_wconf 91' lang='lat' dir='ltr'>et</span> <span class='ocrx_word' id='word_1_252' title='bbox 2040 1447 2115 1503; x_wconf 92' lang='lat' dir='ltr'>qui</span> <span class='ocrx_word' id='word_1_253' title='bbox 2147 1462 2234 1491; x_wconf 85' lang='lat' dir='ltr'>non</span> 
     </span>
     <span class='ocr_line' id='line_1_24' title="bbox 398 1505 2233 1563; baseline 0.002 -16"><span class='ocrx_word' id='word_1_254' title='bbox 398 1505 552 1561; x_wconf 86' lang='lat' dir='ltr'>habet,</span> <span class='ocrx_word' id='word_1_255' title='bbox 584 1506 750 1549; x_wconf 77' lang='lat' dir='ltr'>vendat</span> <span class='ocrx_word' id='word_1_256' title='bbox 775 1506 974 1548; x_wconf 89' lang='lat' dir='ltr'>tunicam</span> <span class='ocrx_word' id='word_1_257' title='bbox 1000 1521 1146 1562; x_wconf 88' lang='lat' dir='ltr'>suam,</span> <span class='ocrx_word' id='word_1_258' title='bbox 1172 1512 1214 1550; x_wconf 92' lang='lat' dir='ltr'>et</span> <span class='ocrx_word' id='word_1_259' title='bbox 1237 1513 1355 1550; x_wconf 88' lang='lat' dir='ltr'>emat</span> <span class='ocrx_word' id='word_1_260' title='bbox 1378 1507 1591 1563; x_wconf 79' lang='lat' dir='ltr'>gladium.</span> <span class='ocrx_word' id='word_1_261' title='bbox 1615 1505 1649 1532; x_wconf 82' lang='lat'>37</span> <span class='ocrx_word' id='word_1_262' title='bbox 1670 1506 1781 1550; x_wconf 89' lang='lat' dir='ltr'>Dico</span> <span class='ocrx_word' id='word_1_263' title='bbox 1808 1506 1927 1550; x_wconf 91' lang='lat' dir='ltr'>enim</span> <span class='ocrx_word' id='word_1_264' title='bbox 1957 1507 2102 1563; x_wconf 80' lang='lat' dir='ltr'>vobis,</span> <span class='ocrx_word' id='word_1_265' title='bbox 2130 1521 2233 1562; x_wconf 87' lang='lat' dir='ltr'>quo-</span> 
     </span>
     <span class='ocr_line' id='line_1_25' title="bbox 397 1564 2235 1623; baseline 0.002 -17"><span class='ocrx_word' id='word_1_266' title='bbox 397 1564 518 1606; x_wconf 87' lang='lat' dir='ltr'>niam</span> <span class='ocrx_word' id='word_1_267' title='bbox 555 1565 700 1608; x_wconf 87' lang='lat' dir='ltr'>adhuc</span> <span class='ocrx_word' id='word_1_268' title='bbox 737 1565 821 1608; x_wconf 89' lang='grc'><strong>1100</strong></span> <span class='ocrx_word' id='word_1_269' title='bbox 856 1565 971 1621; x_wconf 86' lang='lat' dir='ltr'>quod</span> <span class='ocrx_word' id='word_1_270' title='bbox 1009 1566 1224 1622; x_wconf 88' lang='lat' dir='ltr'>scriptum</span> <span class='ocrx_word' id='word_1_271' title='bbox 1261 1572 1348 1623; x_wconf 84' lang='lat' dir='ltr'>est,</span> <span class='ocrx_word' id='word_1_272' title='bbox 1387 1572 1559 1623; x_wconf 87' lang='lat' dir='ltr'>oportet</span> <span class='ocrx_word' id='word_1_273' title='bbox 1591 1566 1767 1622; x_wconf 83' lang='lat' dir='ltr'>impleri</span> <span class='ocrx_word' id='word_1_274' title='bbox 1804 1566 1851 1608; x_wconf 90' lang='lat' dir='ltr'>in</span> <span class='ocrx_word' id='word_1_275' title='bbox 1885 1580 1954 1609; x_wconf 89' lang='lat' dir='ltr'>me</span> <span class='ocrx_word' id='word_1_276' title='bbox 1994 1582 2002 1609; x_wconf 93' lang='lat'>:</span> <span class='ocrx_word' id='word_1_277' title='bbox 2040 1567 2096 1608; x_wconf 86' lang='lat' dir='ltr'>Et</span> <span class='ocrx_word' id='word_1_278' title='bbox 2133 1581 2235 1609; x_wconf 86' lang='lat' dir='ltr'>cum</span> 
     </span>
     <span class='ocr_line' id='line_1_26' title="bbox 397 1623 2234 1681; baseline 0.001 -15"><span class='ocrx_word' id='word_1_279' title='bbox 397 1623 560 1679; x_wconf 90' lang='lat' dir='ltr'>iniquis</span> <span class='ocrx_word' id='word_1_280' title='bbox 587 1624 826 1681; x_wconf 85' lang='lat' dir='ltr'>deputatus</span> <span class='ocrx_word' id='word_1_281' title='bbox 849 1630 927 1667; x_wconf 91' lang='lat' dir='ltr'>est.</span> <span class='ocrx_word' id='word_1_282' title='bbox 957 1625 1136 1668; x_wconf 83' lang='lat' dir='ltr'>Etenim</span> <span class='ocrx_word' id='word_1_283' title='bbox 1159 1639 1209 1668; x_wconf 92' lang='lat' dir='ltr'>ea</span> <span class='ocrx_word' id='word_1_284' title='bbox 1237 1640 1334 1680; x_wconf 79' lang='lat' dir='ltr'>quae</span> <span class='ocrx_word' id='word_1_285' title='bbox 1360 1630 1463 1668; x_wconf 91' lang='lat' dir='ltr'>sunt</span> <span class='ocrx_word' id='word_1_286' title='bbox 1489 1625 1542 1668; x_wconf 93' lang='lat' dir='ltr'>de</span> <span class='ocrx_word' id='word_1_287' title='bbox 1569 1639 1637 1668; x_wconf 91' lang='lat' dir='ltr'>me</span> <span class='ocrx_word' id='word_1_288' title='bbox 1664 1624 1797 1668; x_wconf 87' lang='lat' dir='ltr'>finem</span> <span class='ocrx_word' id='word_1_289' title='bbox 1823 1625 2002 1668; x_wconf 88' lang='lat' dir='ltr'>habent.</span> <span class='ocrx_word' id='word_1_290' title='bbox 2031 1625 2066 1651; x_wconf 73' lang='lat'>33</span> <span class='ocrx_word' id='word_1_291' title='bbox 2084 1627 2146 1668; x_wconf 91' lang='lat' dir='ltr'>At</span> <span class='ocrx_word' id='word_1_292' title='bbox 2169 1625 2234 1668; x_wconf 91' lang='lat' dir='ltr'>illi</span> 
     </span>
     <span class='ocr_line' id='line_1_27' title="bbox 398 1682 2105 1740; baseline 0.002 -16"><span class='ocrx_word' id='word_1_293' title='bbox 398 1682 606 1726; x_wconf 80' lang='lat' dir='ltr'>dixerunt</span> <span class='ocrx_word' id='word_1_294' title='bbox 637 1700 647 1728; x_wconf 91' lang='lat'><strong>:</strong></span> <span class='ocrx_word' id='word_1_295' title='bbox 676 1683 887 1740; x_wconf 90' lang='lat' dir='ltr'>Domine,</span> <span class='ocrx_word' id='word_1_296' title='bbox 915 1698 1018 1727; x_wconf 89' lang='lat' dir='ltr'>ecce</span> <span class='ocrx_word' id='word_1_297' title='bbox 1041 1684 1126 1726; x_wconf 91' lang='lat' dir='ltr'>duo</span> <span class='ocrx_word' id='word_1_298' title='bbox 1149 1684 1290 1740; x_wconf 87' lang='lat' dir='ltr'>gladii</span> <span class='ocrx_word' id='word_1_299' title='bbox 1316 1684 1402 1728; x_wconf 90' lang='lat' dir='ltr'>hic.</span> <span class='ocrx_word' id='word_1_300' title='bbox 1426 1685 1488 1726; x_wconf 91' lang='lat' dir='ltr'>At</span> <span class='ocrx_word' id='word_1_301' title='bbox 1513 1684 1588 1727; x_wconf 91' lang='lat' dir='ltr'>ille</span> <span class='ocrx_word' id='word_1_302' title='bbox 1615 1684 1729 1726; x_wconf 74' lang='lat' dir='ltr'>dixit</span> <span class='ocrx_word' id='word_1_303' title='bbox 1754 1684 1815 1727; x_wconf 87' lang='lat' dir='ltr'>eis</span> <span class='ocrx_word' id='word_1_304' title='bbox 1850 1701 1859 1728; x_wconf 90' lang='lat'>:</span> <span class='ocrx_word' id='word_1_305' title='bbox 1887 1684 2001 1727; x_wconf 85' lang='lat' dir='ltr'>Satis</span> <span class='ocrx_word' id='word_1_306' title='bbox 2027 1690 2105 1728; x_wconf 88' lang='lat' dir='ltr'>est.</span> 
     </span>
     <span class='ocr_line' id='line_1_28' title="bbox 93 1742 2231 1799; baseline 0.001 -14"><span class='ocrx_word' id='word_1_307' title='bbox 93 1746 222 1794; x_wconf 63' lang='lat' dir='ltr'>Agonia</span> <span class='ocrx_word' id='word_1_308' title='bbox 249 1748 332 1776; x_wconf 75' lang='lat' dir='ltr'>Jesu</span> <span class='ocrx_word' id='word_1_309' title='bbox 456 1742 493 1769; x_wconf 83' lang='lat'>39</span> <span class='ocrx_word' id='word_1_310' title='bbox 518 1743 577 1785; x_wconf 87' lang='lat' dir='ltr'>Et</span> <span class='ocrx_word' id='word_1_311' title='bbox 610 1757 810 1799; x_wconf 89' lang='lat' dir='ltr'>egressus</span> <span class='ocrx_word' id='word_1_312' title='bbox 842 1743 937 1786; x_wconf 90' lang='lat' dir='ltr'>ibat</span> <span class='ocrx_word' id='word_1_313' title='bbox 975 1743 1219 1786; x_wconf 89' lang='lat' dir='ltr'>secundum</span> <span class='ocrx_word' id='word_1_314' title='bbox 1255 1744 1622 1787; x_wconf 87' lang='lat' dir='ltr'>consuetudinem</span> <span class='ocrx_word' id='word_1_315' title='bbox 1662 1743 1709 1786; x_wconf 91' lang='lat' dir='ltr'>in</span> <span class='ocrx_word' id='word_1_316' title='bbox 1751 1749 1948 1787; x_wconf 87' lang='lat' dir='ltr'>montem</span> <span class='ocrx_word' id='word_1_317' title='bbox 1987 1744 2231 1789; x_wconf 87' lang='lat' dir='ltr'>Olivarum.</span> 
     </span>
     <span class='ocr_line' id='line_1_29' title="bbox 128 1790 2232 1861; baseline 0.001 -17"><span class='ocrx_word' id='word_1_318' title='bbox 128 1797 161 1819; x_wconf 78' lang='lat'>²¹¹</span> <span class='ocrx_word' id='word_1_319' title='bbox 185 1790 295 1819; x_wconf 75' lang='lat' dir='ltr'>horto.</span> <span class='ocrx_word' id='word_1_320' title='bbox 397 1802 545 1845; x_wconf 89' lang='lat' dir='ltr'>Secuti</span> <span class='ocrx_word' id='word_1_321' title='bbox 579 1808 682 1844; x_wconf 89' lang='lat' dir='ltr'>sunt</span> <span class='ocrx_word' id='word_1_322' title='bbox 714 1808 864 1845; x_wconf 88' lang='lat' dir='ltr'>autem</span> <span class='ocrx_word' id='word_1_323' title='bbox 900 1802 1028 1844; x_wconf 91' lang='lat' dir='ltr'>illum</span> <span class='ocrx_word' id='word_1_324' title='bbox 1062 1808 1105 1845; x_wconf 85' lang='lat' dir='ltr'>ct</span> <span class='ocrx_word' id='word_1_325' title='bbox 1139 1802 1360 1859; x_wconf 88' lang='lat' dir='ltr'>discipuli.</span> <span class='ocrx_word' id='word_1_326' title='bbox 1394 1802 1431 1828; x_wconf 67' lang='lat'>4⁰</span> <span class='ocrx_word' id='word_1_327' title='bbox 1457 1803 1515 1845; x_wconf 87' lang='lat' dir='ltr'>Et</span> <span class='ocrx_word' id='word_1_328' title='bbox 1544 1817 1644 1845; x_wconf 89' lang='lat' dir='ltr'>cum</span> <span class='ocrx_word' id='word_1_329' title='bbox 1679 1803 1952 1859; x_wconf 88' lang='lat' dir='ltr'>pervenisset</span> <span class='ocrx_word' id='word_1_330' title='bbox 1981 1803 2038 1846; x_wconf 91' lang='lat' dir='ltr'>ad</span> <span class='ocrx_word' id='word_1_331' title='bbox 2064 1803 2232 1861; x_wconf 90' lang='lat' dir='ltr'>locum,</span> 
     </span>
     <span class='ocr_line' id='line_1_30' title="bbox 397 1860 2233 1918; baseline 0.002 -15"><span class='ocrx_word' id='word_1_332' title='bbox 397 1860 511 1903; x_wconf 78' lang='lat' dir='ltr'>dixit</span> <span class='ocrx_word' id='word_1_333' title='bbox 533 1861 621 1904; x_wconf 86' lang='lat' dir='ltr'>illis</span> <span class='ocrx_word' id='word_1_334' title='bbox 654 1881 664 1906; x_wconf 91' lang='grc'>;</span> <span class='ocrx_word' id='word_1_335' title='bbox 688 1861 820 1905; x_wconf 81' lang='lat' dir='ltr'>Orate</span> <span class='ocrx_word' id='word_1_336' title='bbox 846 1876 900 1904; x_wconf 90' lang='lat' dir='ltr'>ne</span> <span class='ocrx_word' id='word_1_337' title='bbox 924 1861 1098 1905; x_wconf 88' lang='lat' dir='ltr'>intretis</span> <span class='ocrx_word' id='word_1_338' title='bbox 1128 1861 1174 1904; x_wconf 90' lang='lat' dir='ltr'>in</span> <span class='ocrx_word' id='word_1_339' title='bbox 1200 1863 1508 1905; x_wconf 87' lang='lat' dir='ltr'>tentationem.</span> <span class='ocrx_word' id='word_1_340' title='bbox 1536 1861 1570 1887; x_wconf 69' lang='lat'>⁴¹</span> <span class='ocrx_word' id='word_1_341' title='bbox 1592 1862 1650 1903; x_wconf 86' lang='lat' dir='ltr'>Et</span> <span class='ocrx_word' id='word_1_342' title='bbox 1674 1862 1769 1918; x_wconf 88' lang='lat' dir='ltr'>ipse</span> <span class='ocrx_word' id='word_1_343' title='bbox 1795 1863 1974 1905; x_wconf 89' lang='lat' dir='ltr'>avulsus</span> <span class='ocrx_word' id='word_1_344' title='bbox 1998 1867 2063 1905; x_wconf 91' lang='lat' dir='ltr'>est</span> <span class='ocrx_word' id='word_1_345' title='bbox 2085 1863 2141 1905; x_wconf 86' lang='lat' dir='ltr'>ab</span> <span class='ocrx_word' id='word_1_346' title='bbox 2171 1863 2233 1906; x_wconf 87' lang='lat' dir='ltr'>eis</span> 
     </span>
     <span class='ocr_line' id='line_1_31' title="bbox 397 1920 2231 1978; baseline 0.001 -15"><span class='ocrx_word' id='word_1_347' title='bbox 397 1927 613 1976; x_wconf 86' lang='lat' dir='ltr'>quantum</span> <span class='ocrx_word' id='word_1_348' title='bbox 638 1920 785 1975; x_wconf 78' lang='lat' dir='ltr'>jactus</span> <span class='ocrx_word' id='word_1_349' title='bbox 815 1926 880 1964; x_wconf 90' lang='lat' dir='ltr'>est</span> <span class='ocrx_word' id='word_1_350' title='bbox 906 1921 1097 1977; x_wconf 84' lang='lat' dir='ltr'>lapidis3</span> <span class='ocrx_word' id='word_1_351' title='bbox 1126 1926 1171 1964; x_wconf 87' lang='lat' dir='ltr'>et</span> <span class='ocrx_word' id='word_1_352' title='bbox 1195 1921 1351 1978; x_wconf 84' lang='lat' dir='ltr'>positis</span> <span class='ocrx_word' id='word_1_353' title='bbox 1380 1921 1569 1977; x_wconf 82' lang='lat' dir='ltr'>genibus</span> <span class='ocrx_word' id='word_1_354' title='bbox 1604 1921 1779 1977; x_wconf 88' lang='lat' dir='ltr'>orabat,</span> <span class='ocrx_word' id='word_1_355' title='bbox 1810 1920 1848 1947; x_wconf 72' lang='lat'>‘⁴²&#39;</span> <span class='ocrx_word' id='word_1_356' title='bbox 1869 1921 2021 1965; x_wconf 89' lang='lat' dir='ltr'>dicens</span> <span class='ocrx_word' id='word_1_357' title='bbox 2051 1937 2061 1963; x_wconf 91' lang='lat'><strong>:</strong></span> <span class='ocrx_word' id='word_1_358' title='bbox 2089 1922 2231 1977; x_wconf 88' lang='lat' dir='ltr'>Pater,</span> 
     </span>
     <span class='ocr_line' id='line_1_32' title="bbox 396 1979 2231 2037; baseline 0.001 -15"><span class='ocrx_word' id='word_1_359' title='bbox 396 1979 433 2022; x_wconf 91' lang='lat' dir='ltr'>si</span> <span class='ocrx_word' id='word_1_360' title='bbox 455 1980 541 2035; x_wconf 85' lang='lat' dir='ltr'>vis,</span> <span class='ocrx_word' id='word_1_361' title='bbox 566 1980 759 2023; x_wconf 74' lang='lat' dir='ltr'>transfer</span> <span class='ocrx_word' id='word_1_362' title='bbox 786 1980 971 2023; x_wconf 87' lang='lat' dir='ltr'>calicem</span> <span class='ocrx_word' id='word_1_363' title='bbox 992 1980 1129 2022; x_wconf 87' lang='lat' dir='ltr'>istum</span> <span class='ocrx_word' id='word_1_364' title='bbox 1155 1994 1181 2022; x_wconf 92' lang='lat' dir='ltr'>a</span> <span class='ocrx_word' id='word_1_365' title='bbox 1203 1995 1300 2034; x_wconf 88' lang='lat' dir='ltr'>me;</span> <span class='ocrx_word' id='word_1_366' title='bbox 1330 1985 1638 2023; x_wconf 86' lang='lat' dir='ltr'>verumtamen</span> <span class='ocrx_word' id='word_1_367' title='bbox 1664 1994 1752 2023; x_wconf 90' lang='lat' dir='ltr'>non</span> <span class='ocrx_word' id='word_1_368' title='bbox 1774 1994 1872 2024; x_wconf 89' lang='lat' dir='ltr'>mea</span> <span class='ocrx_word' id='word_1_369' title='bbox 1898 1981 2127 2037; x_wconf 84' lang='lat' dir='ltr'>voluntas,</span> <span class='ocrx_word' id='word_1_370' title='bbox 2154 1981 2231 2025; x_wconf 89' lang='lat' dir='ltr'>sed</span> 
     </span>
     <span class='ocr_line' id='line_1_33' title="bbox 396 2039 2233 2096; baseline 0.001 -14"><span class='ocrx_word' id='word_1_371' title='bbox 396 2045 473 2082; x_wconf 91' lang='lat' dir='ltr'>tua</span> <span class='ocrx_word' id='word_1_372' title='bbox 494 2039 583 2082; x_wconf 90' lang='lat' dir='ltr'>fiat.</span> <span class='ocrx_word' id='word_1_373' title='bbox 607 2039 644 2065; x_wconf 76' lang='lat'>43</span> <span class='ocrx_word' id='word_1_374' title='bbox 660 2039 882 2096; x_wconf 86' lang='lat' dir='ltr'>Apparuit</span> <span class='ocrx_word' id='word_1_375' title='bbox 900 2044 1051 2082; x_wconf 88' lang='lat' dir='ltr'>autem</span> <span class='ocrx_word' id='word_1_376' title='bbox 1071 2039 1137 2081; x_wconf 89' lang='lat' dir='ltr'>illi</span> <span class='ocrx_word' id='word_1_377' title='bbox 1160 2040 1347 2096; x_wconf 84' lang='lat' dir='ltr'>angelus</span> <span class='ocrx_word' id='word_1_378' title='bbox 1370 2039 1425 2083; x_wconf 90' lang='lat' dir='ltr'>de</span> <span class='ocrx_word' id='word_1_379' title='bbox 1443 2040 1565 2095; x_wconf 86' lang='lat' dir='ltr'>caelo,</span> <span class='ocrx_word' id='word_1_380' title='bbox 1590 2039 1847 2083; x_wconf 74' lang='lat' dir='ltr'>confortans</span> <span class='ocrx_word' id='word_1_381' title='bbox 1870 2054 1984 2083; x_wconf 91' lang='lat' dir='ltr'>eum.</span> <span class='ocrx_word' id='word_1_382' title='bbox 2004 2041 2063 2082; x_wconf 88' lang='lat' dir='ltr'>Et</span> <span class='ocrx_word' id='word_1_383' title='bbox 2083 2040 2233 2084; x_wconf 79' lang='lat' dir='ltr'>factus</span> 
     </span>
     <span class='ocr_line' id='line_1_34' title="bbox 394 2097 2232 2155; baseline 0.001 -15"><span class='ocrx_word' id='word_1_384' title='bbox 394 2098 441 2141; x_wconf 88' lang='lat' dir='ltr'>in</span> <span class='ocrx_word' id='word_1_385' title='bbox 471 2097 653 2155; x_wconf 88' lang='lat' dir='ltr'>agonia,</span> <span class='ocrx_word' id='word_1_386' title='bbox 681 2099 894 2155; x_wconf 78' lang='lat' dir='ltr'>prolixius</span> <span class='ocrx_word' id='word_1_387' title='bbox 922 2099 1089 2143; x_wconf 88' lang='lat' dir='ltr'>orabat.</span> <span class='ocrx_word' id='word_1_388' title='bbox 1117 2098 1153 2125; x_wconf 74' lang='lat'>44</span> <span class='ocrx_word' id='word_1_389' title='bbox 1173 2100 1231 2141; x_wconf 87' lang='lat' dir='ltr'>Et</span> <span class='ocrx_word' id='word_1_390' title='bbox 1259 2099 1408 2142; x_wconf 75' lang='lat' dir='ltr'>factus</span> <span class='ocrx_word' id='word_1_391' title='bbox 1435 2104 1501 2143; x_wconf 91' lang='lat' dir='ltr'>est</span> <span class='ocrx_word' id='word_1_392' title='bbox 1530 2099 1663 2141; x_wconf 88' lang='lat' dir='ltr'>sudor</span> <span class='ocrx_word' id='word_1_393' title='bbox 1687 2098 1784 2154; x_wconf 82' lang='lat' dir='ltr'>ejus</span> <span class='ocrx_word' id='word_1_394' title='bbox 1817 2099 1932 2142; x_wconf 88' lang='lat' dir='ltr'>sicut</span> <span class='ocrx_word' id='word_1_395' title='bbox 1960 2104 2102 2155; x_wconf 85' lang='lat' dir='ltr'>guttae</span> <span class='ocrx_word' id='word_1_396' title='bbox 2133 2114 2232 2142; x_wconf 89' lang='lat' dir='ltr'>san-</span> 
     </span>
     <span class='ocr_line' id='line_1_35' title="bbox 394 2157 2233 2214; baseline 0.001 -14"><span class='ocrx_word' id='word_1_397' title='bbox 394 2157 542 2213; x_wconf 78' lang='lat' dir='ltr'>guinis</span> <span class='ocrx_word' id='word_1_398' title='bbox 565 2157 837 2202; x_wconf 89' lang='lat' dir='ltr'>decurrentis</span> <span class='ocrx_word' id='word_1_399' title='bbox 859 2158 906 2201; x_wconf 90' lang='lat' dir='ltr'>in</span> <span class='ocrx_word' id='word_1_400' title='bbox 929 2164 1104 2201; x_wconf 88' lang='lat' dir='ltr'>terram.</span> <span class='ocrx_word' id='word_1_401' title='bbox 1131 2158 1168 2184; x_wconf 71' lang='lat'>‘¹⁵</span> <span class='ocrx_word' id='word_1_402' title='bbox 1188 2159 1245 2200; x_wconf 84' lang='lat' dir='ltr'>Et</span> <span class='ocrx_word' id='word_1_403' title='bbox 1267 2173 1368 2202; x_wconf 90' lang='lat' dir='ltr'>cum</span> <span class='ocrx_word' id='word_1_404' title='bbox 1393 2158 1656 2202; x_wconf 82' lang='lat' dir='ltr'>surrexisset</span> <span class='ocrx_word' id='word_1_405' title='bbox 1673 2158 1729 2201; x_wconf 91' lang='lat' dir='ltr'>ab</span> <span class='ocrx_word' id='word_1_406' title='bbox 1748 2159 1958 2214; x_wconf 87' lang='lat' dir='ltr'>oratione,</span> <span class='ocrx_word' id='word_1_407' title='bbox 1979 2163 2023 2202; x_wconf 90' lang='lat' dir='ltr'>et</span> <span class='ocrx_word' id='word_1_408' title='bbox 2040 2159 2233 2202; x_wconf 84' lang='lat' dir='ltr'>venisset</span> 
     </span>
     <span class='ocr_line' id='line_1_36' title="bbox 394 2216 2231 2275; baseline 0.002 -16"><span class='ocrx_word' id='word_1_409' title='bbox 394 2216 451 2259; x_wconf 90' lang='lat' dir='ltr'>ad</span> <span class='ocrx_word' id='word_1_410' title='bbox 482 2216 722 2274; x_wconf 87' lang='lat' dir='ltr'>discipulos</span> <span class='ocrx_word' id='word_1_411' title='bbox 753 2232 875 2274; x_wconf 86' lang='lat' dir='ltr'>suos,</span> <span class='ocrx_word' id='word_1_412' title='bbox 912 2217 1084 2260; x_wconf 81' lang='lat' dir='ltr'>invenit</span> <span class='ocrx_word' id='word_1_413' title='bbox 1117 2232 1190 2261; x_wconf 90' lang='lat' dir='ltr'>eos</span> <span class='ocrx_word' id='word_1_414' title='bbox 1225 2218 1492 2261; x_wconf 87' lang='lat' dir='ltr'>dormientes</span> <span class='ocrx_word' id='word_1_415' title='bbox 1525 2232 1617 2275; x_wconf 85' lang='lat' dir='ltr'>prae</span> <span class='ocrx_word' id='word_1_416' title='bbox 1647 2217 1842 2262; x_wconf 83' lang='lat' dir='ltr'>tristitia.</span> <span class='ocrx_word' id='word_1_417' title='bbox 1877 2217 1915 2244; x_wconf 75' lang='grc'>46</span> <span class='ocrx_word' id='word_1_418' title='bbox 1936 2217 1994 2260; x_wconf 89' lang='lat' dir='ltr'>Et</span> <span class='ocrx_word' id='word_1_419' title='bbox 2016 2217 2079 2260; x_wconf 88' lang='lat' dir='ltr'>ait</span> <span class='ocrx_word' id='word_1_420' title='bbox 2104 2217 2192 2260; x_wconf 89' lang='lat' dir='ltr'>illis</span> <span class='ocrx_word' id='word_1_421' title='bbox 2220 2234 2231 2262; x_wconf 73' lang='grc' dir='ltr'>ε</span> 
     </span>
     <span class='ocr_line' id='line_1_37' title="bbox 395 2276 1830 2333; baseline 0.002 -15"><span class='ocrx_word' id='word_1_422' title='bbox 395 2276 509 2327; x_wconf 82' lang='lat' dir='ltr'>Quid</span> <span class='ocrx_word' id='word_1_423' title='bbox 531 2276 766 2320; x_wconf 75' lang='lat' dir='ltr'>dormitis?</span> <span class='ocrx_word' id='word_1_424' title='bbox 793 2277 983 2333; x_wconf 85' lang='lat' dir='ltr'>surgite,</span> <span class='ocrx_word' id='word_1_425' title='bbox 1012 2282 1153 2332; x_wconf 87' lang='lat' dir='ltr'>orate,</span> <span class='ocrx_word' id='word_1_426' title='bbox 1180 2292 1235 2321; x_wconf 87' lang='lat' dir='ltr'>ne</span> <span class='ocrx_word' id='word_1_427' title='bbox 1259 2277 1433 2320; x_wconf 88' lang='lat' dir='ltr'>intretis</span> <span class='ocrx_word' id='word_1_428' title='bbox 1454 2277 1501 2320; x_wconf 89' lang='lat' dir='ltr'>in</span> <span class='ocrx_word' id='word_1_429' title='bbox 1523 2277 1830 2321; x_wconf 85' lang='lat' dir='ltr'>tentationem.</span> 
     </span>
     <span class='ocr_line' id='line_1_38' title="bbox 140 2335 2233 2393; baseline 0 -13"><span class='ocrx_word' id='word_1_430' title='bbox 140 2346 278 2380; x_wconf 67' lang='lat' dir='ltr'>Capitur</span> <span class='ocrx_word' id='word_1_431' title='bbox 453 2335 488 2361; x_wconf 68' lang='lat'>4⁷</span> <span class='ocrx_word' id='word_1_432' title='bbox 514 2336 676 2380; x_wconf 91' lang='lat' dir='ltr'>Adhuc</span> <span class='ocrx_word' id='word_1_433' title='bbox 707 2351 757 2379; x_wconf 90' lang='lat' dir='ltr'>eo</span> <span class='ocrx_word' id='word_1_434' title='bbox 791 2337 1018 2392; x_wconf 88' lang='lat' dir='ltr'>loquente,</span> <span class='ocrx_word' id='word_1_435' title='bbox 1055 2350 1157 2379; x_wconf 90' lang='lat' dir='ltr'>ecce</span> <span class='ocrx_word' id='word_1_436' title='bbox 1187 2336 1346 2392; x_wconf 79' lang='lat' dir='ltr'>turba3</span> <span class='ocrx_word' id='word_1_437' title='bbox 1379 2342 1422 2380; x_wconf 89' lang='lat' dir='ltr'>et</span> <span class='ocrx_word' id='word_1_438' title='bbox 1455 2337 1528 2392; x_wconf 89' lang='lat' dir='ltr'>qui</span> <span class='ocrx_word' id='word_1_439' title='bbox 1562 2337 1807 2379; x_wconf 79' lang='lat' dir='ltr'>vocabatur</span> <span class='ocrx_word' id='word_1_440' title='bbox 1839 2337 2001 2393; x_wconf 81' lang='lat' dir='ltr'>Judas,</span> <span class='ocrx_word' id='word_1_441' title='bbox 2033 2352 2145 2380; x_wconf 85' lang='lat' dir='ltr'>unus</span> <span class='ocrx_word' id='word_1_442' title='bbox 2179 2337 2233 2382; x_wconf 89' lang='lat' dir='ltr'>de</span> 
     </span>
     <span class='ocr_line' id='line_1_39' title="bbox 119 2390 2230 2453; baseline 0.001 -16"><span class='ocrx_word' id='word_1_443' title='bbox 119 2397 138 2418; x_wconf 76' lang='lat'><strong>³</strong></span> <span class='ocrx_word' id='word_1_444' title='bbox 158 2390 296 2418; x_wconf 48' lang='lat' dir='ltr'>Judaess·</span> <span class='ocrx_word' id='word_1_445' title='bbox 395 2394 650 2452; x_wconf 89' lang='lat' dir='ltr'>duodecim,</span> <span class='ocrx_word' id='word_1_446' title='bbox 676 2396 970 2439; x_wconf 80' lang='lat' dir='ltr'>antecedebat</span> <span class='ocrx_word' id='word_1_447' title='bbox 999 2410 1100 2450; x_wconf 84' lang='lat' dir='ltr'>eos3</span> <span class='ocrx_word' id='word_1_448' title='bbox 1129 2402 1172 2439; x_wconf 90' lang='lat' dir='ltr'>et</span> <span class='ocrx_word' id='word_1_449' title='bbox 1197 2396 1571 2453; x_wconf 83' lang='lat' dir='ltr'>appropinquavit</span> <span class='ocrx_word' id='word_1_450' title='bbox 1600 2396 1629 2438; x_wconf 79' lang='lat' dir='ltr'><em>J</em></span> <span class='ocrx_word' id='word_1_451' title='bbox 1635 2410 1710 2439; x_wconf 91' lang='lat' dir='ltr'>esu</span> <span class='ocrx_word' id='word_1_452' title='bbox 1741 2402 1790 2438; x_wconf 90' lang='lat' dir='ltr'>ut</span> <span class='ocrx_word' id='word_1_453' title='bbox 1815 2397 2087 2439; x_wconf 88' lang='lat' dir='ltr'>oscularetur</span> <span class='ocrx_word' id='word_1_454' title='bbox 2118 2411 2230 2440; x_wconf 81' lang='lat' dir='ltr'>eum.</span> 
     </span>
     <span class='ocr_line' id='line_1_40' title="bbox 393 2453 2231 2511; baseline 0.001 -14"><span class='ocrx_word' id='word_1_455' title='bbox 393 2453 430 2480; x_wconf 68' lang='lat'>“¹3</span> <span class='ocrx_word' id='word_1_456' title='bbox 448 2455 580 2498; x_wconf 82' lang='lat' dir='ltr'>Jesus</span> <span class='ocrx_word' id='word_1_457' title='bbox 598 2460 748 2498; x_wconf 90' lang='lat' dir='ltr'>autem</span> <span class='ocrx_word' id='word_1_458' title='bbox 775 2455 889 2498; x_wconf 75' lang='lat' dir='ltr'>dixit</span> <span class='ocrx_word' id='word_1_459' title='bbox 907 2455 973 2497; x_wconf 90' lang='lat' dir='ltr'>illi</span> <span class='ocrx_word' id='word_1_460' title='bbox 999 2473 1008 2499; x_wconf 86' lang='grc'>;</span> <span class='ocrx_word' id='word_1_461' title='bbox 1031 2455 1164 2511; x_wconf 80' lang='lat' dir='ltr'>Juda,</span> <span class='ocrx_word' id='word_1_462' title='bbox 1190 2455 1339 2498; x_wconf 90' lang='lat' dir='ltr'>osculo</span> <span class='ocrx_word' id='word_1_463' title='bbox 1367 2455 1533 2498; x_wconf 85' lang='lat' dir='ltr'>Filium</span> <span class='ocrx_word' id='word_1_464' title='bbox 1560 2454 1751 2498; x_wconf 89' lang='lat' dir='ltr'>hominis</span> <span class='ocrx_word' id='word_1_465' title='bbox 1771 2455 1940 2499; x_wconf 83' lang='lat' dir='ltr'>tradis?</span> <span class='ocrx_word' id='word_1_466' title='bbox 1964 2455 2000 2481; x_wconf 72' lang='lat'>49</span> <span class='ocrx_word' id='word_1_467' title='bbox 2017 2455 2231 2499; x_wconf 85' lang='lat' dir='ltr'>Videntes</span> 
     </span>
     <span class='ocr_line' id='line_1_41' title="bbox 392 2514 2230 2571; baseline 0.002 -15"><span class='ocrx_word' id='word_1_468' title='bbox 392 2519 542 2557; x_wconf 85' lang='lat' dir='ltr'>autem</span> <span class='ocrx_word' id='word_1_469' title='bbox 580 2514 646 2569; x_wconf 90' lang='lat' dir='ltr'>hi,</span> <span class='ocrx_word' id='word_1_470' title='bbox 685 2514 759 2570; x_wconf 90' lang='lat' dir='ltr'>qui</span> <span class='ocrx_word' id='word_1_471' title='bbox 801 2514 918 2557; x_wconf 89' lang='lat' dir='ltr'>circa</span> <span class='ocrx_word' id='word_1_472' title='bbox 955 2515 1102 2571; x_wconf 93' lang='lat' dir='ltr'>ipsum</span> <span class='ocrx_word' id='word_1_473' title='bbox 1140 2519 1286 2570; x_wconf 90' lang='lat' dir='ltr'>erant,</span> <span class='ocrx_word' id='word_1_474' title='bbox 1330 2514 1446 2570; x_wconf 89' lang='lat' dir='ltr'>quod</span> <span class='ocrx_word' id='word_1_475' title='bbox 1486 2515 1689 2558; x_wconf 72' lang='lat' dir='ltr'>futurum</span> <span class='ocrx_word' id='word_1_476' title='bbox 1731 2520 1846 2570; x_wconf 89' lang='lat' dir='ltr'>erat,</span> <span class='ocrx_word' id='word_1_477' title='bbox 1885 2515 2095 2558; x_wconf 80' lang='lat' dir='ltr'>dixerunt</span> <span class='ocrx_word' id='word_1_478' title='bbox 2134 2515 2173 2558; x_wconf 90' lang='lat' dir='ltr'>ci</span> <span class='ocrx_word' id='word_1_479' title='bbox 2219 2531 2230 2560; x_wconf 75' lang='lat' dir='ltr'>t</span> 
     </span>
     <span class='ocr_line' id='line_1_42' title="bbox 394 2573 2231 2631; baseline 0.001 -16"><span class='ocrx_word' id='word_1_480' title='bbox 394 2573 606 2629; x_wconf 88' lang='lat' dir='ltr'>Domine,</span> <span class='ocrx_word' id='word_1_481' title='bbox 639 2573 675 2615; x_wconf 91' lang='lat' dir='ltr'>si</span> <span class='ocrx_word' id='word_1_482' title='bbox 706 2573 976 2629; x_wconf 88' lang='lat' dir='ltr'>percutimus</span> <span class='ocrx_word' id='word_1_483' title='bbox 1008 2573 1054 2616; x_wconf 91' lang='lat' dir='ltr'>in</span> <span class='ocrx_word' id='word_1_484' title='bbox 1087 2573 1275 2629; x_wconf 83' lang='lat' dir='ltr'>gladio?</span> <span class='ocrx_word' id='word_1_485' title='bbox 1309 2573 1346 2600; x_wconf 80' lang='lat'>50</span> <span class='ocrx_word' id='word_1_486' title='bbox 1372 2575 1429 2616; x_wconf 86' lang='lat' dir='ltr'>Et</span> <span class='ocrx_word' id='word_1_487' title='bbox 1461 2573 1678 2631; x_wconf 87' lang='lat' dir='ltr'>percussit</span> <span class='ocrx_word' id='word_1_488' title='bbox 1712 2588 1825 2617; x_wconf 91' lang='lat' dir='ltr'>unus</span> <span class='ocrx_word' id='word_1_489' title='bbox 1858 2588 1913 2617; x_wconf 75' lang='lat' dir='ltr'>ex</span> <span class='ocrx_word' id='word_1_490' title='bbox 1942 2573 2030 2617; x_wconf 89' lang='lat' dir='ltr'>illis</span> <span class='ocrx_word' id='word_1_491' title='bbox 2056 2589 2231 2618; x_wconf 78' lang='lat' dir='ltr'>servum</span> 
     </span>
     <span class='ocr_line' id='line_1_43' title="bbox 393 2632 2231 2690; baseline 0.001 -16"><span class='ocrx_word' id='word_1_492' title='bbox 393 2632 606 2688; x_wconf 84' lang='lat' dir='ltr'>principis</span> <span class='ocrx_word' id='word_1_493' title='bbox 633 2632 934 2688; x_wconf 89' lang='lat' dir='ltr'>sacerdotum,</span> <span class='ocrx_word' id='word_1_494' title='bbox 966 2639 1008 2676; x_wconf 88' lang='lat' dir='ltr'>et</span> <span class='ocrx_word' id='word_1_495' title='bbox 1033 2633 1284 2689; x_wconf 83' lang='lat' dir='ltr'>amputavit</span> <span class='ocrx_word' id='word_1_496' title='bbox 1309 2633 1558 2676; x_wconf 87' lang='lat' dir='ltr'>auriculam</span> <span class='ocrx_word' id='word_1_497' title='bbox 1584 2633 1681 2689; x_wconf 86' lang='lat' dir='ltr'>ejus</span> <span class='ocrx_word' id='word_1_498' title='bbox 1708 2633 1952 2678; x_wconf 78' lang='lat' dir='ltr'>dexteram.</span> <span class='ocrx_word' id='word_1_499' title='bbox 1980 2632 2012 2659; x_wconf 77' lang='lat'>⁵¹</span> <span class='ocrx_word' id='word_1_500' title='bbox 2036 2634 2231 2690; x_wconf 87' lang='lat' dir='ltr'>Respon-</span> 
     </span>
     <span class='ocr_line' id='line_1_44' title="bbox 395 2691 2230 2749; baseline 0.001 -15"><span class='ocrx_word' id='word_1_501' title='bbox 395 2691 502 2734; x_wconf 89' lang='lat' dir='ltr'>dens</span> <span class='ocrx_word' id='word_1_502' title='bbox 536 2697 684 2735; x_wconf 86' lang='lat' dir='ltr'>autem</span> <span class='ocrx_word' id='word_1_503' title='bbox 716 2692 744 2734; x_wconf 80' lang='lat' dir='ltr'><strong>J</strong></span> <span class='ocrx_word' id='word_1_504' title='bbox 749 2706 869 2749; x_wconf 89' lang='lat' dir='ltr'>esus,</span> <span class='ocrx_word' id='word_1_505' title='bbox 899 2691 963 2734; x_wconf 89' lang='lat' dir='ltr'>ait</span> <span class='ocrx_word' id='word_1_506' title='bbox 995 2705 1006 2733; x_wconf 71' lang='grc' dir='ltr'><strong>ι</strong></span> <span class='ocrx_word' id='word_1_507' title='bbox 1033 2691 1174 2735; x_wconf 89' lang='lat' dir='ltr'>Sinite</span> <span class='ocrx_word' id='word_1_508' title='bbox 1207 2707 1346 2748; x_wconf 89' lang='lat' dir='ltr'>usque</span> <span class='ocrx_word' id='word_1_509' title='bbox 1376 2693 1475 2736; x_wconf 90' lang='lat' dir='ltr'>huc.</span> <span class='ocrx_word' id='word_1_510' title='bbox 1511 2693 1568 2735; x_wconf 83' lang='lat' dir='ltr'>Et</span> <span class='ocrx_word' id='word_1_511' title='bbox 1601 2707 1701 2735; x_wconf 90' lang='lat' dir='ltr'>cum</span> <span class='ocrx_word' id='word_1_512' title='bbox 1732 2693 1953 2749; x_wconf 86' lang='lat' dir='ltr'>tetigisset</span> <span class='ocrx_word' id='word_1_513' title='bbox 1985 2693 2230 2736; x_wconf 87' lang='lat' dir='ltr'>auriculam</span> 
     </span>
     <span class='ocr_line' id='line_1_45' title="bbox 394 2750 2230 2809; baseline 0 -15"><span class='ocrx_word' id='word_1_514' title='bbox 394 2750 510 2806; x_wconf 83' lang='lat' dir='ltr'>ejus,</span> <span class='ocrx_word' id='word_1_515' title='bbox 538 2751 716 2794; x_wconf 86' lang='lat' dir='ltr'>sanavit</span> <span class='ocrx_word' id='word_1_516' title='bbox 742 2765 857 2795; x_wconf 91' lang='lat' dir='ltr'>eum.</span> <span class='ocrx_word' id='word_1_517' title='bbox 885 2750 922 2778; x_wconf 73' lang='lat'>52</span> <span class='ocrx_word' id='word_1_518' title='bbox 940 2751 1069 2794; x_wconf 77' lang='lat' dir='ltr'>Dixit</span> <span class='ocrx_word' id='word_1_519' title='bbox 1092 2757 1244 2795; x_wconf 90' lang='lat' dir='ltr'>autem</span> <span class='ocrx_word' id='word_1_520' title='bbox 1270 2753 1401 2795; x_wconf 77' lang='lat' dir='ltr'>Jesus</span> <span class='ocrx_word' id='word_1_521' title='bbox 1432 2752 1488 2795; x_wconf 90' lang='lat' dir='ltr'>ad</span> <span class='ocrx_word' id='word_1_522' title='bbox 1516 2766 1589 2795; x_wconf 91' lang='lat' dir='ltr'>eos</span> <span class='ocrx_word' id='word_1_523' title='bbox 1620 2751 1694 2807; x_wconf 91' lang='lat' dir='ltr'>qui</span> <span class='ocrx_word' id='word_1_524' title='bbox 1717 2757 1931 2795; x_wconf 80' lang='lat' dir='ltr'>venerant</span> <span class='ocrx_word' id='word_1_525' title='bbox 1956 2752 2013 2795; x_wconf 89' lang='lat' dir='ltr'>ad</span> <span class='ocrx_word' id='word_1_526' title='bbox 2042 2767 2088 2796; x_wconf 87' lang='lat' dir='ltr'>se</span> <span class='ocrx_word' id='word_1_527' title='bbox 2113 2752 2230 2809; x_wconf 89' lang='lat' dir='ltr'>prin-</span> 
     </span>
     <span class='ocr_line' id='line_1_46' title="bbox 395 2810 2230 2868; baseline 0.001 -15"><span class='ocrx_word' id='word_1_528' title='bbox 395 2810 513 2866; x_wconf 85' lang='lat' dir='ltr'>cipes</span> <span class='ocrx_word' id='word_1_529' title='bbox 538 2810 833 2866; x_wconf 89' lang='lat' dir='ltr'>sacerdotum,</span> <span class='ocrx_word' id='word_1_530' title='bbox 866 2815 909 2854; x_wconf 92' lang='lat' dir='ltr'>et</span> <span class='ocrx_word' id='word_1_531' title='bbox 933 2810 1221 2866; x_wconf 87' lang='lat' dir='ltr'>magistratus</span> <span class='ocrx_word' id='word_1_532' title='bbox 1247 2811 1416 2868; x_wconf 84' lang='lat' dir='ltr'>templi,</span> <span class='ocrx_word' id='word_1_533' title='bbox 1446 2817 1489 2855; x_wconf 89' lang='lat' dir='ltr'>et</span> <span class='ocrx_word' id='word_1_534' title='bbox 1514 2811 1706 2855; x_wconf 87' lang='lat' dir='ltr'>seniores</span> <span class='ocrx_word' id='word_1_535' title='bbox 1734 2827 1742 2854; x_wconf 94' lang='lat'>:</span> <span class='ocrx_word' id='word_1_536' title='bbox 1772 2811 1905 2861; x_wconf 85' lang='lat' dir='ltr'>Quasi</span> <span class='ocrx_word' id='word_1_537' title='bbox 1930 2811 1988 2854; x_wconf 92' lang='lat' dir='ltr'>ad</span> <span class='ocrx_word' id='word_1_538' title='bbox 2013 2810 2230 2854; x_wconf 85' lang='lat' dir='ltr'>latronem</span> 
     </span>
     <span class='ocr_line' id='line_1_47' title="bbox 394 2869 2229 2927; baseline 0 -16"><span class='ocrx_word' id='word_1_539' title='bbox 394 2869 547 2912; x_wconf 80' lang='lat' dir='ltr'>existis</span> <span class='ocrx_word' id='word_1_540' title='bbox 584 2884 685 2912; x_wconf 85' lang='lat' dir='ltr'>cum</span> <span class='ocrx_word' id='word_1_541' title='bbox 725 2870 887 2926; x_wconf 89' lang='lat' dir='ltr'>gladiis</span> <span class='ocrx_word' id='word_1_542' title='bbox 924 2876 968 2913; x_wconf 91' lang='lat' dir='ltr'>et</span> <span class='ocrx_word' id='word_1_543' title='bbox 1004 2869 1216 2915; x_wconf 75' lang='lat' dir='ltr'>fust-ibus.</span> <span class='ocrx_word' id='word_1_544' title='bbox 1254 2870 1291 2896; x_wconf 80' lang='lat'>⁵3</span> <span class='ocrx_word' id='word_1_545' title='bbox 1320 2870 1433 2913; x_wconf 90' lang='lat' dir='ltr'>Cum</span> <span class='ocrx_word' id='word_1_546' title='bbox 1472 2870 1669 2927; x_wconf 83' lang='lat' dir='ltr'>quotidie</span> <span class='ocrx_word' id='word_1_547' title='bbox 1707 2870 1940 2914; x_wconf 84' lang='lat' dir='ltr'>vobiscum</span> <span class='ocrx_word' id='word_1_548' title='bbox 1981 2869 2144 2914; x_wconf 76' lang='lat' dir='ltr'>fuerim</span> <span class='ocrx_word' id='word_1_549' title='bbox 2183 2869 2229 2912; x_wconf 90' lang='lat' dir='ltr'>in</span> 
     </span>
     <span class='ocr_line' id='line_1_48' title="bbox 395 2929 2229 2986; baseline 0.001 -16"><span class='ocrx_word' id='word_1_550' title='bbox 395 2929 572 2985; x_wconf 82' lang='lat' dir='ltr'>templo,</span> <span class='ocrx_word' id='word_1_551' title='bbox 596 2943 683 2972; x_wconf 91' lang='lat' dir='ltr'>non</span> <span class='ocrx_word' id='word_1_552' title='bbox 705 2929 968 2972; x_wconf 79' lang='lat' dir='ltr'>extendistis</span> <span class='ocrx_word' id='word_1_553' title='bbox 991 2943 1148 2972; x_wconf 90' lang='lat' dir='ltr'>manus</span> <span class='ocrx_word' id='word_1_554' title='bbox 1169 2929 1215 2971; x_wconf 89' lang='lat' dir='ltr'>in</span> <span class='ocrx_word' id='word_1_555' title='bbox 1234 2944 1304 2973; x_wconf 90' lang='lat' dir='ltr'>me</span> <span class='ocrx_word' id='word_1_556' title='bbox 1323 2946 1332 2984; x_wconf 91' lang='lat'>;</span> <span class='ocrx_word' id='word_1_557' title='bbox 1357 2929 1433 2973; x_wconf 92' lang='lat' dir='ltr'>sed</span> <span class='ocrx_word' id='word_1_558' title='bbox 1454 2930 1550 2973; x_wconf 79' lang='lat' dir='ltr'>haec</span> <span class='ocrx_word' id='word_1_559' title='bbox 1574 2934 1641 2973; x_wconf 90' lang='lat' dir='ltr'>est</span> <span class='ocrx_word' id='word_1_560' title='bbox 1665 2929 1773 2972; x_wconf 89' lang='lat' dir='ltr'>hora</span> <span class='ocrx_word' id='word_1_561' title='bbox 1791 2934 1950 2986; x_wconf 87' lang='lat' dir='ltr'>vestra,</span> <span class='ocrx_word' id='word_1_562' title='bbox 1975 2934 2018 2972; x_wconf 88' lang='lat' dir='ltr'>et</span> <span class='ocrx_word' id='word_1_563' title='bbox 2035 2933 2229 2986; x_wconf 83' lang='lat' dir='ltr'>potestas</span> 
     </span>
     <span class='ocr_line' id='line_1_49' title="bbox 395 2988 689 3032; baseline 0.007 -3"><span class='ocrx_word' id='word_1_564' title='bbox 395 2988 689 3032; x_wconf 88' lang='lat' dir='ltr'>tenebrarum.</span> 
     </span>
     <span class='ocr_line' id='line_1_50' title="bbox 164 3045 2228 3104; baseline 0.001 -16"><span class='ocrx_word' id='word_1_565' title='bbox 164 3052 254 3099; x_wconf 62' lang='lat' dir='ltr'>pen-i</span> <span class='ocrx_word' id='word_1_566' title='bbox 453 3045 488 3072; x_wconf 69' lang='lat'>5⁴</span> <span class='ocrx_word' id='word_1_567' title='bbox 511 3046 945 3102; x_wconf 84' lang='lat' dir='ltr'>Comprehendentes</span> <span class='ocrx_word' id='word_1_568' title='bbox 974 3054 1125 3092; x_wconf 90' lang='lat' dir='ltr'>autem</span> <span class='ocrx_word' id='word_1_569' title='bbox 1151 3063 1273 3104; x_wconf 91' lang='lat' dir='ltr'>eum,</span> <span class='ocrx_word' id='word_1_570' title='bbox 1302 3048 1524 3091; x_wconf 83' lang='lat' dir='ltr'>duxerunt</span> <span class='ocrx_word' id='word_1_571' title='bbox 1548 3047 1604 3091; x_wconf 91' lang='lat' dir='ltr'>ad</span> <span class='ocrx_word' id='word_1_572' title='bbox 1631 3048 1811 3092; x_wconf 91' lang='lat' dir='ltr'>domum</span> <span class='ocrx_word' id='word_1_573' title='bbox 1841 3046 2053 3104; x_wconf 87' lang='lat' dir='ltr'>principis</span> <span class='ocrx_word' id='word_1_574' title='bbox 2086 3061 2228 3090; x_wconf 88' lang='lat' dir='ltr'>sacer-</span> 
     </span>
     <span class='ocr_line' id='line_1_51' title="bbox 137 3101 2228 3163; baseline 0.001 -16"><span class='ocrx_word' id='word_1_575' title='bbox 137 3101 282 3127; x_wconf 65' lang='lat'>¹²⁰⁸³¹²¹⁵¹⁰·</span> <span class='ocrx_word' id='word_1_576' title='bbox 395 3105 576 3160; x_wconf 85' lang='lat' dir='ltr'>dotum3</span> <span class='ocrx_word' id='word_1_577' title='bbox 603 3106 757 3149; x_wconf 87' lang='lat' dir='ltr'>Petrus</span> <span class='ocrx_word' id='word_1_578' title='bbox 782 3120 884 3150; x_wconf 87' lang='lat' dir='ltr'>vero</span> <span class='ocrx_word' id='word_1_579' title='bbox 911 3107 1176 3163; x_wconf 89' lang='lat' dir='ltr'>sequebatur</span> <span class='ocrx_word' id='word_1_580' title='bbox 1200 3122 1226 3150; x_wconf 93' lang='lat' dir='ltr'>a</span> <span class='ocrx_word' id='word_1_581' title='bbox 1253 3107 1398 3163; x_wconf 85' lang='lat' dir='ltr'>longe.</span> <span class='ocrx_word' id='word_1_582' title='bbox 1425 3107 1461 3134; x_wconf 81' lang='lat'>55</span> <span class='ocrx_word' id='word_1_583' title='bbox 1480 3107 1681 3151; x_wconf 85' lang='lat' dir='ltr'>Accenso</span> <span class='ocrx_word' id='word_1_584' title='bbox 1708 3113 1857 3150; x_wconf 89' lang='lat' dir='ltr'>autem</span> <span class='ocrx_word' id='word_1_585' title='bbox 1882 3106 1986 3161; x_wconf 90' lang='lat' dir='ltr'>igne</span> <span class='ocrx_word' id='word_1_586' title='bbox 2010 3105 2055 3148; x_wconf 88' lang='lat' dir='ltr'>in</span> <span class='ocrx_word' id='word_1_587' title='bbox 2082 3105 2228 3149; x_wconf 85' lang='lat' dir='ltr'>medio</span> 
     </span>
     <span class='ocr_line' id='line_1_52' title="bbox 393 3164 2227 3222; baseline 0.001 -16"><span class='ocrx_word' id='word_1_588' title='bbox 393 3164 509 3220; x_wconf 89' lang='lat' dir='ltr'>atrii,</span> <span class='ocrx_word' id='word_1_589' title='bbox 537 3170 580 3208; x_wconf 87' lang='lat' dir='ltr'>et</span> <span class='ocrx_word' id='word_1_590' title='bbox 602 3165 1029 3209; x_wconf 86' lang='lat' dir='ltr'>circumsedentibus</span> <span class='ocrx_word' id='word_1_591' title='bbox 1054 3166 1156 3222; x_wconf 90' lang='lat' dir='ltr'>illis,</span> <span class='ocrx_word' id='word_1_592' title='bbox 1183 3171 1276 3210; x_wconf 85' lang='lat' dir='ltr'>erat</span> <span class='ocrx_word' id='word_1_593' title='bbox 1303 3167 1460 3209; x_wconf 76' lang='lat' dir='ltr'>Petrus</span> <span class='ocrx_word' id='word_1_594' title='bbox 1482 3166 1527 3208; x_wconf 89' lang='lat' dir='ltr'>in</span> <span class='ocrx_word' id='word_1_595' title='bbox 1548 3166 1692 3210; x_wconf 89' lang='lat' dir='ltr'>medio</span> <span class='ocrx_word' id='word_1_596' title='bbox 1721 3179 1881 3209; x_wconf 89' lang='lat' dir='ltr'>eorum.</span> <span class='ocrx_word' id='word_1_597' title='bbox 1909 3164 1947 3191; x_wconf 70' lang='lat'>5⁸</span> <span class='ocrx_word' id='word_1_598' title='bbox 1964 3164 2104 3214; x_wconf 91' lang='lat' dir='ltr'>Quem</span> <span class='ocrx_word' id='word_1_599' title='bbox 2128 3179 2227 3207; x_wconf 84' lang='lat' dir='ltr'>cum</span> 
     </span>
     <span class='ocr_line' id='line_1_53' title="bbox 395 3223 2219 3281; baseline 0 -16"><span class='ocrx_word' id='word_1_600' title='bbox 395 3223 580 3267; x_wconf 86' lang='lat' dir='ltr'>vidisset</span> <span class='ocrx_word' id='word_1_601' title='bbox 611 3224 775 3267; x_wconf 88' lang='lat' dir='ltr'>ancilla</span> <span class='ocrx_word' id='word_1_602' title='bbox 811 3225 1014 3280; x_wconf 79' lang='lat' dir='ltr'>quaedam</span> <span class='ocrx_word' id='word_1_603' title='bbox 1048 3225 1275 3269; x_wconf 87' lang='lat' dir='ltr'>sedentem</span> <span class='ocrx_word' id='word_1_604' title='bbox 1310 3225 1366 3268; x_wconf 86' lang='lat' dir='ltr'>ad</span> <span class='ocrx_word' id='word_1_605' title='bbox 1413 3226 1583 3281; x_wconf 90' lang='lat' dir='ltr'>lumen,</span> <span class='ocrx_word' id='word_1_606' title='bbox 1622 3230 1665 3269; x_wconf 90' lang='lat' dir='ltr'>et</span> <span class='ocrx_word' id='word_1_607' title='bbox 1706 3239 1806 3268; x_wconf 91' lang='lat' dir='ltr'>eum</span> <span class='ocrx_word' id='word_1_608' title='bbox 1842 3223 2003 3266; x_wconf 77' lang='lat' dir='ltr'>fuisset</span> <span class='ocrx_word' id='word_1_609' title='bbox 2043 3223 2219 3281; x_wconf 82' lang='lat' dir='ltr'>intuita,</span> 
     </span>
     <span class='ocr_line' id='line_1_54' title="bbox 395 3282 2226 3340; baseline 0.001 -15"><span class='ocrx_word' id='word_1_610' title='bbox 395 3282 510 3326; x_wconf 80' lang='lat' dir='ltr'>dixit</span> <span class='ocrx_word' id='word_1_611' title='bbox 542 3299 551 3327; x_wconf 93' lang='lat'>:</span> <span class='ocrx_word' id='word_1_612' title='bbox 577 3283 634 3325; x_wconf 86' lang='lat' dir='ltr'>Et</span> <span class='ocrx_word' id='word_1_613' title='bbox 655 3283 726 3326; x_wconf 93' lang='lat' dir='ltr'>hic</span> <span class='ocrx_word' id='word_1_614' title='bbox 754 3298 854 3326; x_wconf 86' lang='lat' dir='ltr'>cum</span> <span class='ocrx_word' id='word_1_615' title='bbox 876 3284 954 3327; x_wconf 89' lang='lat' dir='ltr'>illo</span> <span class='ocrx_word' id='word_1_616' title='bbox 980 3289 1086 3329; x_wconf 88' lang='lat' dir='ltr'>erat.</span> <span class='ocrx_word' id='word_1_617' title='bbox 1115 3284 1149 3311; x_wconf 79' lang='lat'>5⁷</span> <span class='ocrx_word' id='word_1_618' title='bbox 1173 3286 1235 3328; x_wconf 90' lang='lat' dir='ltr'>At</span> <span class='ocrx_word' id='word_1_619' title='bbox 1259 3285 1335 3327; x_wconf 90' lang='lat' dir='ltr'>ille</span> <span class='ocrx_word' id='word_1_620' title='bbox 1365 3284 1547 3340; x_wconf 86' lang='lat' dir='ltr'>negavit</span> <span class='ocrx_word' id='word_1_621' title='bbox 1573 3298 1693 3338; x_wconf 90' lang='lat' dir='ltr'>eum,</span> <span class='ocrx_word' id='word_1_622' title='bbox 1722 3283 1873 3326; x_wconf 89' lang='lat' dir='ltr'>dicens</span> <span class='ocrx_word' id='word_1_623' title='bbox 1905 3298 1914 3325; x_wconf 92' lang='lat'>:</span> <span class='ocrx_word' id='word_1_624' title='bbox 1938 3282 2112 3337; x_wconf 89' lang='lat' dir='ltr'>Mulier,</span> <span class='ocrx_word' id='word_1_625' title='bbox 2140 3297 2226 3326; x_wconf 90' lang='lat' dir='ltr'>non</span> 
     </span>
     <span class='ocr_line' id='line_1_55' title="bbox 396 3340 2226 3400; baseline 0.002 -18"><span class='ocrx_word' id='word_1_626' title='bbox 396 3342 497 3384; x_wconf 81' lang='lat' dir='ltr'>novi</span> <span class='ocrx_word' id='word_1_627' title='bbox 518 3341 659 3385; x_wconf 90' lang='lat' dir='ltr'>illum.</span> <span class='ocrx_word' id='word_1_628' title='bbox 683 3342 719 3368; x_wconf 77' lang='lat'>⁵8</span> <span class='ocrx_word' id='word_1_629' title='bbox 739 3343 796 3384; x_wconf 89' lang='lat' dir='ltr'>Et</span> <span class='ocrx_word' id='word_1_630' title='bbox 817 3347 916 3399; x_wconf 90' lang='lat' dir='ltr'>post</span> <span class='ocrx_word' id='word_1_631' title='bbox 936 3343 1169 3400; x_wconf 88' lang='lat' dir='ltr'>pusillum,</span> <span class='ocrx_word' id='word_1_632' title='bbox 1192 3343 1305 3386; x_wconf 84' lang='lat' dir='ltr'>alius</span> <span class='ocrx_word' id='word_1_633' title='bbox 1330 3343 1486 3386; x_wconf 72' lang='lat' dir='ltr'>videns</span> <span class='ocrx_word' id='word_1_634' title='bbox 1509 3357 1631 3398; x_wconf 90' lang='lat' dir='ltr'>eum,</span> <span class='ocrx_word' id='word_1_635' title='bbox 1655 3341 1770 3385; x_wconf 81' lang='lat' dir='ltr'>dixit</span> <span class='ocrx_word' id='word_1_636' title='bbox 1789 3357 1800 3386; x_wconf 76' lang='grc' dir='ltr'>ε</span> <span class='ocrx_word' id='word_1_637' title='bbox 1823 3341 1881 3383; x_wconf 87' lang='lat' dir='ltr'>Et</span> <span class='ocrx_word' id='word_1_638' title='bbox 1906 3345 1954 3383; x_wconf 88' lang='lat' dir='ltr'>tu</span> <span class='ocrx_word' id='word_1_639' title='bbox 1980 3340 2034 3385; x_wconf 89' lang='lat' dir='ltr'>de</span> <span class='ocrx_word' id='word_1_640' title='bbox 2055 3340 2143 3384; x_wconf 89' lang='lat' dir='ltr'>illis</span> <span class='ocrx_word' id='word_1_641' title='bbox 2167 3356 2226 3386; x_wconf 87' lang='lat' dir='ltr'>es.</span> 
     </span>
    </p>
   </div>
   <div class='ocr_carea' id='block_1_6' title="bbox 396 3477 2249 3650">
    <p class='ocr_par' dir='ltr' id='par_1_6' title="bbox 396 3477 2249 3650">
     <span class='ocr_line' id='line_1_56' title="bbox 396 3477 2227 3516; baseline -0.001 -9"><span class='ocrx_word' id='word_1_642' title='bbox 396 3482 443 3513; x_wconf 73' lang='lat'>25]</span> <span class='ocrx_word' id='word_1_643' title='bbox 463 3482 583 3510; x_wconf 72' lang='lat' dir='ltr'>Mattli.</span> <span class='ocrx_word' id='word_1_644' title='bbox 611 3482 684 3516; x_wconf 87' lang='lat' dir='ltr'>XX,</span> <span class='ocrx_word' id='word_1_645' title='bbox 702 3485 746 3510; x_wconf 83' lang='lat'>25.</span> <span class='ocrx_word' id='word_1_646' title='bbox 771 3482 871 3510; x_wconf 85' lang='lat' dir='ltr'>Marc.</span> <span class='ocrx_word' id='word_1_647' title='bbox 892 3481 932 3515; x_wconf 77' lang='lat' dir='ltr'>X.</span> <span class='ocrx_word' id='word_1_648' title='bbox 956 3484 1000 3509; x_wconf 75' lang='grc'>42.</span> <span class='ocrx_word' id='word_1_649' title='bbox 1027 3496 1062 3500; x_wconf 87' lang='grc'>-</span> <span class='ocrx_word' id='word_1_650' title='bbox 1086 3482 1134 3515; x_wconf 74' lang='grc'>34]</span> <span class='ocrx_word' id='word_1_651' title='bbox 1154 3481 1276 3509; x_wconf 81' lang='lat' dir='ltr'>Matth.</span> <span class='ocrx_word' id='word_1_652' title='bbox 1302 3481 1426 3514; x_wconf 84' lang='lat' dir='ltr'>XXVI,</span> <span class='ocrx_word' id='word_1_653' title='bbox 1447 3482 1492 3508; x_wconf 77' lang='grc'><strong>3-1.</strong></span> <span class='ocrx_word' id='word_1_654' title='bbox 1512 3479 1611 3507; x_wconf 80' lang='lat' dir='ltr'>Marc.</span> <span class='ocrx_word' id='word_1_655' title='bbox 1635 3478 1726 3511; x_wconf 87' lang='lat' dir='ltr'>XIV,</span> <span class='ocrx_word' id='word_1_656' title='bbox 1742 3480 1787 3506; x_wconf 75' lang='lat'>30.</span> <span class='ocrx_word' id='word_1_657' title='bbox 1812 3492 1849 3497; x_wconf 89' lang='lat'><strong>—</strong></span> <span class='ocrx_word' id='word_1_658' title='bbox 1872 3478 1921 3510; x_wconf 81' lang='lat'>35]</span> <span class='ocrx_word' id='word_1_659' title='bbox 1940 3477 2062 3506; x_wconf 84' lang='lat' dir='ltr'>Matth.</span> <span class='ocrx_word' id='word_1_660' title='bbox 2081 3478 2123 3511; x_wconf 83' lang='lat' dir='ltr'>X,</span> <span class='ocrx_word' id='word_1_661' title='bbox 2140 3482 2166 3506; x_wconf 84' lang='grc'>9.</span> <span class='ocrx_word' id='word_1_662' title='bbox 2191 3493 2227 3499; x_wconf 93' lang='grc'>-</span> 
     </span>
     <span class='ocr_line' id='line_1_57' title="bbox 396 3522 2249 3560; baseline 0 -9"><span class='ocrx_word' id='word_1_663' title='bbox 396 3525 444 3557; x_wconf 83' lang='grc'>37]</span> <span class='ocrx_word' id='word_1_664' title='bbox 466 3526 507 3553; x_wconf 78' lang='lat' dir='ltr'>Is.</span> <span class='ocrx_word' id='word_1_665' title='bbox 526 3526 621 3560; x_wconf 88' lang='lat' dir='ltr'>LllI,</span> <span class='ocrx_word' id='word_1_666' title='bbox 640 3529 682 3555; x_wconf 85' lang='lat'>12.</span> <span class='ocrx_word' id='word_1_667' title='bbox 701 3542 736 3545; x_wconf 97' lang='lat'><strong>—</strong></span> <span class='ocrx_word' id='word_1_668' title='bbox 753 3527 801 3560; x_wconf 85' lang='lat'>39]</span> <span class='ocrx_word' id='word_1_669' title='bbox 820 3526 941 3553; x_wconf 80' lang='lat' dir='ltr'>Matth.</span> <span class='ocrx_word' id='word_1_670' title='bbox 961 3526 1087 3560; x_wconf 84' lang='lat' dir='ltr'>XXVI,</span> <span class='ocrx_word' id='word_1_671' title='bbox 1103 3528 1149 3553; x_wconf 91' lang='lat'>36.</span> <span class='ocrx_word' id='word_1_672' title='bbox 1167 3526 1268 3553; x_wconf 85' lang='lat' dir='ltr'>Marc.</span> <span class='ocrx_word' id='word_1_673' title='bbox 1287 3525 1379 3559; x_wconf 76' lang='lat' dir='ltr'>XIV,</span> <span class='ocrx_word' id='word_1_674' title='bbox 1396 3527 1440 3552; x_wconf 83' lang='grc'>32.</span> <span class='ocrx_word' id='word_1_675' title='bbox 1459 3525 1555 3551; x_wconf 83' lang='lat' dir='ltr'>Joan.</span> <span class='ocrx_word' id='word_1_676' title='bbox 1577 3523 1709 3557; x_wconf 83' lang='lat' dir='ltr'>XVIII,</span> <span class='ocrx_word' id='word_1_677' title='bbox 1728 3524 1752 3550; x_wconf 92' lang='lat'>1.</span> <span class='ocrx_word' id='word_1_678' title='bbox 1770 3536 1806 3541; x_wconf 95' lang='lat'><em>-</em></span> <span class='ocrx_word' id='word_1_679' title='bbox 1826 3523 1874 3556; x_wconf 75' lang='lat'>41]</span> <span class='ocrx_word' id='word_1_680' title='bbox 1900 3522 2018 3551; x_wconf 76' lang='lat' dir='ltr'>Matth.</span> <span class='ocrx_word' id='word_1_681' title='bbox 2038 3522 2164 3556; x_wconf 75' lang='lat' dir='ltr'>XXVI,</span> <span class='ocrx_word' id='word_1_682' title='bbox 2180 3525 2225 3552; x_wconf 84' lang='grc'>39.</span> <span class='ocrx_word' id='word_1_683' title='bbox 2246 3522 2249 3523; x_wconf 57' lang='grc'>’</span> 
     </span>
     <span class='ocr_line' id='line_1_58' title="bbox 397 3566 2226 3605; baseline 0 -10"><span class='ocrx_word' id='word_1_684' title='bbox 397 3568 496 3596; x_wconf 81' lang='lat' dir='ltr'>Marc.</span> <span class='ocrx_word' id='word_1_685' title='bbox 515 3570 606 3605; x_wconf 80' lang='lat' dir='ltr'>XIV,</span> <span class='ocrx_word' id='word_1_686' title='bbox 623 3574 667 3599; x_wconf 86' lang='lat'>35.</span> <span class='ocrx_word' id='word_1_687' title='bbox 686 3586 721 3590; x_wconf 92' lang='lat'><strong>—</strong></span> <span class='ocrx_word' id='word_1_688' title='bbox 738 3569 927 3605; x_wconf 65' lang='lat' dir='ltr'>47]&#39;Mattli.</span> <span class='ocrx_word' id='word_1_689' title='bbox 946 3571 1072 3605; x_wconf 82' lang='lat' dir='ltr'>XXVI,</span> <span class='ocrx_word' id='word_1_690' title='bbox 1089 3573 1134 3598; x_wconf 82' lang='grc'>47.</span> <span class='ocrx_word' id='word_1_691' title='bbox 1157 3570 1257 3597; x_wconf 78' lang='lat' dir='ltr'>Mare.</span> <span class='ocrx_word' id='word_1_692' title='bbox 1282 3569 1373 3603; x_wconf 83' lang='lat' dir='ltr'>XIV,</span> <span class='ocrx_word' id='word_1_693' title='bbox 1392 3572 1436 3596; x_wconf 79' lang='grc'>43.</span> <span class='ocrx_word' id='word_1_694' title='bbox 1458 3569 1554 3596; x_wconf 84' lang='lat' dir='ltr'>Joan.</span> <span class='ocrx_word' id='word_1_695' title='bbox 1574 3567 1712 3601; x_wconf 87' lang='lat' dir='ltr'>XVIII,</span> <span class='ocrx_word' id='word_1_696' title='bbox 1729 3569 1755 3595; x_wconf 86' lang='lat'>3.</span> <span class='ocrx_word' id='word_1_697' title='bbox 1773 3581 1807 3586; x_wconf 89' lang='lat'>—-</span> <span class='ocrx_word' id='word_1_698' title='bbox 1825 3568 1873 3600; x_wconf 74' lang='lat'>54]</span> <span class='ocrx_word' id='word_1_699' title='bbox 1896 3567 2018 3595; x_wconf 81' lang='lat' dir='ltr'>Mattn.</span> <span class='ocrx_word' id='word_1_700' title='bbox 2036 3566 2163 3600; x_wconf 86' lang='lat' dir='ltr'>XXVI,</span> <span class='ocrx_word' id='word_1_701' title='bbox 2180 3569 2226 3595; x_wconf 77' lang='lat'>57.</span> 
     </span>
     <span class='ocr_line' id='line_1_59' title="bbox 397 3610 2083 3650; baseline 0 -11"><span class='ocrx_word' id='word_1_702' title='bbox 397 3612 496 3640; x_wconf 78' lang='lat' dir='ltr'>Marc.</span> <span class='ocrx_word' id='word_1_703' title='bbox 519 3614 610 3649; x_wconf 77' lang='lat' dir='ltr'>XIV,</span> <span class='ocrx_word' id='word_1_704' title='bbox 627 3618 671 3642; x_wconf 75' lang='grc'>53.</span> <span class='ocrx_word' id='word_1_705' title='bbox 690 3615 785 3643; x_wconf 78' lang='lat' dir='ltr'>Joan.</span> <span class='ocrx_word' id='word_1_706' title='bbox 803 3614 933 3650; x_wconf 83' lang='lat' dir='ltr'>XVIII,</span> <span class='ocrx_word' id='word_1_707' title='bbox 951 3617 995 3642; x_wconf 71' lang='lat'>24.</span> <span class='ocrx_word' id='word_1_708' title='bbox 1013 3629 1048 3633; x_wconf 89' lang='lat'>—</span> <span class='ocrx_word' id='word_1_709' title='bbox 1064 3615 1113 3648; x_wconf 88' lang='lat'>55]</span> <span class='ocrx_word' id='word_1_710' title='bbox 1133 3613 1254 3641; x_wconf 82' lang='lat' dir='ltr'>Mattli.</span> <span class='ocrx_word' id='word_1_711' title='bbox 1274 3612 1399 3647; x_wconf 80' lang='lat' dir='ltr'>XXVI,</span> <span class='ocrx_word' id='word_1_712' title='bbox 1417 3615 1461 3640; x_wconf 71' lang='lat' dir='ltr'>(jv.</span> <span class='ocrx_word' id='word_1_713' title='bbox 1480 3611 1580 3639; x_wconf 75' lang='lat' dir='ltr'>Marc.</span> <span class='ocrx_word' id='word_1_714' title='bbox 1600 3611 1691 3645; x_wconf 85' lang='lat' dir='ltr'>XIV,</span> <span class='ocrx_word' id='word_1_715' title='bbox 1713 3613 1756 3639; x_wconf 81' lang='lat'>00.</span> <span class='ocrx_word' id='word_1_716' title='bbox 1775 3611 1871 3639; x_wconf 75' lang='grc' dir='ltr'>ι101111.</span> <span class='ocrx_word' id='word_1_717' title='bbox 1893 3610 2021 3646; x_wconf 86' lang='lat' dir='ltr'>XVIII,</span> <span class='ocrx_word' id='word_1_718' title='bbox 2038 3613 2083 3639; x_wconf 85' lang='lat'>25.</span> 
     </span>
    </p>
   </div>
   <div class='ocr_carea' id='block_1_7' title="bbox 2362 2880 2423 3861">
    <p class='ocr_par' dir='ltr' id='par_1_7' title="bbox 2362 2880 2423 3861">
     <span class='ocr_line' id='line_1_60' title="bbox 2362 2880 2423 3861; baseline 0 0"><span class='ocrx_word' id='word_1_719' title='bbox 2362 2880 2423 3861; x_wconf 95' lang='lat' dir='ltr'> </span> 
     </span>
    </p>
   </div>
  </div>
 </body>
</html>
