2423 3861
734 95 885 137 Eoum.
918 93 1140 148 XXXIX,
1174 94 1232 135 20
1262 119 1321 125 -—
1353 95 1455 149 XL,
1488 95 1527 137 2.
1956 95 2040 138 779

219 202 582 209 ———.....-....-....-7
589 203 752 207 -.n-——mff-
759 199 1729 206 -—-—-————————-—-—----—-.
1740 201 1859 207 --.-.....

514 270 557 308 et
586 265 836 308 collaudate
867 264 1109 320 canticum,
1140 269 1185 307 et
1213 263 1464 307 benedicite
1495 265 1734 307 Dominum
1766 263 1810 305 in
1837 264 2041 320 operibus

395 323 432 349 ‘²⁰
454 325 567 367 Date
589 323 756 365 nomini
783 324 878 379 ejus
900 323 1301 378 magnificentiam,
1915 322 2039 378 [suis.

514 387 557 425 et
583 382 855 425 corditemini
880 382 946 425 illi
970 383 1013 424 iu
1040 397 1144 425 voce
1171 382 1387 425 labiorum
1415 386 1677 435 vestrorum,

513 447 556 484 et
582 442 624 483 in
648 442 833 484 canticis
857 441 1094 496 labiorum,
1116 447 1161 485 et
1187 441 1390 496 citharis3

452 506 496 544 et
519 500 581 543 sic
608 500 765 543 dicetis
790 500 835 543 in
861 501 1166 543 confessione:

452 559 484 585 ‘²¹
511 560 653 615 Opera
679 559 856 602 Domini
884 560 1089 602 universa
1114 560 1229 601 bona
1254 559 1397 602 valde.

393 617 430 642 22
453 619 504 661 In
532 619 665 661 verbo
691 618 786 673 ejus
812 618 935 660 stetit
958 632 1074 673 aqua
1099 618 1213 659 sicut
1238 618 1488 672 congeries3

510 682 553 720 et
574 677 620 719 in
645 690 843 719 sermone
870 676 954 718 oris
980 676 1098 718 illius
1123 676 1238 718 sicut
1259 677 1511 732 exceptoria
1533 690 1772 732 aquarum3

394 736 658 791 2=³q110niam
686 735 730 776 in
755 740 977 791 praecepto
1002 735 1139 791 ipsius
1161 735 1310 791 placor
1334 736 1403 789 fit,

510 800 554 837 et
575 808 661 836 non
685 799 751 836 est
776 793 1010 836 minoratio
1036 794 1080 836 in
1107 794 1249 836 salute
1269 793 1422 850 ipsius,

394 853 429 879 2’·
452 854 594 909 Opera
617 852 758 894 omnis
785 852 930 894 carnis
952 867 1097 895 coram
1125 852 1222 906 illo,

510 917 553 954 et
583 925 666 953 non
696 916 762 954 est
787 911 1027 966 quidquam
1049 911 1361 954 absconditum
1387 911 1443 954 ab
1469 911 1608 954 oculis
1634 911 1744 965 ejus.

391 969 427 994 2⁵
448 971 488 1013 A
515 970 678 1013 saeculo
705 984 839 1025 usque
866 970 910 1012 in
936 971 1147 1013 saeculum
1171 971 1370 1027 respicit,

509 1035 553 1072 et
576 1029 686 1071 nihil
712 1035 777 1072 est
800 1029 1001 1073 mirabile
1028 1030 1072 1072 in
1098 1034 1336 1086 conspectu
1362 1029 1471 1085 ejus.

391 1087 428 1114 2⁶
449 1089 547 1131 Non
575 1094 641 1131 est
664 1088 809 1131 dicere
830 1105 838 1132 :
866 1088 979 1139 Quid
1001 1093 1068 1132 est
1094 1089 1196 1144 hoc,
1220 1093 1297 1131 aut
1322 1088 1425 1144 quid
1452 1092 1518 1130 est
1543 1086 1693 1130 istud?

508 1148 655 1190 onmia
681 1147 798 1190 enim
819 1147 865 1189 in
889 1153 1085 1214 tempore
1110 1162 1187 1191 suo
1214 1152 1478 1203 quaerentur.

391 1206 426 1232 ”²7
450 1207 711 1250 Benedictio
732 1206 852 1249 illius
878 1207 1003 1262 quasi
1027 1207 1188 1250 fluvius
1209 1207 1458 1250 inundavit.

451 1265 487 1292 23
508 1266 736 1333 Quomodo
762 1266 1059 1322 cataclysmus
1085 1266 1256 1309 aridam
1280 1266 1539 1321 inebriavit,

507 1325 569 1367 sic
594 1325 660 1367 iia
682 1324 866 1381 ipsius0
844 1330 996 1368 erentes
1022 1339 1120 1381 quae
1147 1340 1235 1369 non
1257 1339 1478 1382 exquisiei
1482 1330 1559 1367 unt
1585 1340 1685 1368 eum
1708 1321 1990 1367 h·.e1editabit

392 1383 428 1409 22
448 1384 676 1434 Quomodo
698 1384 917 1427 convertit
941 1399 1078 1440 aquas
1103 1385 1149 1427 in
1175 1385 1443 1440 siccitatem,
1467 1389 1511 1427 et
1535 1383 1703 1426 siccata
1727 1389 1795 1426 est
1818 1385 1953 1435 te1·.·,1a

510 1448 552 1485 et
574 1443 657 1485 viae
683 1443 802 1485 illius
827 1443 910 1486 viis
936 1443 1111 1486 illorum
1140 1444 1320 1486 directae
1346 1449 1468 1497 sunt,

509 1502 572 1544 sic
599 1502 905 1558 peccatoribus
931 1502 1235 1545 offensiones
1225 1517 1269 1544 in
1297 1502 1360 1544 ira
1386 1502 1494 1556 ejus

392 1559 428 1585 3⁰
451 1561 573 1602 Bona
597 1561 725 1603 bonis
748 1565 895 1603 creata
921 1566 1025 1603 sunt
1045 1561 1101 1603 ab
1124 1561 1273 1615 initio,

508 1620 570 1661 sic
595 1619 874 1675 nequissimis
900 1619 1015 1663 bona
1042 1625 1085 1663 et
1110 1621 1239 1664 mala.

391 1677 423 1704 3¹
448 1678 634 1721 Initium
655 1679 917 1722 necessariae
943 1679 1005 1723 rei
1023 1679 1129 1722 vitae
1152 1679 1401 1736 hominum,
1423 1694 1557 1736 aqua,
1580 1679 1718 1734 ignis,
1736 1682 1781 1721 et
1799 1676 1985 1731 ferrum,

506 1738 592 1793 sal,
620 1739 709 1794 lac,
736 1743 781 1782 et
806 1738 934 1795 panis
961 1738 1288 1794 similagineus,
1316 1746 1361 1781 et
1381 1739 1490 1793 mel,

507 1803 552 1841 et
575 1797 727 1840 botrus
753 1812 869 1851 uvae,
894 1802 938 1841 et
960 1798 1127 1854 oleum,
1155 1802 1198 1840 et
1219 1798 1548 1841 vestimentum.

391 1855 427 1883 32
449 1858 562 1900 Haec
590 1857 738 1899 omnia
763 1857 929 1900 sanctis
953 1857 999 1900 in
1025 1857 1160 1913 bona,

510 1916 572 1959 sic
599 1922 642 1959 et
667 1916 814 1973 impiis
840 1921 883 1960 et
907 1917 1214 1974 peccatoribus
1241 1916 1285 1959 in
1311 1916 1429 1959 mala
1452 1920 1775 1960 convertentur.

391 1975 428 2002 33
447 1976 560 2019 Sunt
583 1975 764 2032 spiritus
789 1976 862 2031 qui
893 1976 950 2018 ad
976 1976 1224 2019 vindictam
1253 1976 1389 2019 creati
1415 1981 1539 2032 sunt,

508 2040 551 2078 et
572 2035 619 2077 in
644 2035 793 2078 furore
819 2049 896 2078 suo
923 2036 1295 2079 confirmaverunt
1321 2040 1540 2078 tormenta
1565 2049 1657 2078 sua.

390 2094 426 2120 3⁴
448 2095 502 2137 In
524 2099 722 2150 tempore
749 2095 1142 2138 consummationis
1167 2094 1407 2138 effundent
1431 2094 1664 2149 virtutem,

508 2159 551 2197 et
577 2154 773 2196 furorem
798 2153 896 2210 ejus
921 2153 996 2209 qui
1021 2154 1133 2196 fecit
1160 2154 1261 2197 illos
1283 2154 1540 2210 placabunt.

391 2212 427 2238 35
448 2213 593 2268 Ignis,
620 2212 810 2268 grando,
837 2213 1004 2268 fames,
1028 2218 1071 2256 et
1096 2227 1231 2269 mors,

508 2273 655 2315 onmia
681 2273 775 2315 haec
800 2271 856 2314 ad
878 2272 1125 2315 vindictam
1149 2277 1296 2315 creata
1321 2277 1448 2327 sunt;

392 2331 428 2358 3⁰
449 2332 691 2375 bestiarum
721 2331 896 2386 dentes,
924 2336 967 2375 et
992 2331 1172 2388 scorpii,
1201 2337 1244 2375 et
1269 2336 1515 2387 serpentes,

509 2396 553 2434 et
577 2391 804 2448 romphaea
829 2391 1062 2434 vindicans
1086 2390 1133 2432 in
1159 2390 1471 2433 exterminium
1498 2390 1672 2447 impios.

391 2451 425 2478 37
448 2452 502 2494 In
527 2450 752 2493 mandatis
776 2451 876 2506 ejus
897 2450 1219 2507 epulabuntur;

508 2515 552 2554 et
576 2525 706 2567 super
732 2516 894 2553 terram
920 2510 965 2551 in
991 2509 1300 2552 necessitatem
1331 2509 1710 2566 praeparabuntur,

509 2576 552 2613 et
573 2570 619 2612 in
646 2569 918 2626 temporibus
944 2569 1032 2611 suis
1054 2583 1142 2611 non
1168 2568 1423 2625 praeterient
1443 2567 1642 2610 verbnm.

390 2630 426 2656 33
449 2632 686 2686 Propterea
710 2629 767 2671 ab
789 2628 917 2672 initio
943 2627 1228 2671 confirmatus
1251 2642 1369 2682 sum,
1397 2631 1440 2670 et
1466 2626 1725 2669 consiliatus
1747 2639 1864 2676 sum,

510 2694 554 2732 et
576 2688 792 2745 cogitavi,
816 2693 859 2731 et
884 2689 1049 2744 scripta
1075 2687 1234 2729 dimisi.

391 2750 428 2775 32
449 2748 609 2792 Omnia
633 2762 763 2804 opera
790 2747 969 2790 Domini
991 2747 1127 2800 bona,
1146 2753 1149 2756 ⁴

510 2813 552 2851 et
574 2821 704 2850 omne
730 2821 837 2864 opus
860 2807 966 2850 hora
989 2821 1067 2849 sua
1093 2806 1462 2850 subministrabit..

392 2867 429 2893 ⁴0
450 2869 549 2910 Non
575 2872 640 2910 est
666 2866 810 2910 dicere
833 2883 841 2910 :
871 2867 968 2909 Hoc
990 2867 1067 2910 illo
1093 2867 1277 2922 nequius
1303 2871 1391 2919 est;

511 2925 660 2969 omnia
686 2926 803 2969 enim
825 2926 871 2968 in
897 2931 1092 2983 tempore
1118 2940 1195 2968 suo
1220 2925 1637 2982 comprobabuntur.

393 2984 427 3012 4¹
451 2986 508 3028 Et
533 2985 718 3028 nuncin
745 2985 864 3029 omni
892 2985 1021 3028 corde
1044 2989 1088 3028 et
1115 2999 1186 3027 ore
1212 2984 1481 3039 collaudate,

509 3051 553 3089 et
577 3045 828 3089 benedicite
853 3059 1014 3088 nomen
1042 3043 1235 3087 Domini.

274 3105 381 3148 CAP.
406 3106 503 3149 XL.
525 3131 584 3138 —
605 3105 618 3130 ¹
640 3105 884 3161 Occupatio
910 3118 1073 3160 magna
1100 3108 1249 3146 creata
1274 3108 1339 3146 est
1364 3103 1568 3146 omnibus
1592 3102 1868 3157 hominibus,
2163 3111 2208 3138 De
2227 3110 2307 3138 vitae

511 3170 554 3208 et
574 3164 733 3220 jugum
755 3178 889 3220 grave
911 3178 1041 3220 super
1062 3163 1174 3205 filios
1196 3162 1365 3218 Adam,
2157 3155 2312 3225 Ξξζζξξζξ

450 3238 476 3266 a
501 3223 571 3266 die
599 3223 742 3266 exitus
769 3223 822 3266 de
843 3228 997 3266 ventre
1023 3221 1176 3264 matris
1200 3235 1351 3265 eorum
2206 3218 2219 3225 ”
2304 3217 2310 3225 ’

511 3297 646 3338 usque
668 3281 715 3324 in
737 3282 856 3325 diem
880 3281 1117 3339 sepulturae
1141 3281 1188 3323 in
1213 3288 1402 3324 matrem
1428 3281 1638 3323 omnium.

412 3339 430 3365 2
450 3341 755 3397 Cogitationes
778 3356 948 3395 eorum,
976 3345 1019 3383 et
1044 3340 1222 3383 timores
1247 3339 1410 3395 cordis,

512 3400 772 3443 adinventio
798 3399 1140 3457 expectationis,
1167 3404 1212 3442 et
1237 3398 1330 3441 dies
1351 3398 1584 3453 finitionis,

217 3562 266 3594 21]
284 3562 361 3590 Gen.
380 3562 414 3595 I,
430 3564 476 3590 31.
497 3562 598 3589 Marc.
616 3562 763 3597 V11‚37.
792 3578 828 3582 —
855 3563 903 3603 22]
922 3562 999 3590 Gen.
1018 3560 1122 3596 VIII,
1138 3563 1164 3588 3.
1193 3573 1230 3578 —
1258 3559 1306 3592 28]
1324 3558 1401 3586 Gen.
1421 3557 1506 3592 VH,
1524 3559 1568 3585 21.
1597 3572 1633 3576 -—
1657 3558 1705 3590 29]
1732 3558 1792 3585 Ex.
1819 3556 1911 3590 XIV,
1936 3557 1980 3584 21.
2010 3569 2047 3575 —-

218 3605 266 3638 31]
285 3604 363 3637 Sup.
381 3605 510 3640 XXIX,
526 3608 571 3633 28.
589 3620 624 3624 -
641 3606 689 3638 39]
707 3605 785 3634 Gen.
805 3606 831 3640 Ι,
849 3608 894 3634 31.
916 3605 1017 3632 Marc.
1034 3603 1113 3638 VII,
1130 3606 1171 3632 37.
