2423 3861
635 141 774 181 Pimv.
809 135 932 189 XIV,
968 134 1023 176 30
1055 159 1112 163 -—
1146 130 1242 180 XV,
1277 129 1346 170 20.
1815 119 1898 162 677

376 314 448 370 qui
475 317 623 354 autem
645 307 883 364 impatiens
910 309 974 347 cst
996 302 1165 346 exaltat
1188 297 1426 343 stultitiam
1447 307 1586 336 suam.

258 374 295 401 3⁰
316 374 421 417 Vita
447 369 645 414 carnium
671 366 838 408 sanitas
864 362 1005 405 cordis
1027 379 1035 416 3

377 429 560 488 putredo
581 426 746 470 ossium
771 423 953 466 invidia.

260 492 293 518 ³¹
318 491 399 542 Qui
426 486 723 531 calumniatur
749 490 953 538 egentem
981 478 1217 534 exprobrat
1243 474 1404 518 factori
1433 472 1549 528 eju'S,

378 550 562 591 honorat
585 551 731 586 autem
759 556 858 584 eum
885 539 957 594 qui
986 538 1214 579 miseretur
1238 531 1460 590 pauperis.

261 609 297 636 3⁸2
320 610 371 651 In
399 605 569 649 malitia
591 617 669 645 sua
693 599 938 657 expelletur
963 596 1146 652 impius,

379 670 526 723 sperat
550 669 699 705 autem
725 660 870 715 justus
892 657 935 698 in
963 662 1102 697 morte
1123 667 1214 696 sua.

263 727 300 754 3³
323 728 374 770 In
398 724 526 767 corde
553 719 781 779 prudentis
807 714 1042 771 requiescit,
1063 710 1301 768 sapientia,

381 790 423 828 et
447 782 649 825 indoctos
676 790 870 833 quosque
896 772 1081 817 erudiet.

263 845 300 872 ³4
320 846 346 887 J
354 842 504 887 ustitia
530 840 677 883 elevat
698 841 877 893 gentem
895 850 904 887 3

383 902 563 945 miseros
588 903 737 941 autem
763 893 878 937 facit
903 891 1086 949 populos
1113 891 1358 945 peccatum.

265 964 302 990 3⁵
323 963 546 1017 Acceptus
572 964 637 1001 cst.
662 956 755 1011 rogi
783 952 984 995 minister
1007 947 1292 1002 intelligens3

383 1017 660 1063 iracundiam
682 1015 778 1071 ejus
801 1010 972 1055 inutilis
994 1005 1243 1052 sustinebit.

141 1083 253 1126 Car.
280 1082 379 1124 XV.
406 1104 464 1112 -
492 1078 501 1103 ¹
524 1074 767 1132 Responsio
795 1070 940 1114 mollis
966 1066 1138 1123 frangit
1159 1065 1298 1118 iram3
1508 1088 1511 1092 «
2011 1051 2194 1099 proverbia

384 1151 524 1182 sermo
551 1136 685 1179 durus
712 1131 898 1176 suscitat
920 1129 1129 1171 furorem.
2005 1101 2204 1155 pr⁰¹¹¹¹³⁰‚⁰³'

286 1198 303 1225 '²
326 1199 498 1253 Lingua
524 1193 795 1251 sapientium
821 1194 947 1233 ornat
971 1185 1235 1238 scientiam3

387 1272 432 1299 os
459 1257 683 1298 fatuorum
713 1250 870 1294 ebullit
896 1245 1146 1290 stultitiam.

287 1319 306 1345 3
326 1318 379 1360 In
406 1314 525 1359 omni
552 1314 668 1367 loco,
692 1310 807 1354 oculi
832 1306 1013 1351 Domini

389 1372 746 1429 contemplantur
765 1369 903 1411 bonos
928 1371 971 1409 et
993 1364 1146 1407 malos.

290 1438 308 1463 ⁴
330 1435 505 1490 Lingua
530 1429 764 1488 placabilis
788 1428 961 1482 lignum
986 1425 1093 1467 vitae
1113 1440 1122 1478 3

390 1507 486 1549 quae
511 1495 663 1533 autem
687 1484 980 1531 immoderata
1007 1487 1074 1526 est
1098 1484 1296 1525 conteret
1320 1476 1539 1535 spiritum.

291 1556 308 1580 ³¹
330 1552 498 1597 Stultus
524 1548 678 1591 irridet
705 1544 989 1601 disciplinam
1014 1540 1151 1598 patris
1177 1538 1273 1592 sui3

392 1611 465 1667 qui
490 1614 642 1652 autem
667 1604 861 1649 custodit
882 1600 1209 1657 increpationes
1231 1594 1418 1640 astutior
1438 1593 1528 1637 fiet.

333 1672 387 1715 In
408 1666 656 1712 abundanti
677 1663 853 1722 justitia
879 1661 1020 1704 virtus
1046 1658 1244 1701 maxima
1265 1659 1350 1707 est,

395 1727 688 1785 cogitationes
710 1728 861 1767 autem
885 1719 1124 1777 impiorum
1146 1713 1498 1759 eradicabuntur.

294 1790 314 1819 ὓ
333 1792 502 1834 Domus
526 1786 635 1843 justi
661 1783 853 1842 plurima
874 1778 1113 1832 fortitudo,

397 1854 439 1892 et
462 1848 510 1890 in
535 1845 758 1888 fructibus
783 1840 911 1898 impii
938 1835 1230 1882 conturbatio.

299 1910 314 1937 ⁷
337 1908 478 1952 Labia
500 1904 772 1962 sapientium
797 1898 1152 1944 disseminabunt
1178 1893 1411 1938 scientiam
1430 1909 1440 1947 3

400 1981 472 2010 cor
497 1965 732 2008 stultorum
755 1959 970 2005 dissimile
992 1957 1088 2000 erit.

298 2028 318 2055 8
338 2027 552 2072 Victimae
576 2023 815 2080 impiorum
838 2015 1162 2062 abominabiles
1191 2013 1382 2057 Domino
1401 2027 1411 2066 3

401 2091 504 2128 vota
529 2085 749 2141 justorum
769 2077 1024 2138 placabilia.

304 2147 322 2174 9
341 2143 629 2191 Abominatio
657 2146 724 2185 est
745 2139 938 2183 Domino
959 2136 1032 2180 via
1053 2135 1179 2192 impii
1197 2151 1207 2188 3

405 2205 477 2260 qui
499 2202 696 2259 sequitur
717 2198 939 2257 justitiam
962 2195 1163 2251 diligitur
1182 2193 1239 2236 ab
1261 2206 1325 2235 eo.

289 2265 325 2293 '¹0
346 2263 559 2308 Doctrina
585 2262 705 2304 mala
730 2256 950 2302 deserenti
974 2255 1095 2298 viam
1118 2253 1225 2295 vitae
1245 2269 1254 2307 3

406 2324 479 2380 qui
500 2321 826 2378 increpationes
854 2316 945 2360 odit
967 2315 1191 2357 morietur.

292 2385 325 2412 1¹
348 2384 558 2428 Infernus
585 2386 629 2424 et
652 2377 841 2437 perditio
866 2389 1013 2418 coram
1039 2372 1230 2416 Domino
1263 2387 1273 2414 ε

410 2446 574 2499 quanto
601 2437 745 2494 magis
771 2435 903 2480 corda
928 2434 1120 2476 filiorum
1143 2427 1397 2473 hominum!

292 2503 328 2531 1'2
348 2504 449 2547 Non
474 2506 596 2545 amat
618 2499 829 2557 pestilens
857 2509 957 2539 eum
978 2491 1053 2548 qui
1078 2505 1123 2534 se
1149 2487 1348 2544 corripit,

410 2575 492 2605 nec
513 2560 570 2603 ad
594 2559 817 2616 sapientes
843 2553 1056 2611 graditur.

295 2623 332 2650 ¹3
352 2625 435 2667 Cor
461 2619 660 2677 gaudens
686 2616 906 2661 exhilarat
930 2612 1097 2655 faciem
1117 2629 1126 2666 3

413 2682 460 2723 in
486 2693 673 2722 moerore
698 2674 837 2719 animi
864 2671 1072 2728 dejicitur
1096 2668 1289 2726 spiritus.

298 2742 335 2770 14
354 2743 438 2786 Cor
463 2737 677 2796 sapientis
704 2733 864 2791 quaerit
890 2730 1160 2783 doctrinam,

416 2805 459 2843 et
485 2813 530 2842 os
557 2797 793 2840 stultorum
815 2792 1010 2849 pascitur
1031 2787 1267 2846 imperitia.

301 2862 336 2889 15
359 2861 525 2905 Omnes
549 2857 644 2900 dies
668 2853 874 2912 pauperis
896 2849 1002 2893 mali
1023 2866 1033 2904 3

419 2932 572 2962 secura
598 2929 722 2959 mens
748 2911 871 2968 quasi
899 2911 1004 2966 juge
1030 2907 1296 2952 convivium.

302 2980 338 3007 1ss
358 2978 518 3022 Melius
540 2981 607 3020 est
627 2988 785 3032 parum
811 2985 911 3014 cum
935 2970 1094 3012 timore
1120 2963 1320 3019 Domini,

421 3052 554 3094 quam
579 3033 774 3079 thesauri
797 3029 948 3086 magni
975 3034 1018 3071 et
1040 3023 1329 3069 insatiabiles.

305 3098 338 3127 ¹⁷
360 3097 523 3141 Melius
549 3101 615 3140 est
639 3092 790 3137 vocari
817 3091 873 3133 ad
900 3089 1018 3132 olera
1040 3100 1141 3130 cum
1167 3083 1397 3134 charitate,

424 3171 557 3213 quam
579 3155 635 3199 ad
657 3152 849 3197 vitulum
870 3147 1125 3204 saginatum
1152 3158 1252 3187 cum
1274 3143 1387 3187 odio.

327 3216 343 3244 3
364 3217 445 3261 Vir
465 3214 705 3260 iracundus
731 3206 942 3270 provocat
965 3207 1084 3249 rixas
1104 3222 1113 3259 3

426 3276 501 3332 qui
526 3275 700 3333 patiens
726 3277 792 3315 est
816 3269 995 3323 mitigat
1019 3263 1267 3308 suscitatas.

329 3336 346 3363 9
368 3338 460 3380 Iter
484 3336 713 3394 pigrorum
736 3330 859 3388 quasi
882 3341 1004 3384 sepes
1027 3324 1254 3382 spinarum
1274 3339 1284 3377 3

429 3396 502 3439 via
527 3396 750 3452 justorum
774 3391 938 3445 absque
960 3382 1244 3429 offendiculo.

310 3456 348 3484 2⁰
368 3456 510 3500 Filius
532 3454 708 3512 sapiens
732 3449 932 3494 laetifieat
953 3450 1146 3502 patrem,

431 3522 475 3559 et
499 3514 661 3558 stultus
686 3513 817 3555 homo
844 3505 1033 3564 despicit
1057 3507 1244 3546 matrem
1267 3513 1407 3544 suam.

137 3667 189 3701 31]
209 3665 274 3694 Ins.
291 3664 446 3698 XV11,5.
471 3677 500 3682 -
531 3663 562 3694 ι]
582 3660 647 3688 inf.
665 3659 774 3691 xxv,
790 3660 834 3684 15.
858 3669 893 3673 —
918 3652 948 3685 8]
967 3648 1202 3683 1nf.XX1‚27.
1225 3644 1327 3674 Eccu.
1346 3642 1505 3673 XXXIV,
1522 3643 1567 3669 21.
1585 3654 1620 3660 .-
1646 3639 1692 3672 13]
1714 3636 1777 3665 ins.
1794 3633 1964 3668 XV11,22.
