2456 3861
252 673 317 767 1.
346 675 363 764 Ι
393 674 648 768 BER
739 672 1308 769 TERTIUS
1407 672 1865 770 REGUM

394 867 728 911 SECUNDUM
770 867 1074 910 HEBRAEOS
1115 867 1344 910 PRIMUS
1386 868 1724 911 MALACHIM

891 1035 1225 1059 —v—x—oe—

796 1217 1010 1272 PARS
1062 1216 1328 1272 PRIOR

539 1347 870 1387 HISTORIA
920 1348 1131 1387 REGNI
1183 1347 1572 1387 SALOMONIS

360 1488 559 1531 Ssscrm
600 1487 637 1530 Ι.
669 1512 729 1519 -
767 1488 1062 1531 PROMOTIO
1104 1488 1425 1531 SALOMONIS
1468 1500 1523 1530 IN
1566 1499 1753 1530 REGEM

215 1654 310 1698 CAP
349 1653 384 1696 I·
727 1627 749 1680 ξ
781 1625 818 1667 Ι.
846 1650 904 1655 -
944 1624 1096 1666 Unctio
1129 1623 1390 1667 Salomoni&

245 1736 431 1822 *Ἢ
462 1763 490 1794 Τ
526 1765 603 1794 rex
641 1748 788 1792 David
830 1751 1054 1803 senuerat,
1092 1746 1375 1803 habebatque
1414 1748 1557 1791 aetatis
1600 1748 1810 1805 plurimos
1847 1747 1968 1804 dies;

244 1776 369 1880 {dih
387 1801 435 1874 ,J
492 1823 679 1864 cumque
701 1807 941 1864 operiretur
962 1806 1180 1862 vestibus,
1203 1820 1291 1849 non
1314 1806 1559 1850 calefiebat.
1586 1806 1603 1833 2
1623 1808 1841 1851 Dixerunt
1866 1821 1970 1863 ergo

246 1864 437 1929 »QJMWx
491 1869 531 1913 ei
553 1867 666 1911 servi
688 1867 754 1910 sui
782 1884 790 1911 :
817 1866 1075 1916 Quaeramus
1098 1865 1277 1908 domino
1305 1872 1453 1909 nostro
1478 1867 1571 1923 regi
1593 1866 1970 1910 adolescentulam

246 1893 437 2035 ἢέὣ»
491 1928 732 1983 virginem,
763 1931 806 1970 et
838 1931 924 1969 stet
954 1939 1102 1968 coram
1134 1939 1257 1980 rege,
1286 1930 1328 1968 et
1362 1925 1514 1969 foveat
1548 1940 1667 1981 eum,
1696 1925 1972 1981 dormiatque

192 1973 350 2026 vm
427 2015 441 2034 ὁ
490 1987 537 2030 in
559 1987 658 2030 sinu
684 2000 783 2041 suo,
807 1991 850 2029 et
876 1984 1115 2028 calefaciat
1145 1984 1374 2027 dominum
1396 1990 1594 2028 nostrum
1615 1999 1780 2040 regem.
1809 1985 1826 2012 3
1844 1985 1971 2035 Quae-

142 2050 309 2093 sierunt
344 2047 483 2105 igitur
519 2045 897 2090 adolescentulam
938 2043 1184 2100 speciosam
1217 2043 1265 2086 in
1299 2043 1501 2087 omnibus
1537 2044 1698 2087 finibus
1735 2043 1894 2098 Israel,
1929 2048 1972 2087 et

146 2106 414 2150 invenerunt
446 2107 618 2163 Abisag
649 2107 993 2163 Sunamitidem‚
1025 2113 1070 2151 et
1098 2107 1382 2150 adduxerunt
1416 2121 1515 2150 eam
1544 2106 1601 2150 ad
1632 2120 1799 2162 regem.
1825 2104 1842 2132 4
1861 2106 1969 2148 Erat

148 2170 296 2208 autem
321 2166 471 2222 puella
495 2166 681 2222 pulchra
702 2167 856 2222 nimis,
884 2166 1221 2223 dormiebatque
1248 2181 1348 2209 cum
1369 2180 1494 2223 rege,
1521 2171 1566 2210 et
1590 2164 1876 2208 ministrabat
1900 2164 1964 2221 ei;

146 2238 226 2267 rex
250 2239 352 2268 vero
378 2240 467 2268 non
492 2225 705 2280 cognovit
728 2240 841 2269 eam.

200 2287 216 2313 5
239 2286 437 2329 Adonias
470 2290 640 2342 autem,
674 2284 790 2328 filius
832 2285 1057 2341 Haggith,
1097 2284 1365 2344 elevabatur,
1401 2287 1551 2331 dicens
1585 2304 1594 2332 t
1629 2290 1724 2344 Ego
1761 2289 1968 2343 regnabo.

143 2345 354 2400 Fecitque
384 2344 468 2387 sibi
492 2359 642 2387 currus
671 2348 715 2386 et
743 2343 931 2400 equiteS,
955 2348 998 2387 et
1022 2344 1346 2400 quinquaginta
1374 2347 1490 2390 viros
1519 2347 1592 2403 qui
1619 2353 1841 2390 currerent
1868 2352 1972 2390 ante

142 2419 256 2447 eum.
290 2404 307 2430 6
328 2405 421 2447 Nec
455 2403 665 2460 corripuit
698 2417 798 2446 eum
828 2408 952 2459 pater
980 2417 1083 2445 suus
1115 2403 1373 2461 aliquando,
1409 2406 1558 2449 dicens
1586 2423 1594 2450 :
1620 2406 1762 2457 Quare
1794 2406 1876 2449 hoc
1905 2406 1970 2449 fe-

142 2463 278 2505 cisti?
313 2464 421 2506 Erat
452 2467 603 2505 autem
637 2467 680 2505 et
711 2461 806 2518 ipse
834 2462 1017 2518 pulcher
1046 2462 1194 2518 valde,
1225 2464 1442 2507 secundus
1471 2470 1578 2508 natu
1611 2471 1709 2522 post
1741 2465 1970 2510 Absalom.

142 2521 157 2547 ⁷
185 2523 242 2564 Et
274 2536 418 2565 sermo
447 2521 485 2565 ei
520 2536 621 2564 cum
654 2521 791 2576 Joab,
824 2520 916 2564 filio
943 2521 1132 2577 Sarviae,
1167 2526 1210 2565 et
1239 2536 1338 2565 cum
1371 2524 1592 2567 Abiathar
1620 2524 1866 2579 sacerdote,
1897 2523 1970 2579 qui

141 2581 420 2637 adjuvabant
459 2586 605 2637 partes
642 2580 848 2624 Adoniae.
889 2580 906 2606 8
934 2580 1076 2624 Sadoc
1112 2594 1215 2623 vero
1251 2583 1477 2638 sacerdos,
1516 2588 1558 2626 et
1600 2583 1816 2637 Banaias,
1854 2583 1971 2625 filius

142 2640 338 2696 Joiadae,
366 2645 409 2683 et
435 2640 615 2683 Nathan
638 2639 872 2696 propheta,
895 2645 938 2683 et
962 2639 1131 2694 Semei,
1153 2644 1196 2682 et
1223 2640 1322 2696 Rei,
1347 2647 1389 2684 et
1409 2642 1541 2684 robur
1558 2642 1775 2686 exercitus
1803 2641 1970 2697 David,

142 2714 226 2742 non
255 2705 347 2742 erat
380 2713 482 2742 cum
507 2699 697 2742 Adonia.
732 2698 749 2724 9
771 2698 1022 2741 Immolatis
1055 2713 1159 2755 ergo
1192 2698 1391 2743 Adonias
1420 2701 1631 2744 arietibus
1665 2706 1708 2744 et
1728 2700 1901 2756 vitulis,
1929 2706 1972 2744 et

142 2758 357 2801 universis
401 2758 664 2815 pinguibus,
705 2758 835 2814 juxta
872 2757 1089 2815 Lapidem
1125 2758 1360 2813 Zoheleth,
1399 2759 1472 2815 qui
1514 2765 1607 2803 erat
1642 2760 1814 2802 vicinus
1854 2759 1971 2802 fonti

143 2817 304 2874 Rogel,
333 2818 513 2861 vocavit
544 2817 772 2861 universos
805 2817 965 2860 fratres
998 2831 1097 2860 suos
1130 2817 1243 2860 filios
1275 2818 1413 2874 regis,
1444 2823 1486 2862 et
1520 2833 1670 2862 omnes
1705 2818 1822 2862 viros
1852 2818 1972 2861 Juda

142 2891 288 2920 servos
328 2876 460 2932 regis.
506 2876 542 2903 ¹⁰
578 2877 758 2920 Nathan
806 2882 954 2919 autem
997 2877 1281 2933 prophetam,
1320 2882 1363 2921 et
1405 2878 1646 2934 Banaiam,
1688 2882 1730 2921 et
1769 2877 1971 2921 robustos

143 2950 356 2992 quosque,
383 2941 427 2979 et
453 2936 733 2980 Salomonem
758 2935 945 2978 fratrem
969 2949 1118 2990 suum,
1141 2950 1228 2979 non
1255 2937 1445 2980 vocavit.

203 2994 234 3020 ¹¹
261 2994 388 3037 Dixit
419 2995 570 3051 itaque
604 2995 785 3038 Nathan
817 2995 873 3037 ad
909 2995 1176 3050 Bethsabee,
1208 3000 1395 3039 matrem
1422 2995 1670 3040 Salomonis
1700 3013 1709 3040 ε
1743 2997 1863 3039 Num
1894 3010 1971 3038 au-

143 3054 245 3096 disti
273 3053 386 3110 quod
412 3054 666 3110 regnaverit
698 3054 918 3109 Adonias‚
944 3053 1060 3097 filius
1094 3055 1318 3111 Haggith,
1346 3060 1389 3099 et
1418 3055 1622 3099 dominus
1651 3060 1798 3099 noster
1824 3055 1970 3098 David

142 3113 224 3155 hoc
246 3113 454 3169 ignorat?
481 3112 514 3139 ¹2
536 3114 666 3156 Nunc
693 3128 796 3169 ergo
821 3113 942 3167 veni,
962 3113 1114 3170 accipe
1140 3114 1375 3157 consilium
1399 3129 1425 3157 a
1451 3129 1541 3170 me,
1561 3121 1604 3158 et
1624 3114 1748 3157 salva
1773 3114 1970 3156 animam

142 3178 284 3224 tuam,
312 3171 479 3227 filiique
512 3172 575 3215 tui
600 3172 864 3216 Salomonis.
899 3171 934 3199 ¹3
959 3172 1104 3226 Vade,
1132 3178 1174 3216 et
1205 3173 1436 3229 ingredere
1469 3174 1525 3217 ad
1553 3188 1703 3229 regem
1730 3173 1896 3227 David,
1928 3179 1971 3215 et-

143 3230 213 3273 dic
248 3230 286 3274 ei
316 3247 325 3275 :
360 3231 518 3275 Nonne
550 3237 619 3287 tu,
654 3231 831 3275 domine
865 3231 924 3274 mi
958 3246 1056 3287 reX,
1089 3232 1248 3287 jurasti
1284 3233 1391 3276 mihi
1424 3232 1601 3276 ancillae
1635 3238 1745 3287 tuae,
1781 3232 1931 3274 dicens
1961 3247 1970 3274 ε

143 3289 349 3333 Salomon
390 3290 506 3333 filius
548 3296 648 3334 tuus
688 3290 893 3346 regnabit
929 3296 1027 3347 post
1064 3306 1155 3347 me,
1193 3297 1236 3335 et
1271 3292 1366 3348 ipse
1401 3292 1573 3335 sedebit
1608 3291 1654 3334 in
1690 3290 1799 3334 solio
1836 3289 1968 3333 meo‘?

143 3348 284 3397 Quare
310 3363 413 3405 ergo
445 3355 602 3405 regnat
634 3349 868 3393 Adonias‘?
904 3349 938 3375 ¹4
961 3351 1016 3392 Et
1041 3350 1186 3393 adhuc
1214 3350 1276 3393 ibi
1309 3357 1350 3394 te
1378 3350 1585 3406 loquente
1614 3364 1712 3393 cum
1738 3363 1862 3404 rege,
1889 3362 1971 3405 ego

143 3407 320 3450 veniam
345 3416 443 3465 post
471 3414 532 3463 te,
560 3414 603 3452 et
628 3409 859 3466 complebo
880 3422 1102 3452 sermones
1129 3416 1239 3452 tuos.

202 3465 238 3492 '¹⁵
261 3467 467 3522 Ingressa
496 3474 561 3510 est
592 3467 742 3524 itaque
778 3468 1025 3512 Bethsabee
1057 3469 1113 3511 ad
1146 3483 1295 3524 regem
1328 3469 1373 3511 in
1408 3469 1677 3511 cubiculum.
1706 3468 1799 3510 Rex
1821 3472 1971 3510 autem

145 3531 347 3568 senuerat
371 3526 524 3581 nimis,
544 3532 587 3570 et
611 3527 779 3582 Abisag
802 3527 1043 3570 Sunamitis
1066 3527 1346 3570 ministrabat
1369 3529 1422 3570 ei.
1449 3528 1481 3553 ¹⁵
1500 3527 1740 3569 Inclinavit
1765 3541 1810 3569 se
1839 3526 1970 3570 Beth-

145 3582 295 3638 sabee,
326 3590 368 3627 et
396 3585 599 3628 adoravit
631 3601 793 3642 regem.
819 3585 889 3628 Ad
921 3601 1049 3642 quam
1077 3601 1154 3630 rex
1180 3603 1188 3630 :
1215 3587 1328 3636 Quid
1359 3587 1460 3636 tibi,
1488 3586 1651 3641 inquit,
1678 3585 1778 3629 vis?
1808 3585 1839 3612 ¹7
1863 3587 1970 3636 Quae

145 3641 433 3699 respondens,
463 3645 526 3686 ait
551 3661 560 3688 :
585 3645 774 3688 Domine
804 3645 885 3701 mi,
914 3651 960 3688 tu
990 3645 1147 3700 jurasti
1182 3659 1257 3701 per
1291 3645 1531 3687 Dominum
1566 3645 1709 3687 Deum
1736 3651 1861 3687 tuum
1894 3659 1968 3687 an-

2104 1759 2209 1788 David

2061 1806 2096 1832 et
2115 1803 2249 1837 Abisag.

2084 2291 2229 2320 Adonias

2054 2342 2193 2368 regnum
2210 2335 2258 2363 at-

2098 2379 2218 2408 fectat.

2056 2997 2243 3026 Bethsabee

2072 3049 2091 3070 a
2111 3042 2243 3069 Nathan

2062 3085 2231 3114 instructa
2242 3106 2249 3120 ,

2119 3479 2193 3510 jura

2065 3519 2250 3547 Salomonis

2077 3563 2238 3591 defendit.
