2423 3861
91 341 156 373 Ope
173 340 303 368 hedera*

90 385 251 412 edocetur
268 389 301 412 et

102 427 293 460 corripitur.

386 151 495 193 1016
1102 143 1206 184 Jox.
1243 140 1323 194 IV,
1359 140 1492 182 6-11.

440 322 457 346 ‘³
474 321 534 363 Et
554 317 819 376 praeparavit
843 313 1059 357 Dominus
1087 312 1207 354 Deus
1231 308 1454 363 hederam,
1479 312 1523 351 et
1543 305 1745 349 aseendit
1765 319 1896 362 Super
1918 311 2050 362 eaput
2071 307 2214 361 «lonae,

380 386 429 423 ut
454 384 569 423 esset
597 378 750 419 umbra
778 387 905 430 super
931 376 1065 426 caput
1089 369 1206 425 ejus,
1230 373 1273 411 et
1297 371 1548 424 protegeret
1574 380 1674 408 eum
1702 364 2014 419 (laboraverat
2039 365 2214 422 enim);

381 444 422 482 et
452 439 630 481 laetatus
656 440 720 478 est
742 434 769 476 J
775 446 880 475 onas
909 444 1040 486 super
1063 428 1226 471 hedera
1258 426 1417 469 laetitia
1447 439 1624 481 magna.
1652 423 1667 449 7
1687 425 1745 466 Et
1770 423 1946 480 paravit
1976 424 2096 466 Deus
2121 439 2216 467 ver-

381 512 496 540 mem
532 507 713 538 aseensu
752 490 936 534 diluculi
972 489 1018 531 in
1052 487 1320 539 crastinum3
1352 491 1396 529 et
1428 484 1643 542 percussit
1679 482 1911 538 hederam,
1950 487 1994 526 et
2030 483 2217 526 exaruit.

381 557 397 583 ‘3
416 557 472 598 Et
496 569 594 598 cum
625 558 743 595 ortus
768 550 930 592 fuisset
958 549 1043 603 sol,
1073 544 1531 603 praecepit-Dominus
1554 547 1687 587 vento
1711 542 1858 586 calido
1888 546 1934 585 et
1964 541 2139 597 urenti,
2175 548 2218 586 et

380 613 594 666 1-‚e1missit
615 611 680 654 sol
703 623 833 666 super
854 613 988 664 caput
1009 608 1036 651 J
1042 621 1151 662 onae,
1170 610 1215 649 et
1241 604 1485 658 aestuabat3
1506 608 1549 647 et
1566 602 1733 660 *petivit
1757 601 1921 644 animae
1943 615 2036 657 suae
2057 605 2107 644 ut
2127 615 2219 645 mo-

380 667 556 727 reretur,
584 676 627 714 et
652 669 794 713 dixit:
821 668 982 712 Melius
1008 672 1074 711 est
1099 665 1209 709 mihi
1238 664 1347 708 mori
1374 678 1508 720 quam
1533 663 1694 706 vivere.
1721 661 1739 688 9
1765 661 1825 704 Et
1855 661 1972 704 dixit
2001 661 2218 704 Dominus

380 733 436 774 ad
469 732 666 774 Jonam:
701 729 895 772 Putasne
931 727 1044 771 bene
1077 725 1280 769 irasceris
1315 728 1365 767 tu
1401 737 1532 780 super
1567 721 1766 766 hedera?
1805 721 1865 764 Et
1906 720 2021 763 dixit
2054 737 2063 764 :
2099 721 2220 770 Bene

380 793 542 833 irascor
568 803 648 844 ego
674 802 812 843 usque
837 787 894 830 ad
924 792 1123 830 mortem.
1149 785 1184 811 '¹⁰
1202 785 1263 828 Et
1283 783 1399 827 dixit
1423 782 1673 827 Dominus.-
1693 782 1761 825 Tu
1782 780 1905 824 doles
1930 794 2062 837 super
2086 779 2219 823 hede-

380 864 473 892 ram
497 849 544 891 in
567 863 651 904 qua
681 861 767 890 non
793 846 1027 902 laborasti,
1054 859 1195 901 neque
1220 843 1371 887 fecisti
1396 848 1446 886 ut
1475 846 1716 896 creseeret;
1741 855 1840 897 quae
1869 840 1950 884 sub
1976 854 2066 883 una
2091 845 2221 883 nocte

380 914 484 951 nata
511 912 596 962 est,
630 911 674 950 et
703 905 786 949 sub
816 920 904 948 una
937 910 1066 949 nocte
1091 904 1249 961 periit:
1280 903 1309 929 ¹¹
1332 908 1376 947 et
1401 916 1482 958 ego
1508 916 1596 946 non
1627 915 1808 959 paream
1834 899 2019 955 Ninive,
2047 897 2220 942 civitati

381 982 567 1023 magnae,
584 967 629 1009 in
644 981 728 1022 qua
747 970 850 1009 sunt
866 965 966 1022 plus
980 979 1113 1020 quam
1131 967 1312 1007 eentum
1328 961 1491 1019 viginti
1514 961 1656 1004 millia
1672 960 1904 1004 hominum
1923 959 1996 1016 qui
2015 958 2222 1002 nesciunt

383 1026 484 1083 quid
506 1025 563 1068 sit
587 1025 702 1068 inter
723 1025 952 1068 dexteram
977 1029 1021 1066 et
1045 1022 1271 1066 sinistram
1292 1035 1440 1076 suam,
1468 1025 1511 1063 et
1535 1020 1739 1077 jumenta
1762 1017 1935 1062 multa?
