2456 3861
783 147 928 189 Dnu'r.
964 147 1044 201 IV,
1081 148 1132 190 16
1145 173 1159 178 -
1171 148 1238 190 43.
1840 148 1922 192 165

97 315 242 371 ignis3
279 314 314 340 ¹⁶
346 328 399 357 ne
439 315 555 357 forte
595 314 766 371 decepti
807 315 987 358 faciatis
1029 315 1153 357 vobis
1193 315 1413 372 sculptam
1454 315 1812 370 similitudinem,
1845 321 1922 358 aut

103 373 343 429 imaginem
385 373 568 416 masculi
610 373 679 416 vel
713 373 917 427 feminae,
956 373 985 399 ¹7
1012 373 1351 417 similitudinem
1385 374 1583 416 omnium
1622 374 1922 428 jumentorum

101 442 198 484 quae
231 437 334 474 sunt
380 446 510 488 super
542 438 723 487 terram,
758 433 827 475 vel
859 433 1010 474 avium
1042 432 1124 474 sub
1158 433 1267 475 czclo
1302 432 1567 488 volantium,
1604 432 1638 459 ¹⁸
1662 439 1795 488 atque
1827 447 1921 489 rep—

100 490 246 532 tilium
277 504 376 545 quae
411 497 642 534 moventur
675 491 719 532 iu
755 497 887 545 terra,
922 491 1014 534 sive
1040 491 1227 547 piscium
1261 492 1334 547 qui
1368 492 1449 533 sub
1483 497 1596 535 terra
1627 497 1852 534 morantur
1876 492 1921 534 in

95 548 247 605 aquis;
285 549 319 575 ¹⁰
343 564 397 592 ne
432 550 547 592 forte
580 549 763 592 elevatis
797 550 934 592 oculis
963 550 1019 592 ad
1050 550 1228 605 caelum,
1260 551 1410 594 videas
1439 550 1576 593 solem
1606 556 1648 593 et
1678 550 1848 606 lunam,
1879 556 1922 594 et

96 607 245 650 omnia
277 614 396 650 astra
431 608 550 662 caeli,
585 613 629 651 et
662 621 803 650 errore
837 608 1045 664 deceptus
1078 609 1231 651 adores
1266 624 1336 664 ea,
1380 614 1422 652 et
1456 609 1574 652 colas
1615 624 1713 665 quae
1756 610 1922 652 creavit

97 666 314 709 Dominus
342 668 459 710 Deus
486 673 586 708 tuus
609 666 657 707 in
684 666 978 708 ministerium
1005 667 1175 708 cunctis
1200 668 1407 722 gentibus
1434 682 1531 723 quae
1558 669 1639 711 sub
1670 668 1779 711 caelo
1805 674 1920 711 sunt.

94 723 131 750 “²⁰
156 725 247 767 Vos
282 731 432 768 autem
465 724 568 767 tulit
605 724 842 779 Dominus,
877 730 920 767 et
953 724 1106 767 eduxit
1139 724 1192 768 de
1224 726 1406 768 fornace
1446 728 1588 770 ferrea
1622 727 1831 783 AEgypti,
1874 732 1922 770 ut

94 782 276 826 haberet
316 783 527 840 populum
568 782 904 837 hereditarium,
939 783 1054 825 sicut
1086 789 1153 827 est
1184 784 1229 825 in
1268 785 1475 840 praesenti
1509 786 1592 828 die.
1628 786 1659 811 '2¹
1690 787 1923 842 Iratusque

93 848 159 884 est
199 841 416 884 Dominus
457 846 608 884 contra
651 855 720 884 me
761 847 937 897 propter
977 856 1199 885 sermones
1240 848 1427 898 vestros,
1471 849 1513 886 et
1545 844 1711 898 juravit
1748 850 1795 886 ut
1835 859 1921 887 non

92 900 325 944 transirem
357 900 619 955 Jordanem,
655 914 735 943 nec
766 900 1020 956 ingrederer
1048 906 1209 944 terram
1239 901 1454 957 optimam
1483 916 1616 957 quam
1646 903 1827 945 daturus
1857 909 1922 946 est

91 958 231 1002 vobis.
266 957 303 984 2⁸²
329 960 444 1002 Ecce
474 959 635 1001 morior
662 958 707 1001 in
738 959 822 1002 hac
851 959 1006 1011 humo,
1037 973 1123 1002 non
1154 959 1350 1003 transibo
1381 960 1646 1014 Jordanem3
1680 975 1755 1003 vos
1782 966 1921 1003 trans-

88 1017 232 1073 ibitis,
267 1023 310 1061 et
343 1017 624 1074 possidebitis
658 1023 820 1061 terram
855 1019 1094 1074 egregiam.
1130 1017 1167 1044 '23
1191 1018 1310 1062 Cave
1343 1033 1397 1062 ne
1429 1019 1604 1074 quando
1646 1019 1921 1063 obliviscaris

89 1076 208 1132 pacti
243 1076 423 1119 Domini
459 1076 540 1119 Dei
574 1076 660 1132 tui,
696 1077 812 1132 quod
845 1077 1015 1134 pepigit
1048 1083 1216 1133 tecum,
1253 1083 1296 1120 et
1329 1077 1472 1120 facias
1507 1077 1588 1120 tibi
1619 1079 1839 1134 sculptam
1864 1079 1920 1121 si-

90 1133 390 1178 militudinem
416 1149 579 1190 eorum,
615 1150 714 1192 quae
732 1135 824 1178 fieri
854 1136 1069 1179 Dominus
1095 1136 1344 1193 prohibuit3
1373 1136 1409 1162 24
1429 1136 1531 1192 quia
1558 1136 1774 1180 Dominus
1804 1138 1921 1180 Deus

86 1199 189 1236 tuus
222 1193 340 1250 ignis
374 1208 637 1237 consumens
671 1201 756 1250 est,
794 1196 913 1238 Deus
951 1195 1194 1238 aemulator.

145 1250 182 1278 25
205 1252 251 1295 Si
284 1252 524 1308 genueritis
567 1253 679 1296 filios
715 1268 767 1296 ac
801 1259 1000 1310 nepotes,
1037 1260 1079 1297 et
1119 1254 1277 1297 morati
1319 1255 1494 1298 fueritis
1534 1254 1580 1297 in
1622 1260 1756 1311 terra,
1796 1256 1919 1299 dece-

84 1311 238 1367 ptique
278 1311 475 1354 feceritis
510 1311 635 1355 vobis
668 1312 865 1368 aliquam
897 1313 1258 1369 similitudinem,
1294 1319 1518 1370 patrantes
1560 1315 1729 1356 malum
1774 1328 1921 1357 coram

89 1370 279 1413 Domino
311 1371 403 1414 Deo
433 1375 599 1426 vestro,
629 1377 679 1414 ut
707 1386 808 1414 eum
836 1371 893 1414 ad
922 1372 1200 1415 iracundiam
1233 1373 1499 1429 provocetis,
1531 1372 1568 1400 2⁶
1593 1379 1726 1416 testes
1762 1374 1921 1417 invoco

84 1427 217 1472 hodie
250 1429 412 1472 caelum
445 1435 488 1473 et
522 1435 704 1485 terram,
736 1431 822 1473 cito
853 1431 1068 1487 perituros
1097 1445 1174 1474 vos
1205 1446 1299 1475 esse
1328 1432 1382 1474 de
1412 1437 1546 1487 terra,
1577 1446 1710 1488 quam
1736 1432 1921 1476 transito

83 1487 281 1531 Jordane
313 1488 552 1544 possessuri
586 1489 705 1532 estis.
740 1489 839 1532 Non
873 1489 1135 1532 habitabitis
1164 1490 1210 1533 in
1244 1505 1294 1534 ea
1324 1490 1456 1546 longo
1486 1497 1701 1547 tempore,
1740 1492 1817 1534 sed
1849 1492 1919 1534 de-

85 1545 194 1589 lebit
226 1561 304 1590 vos
339 1547 578 1602 Dominus,
613 1546 647 1573 2⁷
673 1552 806 1603 atque
840 1548 1063 1604 disperget
1094 1549 1141 1590 in
1175 1563 1325 1592 omnes
1356 1555 1530 1605 gentes,
1563 1556 1606 1593 et
1636 1550 1919 1593 remanebitis

83 1605 213 1662 pauci
245 1605 292 1648 in
326 1605 601 1661 nationibus,
636 1607 692 1649 ad
727 1621 833 1662 quas
867 1621 944 1650 vos
979 1607 1190 1650 ducturus
1225 1613 1291 1650 est
1323 1608 1553 1651 Dominus.
1585 1608 1621 1635 ‘⁶²²³'
1648 1609 1805 1664 Ibique
1834 1623 1921 1651 ser-

85 1664 212 1707 vietis
246 1664 330 1707 diis
363 1665 438 1720 qui
471 1665 703 1708 hominum
738 1680 872 1708 manu
905 1666 1116 1709 fabricati
1149 1672 1272 1722 sunt,
1310 1667 1432 1722 ligno
1466 1672 1509 1710 et
1543 1667 1682 1724 lapidi
1720 1668 1794 1723 qui
1835 1682 1922 1711 non

83 1723 256 1779 vident,
298 1737 380 1767 nec
419 1723 628 1781 audiunt,
670 1739 751 1768 nec
793 1725 1051 1782 comedunt,
1093 1740 1174 1769 nec
1215 1726 1466 1769 odorantur.
1502 1725 1538 1752 29
1563 1726 1762 1782 Cumque
1803 1741 1922 1782 quae-

80 1781 207 1825 sieris
244 1782 307 1825 ibi
349 1782 593 1826 Dominum
636 1785 781 1827 Deum
820 1789 967 1841 tuum,
1008 1784 1207 1828 invenies
1249 1799 1374 1839 eum3
1408 1784 1444 1827 si
1482 1790 1632 1828 tamen
1667 1791 1759 1829 toto
1795 1786 1923 1829 corde

81 1841 329 1897 quaesieris,
367 1847 410 1885 et
442 1847 536 1885 tota
569 1842 858 1887 tribulatione
897 1844 1062 1887 animae
1103 1849 1207 1887 tuae.
1243 1844 1280 1870 3⁰
1306 1845 1548 1900 Postquam
1587 1850 1631 1888 te
1671 1844 1922 1888 invenerint

80 1900 230 1943 omnia
262 1915 360 1957 quae
395 1901 610 1958 praedicta
650 1908 773 1958 sunt,
808 1903 1048 1946 novissimo
1088 1908 1285 1960 tempore
1324 1903 1554 1947 reverteris
1587 1903 1644 1946 ad
1680 1904 1922 1947 Dominum

81 1958 227 2002 Deum
258 1964 406 2017 tuum,
443 1965 486 2004 et
518 1961 671 2004 audies
705 1976 860 2005 vocem
893 1962 1017 2018 ejus3
1054 1962 1088 1989 3¹
1115 1962 1219 2018 quia
1261 1964 1380 2006 Deus
1423 1962 1668 2006 misericors
1705 1963 1921 2006 Dominus

81 2018 201 2061 Deus
236 2024 338 2062 tuus
372 2024 462 2074 est;
498 2034 585 2063 non
615 2020 812 2064 dimittet
841 2026 904 2077 te,
935 2036 1016 2065 nec
1045 2021 1225 2065 omnino
1255 2022 1441 2077 delebit,
1469 2036 1610 2077 neque
1635 2022 1923 2066 obliviscetur

78 2077 199 2134 pacti
232 2078 279 2120 in
312 2093 396 2135 quo
429 2078 597 2134 juravit
629 2079 829 2137 patribus
862 2080 964 2123 tuis.
998 2079 1036 2107 3²
1061 2081 1294 2136 Interroga
1328 2081 1381 2124 de
1416 2081 1570 2124 diebus
1599 2081 1815 2137 antiquis,
1846 2081 1920 2137 qui

80 2136 262 2180 fuerunt
302 2145 406 2181 ante
447 2143 490 2181 te
531 2153 584 2181 ex
630 2139 701 2182 die
742 2154 826 2195 quo
867 2139 1035 2183 creavit
1077 2141 1196 2183 Deus
1237 2140 1464 2183 hominem
1504 2155 1634 2196 super
1675 2145 1857 2196 terram,
1894 2155 1920 2183 a

77 2209 252 2239 summo
286 2197 395 2240 caelo
430 2211 567 2253 usque
599 2198 656 2241 ad
688 2212 913 2241 summum
946 2199 1063 2255 ejus,
1097 2199 1134 2241 si
1167 2199 1291 2242 facta
1332 2204 1397 2242 est
1436 2199 1676 2255 aliquando
1714 2199 1920 2255 hujusce·

81 2255 200 2298 modi
232 2270 320 2312 reS,
354 2261 432 2299 aut
465 2271 663 2312 unquam
706 2258 936 2314 cognitum
969 2263 1035 2301 est
1067 2258 1105 2284 33
1128 2263 1178 2301 ut
1210 2258 1383 2302 audiret
1418 2259 1606 2315 populus
1640 2273 1795 2302 vocem
1837 2258 1919 2301 Dei

81 2312 298 2369 loquentis
333 2315 387 2358 de
427 2315 572 2359 medio
606 2316 745 2373 ignis,
781 2316 895 2359 sicut
928 2322 976 2359 tu
1009 2317 1174 2360 audisti
1209 2323 1251 2360 et
1286 2317 1521 2372 vixisti334
1546 2317 1610 2360 sic
1650 2317 1762 2361 fecit
1801 2319 1919 2361 Deus

80 2378 128 2415 ut
158 2373 484 2430 ingrederetur,
519 2380 562 2418 et
594 2375 768 2419 tolleret
801 2375 886 2418 sibi
927 2381 1107 2432 gentem
1147 2376 1202 2419 de
1235 2377 1380 2420 medio
1422 2377 1674 2432 nationum,
1709 2391 1785 2434 per
1825 2382 1918 2419 ten-

78 2432 288 2489 tationes,
323 2433 472 2489 signa,
507 2440 640 2490 atque
672 2440 897 2491 portenta,
929 2449 1005 2491 per
1035 2450 1254 2492 pugnam,
1285 2441 1328 2478 et
1356 2435 1584 2479 robustam
1614 2450 1816 2491 manum,
1844 2450 1916 2478 ex-

77 2496 339 2548 tentumque
371 2493 624 2549 brachium,
661 2499 704 2537 et
733 2493 964 2537 horribiles
994 2494 1207 2550 visiones,
1238 2495 1367 2550 juxta
1397 2495 1545 2537 omnia
1575 2509 1673 2550 quae
1704 2495 1816 2537 fecit
1842 2509 1918 2551 pro

80 2550 204 2594 vobis
246 2551 463 2595 Dominus
506 2553 625 2595 Deus
667 2559 812 2596 vester
849 2553 896 2596 in
929 2554 1150 2610 AEgypto,
1192 2553 1447 2597 videntibus
1482 2553 1621 2596 oculis
1656 2553 1768 2609 tuis3
1808 2554 1845 2580 3⁵
1869 2559 1918 2597 ut

77 2609 211 2654 scires
245 2611 456 2666 quoniam
489 2612 708 2655 Dominus
740 2613 835 2669 ipse
867 2617 933 2656 est
971 2613 1111 2668 Deus,
1147 2617 1189 2656 et
1221 2627 1311 2656 non
1344 2618 1410 2656 est
1445 2612 1559 2655 alius
1601 2618 1760 2669 praeter
1802 2626 1916 2656 eum.

78 2668 117 2695 36
142 2670 208 2712 De
242 2670 350 2713 caelo
385 2675 428 2714 te
453 2670 563 2714 fecit
589 2671 741 2715 audire
768 2686 922 2715 vocem
947 2686 1094 2727 suam,
1121 2677 1170 2714 ut
1196 2671 1372 2714 doceret
1397 2676 1460 2728 te,
1488 2677 1531 2714 et
1555 2672 1601 2714 in
1628 2677 1742 2715 terra
1772 2677 1916 2717 osten-

78 2727 144 2770 dit
176 2728 259 2771 tibi
291 2729 444 2785 ignem
477 2744 607 2772 suum
641 2731 909 2786 maximum,
942 2736 985 2774 et
1013 2730 1178 2773 audisti
1208 2730 1343 2774 verba
1371 2729 1492 2772 illius
1523 2730 1576 2774 de
1605 2731 1750 2774 medio
1783 2730 1915 2787 ignis,

78 2786 113 2813 3⁷
139 2787 243 2843 quia
269 2787 427 2832 dilexit
461 2795 606 2846 patres
640 2794 759 2846 tuos,
794 2796 837 2833 et
870 2789 1005 2845 elegit
1037 2804 1188 2833 semen
1221 2804 1372 2833 eorum
1404 2794 1503 2846 post
1536 2804 1622 2834 eos,
1662 2790 1917 2846 Eduxitque

78 2850 122 2889 te
153 2847 408 2903 praecedens
440 2848 487 2890 in
521 2848 685 2892 virtute
720 2864 799 2892 sua
835 2863 996 2905 magna
1029 2863 1084 2892 ex
1116 2849 1338 2905 AEgypto,
1373 2848 1409 2875 3⁸
1435 2854 1483 2891 ut
1516 2849 1682 2892 deleret
1714 2849 1916 2892 nationes

78 2905 297 2949 maximas
345 2912 388 2950 et
427 2907 632 2951 fortiores
673 2913 716 2952 te
748 2908 794 2951 in
835 2907 1020 2951 introitu
1060 2913 1157 2964 tuo,
1192 2913 1236 2951 et
1267 2907 1567 2952 introduceret
1600 2914 1662 2964 te,
1705 2908 1916 2964 daretque

77 2964 159 3007 tibi
185 2970 348 3008 terram
377 2980 529 3009 earum
552 2967 599 3010 in
624 2967 965 3024 possessionem,
992 2967 1108 3010 sicut
1137 2967 1278 3010 cernis
1303 2967 1350 3010 in
1376 2967 1584 3024 praesenti
1615 2967 1698 3010 die.
1734 2967 1771 2994 39
1794 2967 1914 3011 Scito

77 3037 180 3080 ergo
217 3024 367 3081 hodie,
403 3031 446 3069 et
486 3026 680 3082 cogitato
721 3027 767 3069 in
809 3026 938 3070 corde
970 3031 1045 3070 tuo
1079 3026 1196 3082 quod
1234 3026 1451 3070 Dominus
1483 3026 1578 3083 ipse
1610 3027 1668 3069 sit
1709 3027 1828 3070 Deus
1866 3026 1913 3069 in

75 3082 188 3126 caelo
220 3098 413 3140 sursum,
448 3090 490 3127 et
522 3085 568 3128 in
602 3090 716 3129 terra
747 3086 970 3141 deorsum,
998 3091 1041 3129 et
1066 3100 1154 3129 non
1179 3085 1237 3128 sit
1261 3085 1389 3128 alius.
1419 3085 1456 3112 4⁰
1482 3085 1664 3129 Custodi
1691 3091 1913 3143 praecepta

75 3141 173 3197 ejus
191 3148 323 3198 atque
342 3144 566 3200 mandata,
587 3159 685 3201 quae
712 3159 792 3201 ego
822 3144 1032 3202 praecipio
1050 3145 1146 3200 tibi,
1180 3150 1230 3187 ut
1261 3144 1374 3188 bene
1405 3144 1464 3187 sit
1488 3144 1591 3200 tibi,
1628 3150 1671 3188 et
1696 3145 1798 3187 filiis
1825 3145 1912 3187 tuis

78 3206 175 3256 post
211 3207 274 3258 te,
301 3207 345 3246 et
370 3217 628 3259 permaneas
658 3204 801 3247 multo
828 3209 1025 3260 tempore
1053 3209 1366 3260 superterram
1388 3218 1522 3260 quam
1555 3203 1772 3247 Dominus
1793 3205 1910 3247 Deus

76 3264 177 3302 tuus
211 3260 393 3304 daturus
428 3267 493 3305 est
525 3262 622 3305 tibi.

134 3318 168 3345 4¹
196 3319 322 3363 Tunc
354 3321 577 3377 separavit
605 3322 780 3378 Moyses
807 3326 894 3365 tres
920 3321 1124 3365 civitates
1150 3327 1271 3365 trans
1297 3322 1540 3366 Jordanem
1567 3322 1624 3364 ad
1651 3321 1909 3364 orientalem

76 3376 277 3435 plagam,
312 3378 350 3405 ‘¹2
375 3385 424 3422 ut
459 3380 693 3436 confugiat
725 3381 781 3424 ad
816 3395 888 3424 eas
921 3381 995 3436 qui
1030 3381 1241 3424 occiderit
1281 3381 1433 3424 nolens
1473 3381 1725 3438 proximum
1758 3394 1906 3434 suum,

77 3449 157 3479 nec
189 3437 274 3480 sibi
308 3439 446 3482 fuerit
477 3439 686 3482 inimicus
718 3446 822 3483 ante
854 3454 992 3482 unum
1021 3446 1064 3483 et
1095 3440 1285 3483 alterum
1315 3440 1453 3495 diem,
1485 3445 1528 3482 et
1556 3439 1612 3481 ad
1642 3439 1799 3481 harum
1827 3438 1908 3480 ali-

76 3508 210 3549 quam
241 3496 418 3540 urbium
458 3498 596 3555 possit
635 3498 821 3542 evadere
854 3515 863 3542 :
903 3498 940 3525 43
966 3500 1104 3542 Bosor
1133 3499 1181 3541 in
1213 3498 1472 3553 solitudine,
1507 3512 1606 3553 quae
1639 3497 1724 3539 sita
1757 3502 1822 3540 est
1861 3496 1907 3539 in

75 3639 125 3672 21]
139 3639 218 3671 Sul).
235 3639 262 3675 1,
275 3642 321 3669 37.
338 3654 374 3660 —
390 3643 437 3675 24]
461 3642 562 3670 Hebr.
579 3641 661 3676 XII,
678 3644 722 3669 29.
737 3656 772 3660 -
789 3642 837 3676 37]
853 3642 912 3670 Ex.
932 3641 1031 3677 XIII,
1053 3644 1097 3669 21.
1111 3656 1147 3659 —
1163 3642 1210 3675 41]
1230 3641 1326 3669 Num.
1342 3640 1479 3675 XXXV,
1499 3642 1541 3667 14.
1555 3654 1591 3659 -
1603 3640 1651 3673 43]
1667 3640 1737 3668 Jos.
1752 3640 1826 3676 XX,
1842 3644 1868 3669 8.

2026 1268 2085 1297 Dei
2110 1277 2190 1298 cave

2014 1311 2207 1342 vindictam.

2016 3330 2179 3360 Civitates

1974 3374 2101 3408 refugii
2123 3377 2216 3403 trans

1999 3418 2188 3447 Jordanem.
