2423 3861
238 1112 383 1141 Titulus.

249 1191 377 1218 Beatus

190 1233 249 1268 qui
265 1233 432 1267 intelligit

262 1285 364 1312 super

215 1329 406 1357 pauperem.

209 1607 349 1643 Querela
374 1607 412 1635 de

205 1650 421 1680 inimicorum

246 1695 323 1724 odio
343 1698 377 1723 et

221 1739 407 1768 amicorum

239 1783 388 1817 perfidia.

224 2366 400 2395 confidens

257 2409 375 2438 oratio.

219 2761 407 2795 Doxologia

210 2805 288 2834 libri
305 2805 414 2839 primi.

242 3238 386 3267 Titulus.

228 3311 278 3338 Ad
296 3312 401 3338 Deum

232 3358 265 3383 et
286 3355 397 3383 locum

249 3406 382 3427 sacrum

241 3442 395 3476 suspiria.

497 108 582 152 576
1038 106 1112 149 Ps.
1147 106 1370 162 xxxix,
1408 108 1460 150 16
1493 133 1553 140 —
1581 106 1714 161 XLI,
1746 107 1788 149 3.

735 279 1061 323 Convertantur
1081 282 1318 320 retrorsum
1345 284 1387 320 et
1409 283 1704 331 revereantur,

791 337 866 393 qui
886 336 1045 379 volunt
1068 336 1178 379 mihi
1205 337 1338 380 mala.

677 396 714 423 16
734 396 900 440 Ferant
926 396 1167 439 confestim
1188 396 1499 439 confusionem
1524 409 1671 450 suam,

793 455 867 511 qui
892 455 1048 512 dicunt
1070 455 1179 497 mihi
1201 472 1212 499 ι
1239 457 1385 511 Euge,
1410 455 1544 510 euge!

678 514 711 541 ¹7
734 515 951 558 Exultent
977 519 1022 557 et
1042 514 1253 557 laetentur
1273 528 1403 571 super
1424 520 1468 557 te
1493 527 1645 557 omnes
1669 518 1915 569 quaerentes
1936 520 2000 568 te,

792 579 838 617 et
853 573 1008 616 dicant
1024 587 1199 631 semper
1216 591 1224 618 :
1243 573 1559 630 Magnificetur
1577 572 1815 629 Dominus,
1836 572 1910 628 qui
1930 572 2128 629 diligunt
2144 573 2337 618 salutare

676 632 711 660 ¹8
730 634 828 690 Ego
847 638 999 676 autem
1023 633 1253 676 mendicus
1273 647 1372 676 sum
1399 638 1442 676 et
1465 646 1659 689 pauper3
2168 634 2333 691 [tuum.

793 691 1013 735 Dominus
1038 692 1256 736 sollicitus
1282 698 1350 736 est
1375 692 1477 735 mei.

733 751 930 808 Adjutor
951 766 1075 795 meus
1099 757 1145 795 et
1169 757 1393 809 protector
1415 765 1540 795 meus
1566 757 1616 795 tu
1641 765 1710 808 es3

792 811 913 855 Deus
939 825 1084 867 meus,
1111 826 1167 855 ne
1193 811 1454 855 tardaveris.

1254 920 1470 963 PsAmms
1503 922 1584 963 XL

895 1007 1206 1050 Misericordes
1233 1007 1588 1050 misericordiam
1617 1013 1940 1062 consequentur.

556 1092 570 1120 ¹
589 1093 645 1137 In
670 1092 825 1148 finem,
848 1092 1054 1136 Psalmus
1077 1093 1162 1150 ipsi
1189 1093 1352 1139 David.

694 1165 712 1192 ²
730 1168 893 1210 Beatus
920 1167 993 1223 qui
1019 1166 1234 1223 intelligit
1255 1182 1386 1224 super
1410 1182 1603 1223 egenum
1629 1172 1674 1210 et
1698 1182 1971 1225 pauperem:

794 1226 841 1268 in
863 1226 934 1269 die
961 1227 1080 1269 mala
1104 1226 1315 1269 liberabit
1339 1241 1443 1270 eum
1465 1226 1697 1271 Dominus.

693 1285 712 1312 3
731 1285 949 1335 Dominus
976 1291 1207 1329 conservet
1232 1300 1355 1342 eum,
1383 1292 1426 1329 et
1451 1286 1649 1329 vivificet
1671 1301 1794 1343 eum,

794 1350 838 1389 et
862 1345 1045 1389 beatum
1070 1346 1213 1388 faciat
1235 1360 1337 1389 eum
1362 1345 1409 1388 in
1434 1351 1570 1402 terra,

796 1410 840 1450 et
860 1418 950 1448 non
978 1405 1126 1448 tradat
1152 1419 1254 1448 eum
1279 1405 1325 1447 in
1346 1405 1547 1448 animam
1566 1405 1853 1449 inimicorum
1880 1406 1991 1464 ejus.

694 1462 712 1490 4
730 1464 949 1507 Dominus
976 1479 1106 1521 opem
1130 1465 1248 1508 ferat
1271 1465 1340 1508 illi
1364 1479 1497 1522 super
1521 1465 1689 1508 lectum
1713 1465 1880 1509 doloris
1904 1466 2025 1522 ejus;

794 1524 1052 1567 universum
1077 1530 1268 1567 stratum
1293 1525 1391 1580 ejus
1416 1524 1603 1567 versasti
1624 1524 1672 1567 in
1697 1524 1958 1568 infirmitate
1984 1526 2094 1582 ejus.

694 1582 711 1609 ⁵
730 1584 825 1640 Ego
849 1583 941 1626 dixi
965 1601 973 1627 :
998 1583 1209 1639 Domine,
1231 1583 1440 1627 miserere
1461 1583 1550 1626 mei
1570 1601 1579 1638 3

795 1657 903 1685 sana
928 1643 1127 1685 animam
1153 1657 1321 1699 meam,
1350 1643 1452 1698 quia
1478 1643 1663 1699 peccavi
1691 1643 1787 1688 tibi.

695 1701 713 1728 6
730 1701 911 1745 Inimici
938 1702 1026 1745 mei
1053 1702 1259 1745 dixerunt
1285 1703 1404 1744 mala
1429 1702 1568 1746 mihi:

796 1762 980 1812 Quando
1005 1761 1227 1817 morietur,
1253 1766 1297 1804 et
1322 1761 1485 1818 peribit
1507 1776 1670 1805 nomen
1693 1762 1825 1818 ejus?

700 1818 716 1847 ⁷
734 1821 792 1863 Et
816 1821 853 1863 si
879 1820 1217 1875 ingrediebatur
1242 1825 1290 1862 ut
1311 1820 1504 1875 videret,
1530 1836 1647 1864 vana
1674 1821 1963 1877 loquebatur,

799 1894 873 1923 cor
892 1881 992 1935 ejus
1018 1879 1309 1935 congregavit
1333 1879 1619 1934 iniquitatem
1645 1880 1743 1923 sibi.

797 1938 1123 1995 Egrediebatur
1146 1939 1269 1981 foras
1295 1944 1339 1981 et
1364 1938 1640 1994 loquebatur.

699 1999 717 2026 8
733 2000 790 2042 In
817 1998 1013 2055 idipsum
1035 1997 1272 2041 adversum
1295 2013 1366 2041 me
1388 1998 1678 2042 susurrabant
1701 2013 1854 2043 omnes
1880 1999 2052 2043 inimici
2076 2000 2161 2045 mei
2180 2018 2190 2054 ;

795 2058 1034 2101 adversum
1059 2072 1130 2101 me
1157 2057 1418 2113 cogitabant
1443 2057 1563 2100 mala
1587 2059 1712 2102 mihi.

695 2117 713 2144 9
729 2118 929 2161 Verbum
953 2117 1157 2173 iniquum
1181 2117 1506 2160 constituerunt
1532 2118 1772 2162 adversum
1794 2134 1864 2162 me
1885 2136 1894 2164 :

797 2176 1026 2233 Numquid
1052 2177 1127 2233 qui
1153 2177 1318 2220 dormit
1340 2191 1430 2220 non
1454 2177 1644 2233 adjiciet
1665 2184 1713 2221 ut
1734 2179 1967 2234 resurgat?

681 2236 716 2263 ¹⁰
733 2236 913 2280 Etenim
934 2237 1066 2279 homo
1090 2237 1212 2294 pacis
1235 2251 1365 2293 meae,
1391 2237 1438 2279 in
1465 2251 1551 2293 quo
1571 2238 1768 2294 speravi,

796 2297 870 2352 qui
886 2296 1048 2340 edebat
1064 2311 1202 2354 panes
1219 2311 1341 2340 meos
1360 2297 1670 2352 magnificavit
1689 2312 1820 2354 super
1834 2313 1904 2341 me
1917 2298 2340 2356 supplantat-ionem.

679 2355 711 2381 ¹¹
731 2357 799 2399 Tu
823 2362 996 2411 autem,
1025 2356 1238 2411 Domine,
1262 2356 1468 2400 miserere
1491 2357 1599 2412 mei,

795 2421 840 2460 et
860 2416 1073 2459 resuscita
1100 2430 1194 2470 me3
1218 2421 1263 2459 et
1281 2416 1527 2458 retribuam
1551 2416 1630 2460 eis.

678 2475 714 2502 ¹2
731 2475 787 2518 In
813 2476 896 2519 hoc
919 2476 1107 2531 cognovi
1135 2475 1345 2531 quoniam
1370 2475 1550 2519 voluisti
1573 2491 1668 2532 me,

796 2535 1004 2591 quoniam
1026 2549 1116 2578 non
1140 2535 1356 2590 gaudebit
1380 2535 1589 2578 inimicus
1618 2550 1740 2580 meus
1763 2550 1894 2592 supe-r
1919 2552 2002 2580 me.

678 2596 714 2622 ¹3
732 2597 805 2639 Me
829 2599 979 2637 autem
1005 2599 1182 2651 propter
1205 2594 1512 2637 innocentiam
1537 2594 1795 2652 suscepisti3

797 2659 840 2698 et
865 2654 1137 2697 confirmasti
1163 2667 1233 2696 me
1258 2654 1305 2696 in
1332 2659 1573 2711 conspectu
1594 2660 1671 2698 tuo
1691 2654 1740 2696 in
1769 2660 1997 2699 aeternum.

678 2742 713 2768 11
738 2742 1008 2786 Benedictus
1035 2742 1274 2798 Dominus,
1301 2743 1419 2785 Deus
1447 2743 1608 2798 Israel,

794 2816 820 2844 a
842 2801 1027 2858 saeculo,
1054 2806 1098 2845 et
1119 2816 1255 2858 usque
1277 2801 1325 2844 in
1350 2802 1577 2845 saeculum.
1601 2802 1724 2857 Fiat,
1748 2801 1838 2845 fiat.

1211 2940 1254 2994 L
1276 2939 1298 2993 1
1319 2939 1364 2993 Β
1385 2940 1430 2994 Ε
1450 2923 1518 2993 R
1563 2939 1631 2993 11

1242 3057 1457 3099 PsALMiJs
1489 3055 1598 3098 XLI

595 3142 722 3186 Exul
751 3158 781 3186 a
812 3143 919 3187 Sion
953 3150 992 3187 et
1022 3145 1245 3187 desolatus
1276 3144 1466 3187 reditum
1498 3143 1560 3186 ad
1592 3143 1730 3186 locum
1764 3157 1940 3186 sacrum
1972 3143 2240 3200 deprecatur.

559 3227 574 3256 ¹
594 3230 649 3273 In
674 3230 828 3286 finem,
855 3230 1109 3274 intellectus
1134 3231 1237 3274 filiis
1264 3232 1386 3275 Core.

696 3304 714 3330 ²
731 3305 1114 3356 Quemadmodum
1137 3305 1359 3349 desiderat.
1386 3319 1540 3349 cervus
1562 3304 1618 3347 ad
1641 3305 1791 3347 fontes
1818 3319 2052 3362 aquarum,

796 3365 860 3406 ita
883 3363 1105 3407 desiderat
1127 3365 1279 3407 anima
1302 3379 1399 3408 mea
1424 3365 1481 3408 ad
1508 3371 1571 3420 te,
1598 3365 1729 3408 Deus.

697 3423 716 3450 3
733 3423 883 3467 Sitivit
903 3423 1053 3465 anima
1081 3437 1178 3466 mea
1200 3424 1257 3467 ad
1283 3425 1427 3468 Deum
1448 3424 1634 3477 fortem,
1655 3423 1835 3478 vivunn

797 3482 971 3538 quando
997 3482 1193 3541 veniam,
1231 3489 1276 3526 et
1300 3483 1522 3540 apparebo
1546 3486 1651 3525 ante
1678 3482 1844 3526 faciem
1870 3482 1985 3527 Dei?

503 3629 549 3662 10]
568 3630 641 3657 Act.
662 3629 687 3662 1,
708 3630 748 3656 16.
