2423 3861
558 163 632 202 ΕΖ.
667 162 915 216 XXXVII,
949 164 1005 204 24
1039 188 1093 194 —
1127 166 1402 219 XXXVIII,
1439 166 1499 208 19.
1860 166 1940 208 951

120 330 373 373 emundabo
398 344 494 385 eos3
523 336 566 374 et
591 336 719 374 erunt
753 331 859 373 mihi
895 331 1100 388 populus,
1125 337 1168 375 01
1193 346 1273 387 ego
1299 347 1371 376 ero
1397 333 1459 376 eis
1491 333 1622 377 Deus.
1653 332 1688 359 Ψ·
1711 334 1768 376 Et
1795 348 1946 377 servus

120 401 242 431 meus
270 389 415 432 David
437 403 514 432 rex
536 403 665 446 super
686 403 780 445 eos,
800 395 843 433 01
861 396 1009 446 pastor
1036 405 1147 433 unus
1168 391 1250 434 erit
1273 391 1470 434 omnium
1499 406 1662 436 eorum.
1687 392 1740 435 In
1765 392 1946 448 judiciis

119 447 230 490 meis
258 447 572 504 ambulabunt,
600 453 644 491 et
674 448 884 491 mandata
912 463 1008 492 mea
1035 449 1306 504 custodient,
1334 456 1376 493 ct
1405 451 1576 494 facient
1600 465 1665 495 ea.
1684 450 1721 478 2⁵
1744 451 1947 494 1111111111-

119 506 278 548 tabunt
310 521 441 563 super
473 511 633 550 terram
671 522 803 562 quam
836 507 939 551 dedi
973 522 1098 550 servo
1130 523 1224 551 meo
1250 509 1413 564 Jacob,
1441 510 1486 552 in
1516 524 1602 565 qua
1633 509 1948 554 habitaverunt

124 571 273 620 patres
294 565 454 621 vestri3
479 571 523 609 et
544 566 812 609 habitabunt
833 581 1078 623 supeream
1105 567 1208 623 ipsi,
1231 573 1274 610 et
1296 567 1374 610 11111
1398 583 1568 623 corum,
1592 574 1636 612 et
1661 568 1740 612 filii
1758 568 1948 612 filiorum

118 638 289 679 eorum,
313 638 449 680 usque
478 625 524 667 in
554 624 896 681 sempiternum;
925 630 969 667 et
1000 625 1147 668 David
1173 640 1322 668 servus
1350 641 1470 669 meus
1501 628 1704 684 princeps
1728 642 1877 671 eorum
1902 628 1948 671 in

118 688 392 738 perpetuum.
419 682 456 709 ”²⁶
484 685 539 726 Et
564 683 809 740 percutiam
838 683 926 726 illis
957 683 1104 726 foedus
1136 684 1280 740 pacis3
1314 691 1493 741 pactum
1518 687 1836 743 sempiternum
1866 687 1949 730 erit

118 741 194 783 eis.
223 742 280 784 Et
308 741 510 785 fundabo
535 756 628 797 eos,
656 747 699 785 et
726 742 1059 798 multiplicabo,
1087 747 1132 785 et
1164 742 1278 785 dabo
1304 745 1703 788 sanctificationem
1725 747 1873 789 'meam
1904 745 1949 789 in

118 799 266 842 medio
295 814 445 844 eorum
469 801 515 843 in
543 806 817 857 perpetuum.
841 800 876 826 ‘²⁷
901 802 957 843 Et
983 800 1065 844 erit
1087 800 1422 845 tabernaculum
1446 818 1590 846 mcum
1621 804 1666 846 in
1692 805 1779 859 eis,
1808 810 1851 848 et
1876 818 1949 848 ero

118 857 181 900 eis
207 859 345 914 Deus,
371 863 415 902 et
439 859 522 915 ipsi
553 864 681 902 erunt
708 859 819 907 mihi
847 859 1048 916 populus.
1067 858 1104 886 2⁸
1123 861 1180 902 Et
1209 860 1350 903 scient
1379 867 1534 916 gentes
1560 863 1663 917 quia
1690 878 1770 919 ego
1798 864 1949 906 Domi·

119 931 200 959 nus
225 917 524 960 sanctificator
550 917 709 967 Israel,
737 932 838 960 cum
871 917 1009 960 fucrit
1039 918 1335 961 sanctificatio
1363 934 1458 962 mea
1485 920 1529 962 in
1559 921 1702 964 medio
1729 936 1879 965 corum
1904 923 1949 964 in

118 981 389 1032 perpetuum.

503 1050 528 1106 ξ
563 1050 612 1095 V.
643 1075 702 1082 --
726 1051 814 1093 Dei
833 1051 1063 1107 judicium
1098 1051 1288 1094 terribile
1318 1054 1362 1094 in
1394 1053 1563 1108 impios.

176 1169 282 1213 CAP.
309 1170 578 1213 XXXVIII.
597 1197 656 1202 —
681 1170 689 1195 ¹
713 1171 770 1213 Et
795 1172 943 1214 factus
970 1177 1036 1214 est
1060 1186 1202 1215 sermo
1227 1172 1406 1215 Domini
1428 1173 1484 1215 ad
1512 1188 1601 1228 me,
1626 1174 1800 1218 diceus:
1825 1174 1843 1200 ‘²
1861 1175 1948 1218 Fili

113 1228 320 1284 hominis,
347 1243 459 1285 pone
484 1229 650 1272 faciem
679 1234 799 1272 tuam
821 1236 974 1272 contra
997 1231 1108 1286 (frog,
1130 1235 1289 1274 terram
1316 1232 1495 1288 Magog,
1519 1233 1763 1290 principem
1790 1235 1948 1290 capitis

115 1288 297 1331 Mosoch
320 1294 363 1331 et
384 1288 582 1343 Thubal,
605 1294 649 1331 et
667 1288 911 1331 vaticinare
934 1289 987 1332 de
1013 1304 1076 1334 00.
1097 1290 1114 1316 3
1133 1291 1190 1332 Et
1215 1290 1335 1333 dices
1360 1290 1416 1333 ad
1440 1305 1539 1334 eum
1559 1308 1567 1335 z
1593 1292 1705 1335 Haec
1728 1293 1835 1335 dicit
1861 1294 1947 1336 Do-

115 1347 260 1389 minus
288 1348 434 1391 Deus:
465 1347 580 1390 Ecce
603 1362 684 1401 ego
711 1347 766 1390 ad
790 1352 853 1402 tc,
877 1349 996 1404 (frog,
1020 1348 1266 1405 principem
1299 1349 1458 1406 capitis
1484 1351 1666 1394 Mosoch
1692 1356 1735 1395 et
1757 1352 1946 1396 Thubal.

114 1405 130 1432 ⁴
150 1407 208 1449 Et
229 1405 531 1461 circumagam
557 1413 619 1462 te,
647 1412 690 1449 ct
716 1421 878 1463 ponam
904 1407 1083 1450 frenum
1107 1407 1153 1450 in
1179 1408 1374 1451 maxillis
1397 1408 1507 1463 tuis3
1536 1415 1580 1452 et
1602 1410 1788 1454 educam
1813 1417 1877 1466 te,
1904 1417 1948 1455 et

114 1479 290 1508 omnem
316 1465 559 1508 exercitum
585 1470 731 1520 tuum,
759 1479 891 1520 equos
914 1471 957 1508 et
982 1466 1152 1521 equites
1177 1467 1360 1510 vestitos
1391 1468 1537 1511 loricis
1564 1469 1810 1524 universos,
1836 1471 1946 1513 mul-

115 1523 350 1567 titudinem
374 1538 596 1578 magnam,
621 1524 795 1566 hastam
820 1530 864 1566 et
891 1524 1095 1581 clypeum
1121 1525 1427 1581 arripientium
1452 1532 1496 1569 01
1517 1527 1732 1582 gladium.
1752 1530 1769 1555 5
1789 1530 1946 1585 Persae,

112 1581 369 1638 AEtliiopeS‚
393 1588 435 1625 et
463 1581 627 1638 Libyes
658 1596 759 1625 cum
781 1582 863 1637 eis,
891 1596 1043 1626 omnes
1072 1584 1234 1626 scutati
1261 1590 1303 1627 et
1332 1584 1512 1640 galeati.
1540 1586 1562 1612 ὓ
1579 1587 1744 1630 Gomer
1773 1594 1816 1631 et
1852 1589 1946 1631 11111-

111 1655 238 1684 versa
271 1641 452 1696 agmina
486 1641 602 1696 ejus,
635 1641 790 1683 domus
817 1642 1090 1696 Thogorma,
1124 1641 1262 1685 latera
1292 1643 1534 1699 aquilonis,
1566 1649 1610 1687 et
1643 1650 1785 1689 totum
1816 1647 1948 1690 robur

111 1700 229 1756 ejus,
262 1699 501 1757 populique
534 1700 663 1742 multi
696 1706 855 1743 10011111.
882 1699 897 1725 ⁷
920 1701 1124 1756 Praepara
1152 1706 1194 1744 et
1228 1701 1395 1745 instrue
1428 1707 1491 1758 10,
1519 1708 1562 1746 01
1595 1719 1771 1748 0111110111
1799 1706 1943 1749 11111111-

111 1759 314 1802 tudinem
335 1763 459 1802 tuam
485 1773 582 1814 quae
606 1764 867 1802 coacervata
889 1765 955 1802 est
985 1760 1041 1802 ad
1068 1765 1130 1816 te,
1154 1765 1197 1803 et
1219 1766 1312 1803 esto
1333 1761 1395 1804 eis
1420 1761 1465 1804 in
1493 1770 1777 1820 praeceptum.
1804 1764 1821 1790 δ’
1840 1765 1946 1808 Post

110 1818 204 1861 dies
243 1818 404 1861 multos
439 1818 719 1873 visitaberis,
759 1818 803 1860 in
845 1818 1084 1862 novissimo
1125 1834 1340 1863 annorum
1377 1821 1528 1864 venies
1561 1822 1617 1865 ad
1650 1827 1813 1866 terram
1847 1838 1944 1880 (111εο

111 1891 286 1921 reversa
311 1883 377 1921 001
403 1892 428 1920 a
454 1877 619 1933 gladio,
639 1883 683 1920 et
702 1882 971 1933 congregata
993 1883 1059 1922 est
1081 1878 1134 1922 de
1158 1879 1330 1936 populis
1354 1880 1506 1923 multis
1524 1881 1580 1924 ad
1601 1888 1771 1926 montes
1792 1883 1943 1938 Israel,

111 1936 184 1992 (1111
210 1937 393 1980 fuerunt
418 1936 578 1980 deserti
602 1936 795 1993 jugiter:
827 1936 924 1979 haec
950 1937 1004 1980 de
1029 1938 1203 1995 populis
1233 1938 1393 1982 educta
1420 1944 1504 1995 est,
1532 1945 1574 1984 et
1602 1941 1871 1985 habitabunt
1899 1943 1945 1985 in

110 2009 162 2039 ea
196 1996 467 2040 confidenter
499 1996 707 2038 universi.
742 1995 759 2021 9
784 1996 1043 2040 Ascendens
1075 2002 1226 2040 autem
1260 1997 1384 2054 quasi
1418 2003 1658 2055 tempestas
1692 2001 1866 2057 venies,
1901 2007 1945 2045 et

110 2055 234 2111 quasi
265 2055 424 2110 nubes,
457 2060 504 2097 ut
529 2055 700 2111 operias
727 2060 890 2097 terram
916 2061 984 2111 tu,
1007 2061 1052 2098 et
1074 2056 1221 2099 omnia
1246 2057 1428 2112 agmina
1455 2063 1550 2114 tua,
1574 2065 1617 2102 01
1639 2060 1789 2117 populi
1817 2060 1943 2103 multi

109 2119 270 2158 tecum.

173 2173 206 2200 ¹⁰
224 2175 336 2218 Haec
358 2175 468 2218 dicit
492 2174 708 2217 Dominus
732 2175 850 2217 Deus
871 2190 880 2218 ε
904 2175 957 2217 Iu
984 2174 1055 2218 die
1080 2174 1179 2231 illa,
1204 2177 1446 2220 ascendent
1471 2190 1693 2221 sermones
1716 2192 1846 2236 super
1871 2195 1944 2223 cor

109 2238 257 2288 tuum,
281 2238 325 2276 et
347 2233 564 2289 cogitabis
587 2233 906 2289 cogitationem
929 2233 1192 2290 pessimam;
1216 2233 1248 2260 ¹¹
1265 2239 1308 2277 et
1330 2235 1449 2279 dices
1469 2252 1477 2278 :
1498 2236 1752 2279 Ascendam
1778 2238 1834 2281 ad
1857 2244 1941 2282 ter-

110 2306 204 2334 ram
225 2292 391 2348 absque
418 2306 566 2347 mur03
593 2292 771 2335 veniam
792 2292 849 2335 ad
868 2292 1143 2347 quiescentes
1161 2292 1503 2350 habitantesque
1525 2309 1700 2350 secure;
1725 2297 1770 2338 hi
1790 2311 1942 2342 omnes

111 2350 318 2394 habitant
343 2351 436 2394 sine
463 2365 607 2405 muro,
632 2356 780 2395 vectes
802 2355 845 2395 et
869 2356 1007 2409 portae
1033 2365 1121 2394 non
1142 2356 1245 2394 sunt
1267 2352 1352 2408 eis;
1380 2352 1415 2378 1'2
1433 2358 1479 2396 ut
1506 2353 1688 2410 diripias
1710 2355 1872 2413 spolia,
1899 2362 1942 2400 et

109 2409 296 2453 invadas
318 2410 536 2467 praedam,
564 2416 611 2453 ut
632 2409 802 2454 inferas
832 2424 1014 2453 manum
1039 2414 1163 2453 tuam
1193 2425 1323 2468 super
1347 2426 1419 2456 eos
1445 2413 1519 2468 qui
1549 2412 1709 2457 deserti
1735 2415 1939 2471 fuerant,

109 2474 154 2512 et
186 2474 339 2526 postea
372 2469 587 2524 restituti,
613 2474 657 2512 et
689 2484 819 2527 super
851 2469 1062 2526 populum
1097 2470 1170 2525 qui
1200 2476 1266 2513 est
1299 2477 1591 2527 congregatus
1624 2486 1679 2516 ex
1710 2474 1939 2532 gentibus,

109 2529 184 2584 qui
210 2528 432 2586 possidere
454 2528 588 2585 coepit
609 2533 653 2572 et
674 2539 768 2573 esse
785 2529 1010 2571 habitator
1031 2529 1231 2572 umbilici
1254 2535 1393 2575 terrae.
1418 2530 1451 2557 ¹³
1469 2531 1604 2586 Saba,
1628 2538 1672 2575 et
1696 2533 1873 2590 Dedan,
1897 2540 1941 2578 et

108 2587 407 2644 negotiatores
441 2587 642 2643 Tharsis,
685 2593 728 2631 et
762 2601 912 2631 omnes
949 2587 1095 2631 leones
1132 2588 1250 2644 ejus,
1285 2589 1434 2633 dicent
1467 2590 1548 2633 tibi
1579 2607 1587 2634 :
1621 2591 1850 2647 Numquid
1882 2593 1941 2637 ad

108 2646 323 2690 sumenda
345 2646 484 2704 spolia
512 2653 559 2689 tu
581 2646 739 2691 venis?
764 2648 878 2690 Ecce
904 2646 961 2690 ad
988 2647 1283 2704 diripiendam
1308 2649 1503 2705 praedam
1523 2651 1803 2706 congregasti
1828 2652 1939 2695 mul-

107 2705 347 2749 titudinem
381 2711 526 2761 tuam,
558 2711 605 2748 ut
638 2706 768 2749 tollas
797 2711 1031 2763 argentum
1064 2711 1108 2749 et
1136 2721 1312 2763 aurum,
1336 2712 1380 2750 et
1404 2708 1583 2751 auferas
1615 2709 1940 2766 supellectilem

106 2770 240 2821 atque
265 2765 574 2821 substantiam,
602 2771 646 2808 et
671 2764 852 2822 diripias
878 2765 1110 2808 manubias
1131 2765 1341 2809 infinitas.
1366 2766 1401 2793 14
1419 2767 1658 2823 Propterea
1681 2768 1936 2826 vaticinare,

106 2823 169 2867 fili
196 2824 410 2881 hominis,
434 2830 477 2868 et
499 2824 619 2868 dices
645 2824 702 2867 ad
728 2824 827 2880 Gog
849 2841 857 2868 ε
886 2825 999 2867 Haec
1025 2823 1135 2867 dicit
1165 2825 1380 2868 Dominus
1408 2827 1525 2869 Deus
1549 2843 1557 2870 :
1588 2827 1815 2884 Numquid
1848 2843 1937 2872 non

105 2883 152 2926 in
179 2883 250 2927 die
274 2883 374 2940 illo,
401 2899 501 2927 cum
526 2883 795 2927 habitaverit
820 2883 1007 2940 populus
1034 2897 1156 2927 meus
1179 2883 1319 2927 Israel
1344 2884 1628 2941 confidenter,
1654 2886 1798 2930 scies?
1826 2887 1862 2915 ¹⁵
1880 2890 1939 2932 Et

105 2943 256 2986 venies
279 2943 333 2987 de
358 2943 454 2987 1000
481 2951 556 2986 1110
576 2958 603 2985 a
625 2942 837 2986 lateribus
859 2942 1099 2999 aquilonis,
1122 2948 1190 2999 tu,
1211 2948 1254 2986 et
1279 2944 1429 3000 populi
1452 2944 1581 2987 multi
1604 2950 1764 3002 tecum,
1783 2961 1935 2992 ascen-

106 3015 224 3045 sores
241 3016 452 3058 equorum
471 3001 677 3056 universi,
697 3007 838 3045 coetus
861 3015 1062 3057 magnus,
1081 3007 1126 3044 et
1147 3003 1367 3046 exercitus
1385 3003 1635 3047 vehemens.
1657 3003 1692 3032 ¹⁶
1706 3006 1763 3048 Et
1784 3020 1936 3050 ascen-

106 3060 182 3104 des
207 3075 339 3118 super
355 3061 566 3119 populum
588 3076 735 3105 meum
762 3061 899 3104 Israel
926 3060 1049 3116 quasi
1074 3061 1234 3117 nubes,
1254 3066 1302 3104 u't
1323 3063 1493 3119 operias
1515 3068 1689 3108 terram.
1712 3064 1767 3107 In
1789 3066 1934 3110 novis-

106 3119 229 3164 simis
262 3120 418 3164 diebus
452 3121 556 3176 eris,
590 3125 634 3164 et
665 3120 887 3163 adducam
913 3125 956 3164 te
989 3134 1119 3177 super
1147 3120 1307 3164 terram
1338 3136 1514 3167 meam:
1540 3127 1588 3166 ut
1613 3122 1756 3167 sciant
1780 3130 1935 3180 gentes

105 3192 195 3233 me,
222 3194 323 3223 cum
349 3181 652 3224 sanctificatus
676 3180 802 3223 fuero
824 3179 869 3221 in
895 3184 938 3222 te
957 3179 1003 3221 in
1030 3179 1167 3222 oculis
1193 3194 1362 3237 eorum,
1386 3196 1411 3224 0
1436 3182 1559 3239 Gog!

165 3238 199 3265 ¹⁷
220 3239 333 3283 Haee
359 3239 470 3283 dicit
494 3239 711 3283 Dominus
738 3240 887 3282 Deus:
916 3238 983 3281 Tu
1017 3252 1120 3295 ergo
1149 3238 1223 3282 ille
1256 3253 1323 3295 es,
1354 3240 1407 3284 de
1435 3255 1520 3297 quo
1553 3241 1724 3286 locutus
1757 3257 1855 3286 sum
1886 3243 1934 3287 in

105 3296 261 3342 diebus
301 3299 518 3356 antiquis,
562 3299 606 3341 in
640 3313 774 3341 manu
809 3312 1035 3341 servorum
1072 3312 1268 3342 meorum
1308 3300 1622 3357 prophetarum
1661 3301 1824 3359 Israel,
1859 3303 1932 3359 qui

105 3358 500 3416 prophetaverunt,
526 3358 570 3401 in
593 3357 748 3402 diebus
775 3356 950 3400 illorum
975 3362 1243 3414 temporum,
1266 3364 1315 3401 ut
1339 3359 1604 3404 adducerem
1625 3365 1668 3404 te
1689 3375 1820 3418 super
1843 3375 1930 3407 eos.

106 3414 142 3442 ¹⁸
161 3417 218 3459 Et
242 3417 326 3460 erit
345 3418 392 3461 in
416 3418 489 3461 die
509 3418 608 3473 illa,
634 3418 679 3460 in
706 3417 777 3460 die
799 3416 1015 3459 adventus
1042 3417 1142 3474 Gog
1164 3431 1294 3474 super
1318 3424 1479 3462 terram
1505 3419 1664 3475 Israel,
1690 3420 1753 3463 ait
1778 3421 1931 3465 Domi-

105 3487 187 3518 nus
210 3477 352 3532 Deus,
373 3477 585 3520 ascendet
609 3475 859 3532 indignatio
891 3489 988 3518 mea
1011 3475 1057 3518 in
1082 3476 1231 3520 furore
1262 3491 1372 3521 meo.
1396 3477 1432 3503 ¹⁰
1451 3478 1508 3521 Et
1533 3478 1578 3521 111
1608 3478 1699 3522 zelo
1734 3493 1850 3537 meo,
1884 3480 1930 3525 in

106 3619 154 3652 24]
173 3618 217 3647 1³.
235 3619 305 3654 XL,
319 3623 362 3648 ll.
376 3622 445 3649 ι101.
465 3622 596 3655 XXIII,
613 3626 639 3650 5.
658 3623 735 3654 51111.
757 3621 911 3655 XXXIV,
929 3623 973 3648 23.
993 3621 1072 3649 Dan.
1094 3620 1152 3657 IX,
1169 3623 1212 3650 24.
1231 3622 1326 3650 Joan.
1350 3623 1371 3655 I.
1386 3623 1479 3650 41).-
1492 3623 1539 3656 26]
1560 3623 1611 3651 Ps.
1629 3617 1714 3660 CIX,
1727 3626 1743 3652 4
1760 3626 1796 3654 et
1813 3625 1929 3657 CXVI.

103 3665 130 3692 2.
148 3663 245 3691 Joau.
263 3663 344 3699 XII,
360 3667 406 3693 34.
424 3679 459 3684 —-
476 3666 505 3699 2]
527 3666 590 3694 qu.
611 3666 770 3694 XXXIX.
790 3669 813 3693 1.
836 3667 936 3698 apoc.
952 3661 1030 3696 XX,
1049 3664 1074 3690 7.

1666 3728 1716 3771 61

2026 1183 2096 1217 Gog
2107 1206 2113 1218 ‚
2133 1183 2240 1218 copim

2069 1227 2202 1257 sissnua

2052 1271 2218 1301 instructo

2051 1316 2221 1350 exercitu,

2060 2200 2200 2229 molitur

2017 2243 2237 2273 vastationem

2008 2288 2115 2317 Terrae
2125 2292 2248 2318 sancta:

2039 2330 2217 2360 restitutae.

2038 3257 2108 3292 Ipsi
2126 3265 2204 3292 11110-

1999 3300 2125 3330 dicitur
2148 3302 2235 3337 igno-

2038 3345 2202 3376 miniosus

2031 3388 2202 3421 interitus.
