2423 3861
401 96 485 137 911
1097 89 1173 129 ΕΖ.
1207 87 1368 141 XXII,
1403 88 1537 129 4-31.

401 270 444 306 et
471 277 567 318 quae
594 263 703 303 iecit
733 261 850 300 idola
874 266 1026 298 contra
1055 257 1361 310 semetipsam,
1390 260 1437 296 ut
1466 255 1748 310 pollueretur.
1775 258 1791 280 ³¹
1815 258 1869 296 In
1894 256 2111 310 sanguine
2136 260 2223 310 tuo,

401 322 474 377 qui
500 337 523 363 a
550 327 593 363 te
620 319 785 362 effusus
812 321 896 370 est,
924 313 1175 370 deliquisti3
1203 318 1247 356 et
1278 313 1325 355 in
1351 313 1479 355 idolis
1505 313 1612 368 tuis,
1641 328 1739 368 quae
1766 313 1939 368 fecisti,
1965 314 2136 369 polluta
2159 328 2223 367 es,

401 388 442 423 et
469 378 819 436 appropintpiare
844 373 995 417 fecisti
1023 374 1115 416 dies
1140 378 1251 428 tuos,
1276 377 1319 415 ct
1341 372 1571 415 adduxisti
1596 378 1772 428 tempus
1797 386 2014 414 annorum
2035 378 2230 416 tuorum:

400 446 627 495 propterea
668 434 770 478 dedi
810 439 853 477 te
891 433 1174 489 opprobrium
1208 431 1440 487 gentibus,
1479 436 1523 474 et.
1554 431 1803 475 irrisionem
1840 430 2058 474 universis
2093 432 2237 475 terris.

400 499 416 525 5
431 498 534 547 Quae
549 495 678 549 juxta
697 498 813 548 sunt,
832 498 876 536 et
898 507 994 548 quae
1013 491 1165 549 procul
1192 505 1218 533 a
1242 496 1299 547 te,
1323 489 1665 547 triumphabunt
1687 490 1740 533 de
1762 496 1817 546 te,
1845 489 2037 546 sordida,
2060 491 2236 547 nobilis,

398 554 578 612 grandis
604 553 798 596 interitu.

459 614 476 640 ⁶
502 615 617 656 Ecce
643 612 863 670 principes
889 611 1029 654 Israel
1054 610 1219 665 singuli
1243 611 1290 653 in
1316 610 1497 654 brachio
1523 624 1602 652 suo
1628 610 1811 652 fuerunt
1835 609 1881 651 111
1912 614 1977 665 16,
2004 610 2061 653 ad
2087 610 2239 653 effun-

397 673 591 716 dendum
621 671 897 727 sanguinem.
930 670 945 696 ⁷
973 671 1152 713 Patrem
1187 675 1230 713 et
1262 674 1450 712 matrem
1485 668 1767 712 contumeliis
1800 668 2050 712 affecerunt
2083 669 2131 712 in
2164 675 2236 724 te3

396 732 616 775 advenam
644 730 904 774 calumniati
929 734 1032 773 sunt
1061 729 1105 771 in
1136 729 1284 773 medio
1306 729 1396 783 tui3
1424 729 1647 785 pupillum
1673 733 1716 771 et
1740 728 1924 771 viduam
1947 728 2238 772 contristave-

395 797 499 834 runt
519 791 637 848 apud
663 797 720 834 te.
744 790 760 817 8
777 789 1042 834 Sanctuaria
1071 803 1170 831 mea
1195 788 1422 845 sprevisti,
1451 793 1494 831 et
1524 788 1712 831 sabbata
1737 802 1835 831 mea
1861 787 2073 845 polluisti.
2104 787 2122 814 9
2140 788 2239 831 Viri

397 851 666 894 detractores
699 850 882 893 fuerunt
914 849 959 891 in
992 854 1036 892 te
1065 848 1122 891 ad
1151 848 1474 891 effundendum
1503 847 1793 903 sanguinem,
1828 853 1872 891 et
1904 862 2034 904 super
2066 852 2238 891 montes

397 910 682 954 comederunt
707 910 753 952 in
775 914 841 963 te3
870 908 1014 951 scelus
1041 908 1209 964 operati
1235 912 1336 950 sunt
1360 907 1404 949 in
1428 907 1574 950 medio
1597 907 1676 949 tui.
1698 907 1733 933 '¹⁰
1749 907 2078 951 Verecundiora
2100 906 2239 964 patris

397 971 784 1027 discooperuerunt
819 968 866 1010 in
904 974 973 1023 te;
1007 967 1341 1010 immunditiam
1377 971 1664 1010 menstruatae
1698 966 2048 1010 humiliaverunt
2079 966 2126 1009 in
2159 971 2236 1021 te;

396 1029 494 1072 1161
519 1028 819 1085 unusquisque
843 1027 889 1070 in
911 1041 1094 1070 uxorem
1122 1026 1314 1084 proximi
1344 1027 1410 1069 sui
1442 1031 1647 1083 operatus
1673 1031 1740 1069 est
1760 1025 2165 1082 abominationem,
2194 1032 2237 1069 et

395 1104 519 1132 socer
544 1103 702 1131 nurum
727 1102 853 1131 suam
875 1087 1035 1143 polluit
1060 1086 1258 1141 nefarie3
1287 1086 1428 1129 frater
1452 1100 1644 1129 sororem
1667 1100 1806 1141 suam,
1833 1085 1973 1128 filiam
1994 1086 2132 1142 patris
2154 1085 2237 1140 sui,

397 1148 614 1205 oppressit
642 1148 689 1190 111
722 1152 779 1190 16.
807 1146 843 1172 19
869 1147 1055 1190 Munera
1086 1151 1355 1202 acceperunt
1387 1146 1505 1202 apud
1538 1151 1582 1189 te
1611 1145 1668 1189 ad
1702 1145 2026 1189 effundendum
2059 1145 2239 1201 sangui-

395 1223 523 1263 nem,
547 1222 725 1250 usuram
753 1212 797 1250 et
822 1206 1280 1263 superabundantiam
1305 1205 1541 1262 accepisti,
1569 1210 1612 1249 et
1636 1219 1769 1248 avare
1792 1204 2015 1261 proximos
2041 1209 2139 1248 tuos
2166 1219 2237 1248 ca-

395 1267 710 1322 lumniabaris,
737 1266 912 1322 meique
938 1266 1078 1309 oblita
1100 1280 1166 1321 es,
1190 1265 1253 1308 ait
1280 1265 1498 1308 Dominus
1525 1267 1658 1309 Deus.

456 1326 492 1352 13
511 1328 625 1370 Ecce
657 1326 871 1383 complosi
897 1340 1053 1368 manus
1080 1340 1202 1369 meas
1231 1340 1363 1382 super
1394 1325 1632 1368 avaritiam
1662 1324 1807 1380 tuam,
1835 1339 1969 1380 quam
1994 1324 2167 1380 fecisti,
2194 1330 2237 1368 et

396 1399 527 1443 super
552 1386 816 1442 sanguinem
842 1385 914 1441 qui
942 1385 1110 1428 effusus
1135 1390 1201 1428 est
1225 1385 1272 1427 in
1301 1385 1446 1428 medio
1472 1385 1551 1428 tui.
1576 1384 1610 1411 11
1638 1383 1866 1439 Numquid
1893 1383 2132 1427 sustinebit
2165 1398 2238 1427 cor

396 1452 542 1502 tuum,
565 1455 642 1488 aut
667 1445 974 1502 praevalebunt
1001 1460 1157 1488 manus
1183 1450 1293 1499 tuae,
1316 1445 1363 1487 in
1386 1445 1542 1488 diebus
1568 1459 1675 1501 quos
1699 1458 1781 1500 ego
1806 1443 1977 1486 faciam
2002 1443 2118 1487 tibi?
2141 1445 2237 1500 Ego

399 1506 616 1549 Dominus
641 1506 814 1548 locutus
839 1519 957 1560 sum,
981 1511 1024 1547 et
1049 1505 1233 1548 faciam.
1262 1505 1297 1531 15
1316 1506 1373 1547 Ε1
1396 1504 1651 1561 dispergam
1673 1509 1716 1547 te
1741 1503 1788 1545 in
1814 1503 2039 1559 nationes,
2066 1508 2110 1546 et
2132 1518 2236 1546 ven-

396 1565 534 1608 tilabo
557 1571 601 1608 te
624 1565 670 1607 in
696 1571 853 1620 terras,
878 1570 921 1607 et
947 1564 1132 1607 deficere
1157 1564 1327 1606 faciam
1352 1563 1687 1607 immunditiam
1716 1568 1841 1613 tuam
1863 1577 1889 1605 a
1910 1567 1968 1605 te.
1996 1561 2032 1589 ¹⁶
2051 1563 2109 1605 Et
2138 1577 2235 1620 pos-

396 1624 550 1667 sidebo
572 1630 615 1667 te
639 1624 686 1667 in
709 1628 947 1680 conspectu
970 1623 1195 1679 gentium3
1221 1628 1265 1666 et
1286 1623 1398 1666 scies
1420 1623 1523 1679 quia
1545 1637 1625 1679 ego
1655 1622 1887 1666 Dominus.

151 1705 276 1733 Domus
457 1683 490 1710 ¹7
510 1685 568 1726 Et
589 1683 763 1726 factum
789 1689 855 1726 est
880 1682 1065 1725 verbum
1088 1683 1267 1726 Domini
1290 1683 1346 1726 ad
1373 1697 1465 1737 me,
1493 1682 1644 1726 dicens
1664 1699 1672 1726 ε
1702 1681 1737 1709 18
1756 1682 1843 1725 Fili
1867 1682 2081 1739 hominis,
2110 1697 2235 1726 versa

94 1749 334 1798 1ξΐ381,1·θι·53
397 1749 463 1787 est
485 1743 595 1785 mihi
619 1743 772 1786 domus
798 1742 937 1784 Israel
958 1742 1005 1784 in
1031 1742 1244 1797 scoriam,
1269 1757 1420 1785 omnes
1442 1742 1517 1785 isti
1544 1757 1624 1797 aes,
1653 1747 1696 1785 et
1721 1748 1953 1796 stannum,
1983 1747 2026 1785 et.
2051 1743 2233 1796 ferrum,

106 1800 322 1871 {gnsjffll'ssffij
398 1808 440 1846 et
476 1802 709 1859 plumbum
741 1802 787 1844 in
821 1801 965 1845 medio
999 1802 1221 1857 fornacis3
1255 1802 1396 1845 scoria
1429 1802 1602 1857 argenti
1635 1802 1748 1844 facti
1779 1807 1893 1845 sunt.
1929 1801 1965 1827 ¹9
1996 1802 2234 1858 Propterea

163 1880 266 1910 bitur.
292 1856 298 1865 ⁸
397 1862 493 1905 haec
519 1862 627 1905 dicit
651 1861 868 1904 Dominus
892 1862 1037 1905 Deus:
1062 1862 1126 1904 Eo
1150 1862 1265 1917 quod
1291 1861 1405 1904 versi
1429 1861 1532 1904 estis
1555 1876 1707 1904 omnes
1732 1861 1779 1902 in
1805 1861 2014 1917 scoriam,
2038 1866 2235 1918 propter-

397 1936 447 1964 ea
481 1935 583 1964 ecce
617 1935 697 1977 ego
736 1920 1016 1976 congregabo
1049 1935 1127 1963 vos
1160 1921 1206 1962 in
1241 1920 1387 1963 medio
1417 1921 1688 1975 Jerusalem,
1724 1919 1761 1946 90
1786 1920 2132 1976 congregatione
2169 1935 2235 1962 ar-

397 1981 542 2037 genti,
566 1986 607 2023 et
636 1980 754 2036 aeris,
778 1986 821 2022 et
850 1980 1019 2035 stanni,
1047 1985 1090 2023 et
1114 1980 1243 2035 ferri,
1274 1984 1319 2023 et
1343 1979 1536 2036 plumbi,
1563 1980 1610 2021 in
1640 1979 1786 2022 medio
1812 1979 2031 2036 fornacis,
2059 1985 2108 2022 ut
2138 1994 2235 2022 suc-

398 2040 585 2083 cendam
605 2039 651 2081 in
675 2054 723 2082 ea
749 2039 900 2095 ignem
925 2039 981 2081 ad
1009 2038 1305 2082 conflandum.
1331 2039 1401 2083 Sic
1427 2039 1708 2095 congregabo
1732 2039 1780 2081 in
1804 2039 1954 2082 furore
1977 2053 2096 2095 meo,
2121 2045 2164 2082 et
2187 2039 2235 2082 in

396 2100 461 2142 ira
486 2114 604 2154 mea,
626 2103 667 2141 et
691 2099 987 2154 requiescam,
1015 2103 1059 2141 et
1081 2098 1282 2142 conflabo
1305 2113 1396 2144 VOS.
1421 2097 1455 2124 91
1476 2099 1534 2141 Ε1
1561 2099 1843 2155 congregabo
1861 2112 1959 2153 vos,
1984 2103 2028 2141 et
2053 2113 2236 2142 succen-

397 2159 500 2202 dam
519 2172 596 2202 vos
620 2158 666 2200 in
692 2157 795 2214 igne
821 2157 983 2201 furoris
1008 2158 1116 2214 mei,
1144 2163 1187 2201 et
1213 2158 1519 2201 conflabimini
1544 2158 1590 2201 in
1615 2158 1762 2201 medio
1789 2157 1901 2214 ejus.
1929 2156 1966 2183 99
1982 2159 2044 2202 Ut
2070 2158 2233 2202 confla-

395 2223 466 2261 tur
487 2222 723 2274 argentum
746 2218 793 2260 in
820 2217 965 2260 medio
990 2217 1209 2273 fornacis,
1240 2218 1303 2260 sic
1329 2218 1450 2261 eritis
1475 2217 1522 2260 in
1551 2218 1698 2261 medio
1725 2217 1821 2273 ejus
1842 2235 1851 2273 3
1880 2222 1923 2261 et
1948 2217 2098 2261 scietis
2132 2217 2235 2274 quia

396 2293 477 2334 ego
504 2277 742 2333 Dominus,
770 2291 870 2320 cum
901 2277 1137 2320 effuderim
1162 2276 1521 2333 indignationem
1547 2292 1694 2321 meam
1720 2291 1850 2333 super
1874 2291 1964 2321 vos.

104 2362 234 2392 classes
252 2371 317 2392 om-
455 2337 492 2363 93
510 2338 568 2380 Ε1
593 2338 767 2379 factum
800 2342 866 2380 est
891 2337 1078 2380 verbum
1107 2336 1289 2380 Domini
1318 2337 1375 2380 ad
1401 2352 1492 2393 me,
1527 2337 1679 2380 dicens
1705 2353 1713 2380 ;
1740 2336 1776 2363 94
1796 2336 1884 2379 Fili
1913 2337 2128 2393 hominis,
2163 2337 2236 2380 dic

107 2414 166 2435 nes
198 2407 313 2456 popuii
396 2396 466 2441 ei:
498 2398 564 2440 Tu
598 2411 643 2439 es
673 2402 786 2440 terra
817 2396 1072 2452 immunda,
1099 2401 1142 2439 et
1170 2411 1259 2439 non
1285 2397 1511 2454 compluta
1538 2396 1586 2439 in
1617 2396 1687 2440 die
1716 2396 1893 2439 furoris.
1917 2395 1954 2422 95
1973 2396 2234 2452 Oonjuratio

137 2452 283 2480 nefariae.
396 2457 711 2514 prophetarum
740 2456 784 2498 in
811 2456 956 2499 medio
980 2455 1078 2512 ejus
1101 2472 1109 2500 :
1132 2456 1247 2498 sicut
1273 2456 1340 2499 leo
1366 2456 1566 2512 rugiens,
1594 2456 1858 2512 rapiensque
1891 2455 2111 2512 praedam,
2139 2455 2234 2498 ani-

396 2531 490 2559 mas
520 2516 868 2571 devoraverunt,
896 2530 999 2572 opes
1030 2521 1073 2558 et
1097 2515 1291 2572 pretium
1321 2520 1613 2573 acceperunt3
1641 2515 1798 2558 viduas
1833 2515 1928 2571 ejus
1962 2514 2234 2572 multiplica-

396 2581 555 2619 verunt
579 2576 627 2618 in
647 2575 794 2619 medio
819 2575 952 2620 illius.
978 2574 1015 2601 ‘2⁰
1033 2575 1291 2618 Sacerdotes
1318 2575 1417 2631 ejus
1443 2579 1806 2631 contempserunt
1826 2574 1974 2630 legem
1996 2589 2163 2630 meam,
2191 2579 2234 2617 et

395 2636 649 2692 polluerunt
681 2634 933 2678 sanctuaria
967 2649 1092 2689 mea,
1127 2634 1244 2677 inter
1277 2640 1482 2678 sanctum
1516 2640 1560 2678 et
1588 2634 1829 2691 profanum
1860 2648 1948 2676 non
1981 2634 2234 2677 habuerunt

396 2695 669 2750 distantiam,
690 2700 733 2738 et
752 2694 868 2737 inter
885 2694 1105 2751 pollutum
1126 2698 1171 2737 et
1193 2694 1408 2737 mundum
1433 2708 1522 2737 non
1546 2694 1888 2748 intellexerunt3
1913 2699 1957 2737 et
1982 2708 2008 2736 a
2033 2693 2232 2749 sabbatis

395 2755 505 2798 meis
530 2759 786 2797 averterunt
808 2754 957 2797 oculos
982 2768 1096 2810 suos,
1118 2758 1163 2797 et
1185 2754 1505 2809 coinquinabar
1525 2753 1572 2796 in
1595 2753 1741 2797 medio
1764 2767 1928 2796 eorum.
1948 2751 1983 2778 97
2003 2752 2231 2810 Principes

396 2813 492 2870 ejus
522 2813 567 2856 in
598 2813 743 2856 medio
773 2813 913 2869 illius,
941 2813 1068 2869 quasi
1093 2813 1186 2869 lupi
1219 2813 1442 2871 rapientes
1468 2813 1668 2870 praedam
1693 2812 1750 2855 ad
1776 2811 2100 2855 effundendum
2133 2826 2232 2854 san-

394 2873 595 2929 guinem,
633 2879 677 2916 et
709 2873 765 2915 ad
802 2872 1050 2929 perdendas
1083 2872 1279 2928 animas,
1315 2878 1359 2916 et
1391 2887 1525 2916 avare
1558 2873 1614 2916 ad
1651 2871 1864 2915 sectanda
1897 2871 2033 2914 lucra.
2068 2869 2104 2897 98
2129 2871 2231 2915 Pro-

395 2933 540 2988 phetae
566 2937 717 2976 autem
744 2932 841 2989 ejus
866 2932 1085 2976 liniebant
1111 2947 1183 2976 eos
1212 2933 1379 2989 absque
1401 2937 1773 2989 temperamento,
1797 2930 2002 2973 videntes
2024 2945 2161 2987 vana,
2189 2936 2232 2974 et

396 2991 647 3035 divinantes
669 2991 732 3035 eis
755 2991 1058 3047 mendacium,
1084 2992 1310 3037 dicentes:
1335 2993 1448 3035 Haec
1472 2991 1582 3035 dicit
1607 2990 1823 3034 Dominus
1850 2990 1992 3045 Deus,
2017 3004 2118 3032 cum
2145 2991 2232 3033 Do-

396 3050 541 3093 minus
574 3065 662 3094 non
694 3051 751 3094 sit
784 3051 971 3096 locutus.
1007 3050 1043 3077 99
1070 3052 1228 3109 Populi
1262 3057 1389 3095 terrae
1428 3050 1816 3094 calumniabantur
1854 3049 2146 3106 calumniam,
2189 3055 2232 3092 et

394 3109 629 3166 rapiebant
651 3110 891 3165 violenter3
919 3126 1111 3168 egenum
1137 3116 1181 3155 et
1204 3126 1445 3168 pauperem
1469 3109 1748 3166 affligebant,
1772 3113 1817 3153 et
1841 3108 2064 3152 advenam
2087 3109 2230 3166 oppri-

395 3169 577 3212 mebant
599 3169 822 3212 calumnia
847 3171 1013 3226 absque
1042 3171 1223 3227 judicio.
1247 3170 1284 3198 3⁰
1301 3171 1359 3214 Et
1385 3170 1570 3227 quaesivi
1597 3169 1651 3212 de
1677 3168 1740 3212 eis
1765 3168 1912 3211 virum
1938 3168 2013 3225 qui
2039 3168 2231 3225 interpo-

395 3234 519 3272 neret
559 3242 732 3285 sepem,
772 3234 815 3271 et
851 3235 989 3273 staret-
1030 3231 1255 3287 oppositus
1293 3235 1445 3274 contra
1484 3244 1554 3273 me
1590 3242 1668 3286 pro
1701 3232 1836 3284 terra,
1875 3243 1930 3272 ne
1969 3227 2232 3285 dissiparem

395 3303 518 3343 eam3
547 3293 591 3331 et
618 3302 705 3331 non
734 3287 897 3331 inveni.
922 3289 955 3315 3¹
977 3291 1033 3332 Et
1060 3290 1199 3333 effudi
1226 3305 1356 3347 super
1381 3304 1453 3334 eos
1478 3288 1835 3344 indignationem
1862 3302 2028 3342 meam,
2053 3288 2100 3330 in
2125 3287 2231 3344 igne

395 3347 472 3390 irae
498 3362 608 3391 meae
639 3347 891 3403 consumpsi
914 3362 1010 3403 eos3
1040 3349 1158 3391 viam
1185 3363 1333 3392 eorum
1357 3349 1403 3392 in
1429 3352 1562 3404 caput
1587 3361 1738 3390 eorum
1763 3346 1959 3403 reddidi,
1986 3346 2050 3390 ait
2077 3346 2231 3392 Domi-

396 3421 476 3449 nus
503 3408 636 3451 Deus.

400 3613 529 3644 113311.
551 3615 586 3649 V,
605 3617 629 3641 τ.
648 3630 682 3634 —
699 3616 746 3649 27]
766 3614 865 3643 Mic-h.
886 3616 950 3651 111,
969 3617 1012 3643 11.
1035 3615 1132 3648 soph.
1152 3616 1216 3649 ΙΙΙ,
1233 3618 1258 3643 3.
