2456 3861
622 148 738 189 om.
774 147 972 201 XLVII,
1009 147 1066 190 29
1090 173 1149 178 —
1180 147 1404 203 XLVIII,
1440 149 1508 190 22.
1924 153 1978 194 49

586 343 610 400 ξ
647 344 734 387 ΙΙΙ.
761 368 820 375 -
858 343 1031 387 Ulcimae
1063 345 1357 388 ordinationes
1388 345 1544 388 Jacob.

208 456 245 483 ‘²⁹
270 457 466 512 Cumque
503 457 856 514 appropinquare
894 463 1092 502 cerneret
1129 458 1246 502 diem
1283 459 1437 502 mortis
1474 474 1586 515 suae,
1625 460 1803 503 vocavit
1840 461 1978 504 filium

149 530 277 560 suum
295 516 322 558 J
328 516 483 572 oseph,
504 521 548 559 et
569 516 684 560 dixit
708 517 765 559 ad
790 531 890 559 eum
913 533 921 560 ε
952 517 994 561 Si
1022 517 1170 560 inveni
1197 518 1388 573 gratiam
1413 517 1457 560 in
1484 524 1723 575 conspectu
1749 523 1845 574 tuo,
1866 533 1978 575 pone

149 588 330 617 manum
348 580 471 617 tuam
489 574 568 617 sub
587 575 756 618 femore
776 589 873 618 meo
890 593 898 629 ;
927 581 972 618 et
989 575 1130 618 facies
1156 576 1265 618 mihi
1291 576 1637 620 misericordiam
1659 582 1704 620 et
1729 578 1977 633 veritatem,

148 639 196 676 ut
222 647 309 676 non
338 633 527 689 sepelias
560 648 629 676 me
654 633 701 675 in
730 634 959 689 AEgypto;
996 633 1033 660 3⁰
1056 633 1132 676 sed
1167 634 1382 678 dormiam
1416 649 1515 678 cum
1548 636 1747 692 patribus
1774 637 1904 693 meis,
1936 643 1980 680 et

148 692 326 735 auferas
353 706 422 734 me
458 691 512 734 de
537 697 654 734 terra
679 692 782 746 hac,
815 691 1064 747 condasque
1097 692 1143 734 in
1176 693 1376 748 sepulcro
1409 694 1630 750 majorum
1660 710 1870 739 meorum.
1899 695 1978 740 Cui

147 750 375 806 respondit
397 750 566 806 Joseph
589 765 598 792 ε
626 750 721 805 Ego
747 749 914 792 faciam
937 749 1052 806 quod
1070 750 1254 806 jussisti.
1283 751 1315 777 3¹
1338 752 1396 794 Et
1420 752 1496 795 ille
1520 771 1529 797 :
1557 754 1583 796 J
1590 768 1667 796 ura
1685 768 1800 810 ergo,
1822 754 1977 811 inquit,

148 809 270 852 mihi.
294 809 386 859 Quo
409 810 609 865 jurante,
635 808 839 851 adoravit
865 809 1004 852 Israel
1030 809 1195 865 Deum,
1223 823 1458 853 conversus
1484 812 1539 854 ad
1566 812 1718 855 lectuli
1750 819 1895 870 caput.

207 868 313 911 GAP.
352 867 571 910 XLVIII.
601 893 660 899 —
696 866 709 892 ¹
739 867 823 910 His
858 867 923 910 ita
960 867 1216 923 transactis,
1256 869 1510 912 nuntiatum
1551 875 1616 913 est
1657 872 1825 927 Joseph
1864 874 1978 928 quod

148 931 383 984 aegrotaret
408 930 535 982 pater
559 940 661 969 suus
683 943 691 981 ;
724 926 818 982 qui,
845 926 1084 982 assumptis
1110 926 1279 969 duobus
1304 927 1406 970 filiis
1441 928 1646 972 Manasse
1672 934 1716 972 et
1743 930 1975 986 Ephraim,

147 985 208 1028 ire
239 984 444 1042 perrexit.
478 983 496 1010 2
522 984 787 1041 Dictumque
818 990 884 1028 est
909 985 1003 1028 seni
1031 1001 1039 1029 :
1076 986 1192 1028 Ecce
1218 985 1333 1028 filius
1362 990 1462 1029 tuus
1487 987 1655 1044 Joseph
1680 988 1804 1031 venit
1837 990 1892 1032 ad
1920 997 1975 1035 te.

147 1044 227 1095 Qui
258 1043 534 1087 confortatus
563 1043 679 1087 sedit
706 1043 753 1086 in
779 1043 961 1100 lectulo,
993 1044 1010 1070 3
1035 1049 1079 1087 et
1112 1043 1309 1100 ingresso
1334 1045 1391 1088 ad
1416 1059 1462 1088 se
1495 1045 1560 1088 ait
1590 1062 1598 1089 :
1635 1047 1755 1090 Deus
1781 1049 1977 1105 omnipo-

146 1107 242 1146 tens
278 1102 484 1159 apparuit
519 1102 628 1145 mihi
662 1102 710 1145 in
747 1103 889 1158 Luza,
927 1117 1025 1159 quae
1063 1107 1130 1146 est
1163 1103 1208 1145 in
1243 1108 1359 1146 terra
1392 1104 1627 1161 Chanaan,
1662 1105 1977 1163 benedixitque

146 1161 268 1205 mihi.
303 1162 320 1188 4
346 1162 403 1204 Et
427 1161 492 1204 ait
522 1177 530 1205 :
566 1162 662 1218 Ego
695 1166 738 1205 te
764 1162 937 1218 augebo
970 1166 1014 1205 et
1046 1161 1375 1219 multiplicabo,
1403 1168 1447 1206 et
1479 1164 1647 1207 faciam
1677 1169 1720 1207 te
1754 1165 1799 1207 in
1826 1166 1978 1209 turbas

144 1220 433 1278 populorum,
462 1220 662 1276 daboque
695 1220 778 1263 tibi
803 1226 966 1264 terram
990 1221 1126 1276 hanc,
1154 1227 1198 1264 et
1227 1221 1385 1264 semini
1410 1226 1486 1265 tuo
1519 1228 1618 1279 post
1642 1228 1707 1276 te,
1738 1223 1783 1266 in
1809 1239 1977 1281 posses-

144 1279 314 1323 sionem
350 1279 680 1336 sempiternam.
718 1280 735 1306 5
761 1280 859 1323 Duo
895 1294 998 1336 ergo
1036 1279 1115 1322 filii
1152 1279 1236 1336 tui,
1276 1280 1349 1336 qui
1388 1281 1482 1323 nati
1519 1287 1621 1325 sunt
1661 1281 1745 1324 tibi
1782 1283 1829 1326 in
1863 1289 1979 1327 terra

144 1338 334 1395 AEgypti
359 1343 599 1395 antequam
621 1338 706 1381 huc
731 1339 930 1382 venirem
952 1339 1008 1381 ad
1034 1343 1098 1394 te,
1119 1339 1205 1382 mei
1232 1344 1361 1382 erunt
1384 1357 1392 1384 :
1420 1340 1633 1396 Ephraim
1660 1346 1704 1384 et
1727 1342 1976 1400 Manasses,

144 1397 258 1441 sicut
296 1397 452 1441 Ruben
488 1402 532 1440 et
570 1397 745 1441 Simeon
778 1397 1101 1454 reputabuntur
1133 1398 1256 1440 mihi.
1295 1398 1312 1424 6
1339 1398 1546 1454 Reliquos
1579 1405 1728 1443 autem
1762 1415 1869 1456 quos
1903 1417 1977 1458 ge-

144 1457 288 1500 nueris
312 1462 412 1513 post
436 1470 530 1512 eos,
553 1456 618 1499 tui
644 1461 790 1512 erunt,
817 1461 861 1500 et
886 1456 1064 1500 nomine
1089 1457 1281 1499 fratrum
1307 1471 1483 1500 suorum
1507 1458 1784 1502 vocabuntur
1810 1460 1855 1502 in
1880 1476 1978 1517 pos-

143 1515 410 1559 sessionibus
435 1514 538 1558 suis.
562 1515 576 1541 ⁷
604 1515 715 1558 Mihi
737 1515 876 1571 enim,
896 1515 1071 1571 quando
1096 1515 1333 1559 veniebam
1358 1516 1412 1558 de
1436 1517 1780 1575 Mesopotamia,
1805 1525 1978 1563 mortua

145 1581 211 1618 est
238 1574 404 1617 Rachel
429 1574 476 1616 in
502 1579 619 1617 terra
646 1574 860 1617 Chanaan
884 1574 931 1616 in
953 1574 1049 1630 ipso
1074 1574 1232 1618 itinere
1252 1592 1260 1630 3
1289 1579 1470 1630 eratque
1495 1589 1680 1618 vernum
1702 1582 1877 1634 tempus
1898 1597 1906 1634 3
1935 1585 1979 1622 et

142 1633 424 1690 ingrediebar
458 1633 723 1690 Ephratam,
755 1638 799 1677 et
831 1632 1016 1690 sepelivi
1048 1647 1148 1676 eam
1180 1633 1311 1690 juxta
1343 1632 1465 1677 viam
1500 1634 1732 1692 Ephratae,
1768 1650 1865 1692 quae
1891 1638 1978 1681 alio

143 1692 320 1735 nomine
346 1692 597 1749 appellatur
624 1693 900 1736 Bethlehem.

200 1751 217 1778 8
242 1751 412 1794 Videns
437 1756 585 1795 autem
611 1751 724 1794 filios
750 1752 868 1808 ejus,
896 1751 1011 1795 dixit
1032 1751 1088 1795 ad
1115 1766 1217 1795 eum
1244 1767 1252 1795 :
1281 1753 1363 1803 Qui
1388 1758 1491 1796 sunt
1517 1752 1624 1797 isti?
1652 1754 1669 1780 9
1699 1755 1946 1812 Respondit
1969 1774 1977 1801 :

142 1810 246 1854 Filii
272 1810 358 1853 mei
385 1815 507 1866 sunt,
535 1825 642 1866 quos
676 1810 858 1854 donavit
883 1811 992 1853 mihi
1028 1812 1145 1854 Deus
1169 1810 1217 1853 in
1250 1811 1332 1854 hoc
1363 1811 1474 1855 loco.
1502 1812 1682 1869 Adduo,
1710 1813 1875 1870 inquit,
1905 1829 1978 1858 eos

141 1870 197 1912 ad
231 1884 322 1924 me,
349 1875 397 1912 ut
430 1869 694 1912 benedicam
725 1870 829 1915 illis.
866 1869 902 1896 ¹⁰
929 1870 1055 1914 Oculi
1089 1870 1209 1913 enim
1243 1870 1381 1913 Israel
1415 1871 1675 1927 caligabant
1711 1887 1802 1929 prae
1840 1873 1979 1916 nimia

141 1934 389 1984 senectute,
417 1934 461 1971 et
484 1928 601 1971 clare
627 1928 778 1972 videre
804 1943 892 1973 non
926 1934 1112 1985 poterat.
1140 1929 1479 1985 Applicitosque
1514 1931 1570 1973 ad
1604 1945 1649 1974 se
1678 1931 1975 1989 deosculatus,

141 1994 185 2031 et
208 1987 532 2044 circumplexus
558 2002 653 2043 eos,
682 1987 715 2014 11
737 1988 851 2031 dixit
876 1988 932 2031 ad
957 1988 1098 2031 filium
1120 2003 1247 2031 suum
1270 2004 1279 2031 :
1305 1989 1406 2031 Non
1425 2003 1521 2031 sum
1539 1990 1773 2034 fraudatus
1796 1997 1978 2048 aspectu

140 2053 244 2102 tuo3
284 2047 464 2103 insuper
502 2047 696 2090 ostendit
731 2047 841 2090 mihi
881 2048 1000 2091 Deus
1038 2061 1189 2091 semen
1221 2052 1360 2091 tuum.
1401 2047 1437 2073 ¹2
1463 2049 1659 2104 Cumque
1694 2050 1868 2093 tulisset
1904 2065 1977 2094 eos

142 2107 170 2149 J
174 2106 309 2162 oseph
336 2105 388 2148 de
412 2106 581 2161 gremio
606 2106 758 2163 patris,
778 2106 982 2149 adoravit
1006 2121 1169 2163 pronus
1193 2106 1240 2149 in
1259 2111 1437 2150 terram.
1465 2107 1502 2133 '¹3
1519 2109 1576 2150 Et
1598 2108 1745 2164 posuit
1764 2109 1977 2167 Ephraim

140 2165 197 2208 ad
225 2165 453 2208 dexteram
475 2179 620 2221 suam,
639 2165 685 2208 id
709 2171 795 2220 est,
821 2165 878 2208 ad
899 2165 1126 2208 sinistram
1152 2166 1315 2221 Israel;
1345 2167 1582 2209 Manassen
1602 2182 1706 2210 vero
1730 2168 1777 2210 in
1799 2168 1978 2210 sinistra

140 2239 239 2279 sua,
277 2224 333 2266 ad
368 2223 599 2266 dexteram
635 2224 807 2268 scilicet
842 2225 1002 2281 patris,
1040 2224 1342 2282 applicuitque
1380 2225 1534 2268 ambos
1572 2226 1628 2269 ad
1666 2241 1796 2282 eum3
1835 2226 1870 2253 ‘¹4
1903 2227 1975 2282 qui

141 2283 386 2326 extendens
410 2297 594 2325 manum
617 2283 858 2339 dexteram,
878 2284 1024 2341 posuit
1048 2298 1178 2340 super
1204 2288 1338 2340 caput
1358 2284 1571 2341 Ephraim
1591 2285 1773 2329 minoris
1796 2286 1973 2341 fratris;

140 2342 366 2385 sinistram
391 2348 541 2385 autem
575 2356 704 2398 super
737 2348 870 2398 caput
897 2344 1101 2386 Manasse
1138 2343 1211 2398 qui
1244 2343 1389 2399 major
1414 2348 1522 2385 natu
1556 2349 1670 2400 erat,
1699 2350 1976 2388 commutans

139 2416 310 2444 manus.
348 2401 380 2427 ¹⁵
408 2401 732 2457 Benedixitque
759 2402 901 2444 Jacob
927 2401 1030 2444 filiis
1056 2403 1245 2458 Joseph,
1269 2407 1313 2445 et
1343 2402 1407 2445 ait
1435 2419 1442 2445 :
1481 2403 1619 2458 Deus,
1643 2403 1690 2445 in
1722 2403 1848 2459 cujus
1874 2417 1975 2446 con-

141 2465 295 2517 spectu
320 2460 664 2503 ambulaverunt
688 2465 835 2517 patres
860 2460 948 2503 mei
975 2460 1205 2503 Abraham
1230 2466 1275 2504 et
1303 2462 1451 2517 Isaac,
1486 2463 1605 2504 Deus
1638 2461 1711 2517 qui
1736 2462 1881 2518 pascit
1904 2477 1974 2506 me

140 2519 196 2562 ab
229 2519 532 2562 adolescentia
568 2534 668 2562 mea
700 2534 835 2576 usque
868 2519 915 2562 in
947 2525 1214 2576 praesentem
1251 2519 1398 2576 diem3
1435 2520 1471 2547 16
1503 2520 1708 2576 angelus,
1746 2521 1819 2576 qui
1862 2521 1974 2564 eruit

139 2593 210 2622 me
235 2579 288 2622 de
311 2578 483 2621 cunctis
508 2578 658 2635 malis,
678 2578 916 2622 benedicat
940 2579 1086 2636 pueris
1111 2578 1230 2631 istis,
1253 2583 1296 2621 et
1314 2579 1545 2622 invocetur
1564 2593 1694 2636 super
1719 2593 1791 2622 eos
1813 2594 1974 2623 nomen

140 2652 307 2693 meum,
327 2637 507 2680 nomina
525 2652 694 2694 quoque
711 2643 888 2695 patrum
913 2652 1110 2681 meorum
1137 2637 1367 2680 Abraham
1393 2643 1436 2681 et
1463 2639 1612 2693 Isaac,
1634 2643 1678 2681 et
1705 2644 1906 2682 crescant
1927 2639 1973 2682 in

140 2696 473 2740 multitudinem
494 2711 624 2753 super
645 2698 828 2740 terram!
858 2696 891 2723 ¹⁷
913 2697 1080 2740 Videns
1103 2702 1252 2739 autem
1275 2697 1303 2739 J
1308 2697 1442 2753 oseph
1468 2697 1583 2753 quod
1609 2697 1827 2754 posuisset
1848 2703 1975 2755 pater

140 2770 241 2799 suus
265 2756 495 2799 dexteram
520 2771 703 2799 manum
729 2771 859 2813 super
885 2762 1018 2813 caput
1043 2756 1277 2812 Ephraim,
1301 2756 1498 2812 graviter
1519 2757 1718 2813 accepit,
1746 2761 1790 2800 et
1819 2771 1974 2813 appre—

140 2815 324 2858 hensam
350 2829 532 2858 manum
563 2815 702 2872 patris
736 2816 883 2858 levare
918 2821 1101 2858 conatus
1128 2820 1194 2858 est
1220 2815 1273 2858 de
1308 2815 1454 2871 capite
1489 2815 1726 2872 Ephraim,
1755 2820 1800 2859 et
1832 2821 1973 2859 trans-

139 2874 256 2917 ferre
283 2889 412 2931 super
445 2880 580 2930 caput
613 2876 848 2930 Manasse;
888 2873 924 2901 ’18
950 2874 1150 2930 dixitque
1184 2875 1241 2917 ad
1274 2878 1447 2931 patrem
1475 2890 1483 2918 :
1518 2875 1618 2918 Non
1653 2875 1718 2918 ita
1744 2875 1972 2931 convenit,

139 2938 294 2989 pater3
323 2933 426 2989 quia
451 2933 523 2976 hic
549 2938 617 2977 est
641 2933 984 2991 primogenitus,
1010 2948 1124 2991 pone
1151 2934 1381 2977 dexteram
1402 2938 1527 2976 tuam
1552 2948 1681 2991 super
1703 2939 1836 2990 caput
1861 2934 1972 2990 ejus.

141 2991 176 3018 ¹9
201 2993 283 3043 Qui
308 3007 517 3048 renuens,
536 2993 601 3035 ait
623 3009 632 3036 z
661 2993 780 3049 Scio,
804 2993 867 3035 fili
893 2993 974 3049 mi,
996 2993 1087 3036 sci0
1108 3010 1116 3048 3
1145 2998 1189 3036 et
1214 2992 1298 3036 iste
1325 2993 1502 3048 quidem
1528 2993 1611 3036 erit
1630 2993 1678 3035 in
1702 2993 1906 3049 populos,
1930 2998 1974 3036 et

141 3051 540 3108 multiplicabitur3
573 3052 650 3095 sed
687 3053 830 3095 frater
863 3052 960 3108 ejus
992 3052 1147 3108 minor,
1172 3052 1317 3108 major
1350 3051 1433 3094 erit
1467 3051 1566 3107 illo,
1593 3057 1637 3095 et
1669 3066 1820 3095 semen
1852 3052 1974 3095 illius

141 3116 306 3154 crescet
334 3111 381 3152 in
407 3116 577 3166 gentes.
605 3110 642 3138 ‘²⁰
669 3111 993 3167 Benedixitque
1019 3111 1082 3155 eis
1106 3111 1154 3154 in
1175 3116 1373 3168 tempore
1398 3111 1496 3166 illo,
1525 3111 1676 3154 dicens
1705 3127 1713 3154 :
1749 3112 1803 3154 In
1829 3116 1872 3154 te
1897 3111 1972 3154 be-

140 3169 369 3212 nedicetur
394 3170 554 3225 Israel,
574 3175 706 3227 atque
732 3170 903 3213 dicetur
925 3187 934 3213 :
964 3170 1121 3214 Faciat
1143 3170 1226 3213 tibi
1254 3172 1372 3213 Deus
1395 3170 1509 3213 sicut
1534 3170 1770 3227 Ephraim,
1790 3175 1834 3213 et
1859 3170 1973 3213 sicut

141 3228 374 3271 Manasse!
411 3229 737 3286 Constituitque
776 3230 989 3286 Ephraim
1026 3235 1129 3273 ante
1168 3231 1418 3273 Manassen.
1456 3228 1489 3255 ²¹
1523 3231 1580 3272 Et
1615 3229 1679 3272 ait
1711 3229 1767 3272 ad
1804 3229 1972 3285 Joseph

140 3286 279 3330 filium
304 3302 431 3330 suum
462 3304 470 3331 ε
507 3289 576 3330 En
609 3303 691 3345 ego
724 3289 897 3344 morior,
925 3294 969 3331 et
994 3289 1077 3332 erit
1104 3289 1224 3331 Deus
1246 3288 1497 3344 vobiscum,
1522 3288 1787 3344 reducetque
1812 3302 1890 3330 vos
1915 3287 1970 3330 ad

140 3349 302 3388 terram
334 3351 511 3402 patrum
545 3353 804 3391 vestrorum.
838 3346 875 3373 '2'2
901 3349 968 3390 Do
1002 3348 1084 3391 tibi
1118 3352 1291 3404 partem
1323 3362 1458 3390 unam
1492 3353 1618 3390 extra
1653 3347 1816 3389 fratres
1852 3350 1970 3401 tuos,

142 3417 273 3460 quam
297 3405 379 3448 tuli
405 3405 459 3449 de
484 3420 619 3449 manu
645 3405 894 3449 Amorrhaei
920 3405 964 3449 in
991 3406 1142 3463 gladio
1169 3410 1213 3450 et
1239 3420 1343 3449 arcu
1364 3420 1477 3449 meo.

145 3550 190 3582 29]
207 3550 284 3582 sup.
304 3551 429 3584 XXIV,
448 3555 474 3579 2.
493 3566 528 3571 —
545 3552 575 3584 3]
589 3552 666 3584 Sup.
690 3552 966 3586 XXV111,13.-
985 3553 1013 3586 5]
1033 3553 1108 3586 Sup.
1128 3553 1207 3580 XLI
1220 3573 1226 3588 ,
1241 3555 1285 3581 50.
1300 3552 1370 3580 Jos.
1384 3554 1482 3589 XIII,
1493 3554 1517 3588 7,
1529 3555 1611 3580 29.-
1629 3551 1657 3584 7]
1674 3551 1752 3582 Sul).
1768 3550 1906 3584 XXXV,
1927 3552 1970 3578 19.

143 3593 310 3664 ὲῗ]ξὲ11)ζ;
323 3595 384 3666 {L
400 3597 444 3623 21.
465 3610 494 3614 —
512 3596 559 3628 16]
577 3596 655 3628 Sup.
673 3596 803 3631 XXXI,
820 3599 874 3630 29;
894 3596 1047 3631 XXXII,
1065 3600 1091 3625 2.
1109 3597 1230 3626 Mattn.
1249 3597 1389 3632 XVIII,
1402 3598 1446 3624 10.
1464 3610 1499 3615 -
1513 3595 1560 3628 22]
1578 3595 1647 3624 Jos.
1663 3594 1734 3630 XV,
1752 3597 1765 3623 7
1787 3598 1821 3622 et
1840 3594 1938 3628 XVI,
1957 3595 1970 3622 1

315 3658 322 3672 ,
357 3658 364 3666 .

1753 3718 1776 3757 4

2078 472 2211 500 Mandat

2023 516 2061 543 dc
2091 517 2265 548 sepultura

2110 567 2178 587 sua„

2025 881 2129 911 Fifios
2138 881 2265 915 Joseph

2026 925 2090 954 sibi
2107 926 2265 962 adoptat,

2024 1768 2157 1801 musque
2168 1770 2265 1798 bene·

2097 1813 2190 1843 uit-it.
