2456 3861
130 2000 324 2034 Indignatio

129 2047 327 2079 magnarum

118 2089 331 2124 assyriorum.

201 2462 255 2489 Ira

126 2503 329 2534 Holofernis.

171 3296 296 3326 Achior

159 3341 304 3370 traditur

163 3384 182 3412 J
188 3384 288 3414 udaeis
300 3405 306 3420 ,

411 145 496 188 482
1004 141 1184 182 JUDiTH
1218 140 1273 195 V,
1308 140 1364 182 14
1395 166 1454 172 -
1485 141 1575 195 VI,
1609 140 1649 184 9.

411 315 523 358 citus
544 311 860 369 AEgyptiorum
886 325 959 354 eos
980 315 1324 367 persequeretur,
1344 310 1407 353 ita
1423 311 1550 366 aquis
1573 315 1804 367 coopertus
1826 315 1905 366 est,
1924 316 1974 353 ut
1995 325 2084 355 non
2104 327 2248 357 rema·

411 376 533 415 neret
565 372 636 414 vel
665 385 779 413 unus
813 370 886 426 qui
918 370 1094 412 factum
1123 369 1310 426 posteris
1339 370 1574 413 nuntiaret.
1605 369 1641 395 ¹4
1662 369 1840 425 Egressi
1874 384 1974 413 vero
2003 385 2126 415 mare
2158 373 2247 415 Ru-

410 432 563 483 brum,
603 430 776 473 deserta
818 429 922 474 Sina
959 429 1123 471 montis
1163 435 1516 485 occupaverunt,
1557 429 1604 471 in
1645 428 1804 485 quibus
1849 443 2078 485 nunquam
2113 431 2246 475 homo

409 490 613 533 habitare
645 489 810 546 potuit,
837 488 908 531 vel
937 488 1053 531 filius
1082 488 1276 531 hominis
1304 489 1535 545 requievit.
1560 488 1595 515 15
1614 488 1716 531 Illic
1746 488 1895 531 fontes
1920 489 2060 531 amari
2092 489 2246 532 obdul-

411 550 498 592 cati
531 554 634 591 sunt
663 548 725 592 eis
746 548 802 590 ad
824 547 1089 604 bibendum,
1114 552 1157 590 et
1186 561 1263 604 per
1294 562 1435 590 annos
1465 547 1763 603 quadraginta
1798 562 2025 591 annonam
2054 548 2110 592 de
2138 549 2248 593 caelo

411 608 634 652 consecuti
661 613 776 650 sunt.
798 606 833 633 1⁶
852 606 1135 663 Ubicumque
1155 606 1343 663 ingressi
1366 613 1469 650 sunt
1494 607 1589 650 sine
1610 621 1715 650 arcu
1738 612 1781 650 et
1806 607 1994 663 sagitta,
2016 613 2061 651 et
2081 608 2249 664 absque

409 673 534 711 scuto
556 673 599 710 et
624 667 794 722 gladio,
823 667 944 709 Deus
965 680 1116 709 eorum
1137 667 1357 723 pugnavit
1379 681 1456 723 pro
1482 667 1564 721 eis,
1585 671 1628 709 et
1649 666 1772 709 vicit.
1798 665 1831 692 ¹7
1852 666 1911 708 Et
1943 681 2030 710 non
2059 667 2149 710 fuit.
2175 667 2249 724 qui

409 727 644 770 insultaret
666 726 830 782 populo
849 725 945 781 isti,
969 725 1054 768 nisi
1077 726 1253 781 quando
1275 726 1456 769 recessit
1476 741 1503 768 a
1525 726 1650 768 cultu
1672 725 1854 768 Domini
1878 726 1960 769 Dei
1983 726 2064 769 sui.
2085 726 2120 753 1⁸
2136 727 2249 778 Quo—

410 786 684 841 tiescumque
705 791 856 828 autem
876 790 1037 842 praeter
1054 785 1201 841 ipsum
1225 786 1369 828 Deum
1391 799 1534 840 suum,
1553 785 1744 828 alterum
1767 785 2010 842 coluerunt,
2031 785 2124 828 dati
2146 791 2249 829 sunt

408 846 456 889 in
489 845 709 902 praedam,
742 849 787 888 et
817 844 865 887 in
897 844 1123 900 gladium,
1159 849 1203 887 et
1233 844 1281 886 in
1314 844 1613 901 opprobrium,
1638 844 1673 870 19
1694 844 2068 900 Quotiescumque
2099 851 2251 889 autem

409 905 711 964 poenituerunt
739 918 785 947 se
808 904 1041 947 recessisse
1064 918 1090 946 a
1113 904 1286 946 cultura
1309 904 1392 946 Dei
1415 904 1504 960 sui,
1528 903 1651 947 dedit
1677 904 1738 947 eis
1765 905 1885 948 Deus
1913 904 2012 946 caeli
2038 904 2251 948 virtutem

409 964 656 1008 resistendi.

469 1023 507 1051 2⁰
540 1025 741 1080 Denique
787 1024 1093 1067 Chananaeum
1134 1037 1308 1079 regem,
1351 1028 1395 1066 et
1436 1024 1722 1078 Jebiisaeum,
1765 1027 1808 1066 et
1850 1024 2136 1067 Pherezaeum
2152 1060 2166 1081 ,
2207 1029 2277 1068 et·

411 1084 675 1139 Hethaeum,
699 1089 743 1126 et
769 1084 1012 1138 Hevaeum,
1040 1088 1083 1124 et
1109 1083 1444 1137 Amorrhaeum,
1475 1088 1519 1124 et
1548 1096 1699 1125 omnes
1725 1086 1928 1138 potent-es
1957 1083 2004 1125 in
2040 1084 2250 1127 Hesebon

409 1148 762 1201 prostraverunt,
787 1147 830 1184 et
852 1147 989 1184 terras
1020 1155 1192 1196 eorum,
1220 1147 1262 1184 et
1286 1141 1490 1184 civitates
1514 1155 1664 1184 eorum
1688 1141 1774 1197 ipsi
1804 1141 2108 1199 possederunt.
2135 1142 2170 1169 21
2194 1144 2251 1186 Et

410 1217 548 1258 usque
574 1202 681 1245 dum
712 1215 801 1244 non
838 1206 1074 1257 peccarent
1105 1201 1153 1242 in
1188 1206 1428 1257 conspeetu
1463 1201 1545 1244 Dei
1579 1201 1667 1257 sui,
1696 1206 1821 1243 erant
1854 1215 1956 1243 cum
1988 1201 2078 1245 illis
2103 1202 2249 1258 bona,

410 1263 531 1305 Deus
557 1261 675 1304 enim
699 1261 878 1303 illorum
900 1260 994 1303 odit
1011 1259 1309 1315 iniquitatem.
1329 1258 1366 1285 92
1385 1260 1501 1302 Nam
1529 1265 1571 1303 et
1593 1265 1697 1303 ante
1718 1260 1797 1303 hos
1822 1274 1962 1303 annos
1988 1275 2090 1304 cum
2110 1276 2252 1306 reces-

410 1321 572 1366 sissent
591 1336 617 1363 a
641 1320 736 1376 via,
764 1334 898 1376 quam
920 1319 1103 1362 dederat
1124 1319 1214 1362 illis
1241 1320 1386 1374 Deus,
1409 1324 1458 1362 ut
1482 1320 1765 1362 ambularent
1788 1319 1835 1362 in
1862 1334 1933 1376 ea,
1967 1321 2252 1365 exterminati

410 1386 513 1424 sunt
537 1380 704 1438 praeliis
726 1394 752 1422 a
778 1378 930 1421 multis
960 1379 1242 1434 nationibus,
1270 1385 1314 1422 et
1337 1379 1520 1436 plurimi
1552 1393 1702 1422 eorum
1731 1379 1898 1436 captivi
1932 1379 2116 1423 abducti
2150 1386 2253 1424 sunt

409 1441 456 1483 in
481 1445 645 1483 terram
673 1454 762 1482 non
790 1453 930 1482 suam.
957 1436 994 1464 23
1013 1439 1164 1495 Nuper
1187 1444 1339 1481 autem
1364 1438 1527 1481 reversi
1561 1438 1618 1481 ad
1652 1439 1897 1482 Dominum
1927 1439 2073 1482 Deum
2100 1454 2251 1496 suum,

410 1514 465 1543 ex
488 1499 760 1556 dispersione
783 1513 868 1554 qua
895 1497 1080 1554 dispersi
1103 1498 1295 1554 fuerant,
1315 1498 1499 1540 adunati
1522 1504 1636 1554 sunt,
1657 1503 1701 1541 et
1722 1499 2019 1542 ascenderunt
2040 1505 2253 1542 montana

409 1559 508 1602 haec
532 1559 700 1614 omnia,
725 1563 768 1601 et
792 1558 954 1601 iterum
981 1557 1209 1614 possident
1231 1558 1503 1611 Jerusalem,
1528 1557 1603 1600 ubi
1626 1563 1729 1600 sunt
1754 1563 1909 1600 sancta
1932 1572 2095 1602 eorum.

470 1618 506 1645 24
540 1619 670 1661 Nunc
705 1632 828 1673 ergo,
860 1617 921 1659 1111
956 1616 1154 1672 domine,
1190 1617 1392 1673 perquire
1425 1617 1460 1659 si
1495 1623 1561 1659 est
1589 1617 1739 1672 aliqua
1771 1617 1985 1672 iniquitas
2024 1632 2174 1661 eorum
2207 1618 2253 1661 in

411 1683 653 1735 conspectu
683 1677 768 1721 Dei
791 1690 968 1731 eorum,
993 1676 1288 1719 ascendamus
1310 1676 1366 1718 ad
1393 1676 1514 1730 illos,
1542 1676 1752 1732 quoniam
1774 1676 1952 1719 tradens
1978 1677 2125 1720 tradet-
2152 1678 2253 1721 illos

410 1740 531 1782 Deus
558 1751 709 1781 eorum
733 1736 838 1791 tibi,
874 1741 917 1778 et
949 1735 1180 1791 subjugati
1215 1742 1343 1778 erunt
1377 1735 1457 1778 sub
1491 1736 1600 1791 jugo
1631 1736 1844 1792 potentiae
1878 1742 1982 1779 tuae.
2018 1735 2054 1763 25
2081 1737 2123 1781 Si
2149 1751 2253 1780 vero

409 1813 498 1842 non
524 1802 590 1840 est
623 1795 810 1839 offensio
846 1794 997 1851 populi
1032 1795 1165 1850 hujus
1201 1809 1348 1838 coram
1389 1796 1482 1838 Deo
1515 1809 1615 1843 suo,
1649 1809 1737 1838 non
1771 1795 2014 1852 poterimus
2051 1796 2254 1840 resistere

408 1857 520 1912 illis,
548 1856 759 1912 quoniam
786 1856 906 1898 Deus
933 1868 1083 1897 eorum
1106 1853 1321 1896 defendet
1345 1853 1466 1909 illos,
1495 1860 1538 1897 et
1573 1854 1735 1897 011111115
1760 1855 1807 1897 111
1841 1855 2128 1911 opprobrium
2157 1855 2252 1897 uni—

408 1931 549 1960 versae
575 1922 717 1959 terrae.

469 1975 507 2003 16
532 1977 590 2018 Ε1
621 1976 798 2018 factum
831 1978 921 2029 est,
957 1988 1059 2016 cum
1093 1978 1308 2016 cessasset
1340 1973 1460 2029 loqui
1494 1973 1662 2016 Achior
1695 1973 1830 2015 verba
1868 1973 1987 2027 haec,
2017 1973 2120 2016 irati
2153 1980 2256 2018 sunt

410 2049 562 2080 omnes
589 2039 823 2090 magnates
851 2032 1134 2088 Holofernis,
1170 2037 1214 2075 et
1248 2032 1508 2087 cogitabant
1540 2032 1788 2076 interficere
1812 2046 1933 2088 eum,
1970 2033 2169 2077 dicentes
2198 2034 2256 2078 ad

409 2096 675 2139 alterutrum
703 2111 713 2137 ι
747 2092 782 2119 “2⁷
809 2092 915 2143 Quis
945 2098 1012 2135 est
1043 2092 1146 2147 iste,
1183 2092 1256 2149 qui
1284 2092 1400 2135 filios
1433 2092 1574 2135 Israel
1607 2106 1735 2149 posse
1768 2091 1894 2134 dicat.
1922 2092 2126 2136 resistere
2161 2093 2256 2150 regi

409 2154 823 2199 Nabuchodonosor
857 2157 900 2195 et
933 2151 1202 2195 exercitibus
1236 2151 1356 2207 ejuS,
1391 2151 1594 2194 homines
1625 2151 1838 2207 inermes,
1873 2156 1916 2195 et
1941 2151 2037 2195 sine
2069 2152 2254 2208 virtute,

411 2220 455 2258 et
487 2214 583 2257 sine
619 2213 778 2270 peritia
807 2211 916 2255 artis
944 2210 1144 2268 pugnae?
1171 2209 1207 2237 23
1235 2211 1298 2254 Ut
1331 2225 1433 2266 ergo
1456 2216 1671 2266 agnoscat
1704 2210 1874 2254 Achior
1898 2211 2108 2267 quoniam
2133 2212 2256 2255 fallit

411 2289 510 2330 nos,
534 2273 830 2316 ascendamus
855 2271 902 2314 in
928 2276 1167 2326 montana,
1192 2275 1235 2314 et
1261 2285 1363 2313 cum
1391 2270 1510 2327 capti
1536 2270 1706 2313 fuerint
1731 2275 1936 2327 potentes
1958 2285 2122 2327 eorum,
2149 2276 2256 2315 tuuc

412 2349 514 2377 cum
540 2332 708 2376 eisdem
729 2331 880 2387 gladio
902 2330 1354 2382 transverberabitur,
1377 2328 1415 2355 29
1435 2335 1484 2372 ut
1506 2329 1619 2372 sciat
1645 2329 1786 2372 omnis
1805 2343 1916 2385 gens
1934 2329 2144 2386 quoniam
2167 2332 2256 2374 Na-

411 2392 750 2436 buchodonosor
775 2391 881 2434 deus
908 2396 1036 2432 terrae
1063 2395 1150 2445 est,
1178 2394 1220 2432 01
1246 2395 1406 2446 praeter
1431 2389 1578 2446 ipsum
1603 2388 1718 2432 alius
1742 2402 1831 2431 non
1857 2394 1935 2432 051.

472 2452 579 2496 CAP.
608 2451 687 2495 VI.
713 2477 773 2482 —-
794 2450 808 2476 1
831 2450 1022 2493 Factum
1045 2453 1112 2491 est
1136 2454 1287 2492 autem
1309 2463 1410 2491 cum
1435 2454 1680 2491 cessassent
1705 2448 1846 2504 loqui,
1877 2448 2139 2505 indignatus
2163 2451 2256 2494 Ho-

411 2513 606 2556 lofernes
632 2511 938 2564 vehementer,
967 2508 1083 2552 dixit
1107 2508 1164 2551 ad
1190 2508 1357 2550 Achior
1390 2525 1399 2552 :
1426 2507 1442 2534 '²
1465 2507 1685 2558 Quoniam
1717 2507 1992 2564 prophetasti
2026 2509 2154 2552 nobis
2192 2510 2256 2553 di-

413 2586 537 2627 00115,
564 2570 680 2626 quod
707 2583 816 2626 gens
842 2568 981 2612 Israel
1009 2568 1279 2611 defendatur
1303 2582 1330 2610 a
1355 2569 1449 2611 Deo
1475 2581 1572 2623 suo,
1598 2572 1647 2609 ut
1672 2566 1904 2610 ostendam
1934 2567 2019 2610 tibi
2046 2569 2256 2624 quoniam

412 2646 499 2674 non
525 2636 592 2674 est
616 2631 757 2686 Deus,
785 2629 870 2672 nisi
896 2627 1320 2682 Nabuchodonosor,
1337 2627 1354 2654 3
1376 2641 1478 2670 cum
1504 2626 1850 2684 percusserimus
1876 2640 1949 2670 eos
1972 2641 2144 2684 omnes,
2171 2629 2255 2672 sic-

412 2696 462 2734 ut
489 2690 717 2734 hominem
739 2703 900 2744 unum,
927 2693 1032 2730 tunc
1067 2693 1110 2730 et
1137 2687 1233 2744 ipse
1268 2701 1368 2729 cum
1401 2686 1491 2728 illis
1526 2686 1811 2743 Assyriorum
1843 2685 1994 2742 gladio
2026 2687 2252 2745 interibis,

413 2755 457 2794 01
481 2749 627 2793 01111115
652 2748 791 2792 Israel
817 2753 966 2790 tecum
987 2746 1237 2803 perditione
1262 2746 1485 2803 disperiet.
1515 2745 1531 2771 4
1558 2747 1616 2788 Et
1636 2745 1844 2802 probabis
1867 2746 2078 2801 quoniam
2103 2747 2256 2790 Nabu-

414 2809 688 2853 chodonosor
721 2807 926 2851 dominus
960 2806 1019 2849 sit
1048 2806 1268 2849 universae
1299 2810 1454 2860 terrae3
1483 2811 1690 2860 tuncque
1722 2804 1899 2860 gladius
1934 2805 2110 2849 militiae
2144 2821 2255 2850 meae

412 2868 599 2912 transiet
620 2881 696 2924 per
722 2868 861 2910 lat-era
882 2871 980 2921 tua,
1008 2871 1051 2908 et
1077 2865 1276 2908 confixus
1311 2864 1442 2908 cades
1475 2865 1590 2907 inter
1619 2863 1873 2907 vulneratos
1908 2865 2068 2921 Israel,
2093 2870 2137 2909 et
2168 2880 2256 2909 non

412 2927 650 2984 respirabis
676 2926 811 2982 ultra,
836 2926 975 2969 donec
1005 2924 1312 2968 extermineris
1347 2938 1448 2967 cum
1472 2923 1576 2967 illis.
1611 2923 1629 2950 ⁵
1653 2923 1787 2966 Porro
1819 2928 1971 2967 autem
2000 2924 2037 2967 si
2070 2925 2256 2982 prophe—

413 2987 524 3030 tiam
549 2992 674 3029 tuam
695 3000 846 3029 veram
873 2984 1123 3040 existimas,
1151 2998 1239 3027 non
1265 2983 1474 3027 concidat
1498 2983 1649 3026 vultus
1671 2986 1799 3038 tuus;
1831 2989 1874 3026 et
1904 2983 2046 3040 pallor
2079 2983 2153 3039 qui
2186 2985 2257 3027 fa-

414 3046 528 3090 ciem
555 3051 678 3088 tuam
702 3045 893 3099 obtinet,
927 3043 1140 3087 abscedat
1169 3058 1194 3086 a
1228 3048 1292 3098 10,
1323 3043 1358 3086 51
1382 3043 1516 3086 verba
1546 3056 1644 3085 mea
1674 3041 1771 3084 haec
1805 3048 1935 3098 putas
1967 3042 2143 3100 impleri
2169 3057 2256 3086 non

415 3119 554 3163 posse.
581 3105 598 3131 ⁰
621 3105 684 3147 Ut
709 3109 860 3146 autem
885 3103 1060 3146 noveris
1093 3103 1197 3158 quia
1227 3102 1361 3145 simul
1395 3116 1495 3145 cuin
1527 3101 1617 3144 illis
1647 3100 1744 3143 haec
1775 3101 2033 3158 experieris,
2069 3116 2172 3145 0000
2201 3116 2256 3146 ex

414 3166 497 3209 hac
530 3164 638 3207 hora
673 3163 851 3206 illorum
891 3162 1055 3219 populo
1091 3161 1352 3216 sociaberis,
1389 3166 1439 3204 ut
1473 3161 1579 3204 dum
1612 3159 1771 3215 dignas
1806 3162 1892 3204 mei
1929 3161 2069 3217 gladii
2103 3174 2256 3217 poenas

415 3223 690 3280 exceperint,
712 3222 807 3278 ipse
832 3221 965 3263 simul
991 3221 1147 3263 ultioni
1173 3221 1422 3276 subjaceas,

475 3284 490 3310 7
517 3284 643 3327 Tunc
667 3281 936 3324 Holofernes
962 3281 1176 3337 praecepit
1198 3280 1335 3323 servis
1361 3280 1452 3323 suis
1476 3285 1525 3322 ut
1558 3279 1980 3335 comprehenderent
2005 3279 2186 3335 Achior,
2213 3284 2257 3323 01

416 3344 707 3402 perducerent
728 3339 895 3384 eumin
921 3339 1197 3394 Bethuliam,
1233 3346 1276 3382 et
1305 3339 1531 3382 traderent
1560 3351 1662 3381 eum
1694 3339 1739 3381 in
1775 3352 1931 3382 manus
1965 3338 2156 3381 filiorum
2189 3339 2255 3381 Is-

415 3403 520 3446 rael.
547 3402 566 3429 8
589 3402 648 3445 Et
672 3399 943 3456 accipientes
962 3412 1062 3441 eum
1085 3398 1200 3441 servi
1224 3398 1505 3453 Holofernis,
1530 3397 1719 3454 profecti
1742 3403 1845 3441 sunt
1862 3411 1939 3455 per
1961 3397 2253 3453 campestria3

417 3463 492 3506 sed
520 3476 620 3505 cum
641 3458 1071 3517 appropinquassent
1097 3457 1152 3500 ad
1181 3463 1413 3513 montana,
1441 3456 1644 3500 exierunt
1670 3463 1822 3500 contra
1847 3470 1920 3500 eos
1942 3455 2254 3499 fundibularii.

419 3523 435 3549 ⁰
460 3521 534 3564 Illi
560 3527 731 3575 autem,
760 3517 1029 3561 divertentes
1050 3531 1075 3558 a
1099 3516 1235 3559 latere
1261 3516 1445 3569 montis,
1479 3515 1731 3571 ligaverunt
1763 3515 1931 3560 Achior
1962 3515 2020 3558 ad
2052 3515 2255 3558 arborem

418 3581 622 3624 manibus
646 3586 689 3622 et
710 3576 922 3635 pedibus,
951 3581 994 3618 et
1019 3575 1081 3619 sic
1115 3574 1317 3618 vinctum
1349 3573 1540 3618 restibus
1571 3573 1835 3618 dimiserunt
1864 3588 1985 3630 eum,
2017 3578 2060 3618 et
2091 3572 2257 3616 reversi

418 3646 518 3683 sunt
545 3639 600 3682 ad
624 3637 853 3681 dominum
875 3649 1016 3678 suum.
