2391 3861
58 123 105 164 8*
694 119 769 160 III
805 119 945 161 ESDR.
980 118 1069 172 VI,
1106 118 1161 160 18
1193 143 1250 150 —
1283 118 1424 172 VIII,
1462 119 1529 160 11.

58 298 289 338 Babyloniae,
316 294 464 335 scripsit
490 294 607 334 Cyrus
629 303 696 327 rex
721 295 870 327 domum
895 295 989 326 lianc
1016 294 1218 334 aedifiealre,
1244 285 1277 312 ¹⁸
1293 295 1332 326 et
1352 293 1416 326 illa
1439 302 1542 326 sacra
1563 302 1649 326 vasa
1672 302 1784 326 aurea
1812 295 1850 326 et
1875 296 2070 336 argentea,
2093 304 2178 337 quae

56 352 242 383 extulerat
277 347 614 380 Nabuchodonosor
643 347 687 379 de
718 347 826 379 domo
858 354 941 386 quae
975 350 1032 378 est
1062 348 1102 377 in
1135 346 1365 384 Jerusalem,
1398 347 1435 377 et
1467 348 1746 378 consecraverat
1777 354 1820 378 ea
1852 346 1891 377 in
1923 354 1988 378 suo
2019 348 2177 390 templo,

57 409 186 435 rursus
216 399 377 440 protulit
404 407 446 431 ea
477 398 595 438 cyrus
627 406 694 431 rex
725 399 769 431 de
801 399 942 438 templo
973 398 1072 437 quod
1109 402 1192 430 erat
1225 399 1263 429 in
1296 398 1518 438 Babylonia,
1549 400 1587 430 et
1619 399 1760 430 tradita
1790 399 1879 430 sunt
1916 398 2115 430 zorobabel
2140 402 2180 433 et

58 455 311 486 salmanasaro
343 451 542 490 subregulo
557 461 566 490 ;
592 441 626 468 ¹⁹
642 452 682 483 et
705 454 936 490 praeceptum
962 452 1019 482 est
1042 450 1096 482 eis
1127 453 1171 482 ut
1204 450 1384 483 offerrent
1416 449 1497 482 haec
1528 458 1632 489 vasa,
1661 451 1700 482 et
1727 452 1952 489 reponerent
1977 450 2016 482 in
2039 450 2179 490 templo

56 505 152 546 quod
176 506 259 536 erat
283 503 322 535 in
346 503 577 542 Jerusalem,
603 505 641 535 et
665 503 786 542 ipsum
815 503 998 542 templum
1025 501 1091 534 Dei
1120 502 1308 534 aedificare
1340 501 1378 533 in
1403 502 1481 533 loco
1505 510 1582 534 suo.
1609 493 1645 519 20
1662 501 1766 534 Tunc
1793 501 2071 534 salmanasar-us
2095 502 2180 534 sub-

55 556 140 597 jecit
164 556 415 588 fundamenta
439 555 571 587 domus
597 554 766 595 Domini,
795 562 881 594 quae
904 559 962 587 est
983 555 1024 586 in
1049 554 1281 594 Jerusalem3
1309 556 1348 586 et
1371 554 1505 586 exinde
1529 561 1647 593 usque
1668 561 1770 585 nunc
1794 553 2019 593 aedificatur,
2043 555 2082 586 et
2106 561 2181 586 non

55 607 193 648 accepit
216 606 587 640 consummationem.
609 597 639 624 ²¹
660 607 769 639 Nunc
793 614 881 646 ergo
906 606 936 638 si
956 606 1146 646 judicatur
1166 614 1188 637 a
1212 608 1269 645 te,
1290 614 1312 638 o
1336 613 1418 645 rex,
1444 605 1684 645 perquiratur
1709 607 1749 637 in
1777 605 1964 645 regalibus
1985 604 2181 639 bibliothe-

55 662 107 693 cis
133 660 220 699 Cyri
244 661 362 700 regis,
394 667 478 698 quae
510 660 600 691 sunt
631 658 671 690 in
696 658 912 699 Babylonia.
939 650 976 677 22
993 659 1040 690 Et
1065 658 1096 690 si
1128 657 1324 690 inventum
1358 658 1475 690 tuerit
1498 658 1653 690 consilio
1681 656 1766 698 Cyri
1795 658 1894 698 regis
1916 660 2077 698 coeptam
2105 665 2182 691 esse

56 715 286 745 structuram
315 712 447 744 domus
475 711 646 751 Domini,
668 719 751 750 quae
777 713 833 744 est
862 712 900 742 in
927 710 1156 749 Jerusalem,
1189 713 1237 742 et·
1256 709 1447 750 judicatur
1470 719 1491 742 a
1516 709 1667 742 domino
1688 717 1775 749 rege
1798 710 1945 750 nostro,
1970 709 2112 742 scribat
2135 709 2183 743 de

55 766 113 798 his
135 764 253 797 nobis.
2115 778 2119 781 -

107 809 142 835 ²³³
162 818 264 849 Tunc
292 816 426 848 Darius
450 824 517 848 rex
546 815 724 856 praecepit
753 814 895 854 inquiri
924 815 964 846 in
990 814 1247 853 bibliothecis;
1273 815 1312 846 et
1336 814 1512 847 inventus
1537 815 1595 846 est
1623 812 1661 845 in
1687 813 1884 846 Ecbatanis
1908 813 2058 854 oppido,
2082 813 2184 853 quod

56 872 111 902 est
137 870 177 901 in
202 869 326 901 Media
351 867 518 908 regione,
553 869 655 900 locus
683 875 798 906 unUS,
830 868 871 898 in
904 875 978 906 quo
1002 868 1143 907 scripta
1171 867 1278 899 erant
1305 866 1377 898 ista
1401 876 1409 899 :
1437 858 1473 885 ²4
1491 867 1600 898 Anno
1627 864 1746 905 primo
1772 870 1954 906 regnante
1978 866 2093 907 Cyro,
2117 873 2184 898 rex

55 923 169 962 Cyrus
206 921 385 961 praecepit
417 920 570 952 domum
602 920 750 952 Domini
783 927 868 959 quae
905 922 960 951 est
993 920 1033 951 in
1065 919 1272 956 Jerusalem
1304 918 1511 957 aedificare,
1544 918 1607 950 ubi
1640 917 1887 950 incendebant
1910 917 1987 958 igni
2014 917 2183 958 assiduo;

56 967 94 993 ²³5
111 975 217 1013 cujus
238 972 402 1005 altitudo
424 972 473 1005 sit
498 972 710 1005 cubitorum
738 972 876 1010 decem,
905 974 944 1003 et
968 971 1132 1003 latitudo
1156 971 1371 1003 cubitorum
1392 971 1607 1010 sexaginta,
1632 971 1859 1009 quadratum
1885 970 2070 1010 lapidibus
2094 969 2184 1010 poli-

56 1026 105 1059 tis
128 1027 271 1064 tribus,
292 1027 330 1057 et
351 1024 518 1057 meniano
551 1025 672 1063 ligneo
704 1025 868 1064 ejusdem
895 1024 1075 1064 regionis,
1104 1025 1142 1055 et
1175 1022 1345 1055 meniano
1369 1031 1444 1054 uno
1465 1030 1580 1062 novo,
1608 1024 1646 1054 et
1667 1023 1856 1062 impendia
1884 1023 1967 1055 dari
2000 1023 2045 1055 de
2074 1022 2184 1055 domo

57 1078 140 1119 Cyri
164 1079 283 1117 regis3
311 1068 346 1095 26
364 1079 403 1109 et
427 1085 529 1109 sacra
550 1085 640 1109 vasa
660 1077 791 1108 domus
816 1076 965 1107 Domini
990 1078 1070 1108 tam
1094 1083 1208 1108 aurea
1228 1083 1339 1114 quam
1361 1077 1548 1114 argentea,
1567 1082 1653 1114 quae
1672 1075 1808 1107 extulit
1830 1074 2184 1115 Nabuchodonosor,

57 1131 94 1163 in
122 1131 273 1163 domum
296 1129 458 1169 Domini,
479 1137 563 1169 quae
589 1131 646 1162 est
666 1130 707 1160 in
730 1128 950 1167 Jerusalem,
971 1128 1034 1160 ubi
1059 1130 1167 1160 erant
1187 1130 1315 1167 posita,
1342 1129 1385 1159 ut
1408 1129 1602 1167 ponantur
1622 1127 1711 1159 illic.
1732 1119 1769 1146 27
1789 1126 1838 1159 Et
1855 1128 2036 1167 praecepit
2054 1134 2183 1160 curam

56 1191 165 1223 agere
191 1182 396 1221 Sisennem,
422 1182 663 1220 subregulum
690 1180 804 1220 Syri-ae
829 1182 866 1213 et
894 1180 1093 1220 Phoenicis,
1120 1184 1159 1213 et
1184 1179 1488 1218 Satrabuzanem,
1513 1180 1550 1211 et
1579 1179 1722 1211 sodales
1750 1180 1840 1219 ejus,
1866 1180 1904 1212 et
1928 1180 1995 1219 qui
2016 1178 2185 1212 ordinati

56 1238 163 1269 erant
185 1236 225 1267 in
250 1234 353 1274 Syria
373 1236 413 1266 et
435 1233 608 1266 Phoeniee
633 1233 827 1273 praesides,
849 1234 892 1264 ut
915 1232 1149 1265 abstinerent
1170 1240 1207 1264 se
1231 1232 1278 1263 ab
1298 1232 1427 1264 eodem
1452 1232 1542 1264 loco.
1572 1223 1610 1249 ²⁸
1630 1231 1680 1263 Et
1701 1239 1768 1270 ego
1788 1239 1937 1271 quoque
1958 1231 2119 1272 praecepi
2144 1232 2186 1264 in

57 1290 177 1321 totum
204 1287 416 1326 aedificare3
443 1288 480 1319 et
504 1285 694 1326 prospexi,
718 1287 762 1318 ut
792 1285 973 1324 adjuvent
997 1293 1057 1317 eos
1085 1285 1151 1324 qui
1176 1287 1265 1316 sunt
1289 1292 1334 1316 ex
1358 1283 1583 1324 captivitate
1606 1283 1848 1324 Judaeorum,
1875 1284 1990 1317 donec
2013 1291 2186 1317 consum·

58 1343 180 1372 metur
211 1339 394 1379 templum
429 1339 518 1371 aedis
552 1337 724 1377 Domini,
757 1328 794 1355 ²9
812 1340 849 1369 et
882 1346 902 1369 a
934 1337 1128 1369 vexatione
1165 1337 1395 1368 tributorum
1432 1336 1644 1376 Coelesyriae
1676 1338 1714 1369 et
1743 1336 1950 1376 Phoenicis,
1987 1335 2187 1376 diligenter

58 1392 308 1433 quantitatem
329 1391 410 1423 dari
434 1391 493 1422 his
514 1390 728 1422 hominibus
752 1389 799 1422 ad
821 1389 1040 1421 sacrificium
1066 1388 1224 1427 Domini,
1249 1389 1449 1421 Zorobabel
1474 1388 1667 1429 praefecto,
1687 1388 1735 1420 ad
1755 1390 1895 1429 tauros,
1914 1390 1954 1421 et
1977 1389 2126 1429 arietes,
2147 1390 2188 1422 et

58 1453 180 1484 agnos.
208 1435 245 1462 3⁰
269 1443 448 1476 Similiter
472 1446 597 1475 autem
622 1446 659 1475 et
684 1443 939 1481 frumentum,
964 1445 1002 1474 et
1025 1442 1100 1482 sal,
1120 1444 1159 1474 et
1184 1441 1332 1481 vinum,
1356 1443 1394 1473 et
1418 1442 1540 1473 oleum
1565 1440 1750 1473 instanter
1774 1449 1840 1481 per
1861 1441 2031 1480 singulos
2049 1448 2187 1482 annos,

58 1498 169 1537 prout
201 1496 410 1528 sacerdotes
437 1496 501 1534 qui
532 1498 619 1527 sunt
652 1494 691 1526 in
719 1495 950 1533 Jerusalem,
979 1493 1220 1526 dictaverunt
1252 1494 1420 1526 consumi
1449 1492 1618 1533 quotidie
1646 1493 1723 1526 sine
1752 1494 1832 1525 ulla
1856 1492 2052 1534 dilatione,
2086 1484 2119 1512 31
2142 1494 2188 1526 ut·

58 1550 268 1582 offerantur
297 1547 491 1580 libationes
518 1555 665 1580 summo
691 1547 767 1579 Deo
793 1554 860 1586 pro
881 1554 966 1586 rege
991 1549 1030 1579 et
1056 1545 1178 1586 pueris
1198 1547 1288 1585 ejuS,
1312 1547 1350 1578 et
1374 1548 1483 1578 orent
1503 1553 1570 1586 pro
1595 1546 1760 1585 ipsorum
1783 1546 1888 1586 vita;
1916 1537 1952 1564 32
1977 1547 2016 1579 et
2045 1546 2186 1578 denun-

57 1602 187 1640 tietur,
213 1603 257 1633 ut
282 1601 504 1640 quicumque
528 1599 749 1638 transgressi
773 1599 916 1631 fuerint
936 1598 1078 1638 aliquid
1101 1607 1147 1631 ex
1172 1598 1231 1631 his
1257 1606 1342 1637 quae
1369 1598 1509 1638 scripta
1532 1600 1631 1638 sunt,
1656 1600 1722 1630 aut
1743 1599 1965 1638 spreverint,
1986 1597 2188 1638 accipiatur

59 1654 202 1693 lignum
227 1654 271 1685 de
293 1652 367 1685 suis
395 1652 563 1692 propriis,
587 1655 627 1684 et
651 1651 935 1692 suspendantur,
960 1655 998 1683 et
1020 1651 1115 1683 bona
1143 1650 1310 1690 ipsorum
1335 1649 1413 1689 regi
1439 1650 1689 1683 ascribantur.
1716 1641 1752 1668 33
1775 1650 1976 1690 Propterea
2000 1652 2039 1683 et
2065 1649 2188 1682 Domi-

59 1714 146 1746 nus,
181 1707 287 1745 cujus
319 1713 456 1737 nomen
489 1705 705 1736 invocatum
737 1706 795 1736 est
825 1703 894 1744 ibi,
928 1703 1153 1736 exterminet
1181 1711 1328 1735 omnem
1367 1710 1492 1742 regem
1524 1704 1563 1734 et
1604 1704 1771 1741 gentem,
1799 1703 1864 1742 qul
1893 1711 2047 1734 manum
2081 1710 2188 1735 suam

59 1759 270 1791 extenderit
295 1756 502 1797 prohibere,
523 1759 588 1789 aut
610 1757 709 1789 male
729 1757 893 1788 tractare
915 1756 1066 1788 domum
1091 1754 1239 1787 Domini
1259 1755 1364 1787 illam
1386 1763 1470 1793 quae
1492 1757 1549 1787 est
1573 1754 1612 1786 in
1636 1754 1859 1787 Jerusalem.
1887 1745 1922 1772 34
1941 1755 2030 1795 Ege,
2052 1753 2188 1787 Darius

60 1819 144 1850 rex,
170 1809 316 1842 decrevi
342 1817 453 1848 quam
479 1808 760 1848 diligentissime
786 1809 989 1840 secundum
1009 1808 1091 1840 haec
1117 1807 1207 1839 fieri.

111 1863 200 1895 CAP.
222 1862 307 1894 VII.
336 1878 381 1884 —-
408 1853 422 1878 ¹
441 1861 545 1893 Tunc
573 1861 763 1899 Sisennes‚
797 1861 1018 1900 subregulus
1046 1859 1257 1900 Coelesyriae
1279 1862 1317 1892 et
1338 1859 1544 1899 Phoenicis,
1571 1861 1611 1892 et
1644 1858 1930 1898 Satrabuzanes,
1955 1861 1993 1891 et
2025 1859 2185 1901 sodales,

60 1914 224 1948 obsecuti
254 1913 313 1946 his
347 1922 431 1951 quae
462 1921 485 1945 a
518 1914 629 1945 Dario
661 1921 746 1952 rege
778 1916 887 1945 erant
917 1913 1074 1952 decreta,
1108 1904 1125 1931 2
1157 1911 1379 1944 insistebant
1411 1911 1653 1943 sacrosanctis
1680 1910 1852 1950 operibus
1885 1910 2187 1953 diligentissime,

60 1969 297 2007 cooperantes
318 1973 402 1998 cum
424 1966 634 1997 senioribus
662 1965 887 1997 Judaeorum
910 1964 1140 2004 principibus
1171 1963 1309 2003 Syriae,
1329 1955 1346 1982 3
1363 1965 1401 1996 et
1425 1965 1641 2004 prosperata
1673 1964 1762 1995 sunt
1794 1965 2027 1995 sacrosancta
2051 1971 2189 2006 opera,

62 2018 374 2060 prophetantibus
408 2019 552 2056 Aggaeo
579 2019 619 2049 et
647 2017 824 2049 Zacharia
857 2016 1064 2057 prophetis.
1088 2008 1105 2034 ‘²
1134 2016 1183 2048 Et
1207 2017 1563 2048 consummaverunt
1594 2016 1719 2048 omnia
1756 2022 1821 2055 per
1852 2017 2085 2055 praeceptum
2117 2015 2189 2049 Do-

63 2072 151 2104 mini
173 2070 240 2103 Dei
265 2071 388 2109 Israel,
411 2072 448 2102 et
466 2078 510 2102 ex
535 2069 689 2101 consilio
716 2068 822 2109 Cyri,
840 2072 878 2101 et
900 2069 1025 2107 Darii,
1050 2071 1088 2101 et
1114 2068 1356 2109 Artaxerxis,
1381 2070 1478 2108 regis
1502 2068 1717 2100 Persarum.
1744 2060 1761 2086 5
1778 2068 1828 2100 Et
1848 2069 2105 2100 consummata
2131 2069 2190 2102 est

62 2125 188 2157 domus
212 2125 343 2155 nostra
366 2130 482 2162 usque
507 2123 553 2154 ad
577 2123 730 2154 tertiam
750 2125 789 2153 et
813 2122 1032 2161 vigesimam
1058 2122 1156 2153 diem
1177 2121 1313 2153 mensis
1337 2121 1439 2161 adar,
1460 2123 1566 2153 sexto
1588 2128 1688 2152 anno
1712 2119 1816 2152 Darii
1837 2120 1949 2160 regis.

113 2167 130 2194 ⁶
148 2176 196 2208 Et
212 2176 384 2208 fecerunt
405 2174 477 2206 filii
497 2174 621 2214 Israel,
645 2176 683 2206 et
709 2174 935 2213 sacerdotes,
960 2176 1000 2205 ct
1026 2173 1164 2214 levitae,
1190 2175 1228 2206 et
1252 2172 1366 2206 ceteri
1390 2173 1455 2212 qui
1479 2174 1589 2205 erant
1613 2181 1658 2205 ex
1683 2172 1915 2212 captivitate,
1940 2173 2005 2212 qui
2028 2173 2189 2214 appositi

63 2230 150 2261 sunt
169 2228 372 2261 secundum
392 2235 435 2259 ea
459 2235 543 2266 quae
567 2226 703 2266 scripta
723 2229 814 2259 sunt
838 2227 877 2258 in
902 2226 996 2258 libro
1018 2226 1147 2266 Moysi.
1174 2217 1190 2243 ⁷
1209 2225 1258 2258 Et
1278 2225 1498 2258 obtulerunt
1517 2227 1557 2258 in
1578 2225 1850 2258 dedicationem
1870 2224 2001 2265 templi
2027 2225 2188 2266 DomIn1,

64 2289 188 2313 tauros
220 2282 390 2319 centum,
419 2280 556 2312 arietes
589 2280 786 2318 ducentos,
818 2286 931 2318 agnos
964 2279 1276 2318 quadringentos,
1311 2270 1387 2320 ¹‚3et
1418 2278 1544 2310 haedos
1571 2285 1639 2318 pro
1670 2278 1834 2317 peccatis
1866 2277 2032 2310 universi
2057 2278 2190 2318 Israel,

68 2333 273 2372 duodecim,
298 2333 503 2364 secundum
527 2339 727 2364 numerum
749 2331 919 2363 tribuum
946 2331 1072 2363 Israel.
1098 2322 1114 2349 9
1132 2331 1180 2363 Et
1205 2332 1394 2363 steterunt
1415 2331 1622 2363 sacerdotes
1642 2331 1680 2363 et
1700 2330 1827 2362 levitae
1852 2330 1981 2362 amicti
2001 2331 2107 2364 stolis
2123 2337 2190 2370 per

65 2386 203 2423 tribus,
237 2392 347 2424 super
379 2386 505 2416 omnia
540 2392 650 2424 opera
675 2384 824 2416 Domini
856 2383 916 2416 Dei
951 2383 963 2414 I
970 2384 1085 2423 srael,
1113 2384 1317 2415 secundum
1346 2384 1487 2415 librum
1519 2382 1656 2423 Moysi,
1686 2383 1726 2414 et
1757 2382 1901 2414 ostiarii
1936 2390 1999 2420 per
2024 2381 2191 2422 singulas

64 2441 204 2478 januas.
222 2428 256 2454 ¹⁰
275 2437 323 2469 Et
344 2439 503 2477 egerunt
528 2436 593 2468 filii
616 2437 742 2476 Israel,
769 2445 854 2468 cum
878 2435 938 2467 his
959 2436 1021 2475 qui
1047 2438 1156 2468 erant
1180 2443 1227 2466 ex
1246 2435 1486 2475 captivitate,
1511 2435 1606 2467 illud
1629 2434 1748 2467 Phase
1773 2437 1907 2474 quarta
1932 2435 2076 2467 decima
2101 2435 2190 2467 luna.

64 2490 196 2523 mensis
229 2489 360 2530 primi,
393 2489 540 2529 quando
573 2488 795 2521 sanctificati
831 2490 920 2520 sunt
954 2489 1162 2520 sacerdotes
1194 2494 1232 2520 et
1262 2489 1400 2521 levitae.
1428 2479 1456 2504 ¹¹
1473 2488 1608 2520 Omnes
1639 2487 1707 2518 filii
1738 2486 1966 2528 captivitatis
1997 2495 2073 2520 non
2101 2488 2191 2519 sunt

65 2543 175 2575 simul
205 2541 446 2580 sanctificati,
478 2542 565 2581 quia
594 2542 720 2573 levitae
755 2549 882 2573 omnes
916 2541 1028 2572 simul
1055 2540 1278 2573 sanctificati
1301 2542 1402 2572 sunt.
1430 2531 1464 2557 12
1482 2539 1530 2572 Et
1558 2539 1855 2572 immolaverunt
1880 2539 1997 2573 Phase
2021 2539 2190 2572 universi

67 2595 131 2628 filii
152 2593 405 2634 captivitatis,
439 2596 476 2626 et
500 2593 685 2625 fratribus
713 2595 790 2626 suis
824 2593 1095 2633 sacerdotibus,
1130 2594 1169 2624 et.
1192 2591 1447 2632 sibimetipsis.
1481 2583 1514 2610 ¹³
1537 2592 1586 2624 Et
1611 2591 1931 2624 manducaverunt
1962 2592 2030 2625 filii
2055 2591 2191 2633 Israel,

70 2648 130 2687 qul
156 2648 265 2679 erant
290 2654 335 2678 ex
359 2646 599 2686 captivitate,
625 2653 753 2678 omnes
778 2647 842 2685 qui
868 2646 1126 2678 remanserant
1149 2645 1196 2676 ab
1224 2645 1400 2677 omnibus
1429 2644 1730 2678 execrationibus
1754 2643 1924 2683 gentium
1947 2646 2060 2677 terrae
2088 2651 2190 2684 quae·

67 2700 189 2733 rentes
224 2699 444 2738 Dominum,
478 2689 511 2716 14
539 2701 578 2731 et
609 2698 894 2731 celebraverunt
929 2697 1027 2730 diem
1060 2697 1201 2729 testum
1235 2705 1470 2738 azymorum,
1495 2699 1635 2737 septem
1661 2696 1789 2728 diebus
1813 2697 2006 2737 epulantes
2036 2695 2076 2729 in
2107 2704 2191 2729 con·

68 2753 194 2792 spectu
219 2750 386 2790 Domini,
414 2742 448 2769 15
468 2751 645 2790 quoniam
671 2751 858 2783 convertit
892 2750 1090 2782 consilium
1113 2750 1214 2789 regis
1238 2748 1478 2790 Assyriorum
1502 2750 1542 2781 in
1567 2757 1647 2790 eos,
1671 2749 1882 2782 confortare
1905 2756 2037 2782 manus
2059 2756 2192 2782 eorum

72 2805 112 2837 ad
131 2811 241 2843 opera
263 2803 416 2835 Domini
438 2803 505 2835 Dei
526 2803 652 2835 Israel.

1078 2853 1102 2910 ξ
1134 2853 1214 2896 lv.

119 2964 205 2996 CAP.
233 2963 334 2995 VIII.
357 2981 398 2985 —-
420 2953 432 2979 ¹
451 2963 500 2994 Et
524 2965 607 3002 post
630 2962 727 2994 hunc
751 2964 932 3001 regnante
958 2961 1177 2999 Artaxerxe,
1198 2960 1401 2992 Persarum
1425 2967 1522 2999 rege,
1547 2959 1702 2991 accessit
1728 2958 1876 2997 Esdras,
1901 2957 1997 2990 filius
2022 2956 2187 2996 Azariae,

70 3016 135 3048 filii
161 3016 320 3054 Helene,
348 3015 416 3046 iilii
442 3014 603 3053 solome,
629 3006 646 3032 ²
663 3014 731 3046 filii
757 3013 882 3053 Sadoc,
909 3013 975 3045 filii
1001 3012 1173 3051 Achitob,
1198 3012 1268 3043 filii
1288 3011 1429 3050 Amen,
1454 3011 1523 3043 filii
1544 3010 1694 3049 Azahel‚
1715 3009 1782 3042 filii
1806 3010 1925 3049 Bocci,
1950 3009 2020 3041 filii
2040 3009 2189 3048 Abisue‚

70 3067 134 3099 tilii
159 3067 334 3106 Phinees,
358 3066 425 3099 filii
456 3066 642 3106 Eleazari,
664 3066 730 3098 filii
759 3067 885 3098 Aaron
910 3064 1020 3105 primi
1045 3065 1269 3103 sacerdotis3
1304 3054 1320 3082 3
1337 3063 1399 3095 hic
1428 3063 1562 3095 Esdras
1589 3062 1759 3095 ascendit
1783 3062 1828 3095 de
1856 3062 2080 3102 Babylonia,
2103 3067 2189 3092 cum

71 3122 165 3152 esset
196 3119 318 3151 scriba
348 3122 387 3152 et
414 3118 624 3158 ingeniosus
649 3119 691 3150 in
716 3119 794 3158 lege
826 3117 964 3157 Moysi,
993 3125 1076 3156 quae
1107 3117 1195 3149 data
1223 3118 1282 3149 est
1314 3124 1337 3147 a
1362 3114 1519 3147 Domino
1551 3115 1629 3148 Deo
1657 3114 1797 3153 Israel,
1831 3114 1960 3146 docere
1991 3115 2028 3146 et
2054 3112 2187 3145 faeere.

73 3165 88 3188 ⁴
107 3172 155 3203 Et
180 3171 280 3203 dedit
296 3172 330 3204 ei
355 3179 420 3203 rex
444 3170 613 3210 gloriam,
639 3171 739 3210 quod
755 3171 959 3202 invenisset
982 3169 1145 3209 gratiam
1171 3169 1209 3200 in
1234 3169 1335 3200 omni
1356 3168 1545 3206 dignitate
1563 3170 1602 3200 et
1622 3167 1804 3199 desiderio
1824 3165 1864 3198 in
1880 3165 2077 3205 conspectu
2097 3165 2188 3204 ejus.

75 3219 88 3241 0
109 3224 156 3255 Et
179 3224 429 3256 ascenderunt
461 3223 573 3255 simul
602 3231 686 3255 cum
710 3223 789 3262 ipso
817 3230 863 3255 ex
890 3222 979 3254 filiis
1011 3221 1144 3261 Israel,
1171 3223 1208 3254 et
1233 3219 1502 3259 sacerdotibus,
1530 3221 1568 3252 et
1593 3219 1738 3258 levitis,
1767 3219 1805 3251 et
1837 3216 1946 3250 sacris
1971 3216 2189 3248 cantoribus

75 3275 220 3315 templi,
244 3279 282 3308 et
307 3275 491 3314 ostiariis,
512 3277 551 3308 et
574 3275 690 3307 servis
715 3275 847 3314 templi
871 3274 909 3306 in
933 3274 1153 3306 Jerusalem.
1180 3264 1197 3291 ⁶
1218 3273 1328 3305 Anno
1352 3271 1508 3311 septimo
1536 3275 1716 3311 regnante
1741 3270 1968 3307 Artaxerxe,
1993 3268 2031 3300 in
2058 3267 2190 3307 quinto

76 3335 213 3367 mense,
239 3328 301 3360 hic
326 3336 446 3360 annus
477 3328 658 3367 septimus
681 3330 739 3360 est
764 3327 889 3366 regni,
918 3328 1094 3358 exeuntes
1119 3326 1163 3358 de
1188 3324 1391 3364 Babylonia
1419 3324 1614 3356 novilunio
1643 3322 1766 3363 quinti
1794 3320 1946 3360 mensiS,
1968 3310 1985 3337 ⁷
2005 3322 2190 3353 venerunt

75 3378 341 3418 Jerosolymam
365 3381 473 3419 juxta
496 3383 724 3419 praeceptum
749 3379 860 3419 illius,
881 3379 1084 3411 secundum
1105 3376 1390 3417 prosperitatem
1413 3375 1560 3409 itineris
1581 3384 1602 3408 a
1621 3374 1777 3408 Domino
1796 3373 1958 3414 ipsorum
1977 3372 2106 3405 datam
2124 3373 2190 3406 eis.

82 3422 99 3447 ⁸
115 3430 158 3461 In
178 3430 233 3462 liis
253 3433 352 3464 enim
375 3432 508 3464 Esdras
529 3440 701 3471 magnam
726 3431 955 3471 disciplinam
980 3430 1184 3469 obtinebat,
1199 3437 1243 3462 ne
1259 3427 1570 3469 praetermitteret
1587 3427 1791 3467 quidquam
1809 3432 1949 3463 eorum,
1967 3432 2050 3464 quae
2066 3425 2191 3458 essent

78 3490 122 3514 ex
145 3482 222 3521 lege
248 3483 392 3515 Domini
416 3487 454 3516 et
470 3485 688 3524 praeceptls,
712 3485 749 3516 et
774 3483 938 3516 docendo
962 3484 1181 3515 universum
1203 3482 1317 3514 Israel
1340 3489 1489 3513 omnem
1510 3479 1695 3520 justitiam
1716 3480 1756 3511 et
1776 3476 1963 3517 judicium.

130 3524 146 3551 ⁹
163 3534 386 3567 Accedentcs
410 3539 554 3576 autem,
579 3536 642 3575 qui
667 3536 882 3568 scribebant
913 3535 1053 3574 scripta
1081 3533 1302 3566 Artaxerxis
1333 3533 1448 3572 regis,
1481 3530 1721 3564 tradiderunt
1751 3528 1928 3568 scriptum
1956 3528 2057 3569 quod
2079 3527 2189 3562 obve-

78 3587 185 3618 nerat
219 3586 264 3618 ab
294 3589 498 3620 Artaxerxe
522 3595 607 3627 rege
631 3588 677 3620 ad
712 3587 866 3620 Esdram
898 3587 1146 3626 sacerdotem,
1174 3588 1212 3619 et
1241 3586 1419 3618 lectorem
1438 3583 1529 3623 legis
1555 3581 1721 3621 Domini,
1740 3581 1845 3620 cujus
1873 3582 2084 3621 exemplum
2104 3580 2189 3614 sub-

77 3640 214 3672 iectum
235 3642 291 3670 est
313 3647 319 3669 ε
341 3629 374 3655 ¹⁰
393 3638 470 3670 Rex
496 3640 723 3672 Artaxerxes
752 3640 880 3671 Esdrae
902 3639 1099 3678 sacerdoti,
1123 3640 1161 3670 et
1185 3638 1319 3670 lectori
1343 3637 1435 3676 legis
1463 3634 1623 3673 Domini,
1648 3634 1819 3666 salutem.
1846 3624 1873 3651 ¹¹
1892 3634 2100 3666 Humanior
2120 3641 2188 3673 ego
