2423 3861
570 195 754 237 MA'r'rli.
791 189 991 247 XXVII,
1027 194 1082 236 60
1114 219 1170 223 —
1206 193 1435 246 XXVIII,
1468 192 1534 234 20.
1856 191 1964 234 11:29

139 371 325 422 accepto
352 379 543 422 corpore,
563 364 591 407 J
595 364 729 421 oseph
751 363 940 407 involvit
964 363 1074 405 illud
1093 363 1138 405 in
1156 362 1342 405 sindone
1360 361 1539 405 munda.
1559 360 1596 388 66
1616 362 1670 403 Et
1692 360 1838 417 posuit
1855 361 1964 404 illud

143 426 189 468 in
225 429 511 467 monumento
547 436 625 466 suo
662 436 794 478 novo,
830 421 946 478 quod
980 421 1206 465 exciderat
1239 421 1284 464 in
1318 427 1454 478 petra.
1491 422 1547 463 Et
1578 419 1780 463 advolvit
1809 433 1965 462 saxum

144 497 357 539 magnum
383 483 439 525 ad
465 482 628 525 ostium
653 481 942 536 monument-i,
961 486 1004 524 et
1025 480 1151 524 abiit.
1170 479 1202 506 ⁰¹
1226 481 1333 522 Erat
1353 486 1503 523 autem
1526 479 1585 521 ibi
1612 478 1753 521 Maria
1780 478 1964 534 Magda-

142 542 264 595 lene,
292 547 336 585 et
359 541 499 585 altera
525 541 686 595 Maria,
713 541 915 583 sedentes
942 545 1094 582 contra
1120 538 1383 595 sepulcrum.

201 600 238 627 ⁶²
257 601 411 644 Altera
436 605 584 643 autem
619 600 709 653 dic,
736 614 834 655 quae
861 604 928 642 est
953 603 1052 654 post
1078 598 1373 652 parasceven,
1410 603 1712 640 convenerunt
1745 596 1965 654 principes

142 659 420 703 sacerdotum
443 665 486 703 et
504 659 709 715 pharisaei
732 658 788 701 ad
815 657 1024 711 Pilatum,
1043 656 1080 682 63
1098 656 1294 699 dicentes
1315 672 1323 698 :
1349 656 1550 711 Domine,
1573 657 1790 700 recordati
1812 668 1964 698 sumus

142 718 245 774 quia
270 718 475 761 seductor
503 718 579 761 ille
610 717 723 760 dixit
755 716 902 759 adhuc
928 715 1109 758 vivens:
1141 714 1247 757 Post
1277 719 1364 757 tres
1399 714 1492 757 dies
1525 730 1764 770 resurgam.
1792 714 1828 742 ⁶⁴
1850 715 1967 758 Jube

142 791 245 832 ergo
271 777 481 820 custodiri
509 776 759 833 sepulcrum
794 788 930 830 usque
960 774 1005 815 in
1032 773 1148 816 diem
1174 773 1374 828 tertium,
1402 787 1456 815 ne
1481 774 1597 816 forte
1626 775 1807 817 veniant
1836 773 1964 816 disci-

141 835 232 892 puli
260 836 377 892 ejus,
408 842 451 878 et
476 835 680 878 furentur
705 848 827 889 eum,
854 838 898 876 et
933 832 1084 875 dicant
1108 831 1227 888 plebi
1254 848 1262 875 :
1287 832 1487 875 Surrexit
1519 846 1544 873 a
1576 834 1783 887 mortuis3
1813 838 1857 876 et
1885 832 1967 875 erit

143 895 408 938 novissimus
435 908 551 937 error
569 894 693 950 pejor
714 892 868 949 priore.
888 891 924 918 ⁶5
939 890 1018 933 Ait
1039 890 1128 933 illis
1156 890 1325 933 Pilatus
1346 907 1354 935 :
1383 891 1571 933 Habetis
1594 892 1842 934 custodiam
1861 909 1869 945 ;
1892 891 1966 946 ite,

142 954 359 996 custodite
384 953 499 995 sicut
521 952 656 994 scitis.
677 951 713 977 66
732 951 805 993 1111
827 955 978 993 autem
997 949 1211 992 abeuntes
1231 949 1485 992 munierunt
1503 949 1768 1005 sepulcrum,
1788 951 1967 1006 signan-

140 1017 207 1055 tes
232 1012 448 1068 lapidem,
475 1025 575 1053 cum
606 1010 876 1053 custodibus.

751 1171 965 1227 PARS
1019 1172 1367 1238 QUARTA

453 1298 732 1337 cnmsrl
782 1296 1267 1336 RESURRECTIO
1319 1296 1663 1336 cLoRmsA

200 1428 307 1470 ΕΑΓ.
334 1427 560 1468 XXVIII.
583 1453 641 1457 —
666 1425 674 1450 ¹
698 1426 890 1482 Vespere
915 1434 1065 1467 autem
1092 1424 1266 1466 sabbati
1294 1439 1392 1479 quae
1415 1423 1599 1467 lucescit
1624 1423 1670 1466 in
1700 1425 1841 1479 prima
1871 1425 1968 1467 sab-

137 1484 252 1539 bati,
288 1483 411 1525 venit
457 1484 597 1526 Maria
640 1483 906 1538 Magdalene
947 1490 990 1527 et
1034 1484 1173 1528 altera
1215 1483 1358 1526 Maria
1390 1482 1541 1525 videre
1577 1482 1843 1538 sepulcrum.
1870 1482 1887 1509 '2
1917 1485 1973 1526 Et

139 1556 241 1585 ecce
275 1546 550 1584 terraemotus
580 1542 728 1584 factus
755 1547 820 1584 est
854 1556 1055 1597 magnus.
1080 1541 1280 1596 Angelus
1306 1541 1424 1583 enim
1458 1540 1639 1583 Domini
1664 1541 1893 1585 descendit
1919 1542 1972 1586 de

138 1604 267 1658 caelo,
295 1608 340 1645 et
364 1601 580 1645 accedens
605 1601 795 1644 revolvit
821 1601 1036 1658 lapidem,
1057 1607 1100 1644 et
1125 1601 1310 1644 sedebat
1339 1615 1468 1657 super
1494 1615 1608 1644 eum.
1635 1600 1652 1627 3
1677 1601 1785 1643 Erat
1818 1607 1967 1646 autem

137 1667 340 1718 aspectus
365 1661 463 1717 ejus
492 1660 608 1703 sicut
637 1660 804 1716 fulgur,
838 1666 881 1703 et
908 1660 1223 1703 vestimentum
1255 1661 1350 1715 ejus
1376 1660 1491 1702 sicut
1524 1660 1614 1703 nix.
1641 1659 1658 1685 4
1684 1660 1781 1703 Prae
1811 1661 1968 1705 timore

135 1726 285 1764 autem
311 1720 408 1776 ejus
431 1720 627 1763 exterriti
653 1724 757 1762 sunt
787 1719 1011 1775 custodes,
1037 1724 1080 1762 et
1104 1719 1217 1761 facti
1244 1724 1346 1760 sunt
1371 1717 1494 1761 velut
1527 1718 1701 1761 mortui.
1729 1719 1746 1745 5
1773 1721 1967 1776 Respon-

136 1780 244 1823 dens
269 1784 419 1822 autem
440 1779 640 1834 angelus,
660 1778 775 1821 dixit
801 1778 1061 1821 mulieribus
1083 1795 1091 1821 :
1119 1777 1269 1820 Nolite
1294 1777 1449 1820 timere
1467 1792 1569 1832 vos3
1594 1778 1684 1821 scio
1708 1778 1826 1821 enim
1851 1780 1968 1834 quod

136 1839 292 1883 Jesum
325 1838 399 1894 qui
433 1838 667 1881 crucifixus
701 1843 767 1881 est
802 1837 1011 1893 quaeritis.
1039 1838 1056 1864 6
1082 1838 1182 1880 Non
1217 1842 1284 1880 est
1316 1837 1388 1879 hic
1415 1854 1423 1880 ε
1457 1837 1647 1880 surrexit
1676 1837 1817 1894 enim,
1853 1838 1967 1881 sicut

137 1897 264 1941 dixit.
290 1897 472 1952 Venite,
499 1902 543 1940 et
564 1897 712 1940 videte
737 1897 885 1939 locum
907 1896 981 1939 ubi
1008 1896 1178 1953 positus
1200 1902 1294 1939 erat
1321 1896 1551 1941 Dominus.
1576 1896 1591 1922 ⁷
1611 1898 1669 1939 Et
1691 1897 1778 1940 cito
1799 1902 1966 1953 euntes,

136 1957 270 2000 dicite
304 1957 534 2013 discipulis
560 1957 656 2012 ejus
683 1956 785 2012 quia
818 1956 1028 2009 surrexit,
1064 1962 1107 1999 et
1140 1970 1242 1999 ecce
1275 1955 1490 2012 praecedit
1518 1971 1596 1999 vos
1626 1956 1670 1998 in
1702 1956 1963 2012 Galilaeam3

135 2016 197 2059 ibi
222 2030 324 2059 eum
346 2015 583 2059 videbitis:
611 2030 713 2059 ecce
745 2015 931 2072 praedixi
960 2015 1097 2058 vobis.
1125 2015 1141 2041 8
1164 2016 1221 2057 Et
1244 2015 1446 2058 exierunt
1474 2016 1561 2059 cito
1595 2016 1649 2059 de
1680 2021 1967 2060 monumento

136 2090 238 2119 cum
266 2075 423 2118 timore
457 2080 500 2118 et
533 2075 696 2130 gaudio
730 2089 913 2131 magno,
950 2080 1174 2118 currentes
1212 2074 1417 2117 nuntiare
1448 2075 1676 2131 discipulis
1714 2075 1826 2130 ejus.
1859 2075 1877 2101 9
1909 2077 1968 2119 Et

135 2149 236 2179 ecce
263 2136 394 2178 Jesus
423 2135 613 2177 occurrit
645 2134 755 2189 illis,
783 2134 961 2177 dicens:
990 2135 1144 2177 Avete.
1181 2133 1281 2175 11]ae
1311 2139 1463 2177 autem
1495 2139 1799 2189 accesserunt,
1829 2138 1873 2177 et
1901 2138 1964 2178 te-

135 2198 326 2237 nuerunt
350 2194 483 2251 pedes
514 2193 630 2249 ejus,
662 2199 704 2236 et
729 2193 1027 2236 adoraverunt
1060 2207 1174 2236 eum.
1202 2192 1237 2218 '¹⁰
1253 2192 1378 2236 Tunc
1412 2193 1476 2235 ait
1506 2193 1595 2235 illis
1620 2194 1649 2236 ,J
1654 2206 1783 2236 esus:
1816 2193 1967 2237 Nolite

135 2253 317 2308 timere;
359 2253 445 2307 ite,
487 2253 690 2295 nuntiate
733 2252 948 2294 fratribus
990 2253 1098 2295 meis
1144 2258 1192 2294 ut
1238 2257 1341 2294 eant
1387 2252 1433 2293 in
1475 2252 1736 2309 Galilaeam,
1793 2251 1855 2295 ibi
1896 2266 1966 2295 me

123 2311 364 2358 -videbunt.

196 2371 227 2399 ¹¹
248 2373 354 2423 Quae
386 2386 486 2416 cum
516 2373 750 2429 abiissent,
778 2388 880 2418 ecce
915 2374 1097 2430 quidam
1128 2373 1182 2417 de
1212 2374 1470 2417 custodibus
1497 2380 1712 2417 venerunt
1736 2374 1783 2417 in
1810 2374 1965 2419 civita-

135 2440 246 2487 tem,
274 2437 317 2475 et
346 2433 664 2476 nuntiaverunt
689 2433 964 2490 principibus
999 2433 1280 2476 sacerdotum
1313 2433 1461 2476 omnia
1495 2448 1592 2488 quae
1622 2434 1746 2476 facta
1773 2434 1965 2478 fuerant.

137 2491 171 2518 ¹2
196 2492 254 2534 Et
288 2492 547 2548 congregati
585 2507 685 2535 cum
718 2493 988 2548 senioribus,
1021 2493 1206 2536 consilio
1240 2497 1444 2549 accepto,
1474 2493 1708 2548 pecuniam
1743 2493 1967 2550 copiosam

135 2550 352 2594 dederunt
375 2551 615 2607 militibus,
641 2551 677 2578 13
691 2552 888 2595 dicentes
909 2570 917 2597 ε
947 2552 1096 2596 Dicite
1123 2552 1226 2608 quia
1252 2551 1458 2607 discipuli
1481 2552 1578 2608 ejus
1600 2557 1730 2595 nocte
1751 2560 1968 2596 Venerunt

135 2615 179 2653 et
203 2610 343 2653 furati
376 2616 480 2653 sunt
513 2625 636 2665 eum,
663 2611 790 2655 nobis
826 2611 1162 2655 dormientibus.
1198 2610 1233 2637 14
1259 2611 1318 2653 Et
1350 2611 1386 2653 si
1419 2611 1501 2653 hoc
1535 2611 1739 2654 auditum
1771 2612 1909 2655 fuerit
1941 2628 1967 2656 a

134 2669 345 2726 praeside,
376 2684 454 2713 nos
480 2671 766 2714 suadebimus
793 2672 853 2727 ei,
886 2677 930 2714 et
955 2685 1130 2714 securos
1155 2684 1233 2713 vos
1267 2669 1500 2713 faciemus.
1530 2671 1564 2697 15
1583 2672 1644 2713 At
1668 2670 1755 2727 illi,
1782 2677 1967 2729 accepta

134 2728 347 2787 pecunia,
378 2730 584 2773 fecerunt
615 2730 730 2773 sicut
763 2737 888 2775 erant
920 2730 1080 2774 edocti.
1120 2730 1179 2772 Et
1213 2729 1497 2785 divulgatum
1531 2736 1597 2773 est
1629 2730 1816 2773 verbum
1849 2731 1966 2774 istud

134 2787 253 2844 apud
275 2788 304 2830 J
308 2788 459 2832 udaeos
481 2804 618 2845 usque
643 2790 688 2832 in
714 2790 977 2834 hodiernum
1003 2791 1134 2836 diem.

196 2846 231 2873 16
250 2848 472 2891 Undecim
497 2854 648 2891 autem
671 2850 876 2907 discipuli
898 2851 1104 2894 abierunt
1129 2852 1176 2895 in
1204 2851 1455 2908 Galilaeam,
1477 2852 1522 2893 in
1546 2857 1742 2894 montem
1768 2851 1842 2893 ubi
1865 2865 1967 2894 0011-

135 2906 340 2950 stituerat
374 2907 464 2950 illis
499 2908 643 2951 Jesus.
686 2908 718 2935 '¹⁷
748 2910 805 2951 Et
841 2910 1045 2953 videntes
1081 2926 1206 2968 eum,
1240 2911 1560 2966 adoraverunt3
1600 2911 1782 2966 quidam
1817 2916 1968 2953 autem

132 2966 463 3010 dubitaverunt.
490 2967 524 2993 ’18
544 2967 601 3009 Et
623 2969 839 3012 accedens
865 2970 894 3012 J
897 2984 995 3012 esus
1018 2970 1190 3014 locutus
1219 2975 1285 3014 est
1307 2971 1390 3026 eis,
1418 2970 1568 3013 dicens
1591 2987 1599 3013 :
1629 2971 1746 3012 Data
1769 2975 1834 3012 est
1857 2969 1969 3011 mihi

135 3026 277 3069 omnis
299 3032 495 3082 potestas
520 3027 565 3068 in
593 3026 701 3069 caelo
727 3032 770 3070 et
798 3027 845 3071 in
875 3033 1003 3071 terra.
1032 3029 1068 3055 '¹⁰
1086 3031 1255 3073 Euntes
1282 3043 1406 3085 ergo,
1431 3030 1583 3072 docete
1614 3043 1765 3071 omnes
1790 3034 1966 3084 gentes,

135 3084 413 3142 baptizantes
435 3100 507 3129 eos
534 3086 579 3129 in
607 3086 784 3130 nomine
810 3087 977 3143 Patris,
1005 3093 1049 3131 et
1075 3088 1201 3145 Filii,
1229 3094 1272 3132 et
1299 3088 1487 3145 Spiritus
1513 3089 1680 3141 sancti3
1709 3087 1967 3130 ι21)(100011100

133 3158 207 3187 eos
229 3158 404 3188 servare
430 3145 581 3188 omnia
608 3160 895 3202 quaecumque
921 3147 1132 3190 mandavi
1151 3147 1292 3191 vobis.
1314 3149 1371 3190 Et
1390 3161 1491 3190 ecce
1519 3161 1599 3202 ego
1619 3147 1848 3188 vobiscum
1871 3161 1968 3187 suin

136 3203 339 3246 omnibus
366 3204 543 3260 diebus,
568 3219 703 3260 usque
728 3204 785 3248 ad
809 3206 1240 3250 consummationem
1265 3206 1433 3250 saeculi.

140 3361 170 3395 1]
184 3362 284 3391 Marc.
302 3363 395 3399 XVI,
415 3367 437 3392 1.
455 3365 552 3393 Joan.
569 3364 645 3398 XX,
664 3367 708 3393 ll.
725 3378 759 3384 -
779 3364 824 3397 19]
847 3363 946 3391 Marc.
966 3363 1057 3399 XVI,
1075 3367 1118 3393 15.

870 3580 1232 3618 “sfffiffl'assd

2076 605 2236 633 Custodia

2077 648 2231 681 sepulcri.

2037 1433 2103 1462 Piae
2116 1432 2275 1461 mulieres

2063 1478 2255 1509 sepulcrum

2074 1520 2239 1549 invisunt.

2076 2380 2119 2408 Cu
2126 2379 2241 2408 stodes

2082 2422 2230 2456 sepulcri

2033 2467 2176 2501 pecunia
2208 2473 2278 2495 cor-

2104 2510 2206 2543 rupti.

2078 2856 2232 2885 Chi-istm

2069 2900 2241 2928 redivivus

2085 2949 2223 2977 apparet

2034 2988 2212 3020 discipulis
2241 2987 2275 3016 in

2082 3032 2227 3061 Galilaea.
