2456 3861
701 146 973 202 11R1z‹2.1‚
1010 148 1061 190 19
1095 172 1151 180 —-
1184 147 1252 201 ΙΙ,
1291 147 1356 188 11.
1850 144 1935 188 287

504 315 761 371 Considera,
790 316 948 371 Israel,
976 331 1052 373 pro
1074 316 1142 359 his
1168 315 1241 372 qui
1268 315 1426 358 mortui
1452 319 1556 357 sunt

685 390 815 432 snper
840 375 1013 419 excelsa
1036 381 1111 417 tua
1133 374 1366 418 vulnerati.

413 432 445 457 ¹⁹
465 433 625 490 lnclyti
656 433 792 476 Israel
817 448 945 490 snper
968 440 1137 477 montes
1163 439 1259 476 tuos
1284 432 1509 476 interfecti
1535 437 1649 475 sunt.

683 493 909 542 Quomodo
931 493 1185 535 ceciderunt
1205 492 1378 536 fortes?

666 551 702 577 9⁰
722 551 869 593 Nolite
893 551 1158 594 annuntiare
1182 551 1227 593 in
1255 552 1392 606 Geth,

522 624 663 665 neque
687 609 960 652 annuntietis
982 609 1026 651 in
1054 609 1258 666 compitis
1285 610 1536 666 Ascalonia,

608 683 662 710 ne
687 668 803 709 forte
828 667 1035 710 laetentur
1058 668 1162 709 filiae
1189 668 1481 724 Philisthiim,

608 740 662 768 ne
684 725 886 768 exultent
906 725 981 767 fili·
973 740 1009 767 ae
1034 725 1456 770 incilcumcisorum.

335 785 367 811 '¹
388 785 560 828 Montes
587 785 774 839 Gelboe,
799 798 879 826 nec
897 797 966 826 ros
992 798 1072 826 nec
1097 784 1249 840 pluvia
1270 786 1451 828 veniant
1475 800 1605 843 8111101
1629 801 1724 843 vos,

675 857 815 898 neque
840 842 930 885 sint
954 842 1049 898 agri
1072 843 1387 899 primitiaium,

559 902 660 958 quia
684 902 746 944 ibi
772 901 975 956 abjectus
1002 905 1068 944 est
1093 901 1273 958 clypeus
1299 903 1370 945 foi
1374 903 1504 958 tium,

507 961 687 1018 clypeus
713 960 838 1015 Saul,
862 960 986 1016 quasi
1012 974 1098 1003 non
1125 965 1238 1003 esset
1266 967 1424 1004 unctus
1450 962 1558 1005 oleo.

447 1018 484 1073 ⁶2?
502 1022 543 1063 A
564 1020 781 1075 sanguine
805 1019 1164 1074 interfectorum,
1190 1020 1247 1062 ab
1276 1021 1407 1077 adipe
1432 1021 1617 1063 fortium

503 1079 669 1134 sagitta
690 1079 717 1122 J
723 1078 898 1121 onathae
924 1092 1150 1134 nunquam
1171 1078 1302 1122 rediit
1326 1084 1586 1135 retrorsum,

548 1144 590 1180 et
612 1137 788 1194 gladius
810 1137 915 1181 Saul
940 1151 1027 1180 non
1054 1142 1119 1180 est
1139 1152 1337 1181 reversus
1362 1139 1521 1182 inanis.

402 1195 438 1222 23
456 1196 558 1240 Saul
584 1202 628 1239 et
653 1196 871 1240 Jonathas
896 1196 1112 1239 amabiles
1135 1202 1178 1239 et
1202 1197 1348 1240 decori
1374 1198 1420 1240 in
1448 1198 1539 1241 vita
1563 1213 1660 1255 sua,

615 1256 661 1298 in
687 1262 827 1299 morte
852 1269 1024 1312 quoque
1045 1270 1132 1298 non
1158 1261 1261 1298 sunt
1286 1257 1416 1300 divisi
1443 1275 1451 1301 :

579 1315 739 1370 aquilis
764 1314 1024 1370 velociores,
1052 1315 1251 1358 leonibus
1275 1316 1493 1360 fortiores.

632 1373 667 1400 '2²
687 1374 815 1417 Filiae
842 1373 1000 1429 Israel,
1027 1388 1157 1430 super
1183 1375 1286 1418 Saul
1307 1375 1429 1431 flete,

579 1433 651 1489 qui
674 1433 893 1476 vestiebat
918 1447 994 1475 vos
1018 1433 1197 1476 coccino
1220 1434 1266 1476 in
1292 1434 1484 1491 deliciis,

485 1507 557 1548 qul
577 1491 805 1549 plaebebat
826 1496 1086 1534 ornamenta
1110 1506 1242 1535 aurea
1265 1493 1403 1536 cultui
1427 1499 1587 1536 vesti-,o

557 1550 816 1602 Quomodo
843 1550 1097 1593 ceciderunt
1117 1551 1188 1593 for
1192 1556 1256 1593 tes
1276 1551 1322 1593 in
1344 1552 1532 1608 praelio?

589 1609 843 1653 Jonathas
833 1624 878 1651 111
905 1608 1090 1652 excelsis
1116 1609 1202 1652 tuis
1228 1611 1399 1654 occisus
1424 1617 1506 1657 est.

574 1668 610 1695 ‘2⁶
628 1669 768 1712 Doleo
792 1683 922 1725 super
942 1674 1006 1723 te,
1032 1668 1172 1711 frater
1197 1669 1256 1711 mi
1279 1670 1307 1712 J
1313 1671 1496 1726 onatha,

408 1728 563 1771 decore
584 1728 716 1771 nimis
742 1733 786 1771 et
809 1727 1016 1770 amabilis
1041 1742 1171 1784 super
1194 1743 1391 1772 amorem
1416 1730 1665 1773 mulierum.

544 1787 667 1831 Sicut
692 1792 833 1830 mater
857 1787 1040 1830 unicum
1064 1792 1186 1829 amat
1210 1787 1351 1830 filium
1372 1803 1522 1845 suum,

773 1847 837 1889 ita
863 1860 945 1902 ego
969 1851 1013 1889 te
1039 1845 1295 1902 diligebam.

649 1905 682 1932 ²7
702 1905 929 1956 Quomodo
955 1905 1210 1948 ceciderunt
1234 1907 1423 1963 robusti,

706 1971 749 2008 et
774 1964 997 2022 perierunt
1017 1979 1140 2007 arma
1165 1964 1362 2008 bellica?

324 2112 346 2164 ξ
369 2109 430 2152 Π.
452 2134 513 2141 -
536 2107 695 2150 David
717 2121 793 2150 rem
817 2108 864 2150 in
887 2107 1092 2162 Hebron,
1122 2107 1318 2151 Isboseth
1341 2123 1416 2152 rex
1439 2124 1568 2165 super
1592 2105 1767 2153 Israel.'

182 2232 288 2276 CAP.
327 2231 390 2273 ΙΙ.
427 2229 536 2273 ——‚¹
560 2229 705 2285 Igitur
745 2235 843 2286 post
882 2229 980 2272 haec
1018 2230 1239 2273 consuluit
1278 2231 1424 2274 David
1463 2231 1705 2274 Dominum
1746 2230 1897 2274 dicens
1935 2247 1944 2276 :

122 2291 243 2333 Num
265 2289 505 2332 ascendam
526 2288 572 2330 in
600 2303 734 2330 unam
760 2288 814 2331 de
841 2288 1098 2331 civitatibus
1120 2289 1274 2333 Juda‘?
1302 2291 1360 2332 Et
1381 2290 1446 2332 ait
1477 2290 1693 2333 Dominus
1718 2290 1775 2332 ad
1805 2305 1906 2333 eum
1935 2306 1944 2334 :

123 2349 341 2392 Ascende.
366 2348 579 2403 Dixitque
603 2347 749 2390 David
775 2364 783 2391 ε
807 2348 899 2397 Quo
926 2347 1201 2390 ascendam?
1230 2350 1286 2391 Et
1311 2349 1537 2405 respondit
1564 2349 1602 2392 ei
1629 2366 1637 2393 :
1669 2350 1722 2392 In
1750 2349 1945 2393 Hebron.

120 2407 141 2433 2
170 2408 386 2451 Ascendit
421 2421 523 2462 ergo
557 2406 704 2449 David
739 2411 783 2449 et
819 2406 920 2448 duae
957 2420 1114 2448 uxores
1145 2407 1262 2463 ejus,
1300 2408 1550 2451 Achinoam
1585 2408 1865 2463 Jezraelites,
1904 2414 1945 2451 et

124 2466 326 2522 Abigail,
365 2480 475 2509 uxor
509 2465 654 2509 Nabal
691 2465 912 2520 Carmeli·
948 2465 966 2491 3
994 2465 1071 2508 sed
1105 2470 1148 2508 et
1184 2466 1300 2510 viros
1334 2467 1406 2523 qui
1445 2472 1570 2510 erant
1603 2482 1703 2510 cum
1736 2481 1786 2510 eo
1820 2467 1946 2509 duxit

125 2526 271 2569 David
312 2525 511 2581 singulos
561 2539 661 2568 cum
707 2524 838 2567 domo
885 2539 991 2580 sua3
1043 2530 1086 2567 et
1134 2531 1392 2568 manserunt
1434 2526 1480 2568 in
1530 2526 1702 2582 oppidis
1749 2526 1944 2569 Hebron.

123 2584 140 2611 4
159 2586 196 2627 V
201 2591 471 2640 eneruntque
491 2583 575 2626 viri
593 2584 621 2626 J
626 2583 726 2639 uda
754 2588 797 2626 et
818 2588 1038 2626 unxerunt
1061 2582 1123 2625 ibi
1150 2584 1297 2626 David
1320 2590 1368 2626 ut
1389 2591 1593 2640 r·egna1et
1617 2599 1747 2641 snpel
1768 2585 1946 2627 domum

123 2643 255 2686 Juda.

183 2704 240 2745 Et
276 2702 531 2745 nuntiatum
572 2708 638 2746 est
676 2703 823 2746 David
865 2702 979 2758 quod
1018 2701 1101 2744 viri
1142 2702 1490 2747 Jabes-Galaad
1527 2703 1788 2759 sepelissent
1827 2703 1944 2746 Saul.

124 2762 141 2788 ⁵
164 2761 288 2804 Misit
324 2775 426 2817 ergo
464 2761 611 2804 David
647 2762 825 2805 nuntios
858 2761 914 2804 ad
947 2761 1062 2803 viros
1096 2761 1465 2818 ‹labes-Galaad,
1501 2762 1701 2818 dixitque
1732 2762 1789 2804 ad
1823 2776 1895 2805 eos
1937 2779 1944 2806 :

126 2820 357 2863 Benedicti
398 2835 476 2864 vos
510 2821 722 2876 Domino,
761 2821 833 2876 qui
875 2819 1048 2863 fecistis
1086 2820 1434 2863 misericordiam
1470 2823 1584 2864 hanc
1622 2835 1724 2864 cum
1767 2820 1945 2864 domino

122 2884 268 2922 vestro
297 2879 420 2935 Saul,
455 2885 498 2923 et
531 2880 749 2936 sepelistis
779 2894 892 2922 eum.
928 2879 945 2905 6
963 2880 1020 2921 Ε1
1051 2894 1168 2922 1111110
1200 2880 1414 2923 retribuet
1439 2880 1564 2923 vobis
1590 2880 1769 2936 quidem
1795 2880 1946 2923 Domi-

124 2952 205 2980 nus
228 2938 576 2981 misericordiam
593 2944 637 2982 et
650 2940 897 2992 veritatem,
913 2938 990 2981 sed
1005 2943 1048 2981 et
1062 2953 1142 2994 ego
1165 2938 1349 2982 reddam
1367 2940 1559 2995 gratiam
1575 2954 1625 2983 eo
1639 2939 1754 2995 quod
1772 2939 1945 2982 fecistis

124 2997 306 3040 verbum
340 2997 474 3041 istud.
501 2996 516 3023 7
536 2997 852 3041 Confortentur
877 3003 1245 3053 manusvestrae,
1281 3004 1323 3041 et
1356 3004 1494 3042 estote
1524 2999 1603 3041 filii
1636 2998 1942 3051 fortitudinis3

125 3055 229 3099 licet
250 3056 368 3099 enim
391 3061 588 3099 mortuus
613 3057 672 3099 sit
697 3057 901 3100 dominus
928 3064 1072 3098 vester
1089 3056 1206 3112 Saul,
1233 3063 1383 3100 tamen
1406 3072 1476 3101 me
1497 3058 1626 3100 unxit
1648 3057 1804 3101 domus
1827 3057 1943 3100 Juda

124 3114 170 3156 in
194 3129 344 3170 regem
369 3114 466 3158 sibi.

185 3173 202 3200 8
221 3174 372 3217 Abner
397 3180 546 3218 autem
568 3175 683 3218 filius
707 3177 808 3231 Ner,
832 3175 1034 3232 princeps
1061 3176 1277 3219 exercitus
1305 3177 1423 3232 Saul,
1449 3177 1553 3219 tulit
1575 3176 1780 3219 Isboseth
1805 3176 1944 3218 filium

124 3232 242 3286 Saul,
270 3238 314 3275 et
340 3233 638 3277 circumduxit
659 3249 759 3277 eum
785 3249 861 3291 1>01
887 3239 1041 3291 038113,
1065 3234 1332 3291 9regemque
1354 3235 1585 3279 constituit
1606 3249 1736 3292 super
1757 3234 1942 3289 Galaad,

126 3297 170 3334 et
192 3305 323 3348 super
345 3293 537 3348 Gessuri,
565 3300 608 3336 01
629 3307 759 3350 super
784 3294 811 3336 J
817 3293 970 3347 ezrael,
994 3299 1039 3336 01
1059 3308 1188 3351 super
1214 3295 1441 3351 Ephraim,
1469 3300 1512 3338 et
1536 3308 1666 3350 super
1692 3293 1942 3349 Benjamin,

125 3355 168 3392 et
192 3365 322 3407 super
349 3351 486 3394 Israel
517 3352 785 3396 universum.
814 3352 849 3378 10
867 3352 1170 3409 Quadraginta
1198 3367 1415 3395 annorum
1449 3359 1542 3396 erat
1570 3352 1794 3405 Isboseth,
1828 3352 1944 3395 filius

127 3409 251 3464 Saul,
279 3424 379 3452 cum
408 3418 592 3466 regnare
622 3411 827 3468 coepisset
855 3425 986 3467 super
1007 3411 1158 3466 Israel,
1186 3417 1230 3455 01
1255 3412 1424 3455 duobus
1450 3412 1577 3454 annis
1603 3411 1820 3466 regnavit.
1844 3411 1945 3454 Sola

123 3472 274 3510 autem
304 3468 458 3511 domus
496 3470 523 3512 J
530 3469 616 3512 uda
644 3470 909 3525 sequebatur
937 3470 1097 3513 David.
1132 3470 1162 3497 ¹¹
1192 3473 1249 3513 Et
1280 3471 1370 3513 fuit
1398 3485 1604 3513 numerus
1634 3470 1805 3512 dierum
1837 3484 1945 3526 quos

128 3636 158 3668 4]
178 3636 192 3662 1
209 3636 315 3664 Mach.
334 3637 380 3672 11,
395 3641 440 3667 57.

2064 2239 2202 2268 Davidis

2048 2283 2164 2312 unctio
2182 2283 2216 2312 in

2061 2327 2122 2355 He!
2136 2334 2206 2355 rou.

2013 2708 2125 2741 Ipsius
2143 2708 2253 2741 pietas

2012 2751 2044 2779 in
2070 2752 2253 2781 Jabesitas.

2057 3183 2213 3211 Isboseth

2018 3225 2244 3254 constituitur

2043 3277 2104 3298 rex
2121 3278 2221 3303 super

2074 3314 2188 3343 Israel.

2440 0 2456 189 »νον-ἕθφὲζ]

2443 498 2448 508 -
2432 351 2456 467 mnf„
2444 277 2454 324 ,-
2445 206 2454 259 ...τ
