2456 3861
831 147 939 190 σου.
973 147 1105 203 XXI,
1143 147 1301 191 18-24.
1896 149 1980 193 247

162 331 217 360 ne
246 331 333 360 una
361 317 502 360 tribus
530 317 729 361 deleatur
753 332 807 361 ex
830 318 981 362 Israel.
1006 317 1040 345 ¹⁸
1060 317 1198 362 Filias
1219 318 1336 362 enim
1363 323 1533 362 nostras
1558 318 1620 362 eis
1645 319 1749 362 dare
1774 333 1860 363 non
1885 334 1981 376 pos-

160 389 329 431 sumus,
354 376 581 419 constricti
601 376 854 432 juramento
876 382 920 420 et
941 377 1254 421 maledictione
1275 391 1361 434 qua
1382 377 1600 421 diximus:
1624 377 1890 422 Maledictus
1909 380 1979 435 qui

160 433 332 477 dederit
364 435 417 478 de
451 435 625 478 filiabus
661 435 750 478 suis
790 450 971 479 uxorem
1012 436 1281 492 Benjamin!
1325 436 1360 463 ¹⁹
1382 436 1688 493 Ceperuntque
1724 437 1980 493 consilium,

158 497 291 548 atque
320 493 554 537 dixerunt:
587 495 703 537 Ecce
735 494 992 538 solemnitas
1023 495 1202 538 Domini
1237 500 1303 538 est
1333 495 1379 538 in
1411 495 1501 540 Silo
1529 496 1854 552 anniversan‘a,
1885 511 1982 553 quae

158 551 243 594 sita
269 557 335 595 est
356 552 412 595 ad
435 553 779 609 septentrionem
802 553 921 595 urbis
946 553 1123 608 Bethel,
1147 558 1191 596 et
1211 553 1267 596 ad
1290 554 1549 598 orientalem
1574 555 1756 612 plagam
1777 556 1861 599 viae
1884 570 1980 612 quae

158 609 212 653 de
237 611 394 654 Bethel
417 611 561 654 tendit
582 611 638 654 ad
663 611 924 666 Sichimam,
950 618 993 655 et
1017 612 1072 654 ad
1100 612 1330 655 meridiem
1357 613 1505 670 oppidi
1538 614 1742 669 Lebona;
1766 614 1803 641 2⁰
1820 629 1982 671 praece-

157 675 401 752 peruntque
438 669 540 712 filiis
579 669 839 725 Benjamin,
873 676 1005 726 atque
1038 670 1280 714 dixerunt:
1320 672 1414 727 Ite,
1449 677 1493 715 et
1524 673 1699 716 latitate
1735 674 1781 716 in
1810 673 1979 729 vineis;

180 727 401 784 ¹cumque
436 728 635 771 videritis
669 727 782 771 filias
820 729 910 772 Silo
941 729 997 771 ad
1031 728 1256 771 ducendos
1293 731 1446 772 choros
1484 746 1537 774 ex
1570 746 1689 774 more
1722 733 1980 790 procedere,

157 786 275 830 exite
297 792 477 843 repente
503 786 557 830 de
576 786 737 841 vineis,
761 792 804 830 et
824 787 966 844 rapite
989 801 1043 831 ex
1064 787 1126 830 eis
1147 787 1311 843 singuli
1334 802 1490 832 uxores
1511 790 1730 846 singulas,
1749 796 1793 834 et
1814 792 1982 847 pergite

156 845 202 888 in
235 851 394 888 terram
433 845 685 901 Benjamin.
719 844 756 871 ²2
778 847 976 902 Cumque
1009 846 1213 889 venerint
1245 851 1392 902 patres
1425 861 1596 903 earum,
1635 862 1686 891 ac
1720 850 1905 905 fratres,
1940 856 1984 894 et

155 904 390 948 adversum
424 918 502 948 vos
543 904 664 960 queri
701 906 915 963 coeperint
947 911 1080 961 atque
1115 904 1308 962 jurgari,
1343 906 1542 949 dicemus
1579 907 1640 950 eis
1669 924 1678 951 ε
1711 908 1982 951 Miseremini

156 978 330 1019 eorum3
369 977 457 1007 non
493 964 612 1007 enim
648 969 890 1022 rapuerunt
922 979 995 1008 eas
1031 965 1128 1021 jure
1161 963 1425 1007 bellantium
1462 970 1593 1021 atque
1626 966 1869 1022 victorum,
1907 967 1983 1010 sed

154 1023 414 1080 rogantibus
444 1029 493 1067 ut
523 1023 796 1081 acciperent,
830 1038 918 1067 non
948 1024 1152 1080 dedistis,
1179 1028 1223 1067 et
1254 1038 1281 1066 a
1305 1029 1452 1067 vestra
1481 1030 1606 1081 parte
1638 1030 1871 1081 peccatum
1904 1031 1982 1069 est.

156 1081 194 1109 ²3
207 1083 511 1140 Feceruntque
534 1082 614 1125 filii
639 1083 878 1140 Benjamin
896 1088 945 1127 ut
961 1082 1046 1126 sibi
1064 1083 1213 1126 fuerat
1229 1082 1522 1139 imperatum3
1544 1088 1587 1126 et
1603 1083 1734 1140 juxta
1751 1098 1984 1126 numerum

154 1155 282 1185 suum
315 1147 556 1199 rapuerunt
587 1143 672 1186 sibi
703 1143 757 1186 de
785 1143 854 1186 his
886 1157 984 1199 quae
1015 1142 1238 1186 ducebant
1271 1142 1425 1185 choros
1458 1156 1616 1186 uxores
1645 1142 1872 1199 singulas,
1907 1142 1984 1185 ab·

153 1199 384 1257 ieruntque
410 1202 456 1245 in
483 1202 803 1260 possessionem
832 1217 983 1258 suam,
1013 1201 1286 1245 aedificantes
1315 1201 1469 1257 urbes,
1493 1206 1537 1245 et
1556 1201 1811 1245 habitantes
1842 1201 1888 1243 in
1907 1201 1983 1245 eis.

213 1259 250 1287 ²⁴
273 1260 377 1304 Filii
405 1275 576 1318 quoque
598 1261 738 1305 Israel
762 1262 924 1305 reversi
947 1266 1051 1305 sunt
1071 1275 1148 1318 per
1167 1261 1309 1304 tribus
1331 1265 1375 1304 et
1396 1260 1596 1303 familias
1620 1260 1667 1303 in
1695 1260 1984 1304 tabernacula

155 1333 247 1364 sua.
273 1320 329 1363 In
360 1320 515 1364 diebus
544 1320 633 1364 illis
662 1335 749 1365 non
783 1326 877 1364 erat
908 1335 987 1364 rex
1013 1320 1061 1362 in
1095 1319 1259 1375 Israel;
1295 1319 1372 1363 sed
1404 1319 1723 1375 unusquisque,
1753 1318 1870 1375 quod
1898 1318 1983 1362 sibi

155 1383 325 1422 rectum
350 1379 598 1435 videbatur,
621 1379 704 1422 hoc
726 1378 939 1422 faciebat.
