<?xml version="1.0" encoding="UTF-8"?>
<!DOCTYPE html PUBLIC "-//W3C//DTD XHTML 1.0 Transitional//EN"
    "http://www.w3.org/TR/xhtml1/DTD/xhtml1-transitional.dtd">
<html xmlns="http://www.w3.org/1999/xhtml" xml:lang="en" lang="en">
 <head>
  <title>
</title>
<meta http-equiv="Content-Type" content="text/html;charset=utf-8" />
  <meta name='ocr-system' content='tesseract 3.04.00' />
  <meta name='ocr-capabilities' content='ocr_page ocr_carea ocr_par ocr_line ocrx_word'/>
</head>
<body>
  <div class='ocr_page' id='page_1' title='image "./bibliasacrajuxta00fill_1252.png"; bbox 0 0 2428 4034; ppageno 0'>
   <div class='ocr_carea' id='block_1_1' title="bbox 153 629 354 747">
    <p class='ocr_par' dir='ltr' id='par_1_1' title="bbox 153 629 354 747">
     <span class='ocr_line' id='line_1_1' title="bbox 181 629 321 658; baseline 0 0"><span class='ocrx_word' id='word_1_1' title='bbox 181 629 321 658; x_wconf 85' lang='lat' dir='ltr'>Litterae</span> 
     </span>
     <span class='ocr_line' id='line_1_2' title="bbox 165 675 342 707; baseline 0 -5"><span class='ocrx_word' id='word_1_2' title='bbox 165 675 342 707; x_wconf 76' lang='lat' dir='ltr'>synodales</span> 
     </span>
     <span class='ocr_line' id='line_1_3' title="bbox 153 719 354 747; baseline -0.01 0"><span class='ocrx_word' id='word_1_3' title='bbox 153 719 354 747; x_wconf 71' lang='lat' dir='ltr'>deferuntur</span> 
     </span>
    </p>
   </div>
   <div class='ocr_carea' id='block_1_2' title="bbox 137 761 362 792">
    <p class='ocr_par' dir='ltr' id='par_1_2' title="bbox 137 761 362 792">
     <span class='ocr_line' id='line_1_4' title="bbox 137 761 362 792; baseline -0.013 0"><span class='ocrx_word' id='word_1_4' title='bbox 137 761 362 792; x_wconf 75' lang='lat' dir='ltr'>Antiochiam.</span> 
     </span>
    </p>
   </div>
   <div class='ocr_carea' id='block_1_3' title="bbox 162 2111 340 2184">
    <p class='ocr_par' dir='ltr' id='par_1_3' title="bbox 162 2111 340 2184">
     <span class='ocr_line' id='line_1_5' title="bbox 162 2111 340 2141; baseline 0 -1"><span class='ocrx_word' id='word_1_5' title='bbox 162 2111 289 2141; x_wconf 87' lang='lat' dir='ltr'>Paulus</span> <span class='ocrx_word' id='word_1_6' title='bbox 305 2114 340 2140; x_wconf 86' lang='lat' dir='ltr'>et</span> 
     </span>
     <span class='ocr_line' id='line_1_6' title="bbox 166 2156 337 2184; baseline 0 0"><span class='ocrx_word' id='word_1_7' title='bbox 166 2156 337 2184; x_wconf 83' lang='lat' dir='ltr'>Barnabas</span> 
     </span>
    </p>
   </div>
   <div class='ocr_carea' id='block_1_4' title="bbox 143 2199 359 2234">
    <p class='ocr_par' dir='ltr' id='par_1_4' title="bbox 143 2199 359 2234">
     <span class='ocr_line' id='line_1_7' title="bbox 143 2199 359 2234; baseline -0.005 -6"><span class='ocrx_word' id='word_1_8' title='bbox 143 2199 359 2234; x_wconf 67' lang='lat' dir='ltr'>proficiscun-</span> 
     </span>
    </p>
   </div>
   <div class='ocr_carea' id='block_1_5' title="bbox 147 2248 352 2317">
    <p class='ocr_par' dir='ltr' id='par_1_5' title="bbox 147 2248 352 2317">
     <span class='ocr_line' id='line_1_8' title="bbox 147 2248 352 2277; baseline 0 -5"><span class='ocrx_word' id='word_1_9' title='bbox 147 2248 205 2272; x_wconf 81' lang='lat' dir='ltr'>tur</span> <span class='ocrx_word' id='word_1_10' title='bbox 223 2251 352 2277; x_wconf 84' lang='lat' dir='ltr'>separa-</span> 
     </span>
     <span class='ocr_line' id='line_1_9' title="bbox 215 2288 287 2317; baseline 0 0"><span class='ocrx_word' id='word_1_11' title='bbox 215 2288 287 2317; x_wconf 88' lang='lat' dir='ltr'>tim.</span> 
     </span>
    </p>
   </div>
   <div class='ocr_carea' id='block_1_6' title="bbox 155 2701 344 2867">
    <p class='ocr_par' dir='ltr' id='par_1_6' title="bbox 155 2701 344 2867">
     <span class='ocr_line' id='line_1_10' title="bbox 159 2701 344 2730; baseline 0 0"><span class='ocrx_word' id='word_1_12' title='bbox 159 2703 230 2730; x_wconf 87' lang='lat' dir='ltr'>Iter</span> <span class='ocrx_word' id='word_1_13' title='bbox 248 2701 344 2730; x_wconf 83' lang='lat' dir='ltr'>Pauli</span> 
     </span>
     <span class='ocr_line' id='line_1_11' title="bbox 155 2745 344 2779; baseline -0.005 -5"><span class='ocrx_word' id='word_1_14' title='bbox 155 2753 213 2779; x_wconf 82' lang='lat' dir='ltr'>per</span> <span class='ocrx_word' id='word_1_15' title='bbox 230 2745 344 2774; x_wconf 84' lang='lat' dir='ltr'>Asiam</span> 
     </span>
     <span class='ocr_line' id='line_1_12' title="bbox 174 2790 333 2818; baseline -0.006 0"><span class='ocrx_word' id='word_1_16' title='bbox 174 2790 333 2818; x_wconf 78' lang='lat' dir='ltr'>Troadem</span> 
     </span>
     <span class='ocr_line' id='line_1_13' title="bbox 192 2841 309 2867; baseline 0 -5"><span class='ocrx_word' id='word_1_17' title='bbox 192 2841 309 2867; x_wconf 85' lang='lat' dir='ltr'>usque.</span> 
     </span>
    </p>
   </div>
   <div class='ocr_carea' id='block_1_7' title="bbox 442 140 1700 194">
    <p class='ocr_par' dir='ltr' id='par_1_7' title="bbox 442 140 1700 194">
     <span class='ocr_line' id='line_1_14' title="bbox 442 140 1700 194; baseline -0.002 -9"><span class='ocrx_word' id='word_1_18' title='bbox 442 144 552 185; x_wconf 74' lang='lat'>1232</span> <span class='ocrx_word' id='word_1_19' title='bbox 1006 142 1117 183; x_wconf 59' lang='lat' dir='ltr'>ACT.</span> <span class='ocrx_word' id='word_1_20' title='bbox 1152 141 1251 194; x_wconf 68' lang='lat' dir='ltr'>XV,</span> <span class='ocrx_word' id='word_1_21' title='bbox 1290 142 1341 182; x_wconf 76' lang='lat'>19</span> <span class='ocrx_word' id='word_1_22' title='bbox 1374 166 1433 170; x_wconf 89' lang='grc'>-</span> <span class='ocrx_word' id='word_1_23' title='bbox 1463 140 1596 194; x_wconf 84' lang='lat' dir='ltr'>XVI,</span> <span class='ocrx_word' id='word_1_24' title='bbox 1633 141 1700 183; x_wconf 87' lang='lat'>10.</span> 
     </span>
    </p>
   </div>
   <div class='ocr_carea' id='block_1_8' title="bbox 559 247 1173 252">
    <p class='ocr_par' dir='ltr' id='par_1_8' title="bbox 559 247 1173 252">
     <span class='ocr_line' id='line_1_15' title="bbox 559 247 1173 252; baseline 0 0"><span class='ocrx_word' id='word_1_25' title='bbox 559 247 1173 252; x_wconf 95' lang='lat' dir='ltr'> </span> 
     </span>
    </p>
   </div>
   <div class='ocr_carea' id='block_1_9' title="bbox 436 249 559 256">
    <p class='ocr_par' dir='ltr' id='par_1_9' title="bbox 436 249 559 256">
     <span class='ocr_line' id='line_1_16' title="bbox 436 249 559 256; baseline 0 3778"><span class='ocrx_word' id='word_1_26' title='bbox 436 249 559 256; x_wconf 95' lang='lat' dir='ltr'> </span> 
     </span>
    </p>
   </div>
   <div class='ocr_carea' id='block_1_10' title="bbox 432 307 2271 1905">
    <p class='ocr_par' dir='ltr' id='par_1_10' title="bbox 438 307 2266 602">
     <span class='ocr_line' id='line_1_17' title="bbox 440 307 2263 366; baseline -0.001 -12"><span class='ocrx_word' id='word_1_27' title='bbox 440 311 631 354; x_wconf 86' lang='lat' dir='ltr'>Domino</span> <span class='ocrx_word' id='word_1_28' title='bbox 651 324 756 366; x_wconf 84' lang='lat' dir='ltr'>opus</span> <span class='ocrx_word' id='word_1_29' title='bbox 779 324 919 352; x_wconf 87' lang='lat' dir='ltr'>suum.</span> <span class='ocrx_word' id='word_1_30' title='bbox 947 309 982 334; x_wconf 63' lang='lat'>¹¹³</span> <span class='ocrx_word' id='word_1_31' title='bbox 1002 310 1184 364; x_wconf 75' lang='lat' dir='ltr'>Propter</span> <span class='ocrx_word' id='word_1_32' title='bbox 1210 308 1325 362; x_wconf 84' lang='lat' dir='ltr'>quod</span> <span class='ocrx_word' id='word_1_33' title='bbox 1348 322 1429 362; x_wconf 91' lang='lat' dir='ltr'>ego</span> <span class='ocrx_word' id='word_1_34' title='bbox 1450 307 1603 362; x_wconf 80' lang='lat' dir='ltr'>judico</span> <span class='ocrx_word' id='word_1_35' title='bbox 1629 322 1718 350; x_wconf 85' lang='lat' dir='ltr'>non</span> <span class='ocrx_word' id='word_1_36' title='bbox 1739 309 1975 363; x_wconf 85' lang='lat' dir='ltr'>inquietari</span> <span class='ocrx_word' id='word_1_37' title='bbox 1998 323 2090 365; x_wconf 87' lang='lat' dir='ltr'>eos,</span> <span class='ocrx_word' id='word_1_38' title='bbox 2109 309 2185 365; x_wconf 89' lang='lat' dir='ltr'>qui</span> <span class='ocrx_word' id='word_1_39' title='bbox 2210 324 2263 352; x_wconf 80' lang='lat' dir='ltr'>ex</span> 
     </span>
     <span class='ocr_line' id='line_1_18' title="bbox 439 365 2263 425; baseline -0.001 -13"><span class='ocrx_word' id='word_1_40' title='bbox 439 370 645 425; x_wconf 88' lang='lat' dir='ltr'>gentibus</span> <span class='ocrx_word' id='word_1_41' title='bbox 669 373 985 411; x_wconf 73' lang='lat' dir='ltr'>convertuntur</span> <span class='ocrx_word' id='word_1_42' title='bbox 1010 367 1066 409; x_wconf 87' lang='lat' dir='ltr'>ad</span> <span class='ocrx_word' id='word_1_43' title='bbox 1092 368 1255 422; x_wconf 83' lang='lat' dir='ltr'>Deum,</span> <span class='ocrx_word' id='word_1_44' title='bbox 1283 365 1320 392; x_wconf 79' lang='grc'>90</span> <span class='ocrx_word' id='word_1_45' title='bbox 1343 366 1420 408; x_wconf 89' lang='lat' dir='ltr'>sed</span> <span class='ocrx_word' id='word_1_46' title='bbox 1446 366 1636 408; x_wconf 87' lang='lat' dir='ltr'>scribere</span> <span class='ocrx_word' id='word_1_47' title='bbox 1670 366 1727 408; x_wconf 84' lang='lat' dir='ltr'>ad</span> <span class='ocrx_word' id='word_1_48' title='bbox 1759 380 1832 409; x_wconf 90' lang='lat' dir='ltr'>eos</span> <span class='ocrx_word' id='word_1_49' title='bbox 1861 371 1910 408; x_wconf 90' lang='lat' dir='ltr'>ut</span> <span class='ocrx_word' id='word_1_50' title='bbox 1941 367 2196 411; x_wconf 82' lang='lat' dir='ltr'>abstineant</span> <span class='ocrx_word' id='word_1_51' title='bbox 2218 381 2263 410; x_wconf 91' lang='lat' dir='ltr'>se</span> 
     </span>
     <span class='ocr_line' id='line_1_19' title="bbox 438 425 2264 482; baseline -0.002 -10"><span class='ocrx_word' id='word_1_52' title='bbox 438 444 463 471; x_wconf 87' lang='lat' dir='ltr'>a</span> <span class='ocrx_word' id='word_1_53' title='bbox 490 427 942 471; x_wconf 79' lang='lat' dir='ltr'>contaminationibus</span> <span class='ocrx_word' id='word_1_54' title='bbox 968 425 1325 479; x_wconf 78' lang='lat' dir='ltr'>simulacrorum,</span> <span class='ocrx_word' id='word_1_55' title='bbox 1349 430 1392 468; x_wconf 86' lang='lat' dir='ltr'>et</span> <span class='ocrx_word' id='word_1_56' title='bbox 1413 425 1734 480; x_wconf 68' lang='lat' dir='ltr'>fornicatione,</span> <span class='ocrx_word' id='word_1_57' title='bbox 1760 430 1804 468; x_wconf 89' lang='lat' dir='ltr'>et</span> <span class='ocrx_word' id='word_1_58' title='bbox 1825 425 2076 482; x_wconf 85' lang='lat' dir='ltr'>suffocatis,</span> <span class='ocrx_word' id='word_1_59' title='bbox 2099 431 2143 469; x_wconf 90' lang='lat' dir='ltr'>et</span> <span class='ocrx_word' id='word_1_60' title='bbox 2166 441 2264 469; x_wconf 88' lang='lat' dir='ltr'>san-</span> 
     </span>
     <span class='ocr_line' id='line_1_20' title="bbox 438 483 2266 543; baseline -0.001 -14"><span class='ocrx_word' id='word_1_61' title='bbox 438 488 581 543; x_wconf 90' lang='lat' dir='ltr'>guine.</span> <span class='ocrx_word' id='word_1_62' title='bbox 612 486 645 512; x_wconf 75' lang='lat'>&#39;2¹</span> <span class='ocrx_word' id='word_1_63' title='bbox 667 487 842 542; x_wconf 82' lang='lat' dir='ltr'>Moyses</span> <span class='ocrx_word' id='word_1_64' title='bbox 868 486 984 536; x_wconf 83' lang='lat' dir='ltr'>enim</span> <span class='ocrx_word' id='word_1_65' title='bbox 1011 500 1035 526; x_wconf 82' lang='lat' dir='ltr'>a</span> <span class='ocrx_word' id='word_1_66' title='bbox 1061 484 1335 541; x_wconf 75' lang='lat' dir='ltr'>temporibus</span> <span class='ocrx_word' id='word_1_67' title='bbox 1353 483 1549 539; x_wconf 80' lang='lat' dir='ltr'>antiquis</span> <span class='ocrx_word' id='word_1_68' title='bbox 1567 484 1702 527; x_wconf 88' lang='lat' dir='ltr'>habet</span> <span class='ocrx_word' id='word_1_69' title='bbox 1723 484 1770 526; x_wconf 87' lang='lat' dir='ltr'>in</span> <span class='ocrx_word' id='word_1_70' title='bbox 1793 484 1982 539; x_wconf 87' lang='lat' dir='ltr'>singulis</span> <span class='ocrx_word' id='word_1_71' title='bbox 2008 484 2266 528; x_wconf 86' lang='lat' dir='ltr'>civitatibus</span> 
     </span>
     <span class='ocr_line' id='line_1_21' title="bbox 438 543 2074 602; baseline 0.001 -17"><span class='ocrx_word' id='word_1_72' title='bbox 438 547 510 602; x_wconf 84' lang='lat' dir='ltr'>qui</span> <span class='ocrx_word' id='word_1_73' title='bbox 537 560 638 588; x_wconf 88' lang='lat' dir='ltr'>eum</span> <span class='ocrx_word' id='word_1_74' title='bbox 661 545 905 602; x_wconf 68' lang='lat' dir='ltr'>praedicent</span> <span class='ocrx_word' id='word_1_75' title='bbox 930 545 975 586; x_wconf 90' lang='lat' dir='ltr'>in</span> <span class='ocrx_word' id='word_1_76' title='bbox 1001 543 1263 600; x_wconf 79' lang='lat' dir='ltr'>synagogis,</span> <span class='ocrx_word' id='word_1_77' title='bbox 1286 543 1361 585; x_wconf 88' lang='lat' dir='ltr'>ubi</span> <span class='ocrx_word' id='word_1_78' title='bbox 1384 557 1461 599; x_wconf 88' lang='lat' dir='ltr'>per</span> <span class='ocrx_word' id='word_1_79' title='bbox 1487 556 1614 585; x_wconf 86' lang='lat' dir='ltr'>omne</span> <span class='ocrx_word' id='word_1_80' title='bbox 1637 543 1874 585; x_wconf 89' lang='lat' dir='ltr'>sabbatum</span> <span class='ocrx_word' id='word_1_81' title='bbox 1899 543 2074 598; x_wconf 88' lang='lat' dir='ltr'>legitur.</span> 
     </span>
    </p>

    <p class='ocr_par' dir='ltr' id='par_1_11' title="bbox 432 601 2270 1429">
     <span class='ocr_line' id='line_1_22' title="bbox 497 601 2268 660; baseline -0.001 -13"><span class='ocrx_word' id='word_1_82' title='bbox 497 603 533 630; x_wconf 83' lang='grc'>99</span> <span class='ocrx_word' id='word_1_83' title='bbox 551 605 675 647; x_wconf 88' lang='lat' dir='ltr'>Tunc</span> <span class='ocrx_word' id='word_1_84' title='bbox 697 603 865 660; x_wconf 76' lang='lat' dir='ltr'>placuit</span> <span class='ocrx_word' id='word_1_85' title='bbox 888 602 1111 659; x_wconf 82' lang='lat' dir='ltr'>apostolis,</span> <span class='ocrx_word' id='word_1_86' title='bbox 1128 609 1171 645; x_wconf 87' lang='lat' dir='ltr'>et</span> <span class='ocrx_word' id='word_1_87' title='bbox 1197 602 1457 656; x_wconf 78' lang='lat' dir='ltr'>senioribus,</span> <span class='ocrx_word' id='word_1_88' title='bbox 1477 616 1578 644; x_wconf 90' lang='lat' dir='ltr'>cum</span> <span class='ocrx_word' id='word_1_89' title='bbox 1604 602 1724 644; x_wconf 88' lang='lat' dir='ltr'>omni</span> <span class='ocrx_word' id='word_1_90' title='bbox 1747 601 1948 654; x_wconf 89' lang='lat' dir='ltr'>ecclesia,</span> <span class='ocrx_word' id='word_1_91' title='bbox 1967 602 2131 658; x_wconf 84' lang='lat' dir='ltr'>eligere</span> <span class='ocrx_word' id='word_1_92' title='bbox 2151 602 2268 646; x_wconf 84' lang='lat' dir='ltr'>viros</span> 
     </span>
     <span class='ocr_line' id='line_1_23' title="bbox 438 660 2269 718; baseline -0.002 -12"><span class='ocrx_word' id='word_1_93' title='bbox 438 679 490 706; x_wconf 79' lang='lat' dir='ltr'>ex</span> <span class='ocrx_word' id='word_1_94' title='bbox 517 663 600 718; x_wconf 88' lang='lat' dir='ltr'>eis,</span> <span class='ocrx_word' id='word_1_95' title='bbox 625 670 668 706; x_wconf 91' lang='lat' dir='ltr'>et</span> <span class='ocrx_word' id='word_1_96' title='bbox 698 663 872 705; x_wconf 87' lang='lat' dir='ltr'>mittere</span> <span class='ocrx_word' id='word_1_97' title='bbox 898 662 1186 704; x_wconf 77' lang='lat' dir='ltr'>Antiochiam</span> <span class='ocrx_word' id='word_1_98' title='bbox 1217 676 1317 704; x_wconf 87' lang='lat' dir='ltr'>cum</span> <span class='ocrx_word' id='word_1_99' title='bbox 1341 660 1477 704; x_wconf 88' lang='lat' dir='ltr'>Paulo</span> <span class='ocrx_word' id='word_1_100' title='bbox 1508 666 1553 704; x_wconf 90' lang='lat' dir='ltr'>et</span> <span class='ocrx_word' id='word_1_101' title='bbox 1585 661 1812 717; x_wconf 87' lang='lat' dir='ltr'>Barnaba,</span> <span class='ocrx_word' id='word_1_102' title='bbox 1845 662 1872 704; x_wconf 82' lang='lat' dir='ltr'>J</span> <span class='ocrx_word' id='word_1_103' title='bbox 1878 661 2032 717; x_wconf 89' lang='lat' dir='ltr'>udam,</span> <span class='ocrx_word' id='word_1_104' title='bbox 2061 661 2135 717; x_wconf 93' lang='lat' dir='ltr'>qui</span> <span class='ocrx_word' id='word_1_105' title='bbox 2165 675 2269 716; x_wconf 85' lang='lat' dir='ltr'>cog-</span> 
     </span>
     <span class='ocr_line' id='line_1_24' title="bbox 436 718 2270 777; baseline -0.001 -13"><span class='ocrx_word' id='word_1_106' title='bbox 436 723 749 766; x_wconf 80' lang='lat' dir='ltr'>nominabatur</span> <span class='ocrx_word' id='word_1_107' title='bbox 776 722 1013 777; x_wconf 85' lang='lat' dir='ltr'>Barsabas,</span> <span class='ocrx_word' id='word_1_108' title='bbox 1041 727 1084 764; x_wconf 87' lang='lat' dir='ltr'>et</span> <span class='ocrx_word' id='word_1_109' title='bbox 1112 720 1273 776; x_wconf 85' lang='lat' dir='ltr'>Silam,</span> <span class='ocrx_word' id='word_1_110' title='bbox 1293 721 1409 763; x_wconf 87' lang='lat' dir='ltr'>viros</span> <span class='ocrx_word' id='word_1_111' title='bbox 1435 720 1598 777; x_wconf 89' lang='lat' dir='ltr'>primos</span> <span class='ocrx_word' id='word_1_112' title='bbox 1623 720 1671 762; x_wconf 90' lang='lat' dir='ltr'>in</span> <span class='ocrx_word' id='word_1_113' title='bbox 1691 720 1934 775; x_wconf 74' lang='lat' dir='ltr'>fratribus,</span> <span class='ocrx_word' id='word_1_114' title='bbox 1963 718 2001 746; x_wconf 81' lang='grc'>93</span> <span class='ocrx_word' id='word_1_115' title='bbox 2025 720 2270 764; x_wconf 80' lang='lat' dir='ltr'>scribentes</span> 
     </span>
     <span class='ocr_line' id='line_1_25' title="bbox 435 778 2270 838; baseline -0.001 -15"><span class='ocrx_word' id='word_1_116' title='bbox 435 796 512 838; x_wconf 90' lang='lat' dir='ltr'>per</span> <span class='ocrx_word' id='word_1_117' title='bbox 537 796 694 824; x_wconf 87' lang='lat' dir='ltr'>manus</span> <span class='ocrx_word' id='word_1_118' title='bbox 720 795 869 824; x_wconf 87' lang='lat' dir='ltr'>eorum</span> <span class='ocrx_word' id='word_1_119' title='bbox 893 798 901 825; x_wconf 90' lang='lat'>:</span> <span class='ocrx_word' id='word_1_120' title='bbox 924 780 1129 837; x_wconf 80' lang='lat' dir='ltr'>Apostoli</span> <span class='ocrx_word' id='word_1_121' title='bbox 1156 786 1199 822; x_wconf 92' lang='lat' dir='ltr'>et</span> <span class='ocrx_word' id='word_1_122' title='bbox 1228 779 1420 823; x_wconf 79' lang='lat' dir='ltr'>seniores</span> <span class='ocrx_word' id='word_1_123' title='bbox 1442 779 1625 835; x_wconf 74' lang='lat' dir='ltr'>fratres,</span> <span class='ocrx_word' id='word_1_124' title='bbox 1659 779 1728 822; x_wconf 88' lang='lat' dir='ltr'>his</span> <span class='ocrx_word' id='word_1_125' title='bbox 1753 779 1827 835; x_wconf 85' lang='lat' dir='ltr'>qui</span> <span class='ocrx_word' id='word_1_126' title='bbox 1858 785 1961 822; x_wconf 88' lang='lat' dir='ltr'>sunt</span> <span class='ocrx_word' id='word_1_127' title='bbox 1991 778 2270 834; x_wconf 78' lang='lat' dir='ltr'>Antiochiae,</span> 
     </span>
     <span class='ocr_line' id='line_1_26' title="bbox 435 837 2268 897; baseline -0.002 -14"><span class='ocrx_word' id='word_1_128' title='bbox 435 846 478 883; x_wconf 87' lang='lat' dir='ltr'>et</span> <span class='ocrx_word' id='word_1_129' title='bbox 502 841 662 897; x_wconf 78' lang='lat' dir='ltr'>Syriae,</span> <span class='ocrx_word' id='word_1_130' title='bbox 688 847 730 883; x_wconf 86' lang='lat' dir='ltr'>et</span> <span class='ocrx_word' id='word_1_131' title='bbox 756 840 947 895; x_wconf 77' lang='lat' dir='ltr'>Ciliciae,</span> <span class='ocrx_word' id='word_1_132' title='bbox 970 839 1185 881; x_wconf 78' lang='lat' dir='ltr'>fratribus</span> <span class='ocrx_word' id='word_1_133' title='bbox 1210 853 1264 882; x_wconf 83' lang='lat' dir='ltr'>ex</span> <span class='ocrx_word' id='word_1_134' title='bbox 1290 838 1517 894; x_wconf 87' lang='lat' dir='ltr'>gentibus,</span> <span class='ocrx_word' id='word_1_135' title='bbox 1545 838 1749 882; x_wconf 89' lang='lat' dir='ltr'>salutem.</span> <span class='ocrx_word' id='word_1_136' title='bbox 1784 837 1820 865; x_wconf 75' lang='lat'>&#39;2⁴</span> <span class='ocrx_word' id='word_1_137' title='bbox 1842 838 2061 889; x_wconf 83' lang='lat' dir='ltr'>Quoniam</span> <span class='ocrx_word' id='word_1_138' title='bbox 2092 837 2268 881; x_wconf 84' lang='lat' dir='ltr'>audivi-</span> 
     </span>
     <span class='ocr_line' id='line_1_27' title="bbox 435 898 2269 956; baseline -0.001 -15"><span class='ocrx_word' id='word_1_139' title='bbox 435 914 532 942; x_wconf 90' lang='lat' dir='ltr'>mus</span> <span class='ocrx_word' id='word_1_140' title='bbox 559 901 662 956; x_wconf 86' lang='lat' dir='ltr'>quia</span> <span class='ocrx_word' id='word_1_141' title='bbox 688 899 868 955; x_wconf 85' lang='lat' dir='ltr'>quidam</span> <span class='ocrx_word' id='word_1_142' title='bbox 895 913 949 942; x_wconf 78' lang='lat' dir='ltr'>ex</span> <span class='ocrx_word' id='word_1_143' title='bbox 974 899 1101 941; x_wconf 87' lang='lat' dir='ltr'>nobis</span> <span class='ocrx_word' id='word_1_144' title='bbox 1127 903 1360 954; x_wconf 75' lang='lat' dir='ltr'>exeuntes,</span> <span class='ocrx_word' id='word_1_145' title='bbox 1393 898 1684 941; x_wconf 82' lang='lat' dir='ltr'>turbaverunt</span> <span class='ocrx_word' id='word_1_146' title='bbox 1712 912 1790 941; x_wconf 89' lang='lat' dir='ltr'>vos</span> <span class='ocrx_word' id='word_1_147' title='bbox 1819 898 1988 954; x_wconf 91' lang='lat' dir='ltr'>verbis,</span> <span class='ocrx_word' id='word_1_148' title='bbox 2020 902 2269 942; x_wconf 83' lang='lat' dir='ltr'>evertentes</span> 
     </span>
     <span class='ocr_line' id='line_1_28' title="bbox 434 955 2270 1014; baseline -0.001 -13"><span class='ocrx_word' id='word_1_149' title='bbox 434 959 606 1002; x_wconf 89' lang='lat' dir='ltr'>animas</span> <span class='ocrx_word' id='word_1_150' title='bbox 649 964 833 1013; x_wconf 76' lang='lat' dir='ltr'>vestras,</span> <span class='ocrx_word' id='word_1_151' title='bbox 870 958 1027 1014; x_wconf 87' lang='lat' dir='ltr'>quibus</span> <span class='ocrx_word' id='word_1_152' title='bbox 1064 972 1151 1000; x_wconf 90' lang='lat' dir='ltr'>non</span> <span class='ocrx_word' id='word_1_153' title='bbox 1184 957 1517 1013; x_wconf 77' lang='lat' dir='ltr'>mandavimus,</span> <span class='ocrx_word' id='word_1_154' title='bbox 1555 955 1592 983; x_wconf 76' lang='grc'>95</span> <span class='ocrx_word' id='word_1_155' title='bbox 1617 957 1788 1014; x_wconf 78' lang='lat' dir='ltr'>placuit</span> <span class='ocrx_word' id='word_1_156' title='bbox 1823 957 1950 1000; x_wconf 90' lang='lat' dir='ltr'>nobis</span> <span class='ocrx_word' id='word_1_157' title='bbox 1991 957 2191 1000; x_wconf 86' lang='lat' dir='ltr'>collectis</span> <span class='ocrx_word' id='word_1_158' title='bbox 2222 956 2270 998; x_wconf 90' lang='lat' dir='ltr'>in</span> 
     </span>
     <span class='ocr_line' id='line_1_29' title="bbox 434 1016 2270 1074; baseline -0.002 -13"><span class='ocrx_word' id='word_1_159' title='bbox 434 1033 584 1074; x_wconf 88' lang='lat' dir='ltr'>unum,</span> <span class='ocrx_word' id='word_1_160' title='bbox 609 1019 772 1074; x_wconf 81' lang='lat' dir='ltr'>eligere</span> <span class='ocrx_word' id='word_1_161' title='bbox 797 1019 926 1073; x_wconf 83' lang='lat' dir='ltr'>viros,</span> <span class='ocrx_word' id='word_1_162' title='bbox 947 1024 990 1060; x_wconf 88' lang='lat' dir='ltr'>et</span> <span class='ocrx_word' id='word_1_163' title='bbox 1011 1017 1187 1060; x_wconf 83' lang='lat' dir='ltr'>mittere</span> <span class='ocrx_word' id='word_1_164' title='bbox 1213 1016 1270 1059; x_wconf 88' lang='lat' dir='ltr'>ad</span> <span class='ocrx_word' id='word_1_165' title='bbox 1294 1031 1371 1059; x_wconf 87' lang='lat' dir='ltr'>vos</span> <span class='ocrx_word' id='word_1_166' title='bbox 1393 1031 1492 1059; x_wconf 86' lang='lat' dir='ltr'>curn</span> <span class='ocrx_word' id='word_1_167' title='bbox 1518 1016 1789 1059; x_wconf 88' lang='lat' dir='ltr'>charissimis</span> <span class='ocrx_word' id='word_1_168' title='bbox 1811 1016 1973 1060; x_wconf 87' lang='lat' dir='ltr'>nostris</span> <span class='ocrx_word' id='word_1_169' title='bbox 1994 1016 2200 1059; x_wconf 84' lang='lat' dir='ltr'>Barnaba</span> <span class='ocrx_word' id='word_1_170' title='bbox 2226 1020 2270 1058; x_wconf 89' lang='lat' dir='ltr'>et</span> 
     </span>
     <span class='ocr_line' id='line_1_30' title="bbox 435 1075 2269 1133; baseline -0.002 -12"><span class='ocrx_word' id='word_1_171' title='bbox 435 1078 594 1133; x_wconf 90' lang='lat' dir='ltr'>Paulo,</span> <span class='ocrx_word' id='word_1_172' title='bbox 622 1077 658 1103; x_wconf 65' lang='lat'>*2⁶</span> <span class='ocrx_word' id='word_1_173' title='bbox 676 1077 929 1120; x_wconf 84' lang='lat' dir='ltr'>hominibus</span> <span class='ocrx_word' id='word_1_174' title='bbox 953 1077 1026 1133; x_wconf 91' lang='lat' dir='ltr'>qui</span> <span class='ocrx_word' id='word_1_175' title='bbox 1045 1076 1325 1119; x_wconf 87' lang='lat' dir='ltr'>tradiderunt</span> <span class='ocrx_word' id='word_1_176' title='bbox 1346 1075 1519 1118; x_wconf 89' lang='lat' dir='ltr'>animas</span> <span class='ocrx_word' id='word_1_177' title='bbox 1542 1090 1643 1118; x_wconf 88' lang='lat' dir='ltr'>suas</span> <span class='ocrx_word' id='word_1_178' title='bbox 1673 1090 1749 1133; x_wconf 91' lang='lat' dir='ltr'>pro</span> <span class='ocrx_word' id='word_1_179' title='bbox 1779 1075 1959 1120; x_wconf 89' lang='lat' dir='ltr'>nomine</span> <span class='ocrx_word' id='word_1_180' title='bbox 1986 1075 2167 1119; x_wconf 87' lang='lat' dir='ltr'>Domini</span> <span class='ocrx_word' id='word_1_181' title='bbox 2192 1089 2269 1117; x_wconf 85' lang='lat' dir='ltr'>no-</span> 
     </span>
     <span class='ocr_line' id='line_1_31' title="bbox 435 1134 2269 1192; baseline -0.002 -12"><span class='ocrx_word' id='word_1_182' title='bbox 435 1137 512 1179; x_wconf 83' lang='lat' dir='ltr'>stri</span> <span class='ocrx_word' id='word_1_183' title='bbox 536 1138 561 1180; x_wconf 80' lang='lat' dir='ltr'><em>J</em></span> <span class='ocrx_word' id='word_1_184' title='bbox 568 1151 643 1180; x_wconf 92' lang='lat' dir='ltr'>esu</span> <span class='ocrx_word' id='word_1_185' title='bbox 667 1137 844 1180; x_wconf 83' lang='lat' dir='ltr'>Christi.</span> <span class='ocrx_word' id='word_1_186' title='bbox 871 1135 905 1162; x_wconf 80' lang='grc'>97</span> <span class='ocrx_word' id='word_1_187' title='bbox 927 1136 1129 1178; x_wconf 84' lang='lat' dir='ltr'>Misimus</span> <span class='ocrx_word' id='word_1_188' title='bbox 1157 1150 1260 1191; x_wconf 87' lang='lat' dir='ltr'>ergo</span> <span class='ocrx_word' id='word_1_189' title='bbox 1284 1136 1310 1178; x_wconf 75' lang='lat' dir='ltr'><em>J</em></span> <span class='ocrx_word' id='word_1_190' title='bbox 1317 1135 1471 1191; x_wconf 89' lang='lat' dir='ltr'>udam,</span> <span class='ocrx_word' id='word_1_191' title='bbox 1499 1140 1543 1178; x_wconf 89' lang='lat' dir='ltr'>et</span> <span class='ocrx_word' id='word_1_192' title='bbox 1569 1135 1726 1188; x_wconf 82' lang='lat' dir='ltr'>Silam,</span> <span class='ocrx_word' id='word_1_193' title='bbox 1751 1135 1824 1191; x_wconf 91' lang='lat' dir='ltr'>qui</span> <span class='ocrx_word' id='word_1_194' title='bbox 1850 1141 1893 1178; x_wconf 92' lang='lat' dir='ltr'>et</span> <span class='ocrx_word' id='word_1_195' title='bbox 1914 1135 1998 1192; x_wconf 90' lang='lat' dir='ltr'>ipsi</span> <span class='ocrx_word' id='word_1_196' title='bbox 2021 1134 2148 1178; x_wconf 89' lang='lat' dir='ltr'>vobis</span> <span class='ocrx_word' id='word_1_197' title='bbox 2174 1148 2269 1177; x_wconf 85' lang='lat' dir='ltr'>ver-</span> 
     </span>
     <span class='ocr_line' id='line_1_32' title="bbox 434 1193 2270 1251; baseline -0.002 -13"><span class='ocrx_word' id='word_1_198' title='bbox 434 1196 501 1238; x_wconf 91' lang='lat' dir='ltr'>bis</span> <span class='ocrx_word' id='word_1_199' title='bbox 526 1197 721 1240; x_wconf 70' lang='lat' dir='ltr'>referent</span> <span class='ocrx_word' id='word_1_200' title='bbox 740 1196 908 1240; x_wconf 88' lang='lat' dir='ltr'>eadem.</span> <span class='ocrx_word' id='word_1_201' title='bbox 933 1194 968 1222; x_wconf 77' lang='grc'>98</span> <span class='ocrx_word' id='word_1_202' title='bbox 987 1195 1146 1238; x_wconf 86' lang='lat' dir='ltr'>Visum</span> <span class='ocrx_word' id='word_1_203' title='bbox 1168 1201 1233 1238; x_wconf 90' lang='lat' dir='ltr'>est</span> <span class='ocrx_word' id='word_1_204' title='bbox 1256 1195 1373 1238; x_wconf 89' lang='lat' dir='ltr'>enim</span> <span class='ocrx_word' id='word_1_205' title='bbox 1392 1194 1575 1251; x_wconf 89' lang='lat' dir='ltr'>Spiritui</span> <span class='ocrx_word' id='word_1_206' title='bbox 1597 1199 1772 1250; x_wconf 90' lang='lat' dir='ltr'>sancto,</span> <span class='ocrx_word' id='word_1_207' title='bbox 1793 1200 1837 1237; x_wconf 92' lang='lat' dir='ltr'>et</span> <span class='ocrx_word' id='word_1_208' title='bbox 1854 1194 2002 1250; x_wconf 88' lang='lat' dir='ltr'>nobis,</span> <span class='ocrx_word' id='word_1_209' title='bbox 2018 1194 2131 1237; x_wconf 86' lang='lat' dir='ltr'>nihil</span> <span class='ocrx_word' id='word_1_210' title='bbox 2152 1193 2270 1236; x_wconf 90' lang='lat' dir='ltr'>ultra</span> 
     </span>
     <span class='ocr_line' id='line_1_33' title="bbox 432 1252 2268 1312; baseline -0.002 -15"><span class='ocrx_word' id='word_1_211' title='bbox 432 1256 657 1312; x_wconf 84' lang='lat' dir='ltr'>imponere</span> <span class='ocrx_word' id='word_1_212' title='bbox 687 1255 808 1298; x_wconf 70' lang='lat' dir='ltr'>vobis</span> <span class='ocrx_word' id='word_1_213' title='bbox 835 1255 978 1298; x_wconf 87' lang='lat' dir='ltr'>oneris</span> <span class='ocrx_word' id='word_1_214' title='bbox 1004 1269 1135 1310; x_wconf 87' lang='lat' dir='ltr'>quam</span> <span class='ocrx_word' id='word_1_215' title='bbox 1158 1254 1255 1297; x_wconf 82' lang='lat' dir='ltr'>liaec</span> <span class='ocrx_word' id='word_1_216' title='bbox 1282 1254 1529 1297; x_wconf 86' lang='lat' dir='ltr'>necessaria</span> <span class='ocrx_word' id='word_1_217' title='bbox 1563 1270 1571 1298; x_wconf 93' lang='lat'><strong>:</strong></span> <span class='ocrx_word' id='word_1_218' title='bbox 1594 1253 1630 1279; x_wconf 79' lang='grc'>99</span> <span class='ocrx_word' id='word_1_219' title='bbox 1647 1259 1696 1296; x_wconf 93' lang='lat' dir='ltr'>ut</span> <span class='ocrx_word' id='word_1_220' title='bbox 1717 1253 1981 1297; x_wconf 84' lang='lat' dir='ltr'>abstineatis</span> <span class='ocrx_word' id='word_1_221' title='bbox 2006 1267 2084 1296; x_wconf 88' lang='lat' dir='ltr'>vos</span> <span class='ocrx_word' id='word_1_222' title='bbox 2105 1253 2162 1296; x_wconf 89' lang='lat' dir='ltr'>ab</span> <span class='ocrx_word' id='word_1_223' title='bbox 2186 1252 2268 1295; x_wconf 88' lang='lat' dir='ltr'>im-</span> 
     </span>
     <span class='ocr_line' id='line_1_34' title="bbox 435 1311 2270 1370; baseline -0.001 -14"><span class='ocrx_word' id='word_1_224' title='bbox 435 1315 612 1358; x_wconf 86' lang='lat' dir='ltr'>molatis</span> <span class='ocrx_word' id='word_1_225' title='bbox 638 1315 996 1366; x_wconf 75' lang='lat' dir='ltr'>simulacrorum,</span> <span class='ocrx_word' id='word_1_226' title='bbox 1021 1319 1064 1357; x_wconf 91' lang='lat' dir='ltr'>et</span> <span class='ocrx_word' id='word_1_227' title='bbox 1085 1314 1322 1369; x_wconf 87' lang='lat' dir='ltr'>sanguine,</span> <span class='ocrx_word' id='word_1_228' title='bbox 1351 1320 1393 1356; x_wconf 90' lang='lat' dir='ltr'>et</span> <span class='ocrx_word' id='word_1_229' title='bbox 1419 1313 1661 1370; x_wconf 84' lang='lat' dir='ltr'>suffocato,</span> <span class='ocrx_word' id='word_1_230' title='bbox 1689 1318 1733 1356; x_wconf 87' lang='lat' dir='ltr'>et</span> <span class='ocrx_word' id='word_1_231' title='bbox 1768 1313 2087 1370; x_wconf 75' lang='lat' dir='ltr'>fornicatione,</span> <span class='ocrx_word' id='word_1_232' title='bbox 2118 1327 2145 1355; x_wconf 89' lang='lat' dir='ltr'>a</span> <span class='ocrx_word' id='word_1_233' title='bbox 2175 1311 2270 1368; x_wconf 88' lang='lat' dir='ltr'>qui-</span> 
     </span>
     <span class='ocr_line' id='line_1_35' title="bbox 433 1373 1468 1429; baseline 0 -13"><span class='ocrx_word' id='word_1_234' title='bbox 433 1373 514 1416; x_wconf 87' lang='lat' dir='ltr'>bus</span> <span class='ocrx_word' id='word_1_235' title='bbox 541 1374 837 1417; x_wconf 81' lang='lat' dir='ltr'>custodientes</span> <span class='ocrx_word' id='word_1_236' title='bbox 859 1388 957 1429; x_wconf 82' lang='lat' dir='ltr'>vos,</span> <span class='ocrx_word' id='word_1_237' title='bbox 982 1373 1095 1416; x_wconf 87' lang='lat' dir='ltr'>bene</span> <span class='ocrx_word' id='word_1_238' title='bbox 1116 1373 1272 1428; x_wconf 87' lang='lat' dir='ltr'>agetis.</span> <span class='ocrx_word' id='word_1_239' title='bbox 1297 1373 1468 1416; x_wconf 86' lang='lat' dir='ltr'>Valete.</span> 
     </span>
    </p>

    <p class='ocr_par' dir='ltr' id='par_1_12' title="bbox 434 1431 2271 1905">
     <span class='ocr_line' id='line_1_36' title="bbox 492 1431 2270 1489; baseline -0.001 -14"><span class='ocrx_word' id='word_1_240' title='bbox 492 1433 529 1460; x_wconf 85' lang='lat'>30</span> <span class='ocrx_word' id='word_1_241' title='bbox 548 1433 622 1475; x_wconf 80' lang='lat' dir='ltr'>llli</span> <span class='ocrx_word' id='word_1_242' title='bbox 656 1448 760 1489; x_wconf 88' lang='lat' dir='ltr'>ergo</span> <span class='ocrx_word' id='word_1_243' title='bbox 785 1433 957 1475; x_wconf 86' lang='lat' dir='ltr'>dimissi</span> <span class='ocrx_word' id='word_1_244' title='bbox 987 1433 1311 1475; x_wconf 79' lang='lat' dir='ltr'>descenderunt</span> <span class='ocrx_word' id='word_1_245' title='bbox 1340 1432 1654 1487; x_wconf 82' lang='lat' dir='ltr'>Antiochiam3</span> <span class='ocrx_word' id='word_1_246' title='bbox 1691 1438 1735 1476; x_wconf 90' lang='lat' dir='ltr'>et</span> <span class='ocrx_word' id='word_1_247' title='bbox 1769 1437 2041 1488; x_wconf 87' lang='lat' dir='ltr'>congregata</span> <span class='ocrx_word' id='word_1_248' title='bbox 2070 1431 2270 1475; x_wconf 88' lang='lat' dir='ltr'>multitu-</span> 
     </span>
     <span class='ocr_line' id='line_1_37' title="bbox 434 1491 2270 1549; baseline -0.001 -14"><span class='ocrx_word' id='word_1_249' title='bbox 434 1493 561 1548; x_wconf 88' lang='lat' dir='ltr'>dine,</span> <span class='ocrx_word' id='word_1_250' title='bbox 600 1493 877 1536; x_wconf 86' lang='lat' dir='ltr'>tradiderunt</span> <span class='ocrx_word' id='word_1_251' title='bbox 909 1492 1157 1549; x_wconf 81' lang='lat' dir='ltr'>epistolam.</span> <span class='ocrx_word' id='word_1_252' title='bbox 1199 1491 1231 1518; x_wconf 83' lang='lat'>3¹</span> <span class='ocrx_word' id='word_1_253' title='bbox 1253 1492 1395 1542; x_wconf 87' lang='lat' dir='ltr'>Qua-m</span> <span class='ocrx_word' id='word_1_254' title='bbox 1429 1506 1528 1534; x_wconf 89' lang='lat' dir='ltr'>cum</span> <span class='ocrx_word' id='word_1_255' title='bbox 1562 1492 1798 1548; x_wconf 85' lang='lat' dir='ltr'>legissent,</span> <span class='ocrx_word' id='word_1_256' title='bbox 1828 1491 1972 1548; x_wconf 84' lang='lat' dir='ltr'>gavisi</span> <span class='ocrx_word' id='word_1_257' title='bbox 2009 1496 2113 1535; x_wconf 91' lang='lat' dir='ltr'>sunt</span> <span class='ocrx_word' id='word_1_258' title='bbox 2141 1505 2270 1548; x_wconf 88' lang='lat' dir='ltr'>super</span> 
     </span>
     <span class='ocr_line' id='line_1_38' title="bbox 435 1550 2270 1608; baseline -0.001 -14"><span class='ocrx_word' id='word_1_259' title='bbox 435 1552 748 1596; x_wconf 86' lang='lat' dir='ltr'>consolatione.</span> <span class='ocrx_word' id='word_1_260' title='bbox 776 1551 812 1578; x_wconf 82' lang='grc'>39</span> <span class='ocrx_word' id='word_1_261' title='bbox 829 1552 857 1594; x_wconf 68' lang='lat' dir='ltr'>,J</span> <span class='ocrx_word' id='word_1_262' title='bbox 864 1552 970 1595; x_wconf 90' lang='lat' dir='ltr'>udas</span> <span class='ocrx_word' id='word_1_263' title='bbox 992 1557 1142 1595; x_wconf 88' lang='lat' dir='ltr'>autem</span> <span class='ocrx_word' id='word_1_264' title='bbox 1163 1557 1207 1595; x_wconf 88' lang='lat' dir='ltr'>et</span> <span class='ocrx_word' id='word_1_265' title='bbox 1233 1551 1366 1607; x_wconf 90' lang='lat' dir='ltr'>Silas,</span> <span class='ocrx_word' id='word_1_266' title='bbox 1391 1556 1434 1594; x_wconf 91' lang='lat' dir='ltr'>et</span> <span class='ocrx_word' id='word_1_267' title='bbox 1458 1551 1543 1608; x_wconf 89' lang='lat' dir='ltr'>ipsi</span> <span class='ocrx_word' id='word_1_268' title='bbox 1570 1566 1671 1594; x_wconf 88' lang='lat' dir='ltr'>cum</span> <span class='ocrx_word' id='word_1_269' title='bbox 1693 1557 1839 1595; x_wconf 87' lang='lat' dir='ltr'>essent</span> <span class='ocrx_word' id='word_1_270' title='bbox 1860 1551 2109 1608; x_wconf 79' lang='lat' dir='ltr'>prophetae,</span> <span class='ocrx_word' id='word_1_271' title='bbox 2136 1550 2270 1594; x_wconf 88' lang='lat' dir='ltr'>verbo</span> 
     </span>
     <span class='ocr_line' id='line_1_39' title="bbox 434 1609 2269 1669; baseline -0.001 -15"><span class='ocrx_word' id='word_1_272' title='bbox 434 1612 623 1669; x_wconf 86' lang='lat' dir='ltr'>plurimo</span> <span class='ocrx_word' id='word_1_273' title='bbox 651 1611 866 1655; x_wconf 89' lang='lat' dir='ltr'>consolati</span> <span class='ocrx_word' id='word_1_274' title='bbox 889 1617 992 1661; x_wconf 87' lang='lat' dir='ltr'>sunt</span> <span class='ocrx_word' id='word_1_275' title='bbox 1012 1612 1195 1666; x_wconf 71' lang='lat' dir='ltr'>fratres,</span> <span class='ocrx_word' id='word_1_276' title='bbox 1225 1617 1267 1654; x_wconf 90' lang='lat' dir='ltr'>et</span> <span class='ocrx_word' id='word_1_277' title='bbox 1293 1611 1680 1654; x_wconf 89' lang='lat' dir='ltr'>confirmaverunt.</span> <span class='ocrx_word' id='word_1_278' title='bbox 1707 1610 1744 1637; x_wconf 83' lang='lat'>33</span> <span class='ocrx_word' id='word_1_279' title='bbox 1762 1612 1900 1653; x_wconf 83' lang='lat' dir='ltr'>Facto</span> <span class='ocrx_word' id='word_1_280' title='bbox 1925 1615 2077 1654; x_wconf 90' lang='lat' dir='ltr'>autem</span> <span class='ocrx_word' id='word_1_281' title='bbox 2101 1609 2166 1652; x_wconf 92' lang='lat' dir='ltr'>ibi</span> <span class='ocrx_word' id='word_1_282' title='bbox 2187 1609 2269 1652; x_wconf 91' lang='lat' dir='ltr'>ali-</span> 
     </span>
     <span class='ocr_line' id='line_1_40' title="bbox 435 1669 2271 1728; baseline -0.001 -15"><span class='ocrx_word' id='word_1_283' title='bbox 435 1677 600 1727; x_wconf 88' lang='lat' dir='ltr'>quanto</span> <span class='ocrx_word' id='word_1_284' title='bbox 626 1677 843 1728; x_wconf 89' lang='lat' dir='ltr'>tempore,</span> <span class='ocrx_word' id='word_1_285' title='bbox 869 1671 1039 1713; x_wconf 80' lang='lat' dir='ltr'>dimissi</span> <span class='ocrx_word' id='word_1_286' title='bbox 1062 1676 1165 1713; x_wconf 90' lang='lat' dir='ltr'>sunt</span> <span class='ocrx_word' id='word_1_287' title='bbox 1196 1685 1296 1713; x_wconf 90' lang='lat' dir='ltr'>cum</span> <span class='ocrx_word' id='word_1_288' title='bbox 1325 1684 1435 1727; x_wconf 90' lang='lat' dir='ltr'>pace</span> <span class='ocrx_word' id='word_1_289' title='bbox 1463 1685 1489 1712; x_wconf 93' lang='lat' dir='ltr'>a</span> <span class='ocrx_word' id='word_1_290' title='bbox 1522 1670 1738 1713; x_wconf 79' lang='lat' dir='ltr'>fratribus</span> <span class='ocrx_word' id='word_1_291' title='bbox 1769 1670 1825 1713; x_wconf 92' lang='lat' dir='ltr'>ad</span> <span class='ocrx_word' id='word_1_292' title='bbox 1855 1684 1928 1713; x_wconf 88' lang='lat' dir='ltr'>eos</span> <span class='ocrx_word' id='word_1_293' title='bbox 1954 1669 2027 1725; x_wconf 87' lang='lat' dir='ltr'>qui</span> <span class='ocrx_word' id='word_1_294' title='bbox 2058 1669 2271 1712; x_wconf 86' lang='lat' dir='ltr'>miserant</span> 
     </span>
     <span class='ocr_line' id='line_1_41' title="bbox 434 1728 2268 1785; baseline -0.001 -13"><span class='ocrx_word' id='word_1_295' title='bbox 434 1730 548 1773; x_wconf 88' lang='lat' dir='ltr'>illos.</span> <span class='ocrx_word' id='word_1_296' title='bbox 572 1730 608 1757; x_wconf 69' lang='lat'>34</span> <span class='ocrx_word' id='word_1_297' title='bbox 627 1730 786 1773; x_wconf 88' lang='lat' dir='ltr'>Visum</span> <span class='ocrx_word' id='word_1_298' title='bbox 811 1736 878 1775; x_wconf 68' lang='lat' dir='ltr'>cst</span> <span class='ocrx_word' id='word_1_299' title='bbox 902 1735 1053 1773; x_wconf 86' lang='lat' dir='ltr'>autem</span> <span class='ocrx_word' id='word_1_300' title='bbox 1080 1730 1183 1773; x_wconf 85' lang='lat' dir='ltr'>Silae</span> <span class='ocrx_word' id='word_1_301' title='bbox 1210 1730 1272 1772; x_wconf 89' lang='lat' dir='ltr'>ibi</span> <span class='ocrx_word' id='word_1_302' title='bbox 1295 1744 1549 1785; x_wconf 83' lang='lat' dir='ltr'>remanere3</span> <span class='ocrx_word' id='word_1_303' title='bbox 1573 1730 1599 1772; x_wconf 76' lang='lat' dir='ltr'>J</span> <span class='ocrx_word' id='word_1_304' title='bbox 1606 1729 1714 1772; x_wconf 90' lang='lat' dir='ltr'>udas</span> <span class='ocrx_word' id='word_1_305' title='bbox 1740 1734 1890 1772; x_wconf 90' lang='lat' dir='ltr'>autem</span> <span class='ocrx_word' id='word_1_306' title='bbox 1913 1729 2030 1772; x_wconf 87' lang='lat' dir='ltr'>solus</span> <span class='ocrx_word' id='word_1_307' title='bbox 2057 1728 2169 1771; x_wconf 90' lang='lat' dir='ltr'>abiit</span> <span class='ocrx_word' id='word_1_308' title='bbox 2194 1729 2268 1771; x_wconf 83' lang='lat' dir='ltr'>Je-</span> 
     </span>
     <span class='ocr_line' id='line_1_42' title="bbox 434 1787 2270 1844; baseline -0.002 -12"><span class='ocrx_word' id='word_1_309' title='bbox 434 1790 639 1833; x_wconf 89' lang='lat' dir='ltr'>rusalem.</span> <span class='ocrx_word' id='word_1_310' title='bbox 663 1790 699 1816; x_wconf 78' lang='lat'>35</span> <span class='ocrx_word' id='word_1_311' title='bbox 717 1789 884 1832; x_wconf 90' lang='lat' dir='ltr'>Paulus</span> <span class='ocrx_word' id='word_1_312' title='bbox 909 1795 1058 1833; x_wconf 88' lang='lat' dir='ltr'>autem</span> <span class='ocrx_word' id='word_1_313' title='bbox 1081 1796 1123 1833; x_wconf 90' lang='lat' dir='ltr'>et</span> <span class='ocrx_word' id='word_1_314' title='bbox 1150 1789 1380 1831; x_wconf 86' lang='lat' dir='ltr'>Barnabas</span> <span class='ocrx_word' id='word_1_315' title='bbox 1404 1789 1749 1832; x_wconf 88' lang='lat' dir='ltr'>demorabantur</span> <span class='ocrx_word' id='word_1_316' title='bbox 1770 1787 2041 1844; x_wconf 75' lang='lat' dir='ltr'>Antiochiae,</span> <span class='ocrx_word' id='word_1_317' title='bbox 2061 1787 2270 1831; x_wconf 86' lang='lat' dir='ltr'>docentes</span> 
     </span>
     <span class='ocr_line' id='line_1_43' title="bbox 435 1847 1761 1905; baseline -0.001 -14"><span class='ocrx_word' id='word_1_318' title='bbox 435 1856 479 1891; x_wconf 88' lang='lat' dir='ltr'>et</span> <span class='ocrx_word' id='word_1_319' title='bbox 504 1849 862 1905; x_wconf 75' lang='lat' dir='ltr'>evangelizantes</span> <span class='ocrx_word' id='word_1_320' title='bbox 885 1863 986 1892; x_wconf 86' lang='lat' dir='ltr'>cum</span> <span class='ocrx_word' id='word_1_321' title='bbox 1011 1848 1111 1891; x_wconf 90' lang='lat' dir='ltr'>aliis</span> <span class='ocrx_word' id='word_1_322' title='bbox 1137 1848 1336 1905; x_wconf 88' lang='lat' dir='ltr'>pluribus</span> <span class='ocrx_word' id='word_1_323' title='bbox 1359 1848 1544 1892; x_wconf 87' lang='lat' dir='ltr'>verbum</span> <span class='ocrx_word' id='word_1_324' title='bbox 1567 1847 1761 1891; x_wconf 88' lang='lat' dir='ltr'>Domini.</span> 
     </span>
    </p>
   </div>
   <div class='ocr_carea' id='block_1_11' title="bbox 810 1970 1889 2026">
    <p class='ocr_par' dir='ltr' id='par_1_13' title="bbox 810 1970 1889 2026">
     <span class='ocr_line' id='line_1_44' title="bbox 810 1970 1889 2026; baseline -0.001 -13"><span class='ocrx_word' id='word_1_325' title='bbox 810 1974 831 2026; x_wconf 63' lang='grc' dir='ltr'>ξ</span> <span class='ocrx_word' id='word_1_326' title='bbox 865 1971 953 2013; x_wconf 81' lang='lat'>111.</span> <span class='ocrx_word' id='word_1_327' title='bbox 979 1996 1039 2002; x_wconf 90' lang='lat'>——</span> <span class='ocrx_word' id='word_1_328' title='bbox 1059 1971 1203 2013; x_wconf 74' lang='lat' dir='ltr'>Pauli</span> <span class='ocrx_word' id='word_1_329' title='bbox 1225 1972 1305 2013; x_wconf 69' lang='lat' dir='ltr'>iter</span> <span class='ocrx_word' id='word_1_330' title='bbox 1329 1971 1617 2026; x_wconf 74' lang='lat' dir='ltr'>apostolicum</span> <span class='ocrx_word' id='word_1_331' title='bbox 1641 1970 1889 2013; x_wconf 73' lang='lat' dir='ltr'>secundum.</span> 
     </span>
    </p>
   </div>
   <div class='ocr_carea' id='block_1_12' title="bbox 433 2085 2273 3686">
    <p class='ocr_par' dir='ltr' id='par_1_14' title="bbox 433 2085 2273 2680">
     <span class='ocr_line' id='line_1_45' title="bbox 495 2085 2272 2142; baseline -0.002 -11"><span class='ocrx_word' id='word_1_332' title='bbox 495 2088 531 2114; x_wconf 74' lang='lat' dir='ltr'>3ss</span> <span class='ocrx_word' id='word_1_333' title='bbox 550 2089 654 2131; x_wconf 90' lang='lat' dir='ltr'>Post</span> <span class='ocrx_word' id='word_1_334' title='bbox 683 2086 852 2142; x_wconf 88' lang='lat' dir='ltr'>aliquot</span> <span class='ocrx_word' id='word_1_335' title='bbox 888 2092 1039 2129; x_wconf 90' lang='lat' dir='ltr'>autem</span> <span class='ocrx_word' id='word_1_336' title='bbox 1077 2085 1189 2142; x_wconf 88' lang='lat' dir='ltr'>dies,</span> <span class='ocrx_word' id='word_1_337' title='bbox 1222 2085 1336 2128; x_wconf 80' lang='lat' dir='ltr'>dixit</span> <span class='ocrx_word' id='word_1_338' title='bbox 1368 2085 1425 2128; x_wconf 89' lang='lat' dir='ltr'>ad</span> <span class='ocrx_word' id='word_1_339' title='bbox 1460 2085 1715 2128; x_wconf 86' lang='lat' dir='ltr'>Barnabam</span> <span class='ocrx_word' id='word_1_340' title='bbox 1743 2085 1906 2128; x_wconf 90' lang='lat' dir='ltr'>Paulus</span> <span class='ocrx_word' id='word_1_341' title='bbox 1933 2103 1943 2128; x_wconf 76' lang='lat' dir='ltr'><em>z</em></span> <span class='ocrx_word' id='word_1_342' title='bbox 1984 2085 2272 2128; x_wconf 87' lang='lat' dir='ltr'>Revertentes</span> 
     </span>
     <span class='ocr_line' id='line_1_46' title="bbox 435 2143 2271 2202; baseline -0.002 -13"><span class='ocrx_word' id='word_1_343' title='bbox 435 2147 665 2190; x_wconf 77' lang='lat' dir='ltr'>visitemus</span> <span class='ocrx_word' id='word_1_344' title='bbox 690 2146 851 2189; x_wconf 73' lang='lat' dir='ltr'>fratres</span> <span class='ocrx_word' id='word_1_345' title='bbox 877 2160 953 2202; x_wconf 90' lang='lat' dir='ltr'>per</span> <span class='ocrx_word' id='word_1_346' title='bbox 979 2145 1207 2188; x_wconf 77' lang='lat' dir='ltr'>universas</span> <span class='ocrx_word' id='word_1_347' title='bbox 1227 2145 1454 2200; x_wconf 78' lang='lat' dir='ltr'>civitates,</span> <span class='ocrx_word' id='word_1_348' title='bbox 1475 2145 1523 2187; x_wconf 90' lang='lat' dir='ltr'>in</span> <span class='ocrx_word' id='word_1_349' title='bbox 1542 2144 1701 2200; x_wconf 90' lang='lat' dir='ltr'>quibus</span> <span class='ocrx_word' id='word_1_350' title='bbox 1723 2143 2066 2201; x_wconf 61' lang='lat' dir='ltr'>praedicavimus</span> <span class='ocrx_word' id='word_1_351' title='bbox 2088 2143 2271 2186; x_wconf 89' lang='lat' dir='ltr'>verbum</span> 
     </span>
     <span class='ocr_line' id='line_1_47' title="bbox 436 2203 2273 2262; baseline -0.002 -13"><span class='ocrx_word' id='word_1_352' title='bbox 436 2206 637 2262; x_wconf 89' lang='lat' dir='ltr'>Domini,</span> <span class='ocrx_word' id='word_1_353' title='bbox 662 2204 880 2262; x_wconf 87' lang='lat' dir='ltr'>quomodo</span> <span class='ocrx_word' id='word_1_354' title='bbox 906 2219 952 2248; x_wconf 93' lang='lat' dir='ltr'>se</span> <span class='ocrx_word' id='word_1_355' title='bbox 978 2205 1186 2248; x_wconf 87' lang='lat' dir='ltr'>habeant.</span> <span class='ocrx_word' id='word_1_356' title='bbox 1206 2203 1241 2231; x_wconf 83' lang='lat'>37</span> <span class='ocrx_word' id='word_1_357' title='bbox 1254 2204 1484 2247; x_wconf 86' lang='lat' dir='ltr'>Barnabas</span> <span class='ocrx_word' id='word_1_358' title='bbox 1510 2210 1660 2247; x_wconf 87' lang='lat' dir='ltr'>autem</span> <span class='ocrx_word' id='word_1_359' title='bbox 1679 2204 1858 2247; x_wconf 89' lang='lat' dir='ltr'>volebat</span> <span class='ocrx_word' id='word_1_360' title='bbox 1875 2217 2025 2246; x_wconf 88' lang='lat' dir='ltr'>secum</span> <span class='ocrx_word' id='word_1_361' title='bbox 2046 2216 2273 2246; x_wconf 87' lang='lat' dir='ltr'>assumere</span> 
     </span>
     <span class='ocr_line' id='line_1_48' title="bbox 435 2262 2270 2321; baseline -0.003 -11"><span class='ocrx_word' id='word_1_362' title='bbox 435 2272 478 2310; x_wconf 90' lang='lat' dir='ltr'>et</span> <span class='ocrx_word' id='word_1_363' title='bbox 503 2267 531 2309; x_wconf 78' lang='lat' dir='ltr'>J</span> <span class='ocrx_word' id='word_1_364' title='bbox 536 2279 744 2321; x_wconf 88' lang='lat' dir='ltr'>oannem,</span> <span class='ocrx_word' id='word_1_365' title='bbox 769 2264 842 2320; x_wconf 90' lang='lat' dir='ltr'>qui</span> <span class='ocrx_word' id='word_1_366' title='bbox 868 2264 1268 2320; x_wconf 87' lang='lat' dir='ltr'>cognominabatur</span> <span class='ocrx_word' id='word_1_367' title='bbox 1293 2264 1484 2307; x_wconf 88' lang='lat' dir='ltr'>Marcus.</span> <span class='ocrx_word' id='word_1_368' title='bbox 1511 2263 1547 2290; x_wconf 79' lang='lat'>38</span> <span class='ocrx_word' id='word_1_369' title='bbox 1570 2263 1735 2307; x_wconf 88' lang='lat' dir='ltr'>Paulus</span> <span class='ocrx_word' id='word_1_370' title='bbox 1760 2269 1910 2306; x_wconf 89' lang='lat' dir='ltr'>autem</span> <span class='ocrx_word' id='word_1_371' title='bbox 1935 2262 2124 2318; x_wconf 87' lang='lat' dir='ltr'>rogabat</span> <span class='ocrx_word' id='word_1_372' title='bbox 2149 2276 2270 2317; x_wconf 88' lang='lat' dir='ltr'>eum,</span> 
     </span>
     <span class='ocr_line' id='line_1_49' title="bbox 434 2321 2271 2381; baseline -0.003 -12"><span class='ocrx_word' id='word_1_373' title='bbox 434 2331 482 2369; x_wconf 89' lang='lat' dir='ltr'>ut</span> <span class='ocrx_word' id='word_1_374' title='bbox 504 2325 578 2381; x_wconf 88' lang='lat' dir='ltr'>qui</span> <span class='ocrx_word' id='word_1_375' title='bbox 604 2324 878 2368; x_wconf 88' lang='lat' dir='ltr'>discessisset</span> <span class='ocrx_word' id='word_1_376' title='bbox 899 2325 955 2367; x_wconf 91' lang='lat' dir='ltr'>ab</span> <span class='ocrx_word' id='word_1_377' title='bbox 979 2324 1040 2368; x_wconf 88' lang='lat' dir='ltr'>eis</span> <span class='ocrx_word' id='word_1_378' title='bbox 1064 2323 1117 2367; x_wconf 90' lang='lat' dir='ltr'>de</span> <span class='ocrx_word' id='word_1_379' title='bbox 1144 2323 1433 2379; x_wconf 85' lang='lat' dir='ltr'>Pamphylia,</span> <span class='ocrx_word' id='word_1_380' title='bbox 1453 2330 1496 2366; x_wconf 90' lang='lat' dir='ltr'>et</span> <span class='ocrx_word' id='word_1_381' title='bbox 1517 2337 1604 2365; x_wconf 89' lang='lat' dir='ltr'>non</span> <span class='ocrx_word' id='word_1_382' title='bbox 1629 2323 1736 2366; x_wconf 91' lang='lat' dir='ltr'>isset</span> <span class='ocrx_word' id='word_1_383' title='bbox 1759 2337 1861 2366; x_wconf 88' lang='lat' dir='ltr'>cum</span> <span class='ocrx_word' id='word_1_384' title='bbox 1887 2321 1949 2365; x_wconf 87' lang='lat' dir='ltr'>eis</span> <span class='ocrx_word' id='word_1_385' title='bbox 1969 2321 2017 2365; x_wconf 90' lang='lat' dir='ltr'>in</span> <span class='ocrx_word' id='word_1_386' title='bbox 2043 2336 2164 2379; x_wconf 88' lang='lat' dir='ltr'>opus,</span> <span class='ocrx_word' id='word_1_387' title='bbox 2183 2335 2271 2364; x_wconf 90' lang='lat' dir='ltr'>non</span> 
     </span>
     <span class='ocr_line' id='line_1_50' title="bbox 435 2380 2269 2441; baseline -0.003 -13"><span class='ocrx_word' id='word_1_388' title='bbox 435 2385 593 2428; x_wconf 89' lang='lat' dir='ltr'>debere</span> <span class='ocrx_word' id='word_1_389' title='bbox 618 2384 768 2441; x_wconf 89' lang='lat' dir='ltr'>recipi.</span> <span class='ocrx_word' id='word_1_390' title='bbox 793 2383 829 2410; x_wconf 82' lang='lat'>39</span> <span class='ocrx_word' id='word_1_391' title='bbox 848 2385 987 2427; x_wconf 84' lang='lat' dir='ltr'>Facta</span> <span class='ocrx_word' id='word_1_392' title='bbox 1010 2389 1076 2427; x_wconf 90' lang='lat' dir='ltr'>est</span> <span class='ocrx_word' id='word_1_393' title='bbox 1100 2390 1251 2426; x_wconf 87' lang='lat' dir='ltr'>autem</span> <span class='ocrx_word' id='word_1_394' title='bbox 1273 2382 1502 2439; x_wconf 88' lang='lat' dir='ltr'>dissensio,</span> <span class='ocrx_word' id='word_1_395' title='bbox 1524 2383 1588 2424; x_wconf 89' lang='lat' dir='ltr'>ita</span> <span class='ocrx_word' id='word_1_396' title='bbox 1607 2387 1655 2425; x_wconf 91' lang='lat' dir='ltr'>ut</span> <span class='ocrx_word' id='word_1_397' title='bbox 1682 2381 1959 2425; x_wconf 90' lang='lat' dir='ltr'>discederent</span> <span class='ocrx_word' id='word_1_398' title='bbox 1985 2381 2040 2424; x_wconf 89' lang='lat' dir='ltr'>ab</span> <span class='ocrx_word' id='word_1_399' title='bbox 2062 2380 2269 2434; x_wconf 89' lang='lat' dir='ltr'>invicem,</span> 
     </span>
     <span class='ocr_line' id='line_1_51' title="bbox 435 2440 2270 2500; baseline -0.003 -13"><span class='ocrx_word' id='word_1_400' title='bbox 435 2451 477 2487; x_wconf 88' lang='lat' dir='ltr'>et</span> <span class='ocrx_word' id='word_1_401' title='bbox 502 2444 729 2487; x_wconf 89' lang='lat' dir='ltr'>Barnabas</span> <span class='ocrx_word' id='word_1_402' title='bbox 754 2443 952 2500; x_wconf 88' lang='lat' dir='ltr'>quidem,</span> <span class='ocrx_word' id='word_1_403' title='bbox 979 2448 1207 2499; x_wconf 87' lang='lat' dir='ltr'>assumpto</span> <span class='ocrx_word' id='word_1_404' title='bbox 1229 2443 1401 2497; x_wconf 88' lang='lat' dir='ltr'>Marco,</span> <span class='ocrx_word' id='word_1_405' title='bbox 1424 2442 1658 2497; x_wconf 86' lang='lat' dir='ltr'>navigaret</span> <span class='ocrx_word' id='word_1_406' title='bbox 1678 2443 1886 2498; x_wconf 84' lang='lat' dir='ltr'>Cyprum.</span> <span class='ocrx_word' id='word_1_407' title='bbox 1909 2440 1947 2467; x_wconf 74' lang='lat'>40</span> <span class='ocrx_word' id='word_1_408' title='bbox 1964 2440 2130 2483; x_wconf 91' lang='lat' dir='ltr'>Paulus</span> <span class='ocrx_word' id='word_1_409' title='bbox 2153 2454 2270 2495; x_wconf 87' lang='lat' dir='ltr'>vero,</span> 
     </span>
     <span class='ocr_line' id='line_1_52' title="bbox 434 2499 2270 2560; baseline -0.003 -13"><span class='ocrx_word' id='word_1_410' title='bbox 434 2504 574 2547; x_wconf 90' lang='lat' dir='ltr'>electo</span> <span class='ocrx_word' id='word_1_411' title='bbox 599 2503 711 2560; x_wconf 88' lang='lat' dir='ltr'>Sila,</span> <span class='ocrx_word' id='word_1_412' title='bbox 734 2503 961 2560; x_wconf 76' lang='lat' dir='ltr'>profectus</span> <span class='ocrx_word' id='word_1_413' title='bbox 980 2508 1065 2558; x_wconf 90' lang='lat' dir='ltr'>est,</span> <span class='ocrx_word' id='word_1_414' title='bbox 1085 2502 1273 2544; x_wconf 86' lang='lat' dir='ltr'>traditus</span> <span class='ocrx_word' id='word_1_415' title='bbox 1299 2501 1456 2557; x_wconf 80' lang='lat' dir='ltr'>gratiae</span> <span class='ocrx_word' id='word_1_416' title='bbox 1476 2501 1559 2544; x_wconf 90' lang='lat' dir='ltr'>Dei</span> <span class='ocrx_word' id='word_1_417' title='bbox 1581 2516 1608 2543; x_wconf 91' lang='lat' dir='ltr'>a</span> <span class='ocrx_word' id='word_1_418' title='bbox 1629 2500 1857 2544; x_wconf 78' lang='lat' dir='ltr'>fratribus.</span> <span class='ocrx_word' id='word_1_419' title='bbox 1876 2499 1910 2526; x_wconf 75' lang='lat'>⁴1</span> <span class='ocrx_word' id='word_1_420' title='bbox 1927 2499 2270 2543; x_wconf 83' lang='lat' dir='ltr'>Perainbulabat</span> 
     </span>
     <span class='ocr_line' id='line_1_53' title="bbox 434 2557 2273 2619; baseline -0.003 -13"><span class='ocrx_word' id='word_1_421' title='bbox 434 2570 584 2606; x_wconf 89' lang='lat' dir='ltr'>autem</span> <span class='ocrx_word' id='word_1_422' title='bbox 623 2563 798 2619; x_wconf 84' lang='lat' dir='ltr'>Syriam</span> <span class='ocrx_word' id='word_1_423' title='bbox 838 2568 881 2606; x_wconf 91' lang='lat' dir='ltr'>et</span> <span class='ocrx_word' id='word_1_424' title='bbox 922 2562 1146 2616; x_wconf 85' lang='lat' dir='ltr'>Ciliciam,</span> <span class='ocrx_word' id='word_1_425' title='bbox 1186 2561 1450 2604; x_wconf 89' lang='lat' dir='ltr'>confirmans</span> <span class='ocrx_word' id='word_1_426' title='bbox 1483 2560 1717 2616; x_wconf 88' lang='lat' dir='ltr'>ecclesias,</span> <span class='ocrx_word' id='word_1_427' title='bbox 1752 2559 2018 2617; x_wconf 76' lang='lat' dir='ltr'>praecipiens</span> <span class='ocrx_word' id='word_1_428' title='bbox 2051 2557 2273 2602; x_wconf 85' lang='lat' dir='ltr'>custodire</span> 
     </span>
     <span class='ocr_line' id='line_1_54' title="bbox 433 2621 1304 2680; baseline -0.005 -14"><span class='ocrx_word' id='word_1_429' title='bbox 433 2628 657 2680; x_wconf 82' lang='lat' dir='ltr'>praecepta</span> <span class='ocrx_word' id='word_1_430' title='bbox 679 2622 979 2679; x_wconf 87' lang='lat' dir='ltr'>apostolorum</span> <span class='ocrx_word' id='word_1_431' title='bbox 1001 2627 1044 2664; x_wconf 88' lang='lat' dir='ltr'>et</span> <span class='ocrx_word' id='word_1_432' title='bbox 1068 2621 1304 2664; x_wconf 88' lang='lat' dir='ltr'>seniorum.</span> 
     </span>
    </p>

    <p class='ocr_par' dir='ltr' id='par_1_15' title="bbox 434 2676 2271 3213">
     <span class='ocr_line' id='line_1_55' title="bbox 494 2676 2271 2736; baseline -0.003 -11"><span class='ocrx_word' id='word_1_433' title='bbox 494 2682 600 2726; x_wconf 76' lang='lat' dir='ltr'>CAP.</span> <span class='ocrx_word' id='word_1_434' title='bbox 627 2682 754 2725; x_wconf 83' lang='lat' dir='ltr'><strong>XVI.</strong></span> <span class='ocrx_word' id='word_1_435' title='bbox 780 2708 839 2713; x_wconf 83' lang='lat'>—</span> <span class='ocrx_word' id='word_1_436' title='bbox 860 2681 873 2707; x_wconf 90' lang='grc'>1</span> <span class='ocrx_word' id='word_1_437' title='bbox 894 2681 1103 2724; x_wconf 87' lang='lat' dir='ltr'>Pervenit</span> <span class='ocrx_word' id='word_1_438' title='bbox 1124 2686 1274 2724; x_wconf 88' lang='lat' dir='ltr'>autem</span> <span class='ocrx_word' id='word_1_439' title='bbox 1302 2679 1477 2723; x_wconf 89' lang='lat' dir='ltr'>Derben</span> <span class='ocrx_word' id='word_1_440' title='bbox 1504 2684 1547 2722; x_wconf 89' lang='lat' dir='ltr'>et</span> <span class='ocrx_word' id='word_1_441' title='bbox 1569 2680 1790 2736; x_wconf 89' lang='lat' dir='ltr'>Lystram.</span> <span class='ocrx_word' id='word_1_442' title='bbox 1819 2681 1876 2724; x_wconf 86' lang='lat' dir='ltr'>Et</span> <span class='ocrx_word' id='word_1_443' title='bbox 1901 2694 2003 2723; x_wconf 87' lang='lat' dir='ltr'>ecce</span> <span class='ocrx_word' id='word_1_444' title='bbox 2029 2676 2271 2735; x_wconf 85' lang='lat' dir='ltr'>discipulus</span> 
     </span>
     <span class='ocr_line' id='line_1_56' title="bbox 435 2737 2269 2798; baseline -0.003 -14"><span class='ocrx_word' id='word_1_445' title='bbox 435 2742 615 2798; x_wconf 90' lang='lat' dir='ltr'>quidam</span> <span class='ocrx_word' id='word_1_446' title='bbox 637 2747 730 2784; x_wconf 89' lang='lat' dir='ltr'>erat</span> <span class='ocrx_word' id='word_1_447' title='bbox 755 2741 839 2797; x_wconf 85' lang='lat' dir='ltr'>ibi,</span> <span class='ocrx_word' id='word_1_448' title='bbox 866 2740 1044 2784; x_wconf 83' lang='lat' dir='ltr'>nornine</span> <span class='ocrx_word' id='word_1_449' title='bbox 1068 2740 1350 2795; x_wconf 88' lang='lat' dir='ltr'>Timotheus,</span> <span class='ocrx_word' id='word_1_450' title='bbox 1376 2738 1493 2782; x_wconf 90' lang='lat' dir='ltr'>filius</span> <span class='ocrx_word' id='word_1_451' title='bbox 1522 2738 1719 2782; x_wconf 89' lang='lat' dir='ltr'>mulieris</span> <span class='ocrx_word' id='word_1_452' title='bbox 1749 2739 1923 2782; x_wconf 79' lang='lat' dir='ltr'>Judaeae</span> <span class='ocrx_word' id='word_1_453' title='bbox 1952 2737 2121 2793; x_wconf 89' lang='lat' dir='ltr'>fidelis,</span> <span class='ocrx_word' id='word_1_454' title='bbox 2146 2742 2269 2794; x_wconf 85' lang='lat' dir='ltr'>patre</span> 
     </span>
     <span class='ocr_line' id='line_1_57' title="bbox 435 2795 2270 2857; baseline -0.003 -13"><span class='ocrx_word' id='word_1_455' title='bbox 435 2800 606 2857; x_wconf 86' lang='lat' dir='ltr'>gentili.</span> <span class='ocrx_word' id='word_1_456' title='bbox 632 2800 649 2826; x_wconf 90' lang='grc'><strong>9</strong></span> <span class='ocrx_word' id='word_1_457' title='bbox 669 2801 786 2843; x_wconf 89' lang='lat' dir='ltr'>Huic</span> <span class='ocrx_word' id='word_1_458' title='bbox 813 2799 1119 2844; x_wconf 87' lang='lat' dir='ltr'>testimonium</span> <span class='ocrx_word' id='word_1_459' title='bbox 1141 2799 1307 2842; x_wconf 88' lang='lat' dir='ltr'>bonum</span> <span class='ocrx_word' id='word_1_460' title='bbox 1327 2798 1574 2842; x_wconf 86' lang='lat' dir='ltr'>reddebant</span> <span class='ocrx_word' id='word_1_461' title='bbox 1600 2798 1673 2854; x_wconf 91' lang='lat' dir='ltr'>qui</span> <span class='ocrx_word' id='word_1_462' title='bbox 1694 2797 1741 2841; x_wconf 90' lang='lat' dir='ltr'>in</span> <span class='ocrx_word' id='word_1_463' title='bbox 1763 2799 1935 2855; x_wconf 87' lang='lat' dir='ltr'>Lystris</span> <span class='ocrx_word' id='word_1_464' title='bbox 1959 2802 2084 2841; x_wconf 89' lang='lat' dir='ltr'>erant</span> <span class='ocrx_word' id='word_1_465' title='bbox 2105 2802 2148 2840; x_wconf 91' lang='lat' dir='ltr'>et</span> <span class='ocrx_word' id='word_1_466' title='bbox 2173 2795 2270 2839; x_wconf 86' lang='lat' dir='ltr'>Ico—</span> 
     </span>
     <span class='ocr_line' id='line_1_58' title="bbox 434 2855 2267 2914; baseline -0.004 -11"><span class='ocrx_word' id='word_1_467' title='bbox 434 2860 509 2904; x_wconf 90' lang='lat' dir='ltr'>nio</span> <span class='ocrx_word' id='word_1_468' title='bbox 534 2861 709 2903; x_wconf 77' lang='lat' dir='ltr'>fratres.</span> <span class='ocrx_word' id='word_1_469' title='bbox 736 2860 754 2886; x_wconf 82' lang='lat'>3</span> <span class='ocrx_word' id='word_1_470' title='bbox 773 2861 906 2903; x_wconf 90' lang='lat' dir='ltr'>Hunc</span> <span class='ocrx_word' id='word_1_471' title='bbox 932 2859 1071 2902; x_wconf 89' lang='lat' dir='ltr'>voluit</span> <span class='ocrx_word' id='word_1_472' title='bbox 1096 2859 1261 2901; x_wconf 89' lang='lat' dir='ltr'>Paulus</span> <span class='ocrx_word' id='word_1_473' title='bbox 1286 2872 1437 2902; x_wconf 89' lang='lat' dir='ltr'>secum</span> <span class='ocrx_word' id='word_1_474' title='bbox 1470 2857 1715 2914; x_wconf 85' lang='lat' dir='ltr'>proficisci3</span> <span class='ocrx_word' id='word_1_475' title='bbox 1748 2863 1792 2901; x_wconf 90' lang='lat' dir='ltr'>et</span> <span class='ocrx_word' id='word_1_476' title='bbox 1822 2872 2053 2901; x_wconf 90' lang='lat' dir='ltr'>assumens</span> <span class='ocrx_word' id='word_1_477' title='bbox 2083 2855 2267 2899; x_wconf 88' lang='lat' dir='ltr'>circum-</span> 
     </span>
     <span class='ocr_line' id='line_1_59' title="bbox 437 2916 2269 2976; baseline -0.004 -13"><span class='ocrx_word' id='word_1_478' title='bbox 437 2920 546 2963; x_wconf 87' lang='lat' dir='ltr'>cidit</span> <span class='ocrx_word' id='word_1_479' title='bbox 568 2935 688 2975; x_wconf 87' lang='lat' dir='ltr'>eum,</span> <span class='ocrx_word' id='word_1_480' title='bbox 716 2925 892 2976; x_wconf 89' lang='lat' dir='ltr'>propter</span> <span class='ocrx_word' id='word_1_481' title='bbox 914 2920 942 2963; x_wconf 82' lang='lat' dir='ltr'><strong>J</strong></span> <span class='ocrx_word' id='word_1_482' title='bbox 948 2919 1098 2961; x_wconf 88' lang='lat' dir='ltr'>udaeos</span> <span class='ocrx_word' id='word_1_483' title='bbox 1124 2918 1198 2974; x_wconf 91' lang='lat' dir='ltr'>qui</span> <span class='ocrx_word' id='word_1_484' title='bbox 1221 2923 1345 2961; x_wconf 89' lang='lat' dir='ltr'>erant</span> <span class='ocrx_word' id='word_1_485' title='bbox 1372 2917 1419 2960; x_wconf 88' lang='lat' dir='ltr'>in</span> <span class='ocrx_word' id='word_1_486' title='bbox 1440 2916 1532 2959; x_wconf 90' lang='lat' dir='ltr'>illis</span> <span class='ocrx_word' id='word_1_487' title='bbox 1565 2916 1699 2972; x_wconf 82' lang='lat' dir='ltr'>locis3</span> <span class='ocrx_word' id='word_1_488' title='bbox 1734 2917 1936 2961; x_wconf 88' lang='lat' dir='ltr'>sciebant</span> <span class='ocrx_word' id='word_1_489' title='bbox 1968 2917 2085 2960; x_wconf 90' lang='lat' dir='ltr'>enim</span> <span class='ocrx_word' id='word_1_490' title='bbox 2119 2927 2269 2957; x_wconf 82' lang='lat' dir='ltr'>omnes</span> 
     </span>
     <span class='ocr_line' id='line_1_60' title="bbox 437 2972 2269 3036; baseline -0.004 -14"><span class='ocrx_word' id='word_1_491' title='bbox 437 2979 552 3035; x_wconf 83' lang='lat' dir='ltr'>quod</span> <span class='ocrx_word' id='word_1_492' title='bbox 576 2985 700 3036; x_wconf 89' lang='lat' dir='ltr'>pater</span> <span class='ocrx_word' id='word_1_493' title='bbox 726 2979 822 3035; x_wconf 83' lang='lat' dir='ltr'>ejus</span> <span class='ocrx_word' id='word_1_494' title='bbox 848 2986 942 3022; x_wconf 87' lang='lat' dir='ltr'>erat</span> <span class='ocrx_word' id='word_1_495' title='bbox 967 2977 1160 3034; x_wconf 87' lang='lat' dir='ltr'>gentilis.</span> <span class='ocrx_word' id='word_1_496' title='bbox 1188 2977 1204 3003; x_wconf 79' lang='lat'>4</span> <span class='ocrx_word' id='word_1_497' title='bbox 1224 2978 1335 3022; x_wconf 89' lang='lat' dir='ltr'>Cum</span> <span class='ocrx_word' id='word_1_498' title='bbox 1361 2982 1510 3019; x_wconf 87' lang='lat' dir='ltr'>autem</span> <span class='ocrx_word' id='word_1_499' title='bbox 1532 2976 1852 3033; x_wconf 87' lang='lat' dir='ltr'>pertransirent</span> <span class='ocrx_word' id='word_1_500' title='bbox 1877 2976 2102 3029; x_wconf 86' lang='lat' dir='ltr'>civitates,</span> <span class='ocrx_word' id='word_1_501' title='bbox 2124 2972 2269 3015; x_wconf 87' lang='lat' dir='ltr'>trade-</span> 
     </span>
     <span class='ocr_line' id='line_1_61' title="bbox 436 3031 2268 3094; baseline -0.005 -12"><span class='ocrx_word' id='word_1_502' title='bbox 436 3039 544 3082; x_wconf 88' lang='lat' dir='ltr'>bant</span> <span class='ocrx_word' id='word_1_503' title='bbox 566 3039 627 3082; x_wconf 88' lang='lat' dir='ltr'>eis</span> <span class='ocrx_word' id='word_1_504' title='bbox 654 3039 876 3082; x_wconf 89' lang='lat' dir='ltr'>custodire</span> <span class='ocrx_word' id='word_1_505' title='bbox 903 3038 1134 3094; x_wconf 87' lang='lat' dir='ltr'>dogmata,</span> <span class='ocrx_word' id='word_1_506' title='bbox 1163 3052 1261 3093; x_wconf 83' lang='lat' dir='ltr'>quae</span> <span class='ocrx_word' id='word_1_507' title='bbox 1285 3041 1410 3080; x_wconf 89' lang='lat' dir='ltr'>erant</span> <span class='ocrx_word' id='word_1_508' title='bbox 1435 3035 1612 3079; x_wconf 88' lang='lat' dir='ltr'>decreta</span> <span class='ocrx_word' id='word_1_509' title='bbox 1635 3036 1690 3078; x_wconf 92' lang='lat' dir='ltr'>ab</span> <span class='ocrx_word' id='word_1_510' title='bbox 1717 3035 1928 3092; x_wconf 89' lang='lat' dir='ltr'>apostolis</span> <span class='ocrx_word' id='word_1_511' title='bbox 1955 3040 1999 3079; x_wconf 88' lang='lat' dir='ltr'>et</span> <span class='ocrx_word' id='word_1_512' title='bbox 2023 3031 2268 3077; x_wconf 87' lang='lat' dir='ltr'>senioribus</span> 
     </span>
     <span class='ocr_line' id='line_1_62' title="bbox 436 3090 2271 3154; baseline -0.004 -14"><span class='ocrx_word' id='word_1_513' title='bbox 436 3098 510 3154; x_wconf 92' lang='lat' dir='ltr'>qui</span> <span class='ocrx_word' id='word_1_514' title='bbox 537 3104 661 3142; x_wconf 86' lang='lat' dir='ltr'>erant</span> <span class='ocrx_word' id='word_1_515' title='bbox 687 3099 713 3141; x_wconf 81' lang='lat' dir='ltr'>J</span> <span class='ocrx_word' id='word_1_516' title='bbox 719 3097 989 3154; x_wconf 88' lang='lat' dir='ltr'>erosolymis.</span> <span class='ocrx_word' id='word_1_517' title='bbox 1009 3097 1026 3123; x_wconf 76' lang='lat'>5</span> <span class='ocrx_word' id='word_1_518' title='bbox 1041 3097 1098 3139; x_wconf 90' lang='lat' dir='ltr'>Et</span> <span class='ocrx_word' id='word_1_519' title='bbox 1117 3097 1316 3140; x_wconf 85' lang='lat' dir='ltr'>ecclesiae</span> <span class='ocrx_word' id='word_1_520' title='bbox 1336 3094 1514 3152; x_wconf 87' lang='lat' dir='ltr'>quidem</span> <span class='ocrx_word' id='word_1_521' title='bbox 1540 3095 1916 3138; x_wconf 87' lang='lat' dir='ltr'>confirmabantur</span> <span class='ocrx_word' id='word_1_522' title='bbox 1941 3093 2038 3148; x_wconf 89' lang='lat' dir='ltr'>fide,</span> <span class='ocrx_word' id='word_1_523' title='bbox 2063 3096 2106 3135; x_wconf 88' lang='lat' dir='ltr'>et</span> <span class='ocrx_word' id='word_1_524' title='bbox 2131 3090 2271 3133; x_wconf 87' lang='lat' dir='ltr'>abun-</span> 
     </span>
     <span class='ocr_line' id='line_1_63' title="bbox 436 3156 1043 3213; baseline -0.005 -12"><span class='ocrx_word' id='word_1_525' title='bbox 436 3157 603 3201; x_wconf 89' lang='lat' dir='ltr'>dabant</span> <span class='ocrx_word' id='word_1_526' title='bbox 627 3172 807 3201; x_wconf 89' lang='lat' dir='ltr'>numero</span> <span class='ocrx_word' id='word_1_527' title='bbox 834 3156 1043 3213; x_wconf 84' lang='lat' dir='ltr'>quotidie.</span> 
     </span>
    </p>

    <p class='ocr_par' dir='ltr' id='par_1_16' title="bbox 435 3209 2271 3686">
     <span class='ocr_line' id='line_1_64' title="bbox 494 3209 2271 3272; baseline -0.005 -12"><span class='ocrx_word' id='word_1_528' title='bbox 494 3217 822 3261; x_wconf 78' lang='lat' dir='ltr'>6Transeuntes</span> <span class='ocrx_word' id='word_1_529' title='bbox 859 3222 1010 3259; x_wconf 86' lang='lat' dir='ltr'>autem</span> <span class='ocrx_word' id='word_1_530' title='bbox 1048 3215 1312 3272; x_wconf 84' lang='lat' dir='ltr'>Phrygiam,</span> <span class='ocrx_word' id='word_1_531' title='bbox 1343 3220 1387 3258; x_wconf 89' lang='lat' dir='ltr'>et</span> <span class='ocrx_word' id='word_1_532' title='bbox 1423 3214 1616 3258; x_wconf 82' lang='lat' dir='ltr'>Galatiae</span> <span class='ocrx_word' id='word_1_533' title='bbox 1656 3213 1904 3270; x_wconf 87' lang='lat' dir='ltr'>regionem,</span> <span class='ocrx_word' id='word_1_534' title='bbox 1937 3209 2076 3253; x_wconf 83' lang='lat' dir='ltr'>vetati</span> <span class='ocrx_word' id='word_1_535' title='bbox 2109 3215 2212 3252; x_wconf 88' lang='lat' dir='ltr'>sunt</span> <span class='ocrx_word' id='word_1_536' title='bbox 2244 3224 2271 3252; x_wconf 82' lang='lat' dir='ltr'>a</span> 
     </span>
     <span class='ocr_line' id='line_1_65' title="bbox 435 3269 2266 3334; baseline -0.005 -14"><span class='ocrx_word' id='word_1_537' title='bbox 435 3277 602 3334; x_wconf 82' lang='lat' dir='ltr'>Spiritu</span> <span class='ocrx_word' id='word_1_538' title='bbox 619 3283 773 3320; x_wconf 88' lang='lat' dir='ltr'>sancto</span> <span class='ocrx_word' id='word_1_539' title='bbox 791 3276 910 3331; x_wconf 86' lang='lat' dir='ltr'>loqui</span> <span class='ocrx_word' id='word_1_540' title='bbox 929 3276 1113 3318; x_wconf 87' lang='lat' dir='ltr'>verbum</span> <span class='ocrx_word' id='word_1_541' title='bbox 1131 3275 1213 3318; x_wconf 89' lang='lat' dir='ltr'>Dei</span> <span class='ocrx_word' id='word_1_542' title='bbox 1230 3274 1276 3317; x_wconf 87' lang='lat' dir='ltr'>in</span> <span class='ocrx_word' id='word_1_543' title='bbox 1295 3273 1417 3317; x_wconf 88' lang='lat' dir='ltr'>Asia.</span> <span class='ocrx_word' id='word_1_544' title='bbox 1429 3273 1444 3300; x_wconf 82' lang='lat'><strong>⁷</strong></span> <span class='ocrx_word' id='word_1_545' title='bbox 1456 3274 1569 3317; x_wconf 88' lang='lat' dir='ltr'>Cum</span> <span class='ocrx_word' id='word_1_546' title='bbox 1586 3273 1812 3316; x_wconf 88' lang='lat' dir='ltr'>venissent</span> <span class='ocrx_word' id='word_1_547' title='bbox 1825 3277 1975 3314; x_wconf 88' lang='lat' dir='ltr'>autem</span> <span class='ocrx_word' id='word_1_548' title='bbox 1995 3269 2042 3311; x_wconf 86' lang='lat' dir='ltr'>in</span> <span class='ocrx_word' id='word_1_549' title='bbox 2061 3269 2266 3326; x_wconf 85' lang='lat' dir='ltr'>Mysiam,</span> 
     </span>
     <span class='ocr_line' id='line_1_66' title="bbox 438 3327 2270 3391; baseline -0.005 -12"><span class='ocrx_word' id='word_1_550' title='bbox 438 3336 673 3380; x_wconf 86' lang='lat' dir='ltr'>tentabant</span> <span class='ocrx_word' id='word_1_551' title='bbox 696 3336 756 3379; x_wconf 86' lang='lat' dir='ltr'>ire</span> <span class='ocrx_word' id='word_1_552' title='bbox 781 3335 826 3377; x_wconf 91' lang='lat' dir='ltr'>in</span> <span class='ocrx_word' id='word_1_553' title='bbox 851 3335 1136 3391; x_wconf 72' lang='lat' dir='ltr'>Bithyniam,</span> <span class='ocrx_word' id='word_1_554' title='bbox 1165 3341 1208 3377; x_wconf 90' lang='lat' dir='ltr'>et</span> <span class='ocrx_word' id='word_1_555' title='bbox 1229 3349 1317 3378; x_wconf 89' lang='lat' dir='ltr'>non</span> <span class='ocrx_word' id='word_1_556' title='bbox 1340 3333 1540 3390; x_wconf 90' lang='lat' dir='ltr'>permisit</span> <span class='ocrx_word' id='word_1_557' title='bbox 1566 3346 1639 3375; x_wconf 90' lang='lat' dir='ltr'>eos</span> <span class='ocrx_word' id='word_1_558' title='bbox 1659 3331 1847 3388; x_wconf 89' lang='lat' dir='ltr'>Spiritus</span> <span class='ocrx_word' id='word_1_559' title='bbox 1873 3330 1994 3372; x_wconf 80' lang='lat' dir='ltr'>JeSU.</span> <span class='ocrx_word' id='word_1_560' title='bbox 2021 3327 2038 3354; x_wconf 80' lang='lat'><strong>⁸</strong></span> <span class='ocrx_word' id='word_1_561' title='bbox 2057 3327 2170 3371; x_wconf 87' lang='lat' dir='ltr'>Cum</span> <span class='ocrx_word' id='word_1_562' title='bbox 2191 3342 2270 3370; x_wconf 89' lang='lat' dir='ltr'>au-</span> 
     </span>
     <span class='ocr_line' id='line_1_67' title="bbox 438 3388 2267 3452; baseline -0.005 -13"><span class='ocrx_word' id='word_1_563' title='bbox 438 3404 527 3438; x_wconf 87' lang='lat' dir='ltr'>tem</span> <span class='ocrx_word' id='word_1_564' title='bbox 553 3395 892 3452; x_wconf 89' lang='lat' dir='ltr'>pertransissent</span> <span class='ocrx_word' id='word_1_565' title='bbox 909 3394 1121 3450; x_wconf 86' lang='lat' dir='ltr'>Mysiam,</span> <span class='ocrx_word' id='word_1_566' title='bbox 1146 3393 1470 3437; x_wconf 89' lang='lat' dir='ltr'>descenderunt</span> <span class='ocrx_word' id='word_1_567' title='bbox 1494 3391 1734 3445; x_wconf 88' lang='lat' dir='ltr'>Troadem,</span> <span class='ocrx_word' id='word_1_568' title='bbox 1754 3390 1771 3415; x_wconf 82' lang='lat'>9</span> <span class='ocrx_word' id='word_1_569' title='bbox 1792 3394 1836 3432; x_wconf 90' lang='lat' dir='ltr'>et</span> <span class='ocrx_word' id='word_1_570' title='bbox 1857 3388 1968 3431; x_wconf 90' lang='lat' dir='ltr'>visio</span> <span class='ocrx_word' id='word_1_571' title='bbox 1990 3401 2066 3444; x_wconf 90' lang='lat' dir='ltr'>per</span> <span class='ocrx_word' id='word_1_572' title='bbox 2090 3393 2267 3431; x_wconf 88' lang='lat' dir='ltr'>noctem</span> 
     </span>
     <span class='ocr_line' id='line_1_68' title="bbox 439 3447 2267 3508; baseline -0.004 -12"><span class='ocrx_word' id='word_1_573' title='bbox 439 3455 577 3498; x_wconf 83' lang='lat' dir='ltr'>Paulo</span> <span class='ocrx_word' id='word_1_574' title='bbox 603 3460 778 3498; x_wconf 89' lang='lat' dir='ltr'>ostensa</span> <span class='ocrx_word' id='word_1_575' title='bbox 800 3460 865 3498; x_wconf 88' lang='lat' dir='ltr'>est</span> <span class='ocrx_word' id='word_1_576' title='bbox 894 3470 902 3498; x_wconf 90' lang='lat'>:</span> <span class='ocrx_word' id='word_1_577' title='bbox 929 3453 996 3496; x_wconf 88' lang='lat' dir='ltr'>vir</span> <span class='ocrx_word' id='word_1_578' title='bbox 1020 3453 1205 3496; x_wconf 88' lang='lat' dir='ltr'>Macedo</span> <span class='ocrx_word' id='word_1_579' title='bbox 1231 3452 1412 3508; x_wconf 89' lang='lat' dir='ltr'>quidam</span> <span class='ocrx_word' id='word_1_580' title='bbox 1442 3457 1535 3494; x_wconf 89' lang='lat' dir='ltr'>erat</span> <span class='ocrx_word' id='word_1_581' title='bbox 1560 3457 1702 3505; x_wconf 88' lang='lat' dir='ltr'>stans,</span> <span class='ocrx_word' id='word_1_582' title='bbox 1726 3454 1768 3492; x_wconf 88' lang='lat' dir='ltr'>et</span> <span class='ocrx_word' id='word_1_583' title='bbox 1805 3447 2046 3504; x_wconf 87' lang='lat' dir='ltr'>deprecans</span> <span class='ocrx_word' id='word_1_584' title='bbox 2076 3461 2196 3501; x_wconf 88' lang='lat' dir='ltr'>eum,</span> <span class='ocrx_word' id='word_1_585' title='bbox 2223 3452 2267 3490; x_wconf 86' lang='lat' dir='ltr'>et</span> 
     </span>
     <span class='ocr_line' id='line_1_69' title="bbox 440 3505 2264 3567; baseline -0.004 -12"><span class='ocrx_word' id='word_1_586' title='bbox 440 3513 590 3557; x_wconf 88' lang='lat' dir='ltr'>dicens</span> <span class='ocrx_word' id='word_1_587' title='bbox 624 3531 632 3557; x_wconf 90' lang='lat'>:</span> <span class='ocrx_word' id='word_1_588' title='bbox 655 3513 892 3556; x_wconf 85' lang='lat' dir='ltr'>Transiens</span> <span class='ocrx_word' id='word_1_589' title='bbox 916 3512 962 3555; x_wconf 91' lang='lat' dir='ltr'>in</span> <span class='ocrx_word' id='word_1_590' title='bbox 984 3512 1314 3565; x_wconf 88' lang='lat' dir='ltr'>Macedoniam,</span> <span class='ocrx_word' id='word_1_591' title='bbox 1338 3511 1505 3567; x_wconf 82' lang='lat' dir='ltr'>adjuva</span> <span class='ocrx_word' id='word_1_592' title='bbox 1531 3523 1622 3553; x_wconf 91' lang='lat' dir='ltr'>nos.</span> <span class='ocrx_word' id='word_1_593' title='bbox 1653 3507 1686 3534; x_wconf 90' lang='lat'>¹⁰</span> <span class='ocrx_word' id='word_1_594' title='bbox 1706 3507 1766 3550; x_wconf 88' lang='lat' dir='ltr'>Ut</span> <span class='ocrx_word' id='word_1_595' title='bbox 1791 3512 1940 3550; x_wconf 85' lang='lat' dir='ltr'>autem</span> <span class='ocrx_word' id='word_1_596' title='bbox 1966 3506 2111 3549; x_wconf 81' lang='lat' dir='ltr'>visum</span> <span class='ocrx_word' id='word_1_597' title='bbox 2139 3505 2264 3560; x_wconf 90' lang='lat' dir='ltr'>vidit,</span> 
     </span>
     <span class='ocr_line' id='line_1_70' title="bbox 439 3565 2267 3629; baseline -0.004 -15"><span class='ocrx_word' id='word_1_598' title='bbox 439 3573 590 3614; x_wconf 83' lang='lat' dir='ltr'>statim</span> <span class='ocrx_word' id='word_1_599' title='bbox 624 3573 910 3628; x_wconf 81' lang='lat' dir='ltr'>quaesivimus</span> <span class='ocrx_word' id='word_1_600' title='bbox 943 3571 1160 3629; x_wconf 84' lang='lat' dir='ltr'>proticisci</span> <span class='ocrx_word' id='word_1_601' title='bbox 1195 3571 1239 3613; x_wconf 86' lang='lat' dir='ltr'>in</span> <span class='ocrx_word' id='word_1_602' title='bbox 1274 3568 1604 3623; x_wconf 87' lang='lat' dir='ltr'>Macedoniam,</span> <span class='ocrx_word' id='word_1_603' title='bbox 1630 3566 1736 3610; x_wconf 85' lang='lat' dir='ltr'>certi</span> <span class='ocrx_word' id='word_1_604' title='bbox 1767 3565 1880 3608; x_wconf 81' lang='lat' dir='ltr'>facti</span> <span class='ocrx_word' id='word_1_605' title='bbox 1914 3565 2031 3622; x_wconf 89' lang='lat' dir='ltr'>quod</span> <span class='ocrx_word' id='word_1_606' title='bbox 2064 3569 2267 3609; x_wconf 84' lang='lat' dir='ltr'>vocasset</span> 
     </span>
     <span class='ocr_line' id='line_1_71' title="bbox 441 3631 1089 3686; baseline 0.003 -14"><span class='ocrx_word' id='word_1_607' title='bbox 441 3645 516 3673; x_wconf 80' lang='lat' dir='ltr'>nos</span> <span class='ocrx_word' id='word_1_608' title='bbox 542 3632 658 3674; x_wconf 86' lang='lat' dir='ltr'>Deus</span> <span class='ocrx_word' id='word_1_609' title='bbox 685 3632 992 3686; x_wconf 62' lang='lat' dir='ltr'>evengelizare</span> <span class='ocrx_word' id='word_1_610' title='bbox 1014 3631 1089 3674; x_wconf 88' lang='lat' dir='ltr'>eis.</span> 
     </span>
    </p>
   </div>
   <div class='ocr_carea' id='block_1_13' title="bbox 2319 3039 2428 4034">
    <p class='ocr_par' dir='ltr' id='par_1_17' title="bbox 2319 3039 2428 4034">
     <span class='ocr_line' id='line_1_72' title="bbox 2319 3039 2428 4034; baseline 0 0"><span class='ocrx_word' id='word_1_611' title='bbox 2319 3039 2428 4034; x_wconf 95' lang='lat' dir='ltr'> </span> 
     </span>
    </p>
   </div>
  </div>
 </body>
</html>
