2423 3861
105 598 219 627 Passio
237 600 320 627 Jesu

112 642 212 670 xcrtia
240 642 313 670 vice

127 686 294 719 praedicta.

148 900 273 929 I‘etitio

152 945 269 973 matris

135 989 280 1018 flli0ruin

130 1033 286 1062 Zebedaei.

83 1736 155 1764 Duo
177 1733 256 1763 caeci
274 1741 323 1762 sa-

108 1777 178 1806 nati
197 1785 297 1811 prope

129 1822 148 1850 J
153 1820 276 1850 ericho.

137 2654 262 2683 Christi

97 2698 296 2731 *riumphus

405 133 514 174 1118
940 131 1127 172 Mssa-H.
1161 131 1268 185 xx,
1306 132 1359 172 14
1391 157 1449 161 -
1481 132 1614 185 xxi,
1649 134 1688 175 9.

398 304 586 359 juriam3
623 317 768 346 nonne
802 317 855 344 ex
882 301 1062 344 denario
1092 301 1339 344 convenisti
1373 301 1584 344 mecum?
1619 302 1653 328 ¹4
1679 303 1804 345 Tolle
1834 305 1948 358 quod
1982 311 2106 349 tuum
2140 315 2225 364 est,

400 368 442 405 et
467 362 602 415 vade,
629 362 727 403 volo
752 366 900 403 autem
927 364 970 402 et
995 359 1097 402 huic
1122 359 1362 402 novissimo
1382 359 1486 402 dare
1507 360 1623 403 sicut
1645 365 1689 403 et
1710 361 1805 403 tibi.
1829 361 1862 388 ¹5
1887 364 1980 405 A-ut
2004 378 2092 407 non
2123 367 2225 411 licet

399 421 507 463 mihi
539 420 651 476 quod
678 419 777 461 volo
804 418 984 462 facere?
1006 433 1063 460 an
1089 418 1241 461 oculus
1268 423 1366 461 tuus
1389 432 1579 474 nequam
1605 425 1671 462 est
1697 420 1799 475 quia
1826 435 1907 476 ego
1933 422 2073 465 bonus
2098 427 2224 470 sum?

402 480 435 506 ¹ss
454 480 523 523 Sic
546 483 672 522 erunt
695 477 923 520 novissimi
948 477 1100 534 primi,
1125 482 1168 520 et
1193 477 1323 533 primi
1345 477 1601 532 novissimi3
1627 479 1755 521 multi
1786 480 1905 522 enim
1930 486 2035 524 sunt
2059 485 2223 541 vocati,

397 539 524 596 pauci
553 551 654 580 vero
677 536 820 580 electi.

460 597 490 623 ¹⁷
522 597 579 638 Et
611 596 857 639 ascendens
890 597 1022 639 566116
1059 596 1406 652 Jerosolyniam‚
1440 598 1682 654 assumpsit
1719 599 1952 642 duodecim
1989 600 2228 658 discipulos

396 662 584 710 secreto,
609 660 653 699 et-
673 655 738 697 ait
762 655 850 698 illis
873 672 882 699 :
910 655 944 682 ¹8
964 657 1079 698 Ecce
1104 655 1385 699 ascendimus
1413 656 1759 714 Jerosolymam,
1788 663 1832 701 et
1865 658 2007 702 Filius
2036 660 2227 704 hominis

397 715 594 758 tradetur
618 714 891 771 principibus
917 714 1194 758 sacerdotum
1219 720 1262 758 et
1287 715 1467 771 scribis3
1497 720 1540 759 et
1563 716 1925 761 condemnabunt
1947 732 2047 761 eum
2074 724 2226 776 morte,

399 775 430 800 ¹9
448 780 492 817 et
517 774 695 817 tradent
715 788 815 816 eum
841 774 1048 829 gentibus
1070 774 1128 817 ad
1152 773 1444 830 illudendum,
1473 780 1516 818 et
1537 774 1871 832 flagellandum,
1899 782 1943 820 et
1969 777 2228 834 crucifigen-

395 834 522 886 dum3
547 839 591 876 et
613 833 741 876 tertia
767 833 838 876 die
862 838 1073 889 resurget.

453 892 489 919 20
506 893 631 936 Tunc
653 892 841 935 accessit
862 892 918 935 ad
945 907 1046 935 eum
1074 898 1214 936 mater
1232 894 1423 937 filiorum
1449 895 1653 938 Zebedaei
1673 910 1774 938 cum
1797 895 1899 938 filiis
1917 895 2020 952 suis,
2040 896 2228 940 adorans

393 958 436 996 et
457 957 611 1009 petens
629 951 799 1007 aliquid
815 951 871 994 ab
891 966 953 995 eo.
973 951 1007 978 ⁹¹
1029 952 1111 1002 Qui
1135 952 1250 995 dixit
1272 953 1311 996 ei
1334 970 1341 997 :
1371 954 1483 1004 Quid
1510 954 1610 998 vis?
1634 954 1712 997 Ait
1733 954 1799 996 illi
1825 971 1833 998 :
1861 954 1946 998 Dic
1971 960 2021 997 ut
2045 955 2229 999 sedeant

392 1011 437 1054 hi
464 1011 549 1054 duo
575 1011 653 1054 filii
681 1011 788 1066 mei,
816 1025 927 1054 unus
952 1011 1008 1054 ad
1037 1011 1265 1055 dexteram
1295 1018 1441 1069 tuam,
1469 1019 1511 1056 et
1536 1028 1649 1056 unus
1678 1013 1735 1057 ad
1765 1013 1992 1056 sinistram
2015 1014 2062 1057 in
2091 1029 2227 1071 regno

392 1078 480 1114 tuo.
515 1069 552 1096 22
579 1070 864 1127 Respondens
902 1076 1053 1114 autem
1090 1072 1221 1114 566116
1256 1072 1371 1114 dixit
1403 1089 1411 1116 :
1450 1073 1643 1116 Nescitis
1681 1073 1787 1128 quid
1821 1073 1997 1129 petatis.
2036 1074 2227 1118 Potestis

391 1130 542 1174 bibere
576 1130 761 1173 calicem
797 1144 926 1186 quem
957 1144 1038 1186 ego
1073 1130 1294 1174 bibiturus
1328 1132 1459 1175 sum?
1492 1132 1659 1175 Dicunt
1689 1132 1729 1175 ei
1759 1149 1767 1176 ε
1807 1133 2059 1176 Possumus.
2094 1132 2131 1160 23
2147 1133 2227 1177 Ait

391 1189 480 1232 illis
504 1206 512 1232 :
541 1190 737 1232 Calicem
772 1189 949 1245 quidem
978 1204 1124 1232 meum
1159 1190 1351 1245 bibetis3
1387 1191 1539 1235 sedere
1563 1197 1710 1234 autem
1738 1191 1795 1234 ad
1826 1191 2055 1235 dexteram
2081 1207 2226 1236 meam

391 1249 460 1292 vel
483 1249 729 1304 sinistram,
753 1263 841 1292 non
865 1254 932 1292 est
957 1263 1104 1302 meum
1132 1249 1235 1292 dare
1262 1250 1408 1306 vobis,
1433 1250 1510 1293 sed
1537 1251 1695 1306 quibus
1720 1256 1926 1307 paratum
1957 1257 2023 1294 est
2047 1266 2074 1294 a
2095 1252 2227 1296 Patre

391 1323 502 1352 meo.
531 1307 567 1334 24
586 1310 643 1351 Et
663 1308 894 1352 audientes
921 1308 1097 1364 decem,
1123 1308 1347 1365 indignati
1379 1315 1482 1352 sunt
1512 1310 1566 1353 de
1592 1309 1764 1353 duobus
1790 1310 2019 1354 fratribus.
2042 1310 2078 1337 25
2096 1312 2123 1354 5
2129 1325 2227 1355 66116

390 1372 540 1411 autem
566 1368 745 1411 vocavit
770 1382 843 1411 eos
868 1368 924 1411 ad
954 1383 1021 1423 se,
1045 1373 1089 1411 et
1117 1368 1181 1410 ait
1202 1385 1210 1412 :
1237 1369 1368 1412 Scitis
1396 1369 1497 1424 quia
1520 1369 1742 1426 principes
1767 1369 1970 1426 gentium
1993 1370 2226 1413 dominan-

391 1432 461 1470 tur
483 1441 645 1483 eorum,
670 1433 713 1470 et
735 1428 808 1483 qui
830 1428 1022 1484 majores
1049 1433 1151 1470 sunt
1173 1434 1441 1484 potestatem
1463 1434 1672 1472 exercent
1696 1428 1742 1471 in
1769 1443 1854 1472 606.
1881 1427 1918 1455 96
1937 1430 2037 1472 Νο11
2058 1429 2123 1472 ita
2145 1430 2227 1474 erit

392 1487 503 1531 inter
525 1502 626 1542 vos3
649 1487 726 1530 sed
748 1487 1013 1543 quicumque
1033 1487 1221 1530 voluerit
1242 1487 1359 1531 inter
1379 1502 1457 1531 vos
1481 1488 1625 1545 major
1643 1488 1748 1544 fieri,
1772 1488 1828 1531 sit
1846 1494 1992 1532 vester
2010 1488 2224 1533 minister.

391 1545 425 1572 '27
446 1548 502 1589 Et
528 1547 600 1602 qui
623 1546 812 1589 voluerit
837 1546 952 1590 inter
976 1561 1054 1590 vos
1082 1547 1249 1603 primus
1277 1561 1393 1603 esse,
1420 1547 1503 1590 erit
1525 1552 1671 1590 vester
1695 1561 1859 1590 servus.
1888 1546 1924 1574 '28
1940 1547 2065 1591 Sicut
2084 1548 2225 1592 Filius

390 1606 581 1649 hominis
606 1620 694 1649 non
716 1606 839 1649 venit
861 1606 1125 1661 ministrari,
1148 1606 1224 1649 sed
1251 1606 1523 1662 ministrare,
1551 1612 1595 1649 et
1621 1606 1724 1649 dare
1750 1606 1948 1649 animam
1975 1621 2101 1649 suam
2126 1607 2224 1650 red-

390 1666 661 1721 emptionem
685 1681 762 1722 pro
785 1666 950 1709 multis.

449 1724 485 1751 '2⁰
504 1726 561 1767 Et
583 1725 914 1781 egredientibus
938 1725 1025 1768 illis
1047 1725 1104 1768 ab
1130 1726 1158 1768 5
1164 1726 1331 1782 ericho,
1358 1730 1510 1768 secuta
1542 1731 1609 1769 est
1635 1740 1735 1769 eum
1761 1726 1890 1769 turba
1921 1726 2075 1769 multa.
2103 1725 2141 1752 3⁰
2167 1727 2225 1769 Et

389 1800 490 1829 6666
517 1785 602 1828 duo
629 1784 757 1838 caeci,
784 1785 988 1828 sedentes
1021 1799 1146 1828 secus
1176 1785 1318 1840 viam,
1349 1785 1585 1828 audierunt
1617 1784 1721 1840 quia
1746 1785 1877 1828 566116
1908 1785 2143 1840 transiret3
2181 1794 2226 1829 et

389 1845 709 1899 clamaverunt,
726 1844 924 1887 dicentes
943 1861 951 1887 :
973 1844 1174 1899 Domine,
1196 1845 1401 1887 miserere
1419 1844 1571 1899 nostri,
1591 1844 1654 1886 fili
1674 1844 1834 1886 David.
1855 1844 1889 1870 3¹
1907 1843 2055 1886 Turba
2073 1850 2221 1887 autem

388 1904 649 1961 increpabat
674 1918 746 1947 eos
772 1908 820 1945 ut
844 1908 1056 1946 tacerent.
1083 1904 1146 1946 At
1178 1903 1244 1945 illi
1271 1903 1414 1958 magis
1441 1902 1719 1958 clamabant,
1748 1902 1946 1946 dicentes
1972 1919 1980 1946 :
2010 1903 2222 1958 Domine,

389 1963 593 2006 miserere
620 1963 777 2019 nostri,
804 1963 865 2004 fili
892 1962 1053 2006 David.
1081 1962 1118 1988 3‘2
1136 1962 1195 2005 Et
1220 1962 1345 2005 stetit
1371 1963 1399 2004 5
1405 1976 1514 2016 66116,
1542 1967 1585 2005 et
1611 1961 1791 2004 vocavit
1817 1976 1903 2018 eos,
1927 1967 1971 2005 et
1995 1962 2085 2006 ait:
2109 1961 2224 2012 Quid

387 2022 522 2066 vultis
544 2028 592 2065 ut
616 2022 785 2065 faciam
804 2021 962 2065 vobis?
986 2021 1022 2047 33
1042 2021 1209 2064 Dicunt
1235 2021 1300 2063 illi
1320 2037 1328 2064 :
1355 2020 1558 2077 Domine,
1586 2026 1636 2063 ut
1661 2021 1917 2077 aperiantur
1935 2021 2051 2065 oculi
2069 2021 2222 2064 nostri.

387 2081 423 2108 34
444 2082 651 2125 Misertus
676 2087 825 2124 autem
848 2095 996 2124 eorum
1025 2081 1053 2124 5
1058 2095 1176 2137 66116,
1201 2080 1351 2136 tetigit
1379 2080 1528 2123 oculos
1554 2094 1718 2124 eorum.
1746 2080 1805 2123 Et
1835 2079 2074 2124 confestim
2099 2079 2223 2124 vide·

385 2145 506 2196 runt,
531 2145 573 2183 et
595 2141 735 2184 secuti
760 2147 864 2183 sunt
888 2154 1001 2183 eum.

1011 2283 1226 2337 PARS
1279 2282 1591 2337 TERTIA

825 2410 1062 2450 ULTIMI
1111 2409 1267 2448 DIEs
1316 2409 1566 2448 DOMINI
1613 2408 1772 2448 JESU

622 2533 646 2590 ξ
680 2533 716 2576 Ι.
747 2559 805 2564 ——
835 2533 968 2575 ιῙεῑεῑιε
1003 2530 1329 2586 triumphaliter
1361 2528 1607 2584 inqueclitm·
1637 2529 1977 2584 Jerosolymam.

442 2641 548 2684 CAP.
582 2640 708 2683 XXI.
745 2667 804 2671 —
836 2639 848 2665 ¹
879 2640 937 2681 Et
971 2653 1070 2682 cum
1104 2637 1535 2695 appropinquassent
1568 2636 1878 2693 Jerosolymis,
1914 2641 1960 2680 et
1992 2635 2218 2697 venissent

384 2700 648 2756 Bethphage
670 2699 727 2742 ad
754 2703 951 2742 montem
976 2697 1161 2753 Oliveti,
1186 2702 1291 2740 tunc
1315 2697 1445 2740 566116
1471 2696 1591 2739 misit
1614 2696 1721 2739 duos
1748 2695 2007 2752 discipulos,
2033 2694 2050 2720 ²
2069 2695 2219 2738 dicens

383 2759 475 2803 eis:
503 2760 572 2802 Ite
598 2759 643 2800 in
679 2758 911 2802 castellum
945 2756 1061 2813 quod
1095 2761 1249 2800 contra
1274 2770 1352 2798 vos
1385 2760 1473 2809 est,
1509 2760 1552 2799 et
1588 2754 1741 2798 statim
1778 2754 2015 2798 invenietis
2045 2753 2217 2797 asinam

382 2818 628 2874 alligatam,
654 2822 698 2861 et
723 2817 894 2874 pullum
921 2831 1021 2859 cum
1048 2830 1123 2860 ea:
1150 2816 1322 2870 solvite,
1347 2820 1392 2858 et
1416 2815 1626 2858 adducite
1653 2814 1787 2869 mihi3
1816 2814 1834 2840 3
1851 2819 1895 2857 et
1919 2814 1955 2856 si
1978 2813 2074 2869 quis
2091 2812 2218 2855 vobis

383 2877 551 2933 aliquid
579 2877 761 2932 dixerit,
790 2875 924 2919 dicite
951 2876 1053 2931 quia
1082 2875 1298 2918 Dominus
1324 2874 1392 2917 his
1419 2888 1527 2930 opus
1552 2874 1707 2929 habet,
1731 2878 1775 2916 et
1802 2872 2041 2916 confestim
2067 2871 2216 2914 dimit-

384 2942 447 2978 tet
473 2950 558 2979 eOS.
589 2936 605 2962 4
629 2937 727 2979 Hoc
753 2940 901 2978 autem
929 2940 1071 2978 totum
1097 2934 1269 2977 factum
1299 2939 1366 2977 est
1390 2938 1438 2976 ut
1462 2933 1780 2990 adimpleretur
1805 2932 1921 2988 quod
1952 2931 2118 2974 dictum
2150 2935 2217 2973 est

385 3009 460 3051 per
490 2995 751 3051 prophetam
782 2994 1031 3038 dicentem:
1059 2994 1076 3020 5
1097 2993 1241 3036 Dicite
1267 2993 1372 3036 filiae
1398 2993 1502 3036 Sion
1527 3009 1535 3035 :
1565 2993 1682 3035 Ecce
1718 2993 1813 3035 Rex
1846 2996 1948 3034 tuus
1975 2989 2098 3032 venit
2133 2988 2215 3031 ‘tibi

384 3060 660 3109 mansuetus,
687 3054 845 3097 sedens
877 3067 1008 3110 super
1041 3053 1212 3095 asinam
1248 3057 1292 3095 et
1324 3051 1495 3109 pullum
1530 3052 1670 3094 filium
1706 3048 1970 3106 subjugalis.
2003 3048 2021 3074 ⁶
2046 3048 2215 3091 Euntes

383 3119 534 3155 autem
558 3112 782 3169 discipuli,
807 3113 1012 3156 fecerunt
1034 3112 1148 3155 sicut
1174 3111 1386 3169 praecepit
1418 3111 1507 3154 illis
1533 3112 1677 3167 566116.
1701 3109 1716 3136 ⁷
1744 3110 1801 3152 Et
1828 3107 2105 3150 adduxerunt
2129 3107 2214 3149 asi-

385 3186 487 3214 nam
510 3177 553 3215 et
578 3172 768 3228 pullum,
796 3176 840 3214 et
864 3171 1170 3227 imposuerunt
1192 3185 1322 3228 super
1344 3185 1416 3214 eos
1442 3170 1710 3213 vestimenta
1735 3182 1824 3222 sua,
1845 3172 1890 3210 et
1907 3180 2007 3209 eum
2027 3166 2213 3232 desuper

384 3231 533 3274 sedere
559 3232 777 3274 fecerunt.
804 3230 820 3257 8
840 3231 1037 3272 Plurima
1063 3236 1212 3273 autem
1236 3230 1365 3272 turba
1391 3234 1641 3272 straverunt
1663 3227 1929 3271 vestimenta
1953 3225 2093 3267 suain
2114 3239 2210 3280 V1a;

384 3290 458 3331 alii
485 3295 634 3333 autem
669 3290 901 3333 caedebant
933 3304 1077 3332 ramos
1112 3290 1164 3332 de
1190 3289 1442 3344 arboribus,
1469 3294 1513 3332 et
1545 3286 1802 3331 sternebant
1830 3285 1875 3327 in
1905 3284 1991 3326 via.
2018 3284 2035 3309 9
2053 3283 2210 3327 -Turbae

383 3356 530 3391 autem
557 3364 654 3404 quae
680 3349 994 3406 praecedebant
1019 3354 1062 3392 et
1088 3363 1185 3404 quae
1220 3349 1516 3404 sequebantur
1545 3345 1820 3399 clamabant,
1849 3343 2049 3386 dicentes
2072 3359 2080 3386 ε
2120 3343 2210 3386 Ho-

386 3507 431 3539 16]
458 3508 534 3539 51¹1&
554 3508 646 3543 xlx,
663 3512 707 3537 30.
734 3511 831 3538 Marc.
860 3511 898 3543 X,
923 3513 968 3538 31.
995 3511 1074 3538 Luc.
1098 3510 1203 3539 XIII.
1221 3512 1265 3537 30.
1284 3525 1319 3528 —
1338 3509 1384 3542 17]
1406 3508 1506 3535 Marc.
1526 3507 1573 3540 X,
1591 3508 1635 3534 32.
1656 3505 1734 3532 Luc.
1754 3503 1892 3539 XVIII,
1913 3506 1957 3532 31.
1983 3519 2019 3523 —
2044 3505 2090 3537 20]
2112 3504 2209 3533 Marc.

386 3550 434 3584 X,
458 3554 502 3579 35.
521 3567 555 3570 —
582 3554 628 3586 24]
656 3554 755 3581 Marc.
775 3555 822 3588 X,
841 3558 884 3582 41.
913 3569 946 3573 ›—
975 3555 1023 3588 25]
1044 3555 1122 3582 Luc.
1151 3554 1272 3587 XXII,
1298 3556 1341 3581 25.
1367 3567 1403 3571 —
1428 3553 1476 3585 28]
1499 3549 1583 3578 Phil.
1611 3550 1664 3584 ΙΙ,
1684 3551 1707 3577 7.
1733 3563 1766 3569 --
1793 3549 1840 3582 29]
1867 3549 1966 3576 Marc.
1986 3549 2033 3581 X,
2059 3551 2103 3576 46.
2131 3548 2209 3577 Luc.

387 3595 523 3629 XVIII,
544 3600 588 3625 35.
607 3613 637 3617 —
667 3600 694 3631 1]
720 3600 819 3626 Marc.
840 3600 884 3626 XI
901 3620 906 3632 ,
926 3602 949 3626 1.
970 3599 1048 3626 Luc.
1068 3599 1169 3631 XIX,
1186 3600 1230 3625 29.
1249 3611 1283 3616 —
1313 3597 1343 3628 5]
1370 3596 1412 3623 IS.
1439 3594 1554 3628 LXII,
1580 3592 1735 3621 11.Zach.
1759 3592 1825 3627 IX,
1843 3595 1868 3620 9.
1894 3593 1990 3621 Joan.
2010 3592 2097 3627 XII,
2115 3595 2156 3620 15.
2176 3606 2210 3612 —-

387 3640 416 3672 0]
437 3640 488 3668 I's.
506 3642 640 3673 cxx'H,
659 3646 702 3669 213.
724 3643 822 3670 Marc.
844 3643 902 3676 XI,
923 3644 964 3668 10.
986 3642 1063 3669 Luc.
1087 3641 1182 3676 XIX,
1205 3644 1247 3669 38.
