2456 3861
569 75 589 118 I
623 76 734 118 PAR.
769 76 927 127 XVII,
964 77 1018 120 14
1049 102 1109 110 —
1138 76 1326 129 XVIII,
1363 76 1428 117 12.
1825 75 1907 118 397

86 247 188 291 fuit.
212 246 246 273 ¹⁴
266 248 321 290 Et
347 251 540 289 statuam
562 260 660 289 eum
687 246 731 288 in
762 246 890 289 domo
918 260 1035 299 mea,
1062 251 1105 289 et
1132 245 1177 288 in
1204 260 1338 301 regno
1366 259 1481 300 ineo,
1515 259 1648 300 usque
1677 244 1721 287 in
1750 245 1910 301 sempi-

86 311 284 360 ternum3
316 311 359 349 et
388 305 569 348 thronus
606 305 702 360 ejus
735 305 816 348 erit
853 304 1128 347 firmissimus
1161 304 1206 346 in
1241 311 1514 360 perpetuum.
1547 303 1623 346 ¹52]
1633 312 1738 346 uxta
1765 304 1912 346 omnia

85 365 218 408 verba
243 365 361 419 haec,
389 368 432 408 et
455 363 585 420 juxta
608 363 858 406 universam
878 363 1092 406 visionem
1109 363 1262 418 istam,
1285 363 1348 405 sic
1370 363 1541 406 locutus
1568 367 1633 405 est·
1656 363 1834 405 Nathan
1855 362 1911 406 ad

86 424 246 467 David.

144 483 179 509 ¹⁰
197 484 394 538 Cumque
420 483 612 526 venisset
644 497 718 526 rex
748 483 912 533 David,
941 489 983 527 et
1012 484 1196 526 sedisset
1227 496 1373 526 coram
1401 482 1610 537 Domino,
1642 481 1782 525 dixit:
1808 481 1912 532 Quis

85 556 166 598 ego
193 556 312 597 sum,
349 542 538 584 Domine
572 542 712 595 Deus,
739 547 781 584 et
813 556 912 596 quac
946 542 1100 585 domus
1130 555 1247 596 mea,
1282 548 1329 583 ut
1362 547 1592 598 praestares
1626 540 1733 583 mihi
1768 540 1912 583 talia?

85 600 118 627 ¹⁷
138 600 221 644 Sed
248 604 291 643 et
315 600 398 642 hoc
419 614 575 655 parum
601 600 746 642 visum
772 600 903 643 estin
930 606 1166 656 conspectu
1190 606 1289 655 tuo;
1314 600 1496 655 ideoque
1518 600 1689 642 locutus
1715 614 1760 642 cs
1785 614 1914 656 super

84 660 264 702 domum
285 658 399 702 servi
422 658 486 700 tui
509 658 644 701 etiam
665 658 711 700 in
733 658 959 712 futurum3
984 664 1027 701 et
1048 658 1196 702 fecisti
1220 673 1288 701 me
1310 659 1597 714 spectabilem
1616 674 1746 715 super
1763 672 1913 702 omnes

84 718 302 773 homines,
339 716 528 760 Domine
554 717 687 760 Deus.
715 716 746 743 ¹3
773 716 886 766 Quid
909 717 1023 759 ultra
1048 717 1211 760 addere
1239 722 1383 772 potest
1410 718 1576 772 David,
1604 732 1704 760 cum
1729 718 1791 760 ita
1821 717 1913 773 glo-

83 777 321 820 rificaveris
343 790 518 820 servum
539 780 686 830 tuum,
706 781 749 818 et
772 776 1029 830 cognoveris
1052 776 1186 819 eum?
1210 775 1245 801 ¹9
1264 776 1472 829 Domine,
1496 782 1671 832 propter
1691 777 1912 819 famulum

84 843 228 890 tuum,
254 835 384 891 juxta
411 849 484 878 cor
506 841 631 877 tuum
663 834 812 877 fecisti
846 848 1022 877 omnem
1055 834 1435 890 magnificentiam
1464 835 1597 890 hanc,
1626 841 1668 878 et
1693 841 1796 878 nota
1822 850 1915 878 esse

83 894 262 937 voluisti
285 894 490 937 universa
516 893 756 949 magnalia.
775 892 813 919 20
831 893 1040 947 Domine,
1061 907 1148 936 non
1171 897 1236 936 est
1261 893 1418 935 similis
1440 893 1529 947 tui3
1551 898 1593 936 et
1614 907 1701 936 non
1719 899 1784 937 est
1801 895 1914 937 alius

84 954 202 997 Deus
227 953 393 1009 absque
418 958 482 1007 te,
506 967 559 996 ex
579 952 782 995 omnibus
809 967 916 1008 quos
941 952 1195 995 audivimus
1220 952 1400 994 auribus
1427 952 1600 995 nostris.
1619 951 1653 978 2¹
1670 952 1774 1002 Quis
1797 953 1914 995 enim

83 1020 147 1057 est
171 1012 305 1067 alius,
334 1018 382 1055 ut
414 1011 602 1068 populus
636 1017 736 1054 tuus
771 1012 931 1068 Israel,
964 1027 1071 1068 gens
1105 1026 1193 1054 una
1221 1011 1267 1054 in
1300 1015 1434 1067 terra,
1469 1011 1526 1054 ad
1560 1025 1692 1066 quam
1724 1012 1915 1068 perrexit

84 1073 223 1127 Deus,
250 1077 299 1114 ut
331 1071 558 1127 liberaret,
593 1077 637 1115 et
669 1071 841 1114 faceret
870 1071 1082 1129 populum
1115 1070 1221 1126 sibi,
1255 1076 1298 1114 et
1330 1070 1641 1126 magnitudine
1673 1084 1752 1113 sua
1784 1075 1916 1126 atque

82 1131 319 1174 terroribus
357 1131 538 1186 ejiceret
575 1131 774 1175 nationes
807 1145 834 1173 a
869 1131 989 1174 facie
1027 1131 1144 1187 ejus,
1183 1144 1313 1186 quem
1350 1130 1403 1172 de
1441 1130 1639 1186 AEgypto
1672 1129 1914 1172 liberarat?

82 1189 118 1216 22
139 1192 193 1232 Et
218 1190 404 1246 posuisti
430 1190 643 1247 populum
666 1196 791 1233 tuum
817 1190 956 1233 Israel
978 1190 1060 1233 tibi
1081 1190 1128 1232 in
1150 1189 1361 1246 populum
1388 1203 1523 1244 usque
1544 1189 1590 1231 in
1611 1194 1848 1242 aeternum3
1874 1193 1917 1231 et

81 1259 125 1289 *¹1
173 1249 384 1305 Domine,
411 1250 559 1292 factus
593 1263 638 1292 es
673 1250 792 1292 Deus
818 1249 928 1305 ejus.
957 1248 993 1275 23
1016 1250 1144 1292 Nunc
1173 1248 1330 1304 igitur,
1367 1248 1577 1304 Domine,
1611 1262 1752 1291 sermo
1786 1261 1916 1303 quem

83 1347 89 1351 .
158 1347 161 1349 ,
350 1308 522 1351 famulo
545 1314 640 1364 tuo,
668 1314 710 1352 et
744 1323 874 1364 super
900 1309 1079 1351 domum
1110 1308 1225 1364 ejus,
1254 1308 1535 1351 confirmetur
1562 1307 1607 1350 in
1634 1311 1914 1364 perpetuum,

80 1379 123 1411 et
148 1373 223 1412 ra„
294 1386 299 1388 ·
328 1405 334 1408 .
427 1373 549 1410 mus
569 1381 628 1410 es.
648 1365 684 1393 24
700 1368 1051 1422 Permaneatque
1070 1372 1112 1411 et
1130 1367 1441 1423 magnificetur
1457 1381 1618 1411 nomen
1636 1371 1761 1409 tuum
1780 1380 1917 1422 usque

80 1428 124 1470 in
156 1427 497 1483 sempiternam,
523 1432 565 1469 et
588 1425 788 1470 dicatur:
817 1426 1035 1469 Dominus
1061 1426 1336 1469 exercituum
1360 1427 1478 1469 Deus
1500 1426 1663 1480 Israel;
1692 1432 1735 1469 et
1761 1427 1916 1469 domus

82 1486 228 1529 David
261 1485 375 1528 servi
406 1485 502 1540 ejus
529 1498 792 1541 permanens
819 1498 966 1527 coram
993 1498 1055 1528 e0.
1082 1484 1119 1512 25
1137 1486 1203 1527 Tu
1225 1485 1363 1541 enim,
1400 1485 1589 1529 Domine
1620 1487 1738 1529 Deus
1772 1500 1916 1541 meus,

79 1544 286 1588 revelasti
311 1543 556 1587 auriculam
589 1543 703 1588 servi
733 1544 819 1598 tui,
846 1549 895 1586 ut
923 1543 1163 1587 aedificares
1190 1544 1229 1587 ei
1255 1544 1460 1598 domum3
1486 1549 1529 1587 et
1556 1544 1722 1587 idcirco
1747 1544 1918 1587 invenit

80 1618 230 1647 servus
271 1608 372 1646 tuus
409 1603 641 1659 fiduciam,
680 1608 729 1645 ut
762 1608 854 1646 oret
889 1617 1037 1646 coram
1071 1608 1126 1646 te.
1161 1602 1198 1629 26
1219 1604 1350 1646 Nunc
1383 1617 1507 1662 ergo,
1549 1603 1758 1659 Domine,
1793 1608 1840 1646 tu
1874 1617 1918 1646 es

81 1664 221 1719 Deus,
253 1667 296 1706 et
323 1662 497 1705 locutus
526 1677 571 1705 es
600 1662 657 1705 ad
683 1676 860 1706 servum
888 1667 1015 1704 tuum
1043 1667 1169 1705 tanta
1193 1662 1421 1706 beneficia.
1444 1661 1479 1689 27
1507 1664 1564 1706 Et
1593 1663 1766 1719 coepisti
1788 1662 1918 1706 bene-

80 1722 226 1765 dicere
249 1721 398 1766 domui
425 1721 539 1765 servi
561 1721 649 1776 tui,
673 1726 721 1764 ut
749 1721 806 1764 sit
831 1735 1004 1778 semper
1030 1735 1178 1764 coram
1206 1727 1274 1777 te3
1306 1727 1349 1765 te
1378 1721 1518 1777 enim,
1551 1722 1762 1777 Domine,
1788 1721 1918 1765 bene-

80 1781 275 1837 dicente,
298 1780 534 1824 benedicta
561 1780 643 1824 erit
663 1780 710 1823 in
735 1786 1009 1837 perpetuum.

558 1903 582 1960 ξ
616 1903 670 1945 V.
704 1927 764 1936 ·—-
794 1903 992 1964 Davidvfs
1027 1902 1140 1945 bella
1172 1909 1211 1946 et
1241 1905 1444 1947 victorioe.

140 2020 248 2064 CAP.
283 2019 462 2063 XVIII.
493 2045 552 2051 -—
580 2017 594 2044 1
618 2018 808 2061 Factum
841 2023 907 2062 est
940 2023 1089 2061 autem
1122 2023 1221 2076 post
1257 2019 1372 2075 haec,
1412 2024 1461 2062 ut
1493 2027 1738 2076 percuteret
1772 2020 1921 2064 David

82 2078 378 2133 Philisthiim,
409 2083 452 2121 et
477 2077 734 2120 humiliaret
759 2091 852 2131 eos,
880 2083 923 2120 et
953 2077 1127 2120 tolleret
1160 2078 1298 2133 Geth,
1326 2083 1368 2121 et
1401 2078 1514 2121 filias
1545 2079 1664 2134 ejus,
1699 2079 1752 2122 de
1786 2094 1920 2122 manu

82 2137 379 2191 Philisthiim,
405 2136 423 2162 2
447 2141 782 2193 percuteretque
810 2136 964 2192 Moab,
991 2141 1034 2179 et
1059 2136 1212 2180 fierent
1237 2137 1448 2180 Moabitae
1475 2138 1588 2181 servi
1616 2138 1783 2194 David,
1812 2138 1919 2181 offe-

82 2202 226 2240 rentes
252 2196 292 2240 ei
314 2210 509 2238 munera.

142 2255 160 2282 3
181 2256 245 2299 Eo
275 2260 473 2312 tempore
505 2253 722 2312 percussit
756 2253 902 2297 David
936 2255 1071 2298 etiam
1104 2255 1345 2314 Adarezer,
1380 2271 1529 2313 regem
1559 2258 1694 2315 Soba,
1729 2258 1920 2314 regionis

84 2315 304 2370 Hemath,
332 2314 508 2370 quando
537 2313 730 2370 perrexit
759 2318 808 2355 ut
836 2312 1043 2357 dilataret
1071 2313 1307 2371 imperium
1339 2331 1469 2359 suum
1497 2331 1635 2373 usque
1667 2318 1723 2361 ad
1756 2317 1921 2361 flumen

85 2374 354 2431 Euphraten.
390 2373 407 2400 4
428 2374 558 2430 Cepit
594 2387 697 2428 ergo
733 2372 880 2415 David
912 2373 1035 2416 mille
1069 2374 1305 2430 quadrigas
1339 2376 1459 2432 ejus,
1494 2380 1538 2419 et
1570 2382 1739 2433 septem
1780 2376 1921 2419 millia

84 2433 302 2489 equitum,
328 2447 381 2475 ac
402 2432 565 2489 viginti
587 2432 730 2474 millia
748 2431 942 2474 virorum
966 2431 1191 2489 peditum3
1220 2434 1594 2490 subnervavitque
1616 2450 1766 2479 omnes
1789 2450 1921 2491 equos

85 2507 312 2548 curruum,
347 2492 543 2549 exceptis
582 2496 761 2534 centum
794 2491 1042 2547 quadrigis,
1077 2506 1185 2547 quas
1218 2494 1459 2536 reservavit
1491 2494 1589 2539 sibi.
1617 2494 1633 2521 ⁵
1660 2494 1921 2551 Supervenit

85 2556 235 2596 autem
259 2556 304 2594 et
329 2551 462 2607 Syrus
486 2552 810 2605 DamascenuS,
837 2554 886 2593 ut
906 2550 1124 2593 auxilium
1150 2552 1366 2608 praeberet
1392 2552 1625 2609 Adarezer,
1652 2553 1744 2609 regi
1775 2553 1918 2608 Soba;

85 2610 162 2654 sed
198 2615 242 2654 et
280 2610 415 2666 hujus
452 2609 668 2667 percussit
706 2609 852 2652 David
892 2609 1051 2665 viginti
1093 2610 1180 2652 duo
1220 2611 1361 2653 millia
1394 2612 1602 2655 virorum.
1639 2612 1656 2638 ⁶
1682 2614 1739 2655 Et
1775 2612 1921 2670 posuit

86 2669 250 2713 milites
283 2669 330 2711 in
353 2670 609 2725 Damasco,
643 2674 692 2712 ut
722 2668 847 2725 Syria
881 2682 1052 2724 quoque
1083 2670 1268 2713 serviret
1295 2670 1400 2726 sibi,
1435 2676 1478 2714 et
1511 2671 1690 2715 offerret
1723 2686 1918 2717 munera.

86 2727 365 2784 Adjuvitque
393 2742 495 2772 eum
525 2728 741 2772 Dominus
774 2728 820 2770 in
854 2728 1024 2770 cunctis
1056 2728 1113 2771 ad
1140 2743 1237 2784 quae
1267 2735 1530 2787 perrexerat.
1557 2730 1572 2756 7
1595 2730 1717 2774 Tulit
1750 2745 1921 2787 quoque

88 2787 235 2830 David
259 2787 489 2844 pharetras
518 2802 673 2831 aureas
704 2802 811 2843 quas
833 2787 1080 2830 habuerant
1107 2788 1222 2831 servi
1247 2789 1490 2844 Adarezer,
1517 2794 1560 2833 et
1587 2790 1740 2833 attulit
1770 2804 1842 2833 eas
1874 2790 1921 2832 in

89 2846 350 2890 Jerusalem.
381 2846 398 2873 ⁸
420 2848 605 2890 Necnon
635 2847 689 2890 de
710 2846 914 2890 Thebath
941 2851 984 2889 et
1013 2846 1159 2903 chun,
1186 2848 1368 2891 urbibus
1397 2848 1631 2905 Adarezer,
1660 2849 1757 2892 aeris
1787 2849 1921 2906 pluri-

87 2920 231 2961 mum,
265 2905 319 2949 de
352 2920 438 2962 quo
465 2906 578 2949 fecit
611 2906 818 2950 Salomon
846 2920 967 2949 mare
1002 2921 1198 2963 aeneum,
1232 2913 1276 2951 et
1309 2908 1536 2951 columnas
1571 2913 1614 2951 et
1642 2923 1748 2951 vasa
1784 2923 1920 2955 aenea.

88 2964 105 2990 ⁹
134 2964 259 3016 Quod
296 2979 398 3008 cum
434 2966 631 3009 audisset
667 2966 813 3021 Thou,
854 2979 933 3008 rex
970 2965 1187 3023 Hemath,
1226 2967 1492 3024 percussisse
1523 2967 1733 3011 videlicet
1775 2967 1921 3010 David

89 3038 265 3067 omnem
288 3024 533 3068 exercitum
553 3025 788 3081 Adarezer,
812 3025 928 3080 regis
952 3024 1086 3080 Soba,
1108 3024 1145 3052 1⁰
1157 3025 1278 3069 misit
1302 3026 1511 3083 Adoram,
1535 3027 1677 3070 filium
1700 3041 1841 3083 suum,
1864 3026 1920 3069 ad

87 3097 240 3139 regem
263 3083 423 3140 David,
451 3088 500 3126 ut
519 3084 764 3140 postularet
785 3084 841 3126 ab
867 3098 918 3126 eo
943 3098 1120 3140 pacem,
1144 3089 1188 3128 et
1210 3085 1592 3141 congratularetur
1613 3085 1665 3141 ei,
1689 3086 1804 3142 quod
1825 3100 1920 3142 per-

90 3141 298 3185 cussisset
331 3147 376 3186 et
408 3148 709 3200 expugnasset
742 3143 987 3196 Adarezer3
1019 3143 1298 3188 adversarius
1330 3145 1491 3202 quippe
1525 3150 1621 3188 erat
1645 3145 1772 3188 Thou
1802 3144 1920 3187 Ada-

88 3215 222 3246 rezer.
258 3200 291 3227 ¹¹
317 3202 401 3246 Sed
438 3207 483 3245 et
519 3202 670 3245 omnia
706 3217 813 3245 vasa
850 3216 1002 3258 aurea,
1045 3207 1089 3245 et
1128 3209 1360 3260 argentea,
1402 3209 1447 3248 et
1485 3219 1609 3247 aenea
1647 3202 1922 3247 consecravit

91 3260 238 3303 David
262 3275 342 3304 rex
370 3261 583 3315 Domino,
615 3275 715 3304 cum
741 3266 924 3317 argento
951 3266 995 3304 et
1023 3276 1148 3318 auro,
1175 3263 1290 3319 quod
1315 3262 1479 3307 tulerat
1500 3278 1555 3307 ex
1576 3262 1792 3306 universis
1814 3275 1920 3317 gen-

90 3318 229 3376 tibus,
259 3324 354 3363 tam
380 3320 433 3364 de
458 3321 682 3377 Idumaea,
709 3326 754 3364 et
777 3319 931 3376 Moab,
959 3325 1003 3364 et
1034 3320 1137 3364 filiis
1163 3323 1378 3379 Ammon,
1405 3337 1538 3378 quam
1565 3322 1619 3365 de
1650 3320 1922 3364 Philisthiim

97 3381 139 3419 et
161 3379 361 3426 Amalec.

153 3435 189 3462 1²
217 3437 374 3482 Abisai
414 3455 542 3498 vero,
581 3441 697 3485 filius
736 3440 929 3496 Sarviae,
970 3441 1186 3497 percussit
1226 3441 1369 3484 Edom
1408 3440 1454 3483 in
1490 3439 1607 3482 valle
1645 3438 1918 3496 Salinarum,

101 3583 131 3616 1]
150 3583 183 3610 11
206 3584 408 3621 Reg.V111,
426 3589 452 3615 1.

2050 479 2154 508 David

1994 525 2061 552 Deo
2078 523 2205 557 gratias

2058 568 2141 602 agit.

1996 2026 2216 2055 summarium

2027 2071 2187 2099 bellorum

2050 2114 2164 2143 David.

2421 3855 2431 3861 Ἀ
2429 3840 2433 3847 -
2421 3825 2433 3835 7
2421 3454 2443 3792 fflnmaesze-
2411 3372 2439 3449 ——u--s-
2427 3386 2433 3409 *—
2413 2999 2440 3378 -s-mv‘a-:sz'casz—‘s-
2427 2951 2439 2995 xe
2415 2747 2439 2942 vsu-'eds
2427 2716 2438 2742 ,ε
2427 2648 2438 2709 :az-z
