2423 3861
149 536 303 564 vastatio
321 540 352 562 ct

166 579 335 608 excidium

155 622 346 656 Babylonis.

142 953 348 983 vaticinium

182 999 222 1026 (ie
247 999 312 1026 fine

139 1042 353 1076 captivitatis

141 1087 359 1120 Babyloniae.

160 1337 337 1376 Epinicion

153 1389 172 1416 J
176 1389 347 1416 udaeorum

127 1433 159 1460 in
186 1433 368 1466 Babylonis

163 1484 330 1506 occasum.

138 1542 253 1571 Omnis
269 1546 356 1571 terra

127 1586 291 1622 quiescit,
327 1595 365 1614 cx

155 1638 221 1664 quo
240 1633 341 1659 Babel

193 1675 305 1708 periit.

165 2192 268 2221 Scena
298 2192 330 2220 ir.

146 2244 241 2271 orm,
257 2237 354 2264 adve-

145 2279 260 2308 niente
273 2287 351 2313 rege

154 2323 344 2357 Babylonis.

208 2853 296 2882 Huic

167 2897 332 2928 quondam

171 2942 315 2973 superbo
327 2962 333 2975 ‚

169 2983 332 3018 objicitur

167 3029 333 3057 celsitudo

174 3073 309 3105 delapsa
321 3081 328 3107 ;

135 3423 301 3455 quondam
320 3431 373 3455 111»-

150 3465 357 3500 tentissimo,

183 3509 330 3543 privatio

156 3554 357 3589 sepulturae3

438 116 522 157 806
1011 113 1071 153 is.
1108 111 1248 164 xm,
1285 112 1338 153 17
1373 136 1428 142 -
1459 110 1587 160 XIV,
1625 112 1690 151 143.

436 284 698 343 diripientur
724 285 878 326 domus
901 296 1081 336 eoru-m,-
1099 286 1143 323 et
1167 293 1494 323 uxores-eorum
1511 278 1811 322 violabuntur.
1837 279 1868 304 ¹⁷
1892 280 2007 322 Ecce
2026 294 2106 336 ego
2132 280 2269 323 susci-

435 346 540 389 tabo
571 358 700 400 super
733 356 805 385 eos
837 340 1013 395 Medos,
1049 339 1125 395 qui
1160 343 1395 395 argentum
1424 352 1513 381 non
1544 343 1764 394 quaerant,
1798 352 1880 380 nec
1916 353 2078 381 aurum
2103 339 2266 392 velint3

438 405 471 431 ¹8
489 404 564 448 sed
583 402 757 458 sagittis
775 399 983 456 parvulos
999 399 1288 454 interficient,
1311 403 1355 441 et
1375 397 1648 441 lactantibus
1669 397 1805 440 uteris
1822 411 1911 439 non
1933 397 2278 453 miserebuntur„

435 470 478 506 et
499 477 628 518 super
652 461 765 503 filios
787 473 873 501 nou
897 464 1048 515 par-cet
1073 458 1227 501 oculus
1253 472 1416 500 eorum.

494 522 529 548 ‘¹9
551 522 608 563 Et
634 520 714 563 erit
743 518 945 573 Babylon
963 517 1048 559 illa,
1061 517 1255 573 gloriosa
1278 517 1324 559 in
1343 517 1503 572 regnis,
1528 516 1699 571 inclyta
1718 515 1925 571 superbia
1947 515 2278 571 Chaldaeorum,

433 583 549 625 sicut
580 578 798 622 subvertit
836 577 1052 620 Dominus
1083 577 1322 620 Sodomam
1351 580 1397 619 et·
1435 575 1744 619 Gomon-ham.
1782 572 1819 600 ‘20
1855 575 1956 617 Non
1995 575 2283 618 habitabitur

433 654 570 696 usque
602 638 648 680 iu
678 638 830 692 finem,
873 642 916 680 et
948 651 1036 679 non
1069 635 1335 679 fundabitur
1371 649 1509 691 usque
1549 634 1606 677 ad
1639 633 1971 690 generationem
2013 639 2056 676 et
2091 644 2271 690 genera-

434 700 623 752 tionem,
650 711 732 740 nec
754 701 890 753 ponet
913 695 977 738 ibi
1004 696 1194 739 tentoria
1218 695 1384 750 Arabs,
1408 709 1488 737 nec
1511 699 1714 751 pastores
1734 693 2011 749 requiescent
2031 693 2108 736 ibi.
2127 690 2162 718 Ἥ
2188 693 2271 736 sed.

432 758 709 814 requiescent
732 756 797 798 ibi
820 755 997 810 bestiae,
1027 761 1070 798 et
1093 754 1381 812 replebuntur
1407 754 1563 796 domus
1593 762 1745 796 eorum
1770 752 2057 808 draconibus,
2085 758 2127 796 et
2149 752 2272 795 habi-

433 818 592 860 tabunt
628 816 690 858 ibi
728 815 1019 869 struthiones,
1055 820 1098 858 et
1130 814 1260 871 pilosi
1298 814 1528 856 saltabunt
1560 812 1647 867 ibi;
1687 811 1725 836 ‘2⁵²
1761 816 1804 855 et
1844 811 2176 868 respondebunt
2211 811 2271 854 ibi

433 877 567 919 ululae
587 877 634 918 in
661 875 829 918 aedibus
853 875 969 929 ejus,
993 880 1036 917 et
1061 874 1225 917 sirenes
1249 874 1295 915 in
1322 873 1517 916 delubris
1542 871 1797 928 voluptatis.

493 938 598 980 CAP.
621 935 749 977 XIV.
771 961 831 965 —
852 934 865 959 ‘¹
887 935 1027 990 Prope
1053 939 1119 976 est
1144 939 1193 976 ut
1217 933 1368 976 veniat
1390 938 1565 988 tempus
1587 931 1704 987 ej11S,
1732 936 1776 974 et
1801 930 1902 973 dies·
1921 930 2018 987 ejus
2043 945 2131 974 non
2155 930 2274 973 elon-

432 997 668 1052 gabuntur.
699 993 982 1036 Miserebitur
1019 993 1137 1036 enim
1171 992 1389 1036 Dominus
1419 991 1592 1047 Jacob,
1616 995 1661 1034 et
1693 990 1830 1046 eliget
1857 990 2005 1032 adhuc
2027 989 2082 1033 de
2112 989 2270 1045 Israel,

432 1062 475 1099 et
496 1055 768 1110 requiescere
791 1067 863 1096 eos
888 1052 1028 1096 faciet
1053 1067 1183 1109 super
1207 1053 1398 1094 humum:
1414 1065 1569 1104 suam3
1593 1050 1868 1106 adjungetur
1896 1049 2070 1092 advena
2096 1049 2153 1092 ad
2176 1063 2272 1104 eOS,

433 1120 475 1158 et
499 1113 748 1157 adhaerebit
770 1112 919 1155 domui
942 1112 1098 1155 Jacob.
1123 1111 1140 1137 ⁶2
1165 1113 1224 1154 Et
1252 1111 1469 1155 tenebunt
1505 1124 1578 1153 eos
1608 1109 1781 1166 populi,
1806 1114 1849 1152 et
1878 1108 2106 1152 adducent
2131 1123 2204 1152 eos
2229 1108 2274 1150 in

432 1175 578 1216 locum
613 1187 767 1227 suurn:
806 1178 848 1214 et
889 1171 1134 1228 possidebit
1171 1186 1243 1214 eos
1281 1171 1438 1213 domus
1472 1169 1610 1212 Israel
1645 1183 1775 1224 super
1811 1175 1973 1211 terram
2011 1168 2191 1210 Domini
2229 1167 2273 1210 in

433 1248 578 1277 servos
605 1238 647 1276 et.
673 1231 882 1285 ancillas3
916 1235 959 1273 et.
989 1237 1116 1273 erunt
1150 1231 1374 1287 capientes
1408 1244 1481 1272 eos
1512 1228 1585 1284 qu‘i
1616 1243 1661 1272 se
1692 1233 1921 1284 ceperant,
1957 1232 2000 1270 et
2033 1227 2276 1283 subjicient

433 1298 658 1336 exactores
682 1306 795 1334 suos.

479 1352 509 1393 ,3
534 1354 591 1394 Et
616 1351 697 1395 erit
721 1351 766 1392 in
791 1350 862 1394 die
886 1351 964 1394 illa
992 1368 1000 1395 :
1026 1366 1127 1394 cum
1148 1350 1344 1406 requiem
1372 1349 1545 1392 dederit
1564 1348 1646 1391 tibi
1674 1349 1794 1392 Deus
1819 1363 1846 1390 a
1874 1347 2025 1390 labore
2058 1352 2154 1400 tuo,
2182 1349 2223 1387 et
2248 1359 2273 1386 a

434 1411 720 1455 concussione
746 1416 843 1466 tua,
871 1416 914 1454 et
935 1426 961 1453 a
983 1410 1195 1454 servitute
1221 1410 1332 1453 dura
1353 1423 1439 1465 qua
1464 1412 1568 1451 ante
1587 1407 1783 1464 servisti,
1806 1406 1823 1433 4
1844 1421 1991 1449 sumes
2016 1403 2273 1462 parabolam

432 1471 564 1513 istam
591 1475 740 1513 contra
769 1484 919 1525 regem
947 1470 1210 1526 BabyloniS,
1235 1474 1279 1512 et
1304 1469 1424 1511 dices
1454 1484 1468 1510 z>

672 1529 898 1579 Quomodo
922 1529 1112 1572 cessavit
1137 1534 1337 1584 exactor,

730 1589 897 1644 quievit.
923 1589 1173 1631 tributum?

631 1648 646 1673 ὖ
669 1647 888 1691 Contrivit
912 1648 1128 1691 Dominus
1149 1647 1360 1690 baculum
1382 1646 1638 1703 impiorum,

730 1707 902 1763 virgam
928 1707 1274 1763 dominantium,

631 1766 648 1791 ὓ
669 1766 915 1810 caedentem
940 1766 1126 1824 populos
1150 1766 1196 1808 in
1220 1764 1528 1821 indignatione
1556 1765 1687 1820 plaga
1714 1764 1974 1809 insarffibili.

730 1826 1041 1882 subjicientem
1064 1826 1109 1869 in
1131 1827 1281 1870 furore
1306 1829 1481 1880 gentes,

731 1891 1067 1942 persequentem
1090 1886 1339 1929 crudeliter.

632 1943 646 1969 7
670 1944 932 2000 Conquievit
954 1951 997 1988 et
1022 1945 1144 1988 siluit
1171 1945 1313 1987 omnis
1336 1950 1470 1995 terra,

730 2005 884 2059 gavisa
907 2011 973 2048 est
995 2010 1037 2048 et
1059 2004 1302 2059 exultavit3

632 2062 650 2091 ὃ
667 2063 835 2106 abietes
859 2077 1030 2120 quoque
1053 2064 1219 2106 laetatae
1245 2069 1347 2107 sunt
1369 2077 1500 2119 super
1525 2068 1588 2118 te,
1616 2067 1659 2105 et
1685 2062 1803 2105 cedri
1828 2060 1988 2103 Libani
2021 2076 2030 2103 ε

732 2122 802 2164 Ex
827 2138 910 2179 quo
938 2124 1159 2180 dormisti,
1182 2138 1271 2166 non
1296 2122 1507 2166 ascendet
1533 2121 1606 2177 qui
1632 2121 1835 2164 succidat
1856 2134 1948 2163 nos.

631 2182 648 2207 ⁰
669 2182 879 2225 Infernus
905 2183 1055 2226 subter
1081 2183 1369 2226 conturbatus
1395 2186 1462 2225 est
1482 2181 1528 2223 in
1551 2195 1782 2224 occursum
1809 2180 2027 2224 adventus
2054 2178 2142 2230 tui;

731 2242 962 2285 suscita—vit
988 2242 1069 2285 tibi
1091 2242 1310 2298 gigantes.
1518 2253 1522 2259 ·

673 2302 836 2345 Omnes
861 2302 1083 2359 principes
1109 2308 1238 2345 terrae
1259 2307 1543 2345 surrexerunt
1569 2301 1622 2343 dc
1648 2300 1770 2343 soliis
1792 2300 1903 2356 suis,

731 2375 882 2405 omnes
908 2361 1130 2419 principes
1156 2362 1403 2405 nationum.

614 2419 650 2446 ¹⁰
671 2420 879 2464 Universi
901 2421 1254 2477 respondebunt,
1283 2427 1328 2464 et
1353 2420 1504 2463 dicent
1530 2419 1608 2461 tibi
1638 2435 1651 2465 ι

732 2481 789 2522 Et
811 2485 858 2522 tu
880 2481 1137 2524 vulneratus
1163 2495 1208 2524 es
1234 2481 1349 2523 sicut
1374 2484 1417 2522 et
1438 2493 1538 2535 nos,

733 2539 869 2582 nostri
895 2540 1052 2583 similis
1079 2540 1265 2583 effectus
1288 2541 1352 2583 es':

617 2598 646 2623 ¹¹
671 2599 883 2642 Detracta
909 2605 974 2642 est
999 2600 1056 2642 ad
1082 2600 1250 2643 inferos
1275 2599 1482 2655 superbia
1504 2604 1599 2654 tua,

733 2659 927 2702 concidit
953 2659 1144 2702 cadaver
1164 2665 1314 2714 tuum,

673 2718 824 2761 subter
848 2723 891 2762 te
917 2723 1136 2762 sternetur
1160 2719 1301 2775 tinea,

734 2783 776 2820 et
802 2779 1124 2834 operimentum
1150 2783 1276 2821 tuum
1303 2783 1430 2821 erunt
1457 2792 1639 2821 verines.

618 2835 651 2862 ¹2
671 2837 900 2887 Quomodo
926 2837 1125 2880 cecidisti
1149 2837 1203 2880 de
1226 2837 1357 2893 caelo,
1386 2837 1589 2891 Lucifer,
1618 2836 1690 2892 qui
1719 2850 1847 2879 mane
1873 2834 2080 2878 oriebaris
2098 2834 2129 2877 ‘r'

735 2897 936 2939 corruisti
958 2897 1003 2939 in
1031 2903 1214 2952 terram,
1238 2897 1311 2953 qui
1334 2895 1602 2940 vulnerabas
1628 2901 1807 2951 gentes3

618 2954 650 2979 ¹²³
672 2955 744 3010 qui
768 2955 946 2999 dicebas
968 2956 1013 2998 in
1041 2956 1170 2999 corde
1196 2962 1271 2999 tuo
1305 2974 1314 3000 z
1341 2956 1393 2999 In
1419 2955 1578 2999 caelum
1606 2953 1924 3010 conscendam,

733 3029 862 3070 super
883 3021 1001 3058 astra
1025 3016 1106 3059 Dei
1133 3016 1339 3059 exaltabo
1365 3015 1526 3059 solium
1553 3028 1726 3069 nieumg

675 3072 835 3116 sedebo
856 3074 902 3116 in
926 3082 1073 3118 monte
1095 3075 1370 3129 testamenti,

733 3131 777 3173 in
800 3132 1011 3175 lateribus
1034 3134 1294 3190 Aquilonis-3

620 3190 649 3215 ''‘
670 3190 908 3233 ascendam
935 3206 1065 3248 super
1089 3193 1372 3237 altitudinem
1397 3194 1602 3248 nubium,

732 3249 889 3292 similis
912 3265 982 3294 ero
1009 3252 1273 3296 Altissimo‘?

619 3309 649 3335 ¹5
672 3310 989 3353 Verumtamen
1016 3311 1072 3353 ad
1098 3311 1324 3355 infernum
1348 3312 1610 3366 detraheris,

732 3368 776 3411 in
803 3369 1077 3425 profundum
1101 3370 1199 3413 laci.

621 3427 654 3453 ¹⁰
673 3428 754 3478 Qui
777 3433 821 3470 te
846 3428 1058 3482 viderint,
1081 3429 1137 3471 ad
1165 3435 1206 3473 te
1228 3429 1582 3485 inclinabuntur,

736 3496 863 3541 teque
885 3487 1151 3543 prospicient
1182 3505 1190 3530 :

443 3632 490 3664 19]
508 3633 585 3660 ficu.
607 3632 698 3665 XIX,
719 3637 761 3660 2-1.
