2423 3861
101 2589 278 2632 ALEPH.

615 109 687 151 Ps.
722 109 917 161 CXVII,
954 108 1007 152 15
1040 134 1096 141 —
1130 108 1352 152 CXVIII.
1385 107 1424 149 8.

289 278 324 306 '¹⁵
343 280 441 322 Vox
467 279 752 322 exultationis
774 285 816 322 et
838 279 992 321 salutis

404 338 449 380 in
477 337 774 380 tabernaculis
799 337 1032 393 just-orum.

291 396 324 422 ¹¹³
343 397 536 440 Dextera
563 396 743 440 Domini
767 396 879 439 fecit
905 396 1135 453 virtutem,

404 456 585 499 dextera
613 454 791 498 Domini
817 455 1034 498 exaltavit
1056 470 1148 505 me:

403 515 583 558 dextera
608 513 786 557 Domini
809 514 919 557 fecit
945 515 1168 557 virtutem.

290 573 319 599 ¹⁷
339 574 439 616 Non
467 572 644 627 moriar,
672 572 747 615 sed
770 573 946 626 vivam;

403 638 447 675 et
473 631 658 675 narrabo
681 645 810 688 opera
839 633 1031 675 Domini.

291 691 321 716 ¹⁸
339 691 574 746 castigans
597 690 836 746 castigavit
860 705 931 734 me
958 691 1192 747 Dominus,

402 756 444 793 et
468 750 596 793 morti
622 764 708 792 non
734 749 918 791 tradidit
945 764 1026 793 ine.

287 809 320 834 ¹⁰
338 809 519 865 Aperite
542 809 650 852 mihi
672 814 820 865 portas
842 809 1031 864 justitiae
1053 825 1061 852 :

401 868 624 925 ingressus
648 868 695 911 in
720 881 814 924 eas,
839 868 1080 911 confitebor
1103 868 1306 913 Domino.

283 926 319 952 ‘²⁰
338 928 448 970 Haec
473 933 600 984 porta
622 927 823 983 Domini,

399 987 507 1042 justi
532 986 763 1034 intrabunt
787 987 832 1029 in
859 1001 970 1030 eam.

282 1044 315 1070 '²¹
337 1045 588 1089 Confitebor
609 1045 691 1088 tibi
718 1046 928 1101 quoniam
950 1046 1169 1089 exaudisti
1194 1060 1282 1102 me,

401 1110 443 1147 et
469 1105 616 1147 factus
642 1119 688 1148 es
711 1105 819 1147 mihi
842 1105 888 1147 in
910 1105 1113 1148 salutem.

281 1161 318 1188 ‘²²
337 1164 553 1220 Lapidem
575 1179 706 1220 quem
730 1164 1076 1220 reprobaverunt
1099 1164 1386 1219 aedificantes,

400 1223 470 1266 hic
493 1223 644 1266 faetus
669 1229 737 1267 est
762 1223 807 1265 in
833 1228 967 1279 caput
989 1224 1155 1279 anguli.

281 1280 318 1307 ‘23
335 1282 375 1323 A
400 1282 590 1326 Domino
617 1283 793 1325 factum
816 1288 882 1325 est
905 1282 1044 1337 istud,

398 1347 442 1384 et
467 1348 532 1385 est
558 1341 760 1384 mirabile
782 1341 827 1384 in
851 1341 990 1384 oculis
1015 1343 1189 1385 nostris.

280 1398 316 1426 Ἡ
335 1400 450 1443 Haec
471 1406 537 1444 est
563 1400 656 1444 dies
679 1414 812 1456 quam
837 1401 949 1443 fecit
976 1401 1215 1457 Dominus3

398 1459 668 1513 exultemus,
692 1464 735 1502 et
757 1459 959 1502 laetemur
982 1459 1026 1501 in
1049 1474 1112 1502 ea.

281 1517 317 1544 ‘²5
335 1518 371 1561 O
398 1518 608 1573 Domine,
633 1518 808 1560 salvum
833 1532 903 1560 me
927 1519 1028 1572 fa03

398 1591 422 1619 o
448 1577 659 1632 Domine,
684 1577 798 1619 bene
819 1590 1090 1633 prosperare.

280 1633 317 1662 2⁶
335 1636 602 1678 Benedictus
630 1636 704 1692 qui
729 1635 853 1679 venit
877 1636 924 1678 in
945 1636 1124 1679 nomine
1141 1635 1345 1679 Domini.

400 1695 719 1738 Benediximus
739 1694 866 1738 vobis
889 1695 943 1738 de
970 1695 1099 1738 domo
1127 1694 1321 1738 Domini.

278 1753 313 1780 2⁷
333 1755 453 1798 Deus
479 1754 717 1810 Dominus,
745 1758 791 1797 et
814 1754 964 1797 illuxit
986 1754 1127 1798 nobis.
1288 1753 1290 1755 ’

397 1812 666 1857 Constituit-e
694 1813 814 1856 diem
839 1814 1082 1857 solemnem
1107 1814 1152 1857 in
1178 1813 1432 1868 condensis,

398 1887 535 1928 usque
555 1872 612 1916 ad
639 1887 774 1916 cornu
799 1873 966 1916 altaris.

278 1930 314 1958 2⁸
334 1933 452 1975 Deus
477 1946 601 1975 meus
626 1947 673 1975 es
704 1938 774 1987 tn,
798 1937 842 1975 et
864 1933 1105 1977 confitebor
1125 1933 1230 1987 tibi3

396 1991 516 2034 Deus
541 2006 666 2035 meus
687 2005 733 2034 es
759 1997 827 2048 tu,
855 1998 899 2035 et
925 1993 1132 2035 exaltabo
1158 1997 1215 2035 te.

337 2049 590 2094 Confitebor
611 2051 694 2097 tibi
717 2051 926 2107 quoniam
952 2051 1174 2095 exaudisti
1201 2066 1285 2095 me,

397 2114 441 2152 et
462 2109 611 2152 factus
637 2124 683 2153 es
708 2110 819 2152 mihi
839 2110 886 2152 in
911 2111 1115 2154 salutem.

278 2166 315 2193 ²9
333 2169 616 2212 Confitemjni
643 2169 856 2226 Domino,
880 2170 1090 2225 quoniam
1107 2171 1268 2225 bonus,

399 2227 608 2283 quoniam
633 2228 679 2270 in
701 2228 917 2272 saeculum
941 2229 1245 2272 misericordia
1268 2229 1378 2284 ejus.

795 2334 1009 2380 PSALMUS
1042 2337 1243 2381 CXVIII

706 2424 884 2467 Dz‘vz'noe
926 2423 1031 2480 leyis
1071 2424 1322 2469 encomium.

408 2512 617 2557 Alleluia.

376 2586 387 2612 ¹
408 2587 537 2629 Beati
562 2585 840 2629 immaculati
865 2586 911 2627 in
934 2586 1028 2639 via,

453 2646 526 2701 qui
549 2645 782 2688 ambulant
803 2645 849 2687 in
876 2645 973 2701 lege
1001 2645 1198 2688 Domini.

376 2703 393 2730 2
410 2705 540 2748 Beati
566 2705 639 2761 qui
666 2709 918 2748 scrutantur
941 2701 1197 2747 testimonia
1223 2703 1319 2759 ejus
1329 2738 1338 2760 ,

454 2764 501 2806 in
526 2770 620 2807 toto
643 2764 772 2806 corde
795 2763 1031 2819 exquirunt
1053 2777 1166 2808 eum.

373 2823 391 2849 3
407 2824 507 2866 Non
530 2824 649 2866 enim
675 2823 748 2878 qui
775 2826 1012 2879 operantur
1035 2822 1318 2878 iniquitatem

454 2883 501 2925 in
524 2883 606 2925 viis
632 2883 728 2938 ejus
750 2882 1104 2925 ambulaverunt.

375 2941 393 2968 4
409 2943 476 2985 Tu
501 2941 722 2985 mandasti
746 2941 956 2983 mandata
978 2946 1053 2982 tua

458 3001 668 3044 custodiri
694 3001 840 3043 nimis.

376 3059 394 3086 5
412 3060 598 3104 Utinam
624 3060 874 3116 dirigantur
898 3061 983 3103 viae
1010 3074 1122 3103 meae

456 3120 514 3162 ad
535 3120 848 3163 custodiendas
874 3119 1213 3174 justificationes
1237 3122 1356 3163 tuas!

375 3179 393 3206 ⁶
411 3180 536 3222 Tunc
559 3193 647 3222 non
669 3179 930 3235 confundar,

458 3252 559 3281 cum
584 3252 847 3295 perspexero
867 3239 913 3280 in
939 3238 1143 3282 omnibus
1168 3239 1391 3282 mandatis
1415 3237 1517 3283 tuis.

377 3297 392 3324 7
411 3298 664 3342 Confitebor
688 3298 769 3341 tibi
796 3298 841 3340 in
868 3297 1108 3341 directione
1136 3298 1298 3353 cordis,

456 3357 504 3399 in
529 3371 580 3401 eo
604 3357 720 3413 quod
743 3357 878 3400 didici
901 3357 1069 3413 judicia
1095 3357 1281 3413 justitiae
1308 3363 1411 3409 tuae.

376 3415 394 3443 8
411 3415 763 3460 Justificationes
789 3422 887 3459 tuas
911 3415 1184 3471 custodia1n3

458 3489 546 3518 non
572 3490 641 3519 me
664 3476 942 3532 derelinquas
968 3488 1290 3532 usquequaque.

1849 106 1932 148 637

104 3621 153 3655 22]
173 3621 217 3650 Is.
234 3620 404 3655 XXVIII,
424 3623 467 3649 16.
488 3621 610 3649 Matth.
629 3621 724 3650 XXL
755 3623 800 3649 42.
822 3621 902 3648 Luc.
928 3619 1009 3656 XX,
1030 3621 1074 3648 17.
1096 3620 1168 3648 Act.
1190 3620 1246 3654 ΙΨ,
1265 3621 1309 3647 11.
1332 3619 1426 3648 Rom.
1448 3620 1514 3655 IX,
1531 3623 1576 3650 33.
1599 3621 1615 3649 1
1634 3621 1721 3649 Potr.
1743 3619 1788 3654 ΙΙ,
1804 3620 1829 3647 7.

2029 813 2214 842 Gratiarum

2079 857 2167 885 actio

2017 901 2175 929 solemnis
2198 900 2229 928 in

2022 950 2079 972 san
2087 952 2101 972 c
2107 943 2224 979 tuario»

2030 2593 2225 2623 omnimodo

2029 2637 2222 2666 ostenditur

2058 2684 2191 2711 beatam

2041 2726 2146 2754 vitam
2174 2726 2207 2754 in

2017 2770 2104 2804 legis
2124 2771 2234 2798 obser-

2018 2814 2133 2843 vantia
2152 2821 2226 2843 esse

2046 2857 2203 2888 positam.
