2391 3861
704 178 816 219 GAL.
852 177 894 231 Ι,
932 177 985 219 18
1017 176 1176 226 -ΙΙ,
1210 176 1277 217 21.
1795 173 1899 216 1285

85 350 316 402 Arabiam,
344 353 387 391 et
412 350 571 390 iterum
598 361 796 390 reversus
817 361 914 389 snm
941 347 1222 388 Damascum.
1254 345 1285 371 ¹¹⁴
1310 345 1480 387 Deinde
1506 348 1604 401 post
1628 358 1766 385 annos
1792 349 1894 399 tres,

83 407 181 451 veni
205 408 232 450 J
238 406 530 463 erosolymam
549 405 698 449 videre
725 407 916 459 Petrum,
944 410 987 448 et
1013 405 1152 446 mansi
1176 404 1292 460 apud
1319 418 1419 446 eum
1443 403 1598 446 diebus
1620 402 1894 457 quindecim3

86 466 118 492 ¹⁰
141 466 278 509 alium
311 471 460 509 autem
490 465 789 522 apostolorum
815 463 906 506 vidi
942 464 1185 517 neminem,
1214 463 1295 505 nisi
1323 462 1562 515 Jacobum,
1593 461 1776 504 fratrem
1814 461 1898 502 Do-

81 526 203 568 mini.
238 524 275 551 '20
299 525 406 575 Quae
435 529 584 567 autem
622 523 766 566 scribo
803 523 950 578 vobis,
987 536 1088 565 cccc
1122 536 1266 564 coram
1308 522 1399 564 Deo
1437 521 1539 576 quia
1575 534 1660 563 non
1699 520 1898 562 mentior.

80 585 110 609 '²¹
135 584 306 627 Deinde
333 584 433 627 veni
463 583 509 625 in
543 589 688 639 partes
723 582 859 637 Syriae
894 587 937 624 et
966 580 1148 624 Ciliciae.
1175 579 1211 605 ‘²2
1235 580 1366 622 Eram
1393 585 1539 622 autem
1572 579 1749 632 ignotus
1782 578 1900 621 facie

79 643 277 686 ecclesiis
303 643 497 697 Judaeae,
525 656 622 697 quae
649 646 774 684 erant
802 640 847 682 in
874 640 1061 683 Christo.
1090 639 1127 665 ”²3
1148 639 1341 681 Tantum
1366 644 1513 681 autem
1539 638 1741 680 auditum
1767 637 1898 680 habe-

79 701 212 745 bant:
235 701 452 751 Quoniam
477 701 549 756 qui
577 700 920 757 persequebatur
946 712 1023 740 nos
1048 697 1307 753 aliquando,
1330 711 1443 739 nunc
1471 697 1747 751 evangelizat
1770 696 1900 739 fidem

78 774 210 815 quam
234 759 474 815 aliqua-ndo
501 758 812 816 expugnabat3
841 756 876 783 '²¹
895 763 938 800 et
963 757 1008 799 in
1032 771 1101 799 me
1127 755 1432 798 clarificabant
1457 754 1611 798 Deum.

256 880 280 937 ξ
309 880 370 922 Il.
396 905 455 911 —-
480 880 519 922 Α
522 880 768 936 postolatus
793 878 937 921 Pauli
961 892 990 920 a
1016 878 1148 920 Petro
1179 883 1217 919 et
1240 877 1449 932 apostolis
1474 878 1728 929 recoqnitzcs.

135 994 239 1038 CAP.
264 995 326 1037 ΙΙ.
352 1021 411 1027 —
436 994 444 1020 ¹
469 994 641 1038 Deinde
671 998 768 1052 post
792 1007 932 1036 annos
959 991 1313 1048 quatuordecim,
1342 991 1500 1034 iterum
1525 991 1705 1034 ascendi
1728 992 1901 1035 Jeroso-

77 1054 242 1110 lymam
266 1067 366 1096 cum
392 1054 609 1109 Barnaba,
636 1058 861 1109 assumpto
888 1057 932 1094 et
954 1052 1069 1094 Tito.
1093 1050 1110 1076 2
1130 1049 1321 1093 Ascendi
1349 1055 1498 1092 autem
1521 1049 1762 1093 seeundum
1781 1064 1900 1093 reve-

75 1112 311 1167 latione1n3
351 1118 394 1156 et
432 1112 598 1155 contuli
637 1127 735 1155 cum
769 1111 858 1154 illis
895 1110 1178 1166 evangelium
1213 1109 1327 1165 quod
1366 1108 1559 1165 praedico
1597 1108 1642 1150 in
1671 1108 1898 1164 gentibus,

74 1185 268 1214 seorsum
298 1177 448 1214 autem
478 1171 529 1213 iis
557 1171 630 1227 qui
657 1171 923 1214 videbantur
951 1169 1120 1225 aliquid
1148 1183 1261 1223 esse,
1290 1182 1344 1211 ne
1369 1168 1485 1210 forte
1518 1167 1563 1210 in
1590 1181 1780 1210 vacuum
1807 1181 1900 1210 cnr-

74 1245 234 1285 rerem,
261 1236 338 1273 aut
368 1231 670 1280 cucurrissem.
697 1230 714 1256 3
737 1229 820 1273 Sed
851 1244 991 1285 neque
1021 1229 1168 1284 Titus,
1196 1228 1270 1283 qui
1302 1241 1475 1270 mecum
1506 1231 1619 1282 erat,
1655 1241 1753 1269 cum
1787 1232 1901 1270 esset

73 1289 274 1344 gentilis,
310 1289 561 1346 compulsus
595 1294 661 1332 est
690 1288 973 1342 circumcidi3
1009 1287 1026 1314 4
1047 1287 1123 1331 sed
1158 1292 1334 1344 propter
1367 1285 1725 1328 subintroductos
1761 1285 1900 1329 falsos

73 1349 255 1404 fratres,
287 1349 359 1404 qui
386 1348 736 1391 subintroierunt
765 1347 993 1404 explorare
1027 1347 1280 1390 libertatem
1309 1350 1504 1389 nostram
1531 1359 1662 1400 quam
1687 1344 1900 1388 habemus

73 1407 118 1449 in
138 1407 311 1451 Christo
330 1408 357 1450 J
362 1422 452 1462 esu,
473 1413 521 1450 ut
539 1421 617 1450 nos
635 1407 681 1449 in
703 1407 963 1450 servitutem
984 1406 1259 1461 redigerent,
1279 1405 1296 1431 5
1314 1404 1473 1460 quibus
1500 1418 1639 1460 neque
1665 1403 1721 1446 ad
1747 1403 1900 1447 horam

73 1466 283 1509 cessimus
309 1466 608 1522 subjectione,
643 1471 689 1509 ut
716 1466 878 1509 veritas
908 1465 1129 1521 evangelii
1164 1469 1421 1521 permaneat
1454 1463 1571 1520 apud
1598 1476 1687 1506 vos.
1716 1463 1732 1489 ⁰
1749 1463 1821 1505 Ab
1846 1462 1900 1506 iis

71 1532 222 1568 autem
249 1525 323 1581 qui
346 1525 612 1568 videbantur
637 1539 730 1568 esse
762 1524 932 1579 aliquid
961 1524 1143 1581 (quales
1169 1523 1407 1578 aliquando
1440 1522 1627 1578 fuerint,
1660 1521 1770 1565 nihil
1803 1536 1900 1565 mea

72 1584 279 1638 interest;
305 1585 424 1627 Deus
450 1597 683 1640 personam
709 1583 899 1626 hominis
921 1597 1008 1626 non
1032 1582 1246 1638 accipit);
1272 1582 1380 1624 mihi
1403 1582 1520 1624 enim
1544 1581 1614 1637 qui
1637 1581 1902 1624 videbantur

72 1657 166 1686 esse
184 1642 353 1698 aliquid
377 1642 490 1684 nihil
509 1642 804 1685 contulerunt.
825 1641 840 1667 ⁷
859 1641 943 1685 Sed
967 1656 989 1684 e
1013 1646 1166 1684 contra
1192 1655 1293 1684 cum
1312 1640 1528 1683 vidissent
1546 1640 1662 1695 quod
1685 1640 1901 1683 creditum

72 1706 138 1744 est
163 1702 272 1744 mihi
299 1701 585 1757 evangelium
610 1701 841 1757 praeputii,
868 1701 982 1743 sicut
1007 1705 1051 1744 et
1085 1701 1214 1743 Petro
1241 1698 1588 1741 circumcisionis
1615 1699 1632 1725 8
1653 1698 1758 1754 (qui
1784 1699 1900 1742 enim

71 1766 277 1817 operatus
310 1765 377 1804 est
410 1761 539 1803 Petro
568 1760 616 1802 in
644 1759 943 1817 apostolatum
975 1758 1347 1814 circumcisionis,
1383 1764 1587 1814 operatus
1618 1764 1684 1801 est
1717 1763 1759 1800 et
1792 1757 1899 1800 mihi

70 1820 186 1863 inter
210 1821 421 1876 gentes);
447 1819 464 1845 9
481 1824 526 1862 et
551 1833 652 1861 cum
674 1819 988 1874 cognovissent
1010 1818 1202 1874 gratiam
1220 1832 1319 1874 quae
1339 1816 1443 1860 data
1462 1822 1527 1860 est
1548 1816 1671 1873 mihi,
1692 1817 1720 1859 J
1724 1816 1899 1871 acobus,

71 1884 115 1922 ot
145 1878 337 1936 Cephas,
372 1884 416 1922 et
441 1879 469 1921 J
474 1892 658 1934 oannes,
689 1878 762 1933 qui
788 1877 1056 1921 videbantur
1082 1877 1301 1920 columnae
1336 1890 1449 1931 esse,
1477 1876 1656 1919 dextras
1686 1876 1902 1919 dederunt

72 1937 180 1980 mihi
206 1944 251 1981 et
277 1937 496 1980 Barnabae
523 1937 769 1992 societatis,
797 1942 845 1979 ut
870 1951 948 1979 nos
972 1937 1019 1979 in
1045 1941 1219 1992 gentes,
1249 1936 1334 1992 ipsi
1361 1941 1510 1978 autem
1535 1935 1581 1977 in
1605 1934 1900 1978 circumcisio-

72 2011 200 2052 nem3
226 1996 260 2023 ¹0
277 2002 452 2040 tantum
474 2001 522 2039 ut
543 2010 787 2053 pauperum
809 2010 1025 2039 memores
1052 2010 1271 2039 essemus:
1295 1994 1412 2050 quod
1435 1995 1569 2038 etiam
1593 1994 1809 2037 sollicitus
1832 1993 1901 2035 fui

72 2056 154 2099 hoc
176 2057 321 2112 ipsum
342 2056 506 2099 facere.

134 2115 163 2141 ¹¹
184 2116 296 2159 Cum
325 2121 474 2158 autem
500 2115 694 2158 venisset
724 2115 896 2172 Cephas
922 2115 1232 2170 Antiochiam,
1258 2115 1304 2157 in
1337 2114 1502 2157 tzieiem
1534 2113 1573 2156 ei
1607 2113 1769 2169 restiti,
1798 2113 1899 2168 quia

71 2174 427 2231 reprehensibilis
454 2179 561 2219 erat.
591 2173 627 2200 ¹⁹²
646 2173 771 2217 Prius
802 2175 919 2218 enim
944 2189 1077 2230 quam
1102 2174 1304 2217 venirent
1330 2173 1510 2229 quidam
1531 2187 1556 2215 a
1580 2173 1770 2228 Jacobo,
1799 2186 1898 2215 cum

71 2233 280 2289 gentibus
313 2233 496 2288 edebat3
534 2248 636 2277 cum
674 2239 824 2277 autem
853 2234 1099 2289 venissent,
1137 2233 1426 2276 subtrahebat
1459 2238 1501 2275 et
1538 2231 1801 2287 segregabat
1834 2245 1898 2285 se,

71 2293 232 2336 timens
266 2307 340 2336 eos
374 2293 446 2348 qui
478 2307 532 2336 ex
559 2292 893 2336 circumcisione
923 2297 1059 2336 erant.
1092 2292 1129 2318 13
1154 2293 1211 2335 Et
1243 2290 1516 2335 simulationi
1547 2291 1644 2346 ejus
1670 2304 1895 2333 consense-

71 2357 174 2394 runt
199 2351 332 2395 ceteri
366 2353 393 2395 J
398 2351 536 2408 udaei,
563 2352 629 2394 ita
652 2357 700 2394 ut
726 2358 769 2395 et
799 2352 1026 2395 Barnabas
1053 2351 1285 2395 duceretur
1316 2350 1372 2393 ab
1400 2350 1461 2393 eis
1498 2349 1543 2392 in
1568 2349 1693 2392 illam
1723 2349 1900 2392 simula-

71 2410 251 2454 tionem.
1467 2440 1470 2443 ·
1539 2413 1543 2418 '

134 2469 167 2496 ¹⁴
190 2470 273 2514 Sed
304 2485 406 2514 cum
435 2471 648 2514 vidissem
681 2471 795 2527 quod
829 2486 916 2514 non
949 2476 1067 2514 recte
1100 2469 1381 2513 ambularent
1414 2469 1470 2511 ad
1504 2468 1735 2512 veritatem
1767 2482 1900 2511 evan-

72 2529 192 2585 gelii,
215 2529 308 2572 dixi
332 2530 495 2586 Cephae
522 2545 669 2573 coram
695 2529 926 2574 omnibus:
950 2530 994 2573 Si
1017 2535 1078 2586 tu,
1102 2544 1203 2572 cum
1222 2528 1407 2572 Judaeus
1431 2528 1503 2584 sis,
1527 2527 1754 2583 gentiliter
1771 2527 1898 2583 vivis,

71 2594 116 2631 et
145 2602 232 2631 non
264 2589 464 2645 judaice,
496 2589 714 2646 quomodo
739 2594 894 2645 gentes
928 2589 1049 2645 cogis
1081 2587 1341 2645 judaizare?
1369 2587 1404 2614 ¹5
1422 2587 1512 2630 Nos
1543 2592 1701 2629 natura
1731 2586 1898 2641 Judaei,

73 2652 117 2690 et
145 2661 232 2690 non
262 2662 317 2691 ex
345 2649 553 2704 gentibus
585 2654 852 2705 peccatores.
890 2648 925 2675 16
951 2648 1148 2691 Scientes
1181 2652 1331 2690 autem
1365 2646 1479 2703 quod
1514 2660 1601 2689 non
1633 2646 1902 2702 justificatur

72 2707 203 2749 homo
236 2721 290 2749 ex
320 2707 524 2764 operibus
556 2708 688 2763 legis,
723 2707 808 2750 nisi
838 2722 915 2765 per
947 2707 1079 2751 fidem
1113 2707 1221 2750 Jesu
1255 2706 1439 2762 Christi,
1471 2710 1513 2763 et
1543 2719 1620 2748 nos
1649 2705 1696 2748 in
1727 2705 1900 2748 Christo

73 2766 100 2808 J
106 2780 181 2809 esu
207 2765 445 2822 credimus,
471 2771 518 2809 ut
543 2766 836 2822 justificemur
861 2781 917 2810 ex
941 2767 1027 2810 fide
1057 2765 1240 2815 Christi,
1267 2770 1310 2808 et
1335 2780 1424 2808 non
1454 2779 1509 2808 ex
1532 2765 1735 2822 operibus
1766 2764 1898 2820 legis,

72 2829 250 2881 propter
275 2824 390 2880 quod
417 2839 472 2867 ex
501 2825 707 2882 operibus
733 2826 845 2882 legis
875 2841 963 2869 non
990 2825 1310 2882 justificabitur
1336 2824 1476 2868 omnis
1510 2839 1625 2868 caro.
1653 2823 1686 2850 '¹⁷
1710 2823 1833 2874 Quod
1862 2823 1899 2866 si

73 2889 321 2940 quaerentes
344 2883 579 2940 justificari
608 2884 655 2927 in
681 2885 876 2941 Christo,
898 2885 1071 2928 inventi
1099 2898 1250 2927 sumus
1284 2889 1327 2927 et
1355 2884 1438 2941 ipsi
1469 2889 1742 2941 peccatores,
1773 2897 1899 2925 num-

73 2943 177 2999 quid
204 2942 403 2986 Ohristus
429 2943 601 3000 peccati
624 2944 826 2987 minister
844 2944 942 2988 est?
961 2944 1106 2987 Absit.
1127 2943 1162 2970 13
1180 2943 1225 2987 Si
1248 2943 1365 2987 enim
1389 2958 1486 2999 quae
1509 2942 1720 2998 destruxi,
1740 2943 1900 2986 iterum

73 3002 169 3045 haec
199 3002 390 3059 aedifico,
419 3002 804 3059 praevaricatorem
831 3018 901 3047 me
932 3003 1165 3047 constituo.
1194 3002 1229 3029 ¹9
1251 3004 1347 3059 Ego
1377 3002 1496 3046 enim
1521 3017 1598 3059 per
1618 3002 1783 3058 legem,
1811 3001 1899 3058 legi

73 3066 270 3105 mortuus
292 3077 411 3118 sum,
436 3067 484 3105 ut
510 3062 604 3105 Deo
629 3062 805 3118 vivam3
834 3063 1007 3107 Christo
1034 3063 1231 3106 confixus
1257 3077 1355 3105 sum
1377 3062 1508 3105 cruci.
1536 3060 1572 3088 ²⁰
1590 3062 1706 3104 Vivo
1732 3067 1895 3116 autem,

71 3120 167 3176 jam
190 3135 276 3164 non
302 3136 408 3177 ego,
433 3121 546 3164 vivit
571 3135 674 3164 vero
695 3121 742 3164 in
764 3135 833 3165 me
861 3122 1071 3167 Christus.
1096 3121 1219 3172 Quod
1241 3128 1391 3164 autem
1417 3136 1534 3164 nunc
1556 3121 1657 3164 vivo
1679 3121 1725 3163 in
1754 3134 1897 3173 carne,

73 3179 119 3221 in
144 3180 230 3224 fide
255 3181 356 3224 vivo
391 3180 496 3223 Filii
532 3180 636 3236 Dei,
673 3180 747 3237 qui
781 3180 939 3224 dilexit
973 3196 1062 3237 me,
1098 3186 1142 3224 et
1171 3180 1356 3224 tradidit
1388 3181 1673 3237 semetipsum
1709 3193 1785 3236 pro
1815 3193 1897 3222 me.

73 3237 108 3264 “2¹
130 3240 229 3282 Non
254 3240 419 3296 abjicio
445 3239 638 3296 gratiam
667 3239 762 3283 Dei.
788 3240 834 3284 Si
857 3239 974 3284 enim
1000 3254 1076 3297 per
1100 3239 1247 3296 legem
1272 3239 1459 3296 justitia,
1483 3253 1586 3295 ergo
1611 3239 1749 3295 gratis
1775 3237 1897 3281 Chri-

73 3302 166 3340 stus
188 3304 386 3342 mortuus
411 3304 490 3343 est.

76 3470 106 3503 ss]
125 3470 223 3498 Dent.
240 3470 282 3504 X,
299 3473 342 3499 17.
360 3471 438 3506 Job,
455 3471 613 3505 XXXIV,
628 3473 671 3498 19.
689 3471 762 3503 Sap.
781 3471 840 3505 VI,
857 3473 882 3498 9.
905 3468 1007 3497 Eccli.
1025 3468 1165 3504 XXXV,
1182 3471 1226 3497 15.
1245 3469 1318 3496 Act.
1336 3469 1375 3503 X,
1393 3470 1437 3496 3-1Δ
1457 3469 1551 3495 Rom.
1574 3467 1617 3502 ΙΙ,
1636 3469 1679 3495 11.
1697 3466 1780 3499 Eph.
1798 3466 1858 3503 VI,
1871 3469 1898 3496 9,

73 3512 142 3542 Col.
163 3513 228 3547 ΙΙΙ,
245 3515 289 3541 25.
309 3515 322 3541 Ι
342 3514 431 3543 Petr.
448 3516 474 3550 Ι,
492 3518 536 3544 17.
553 3530 589 3534 —
611 3516 658 3548 16]
678 3515 772 3542 Rom.
789 3514 855 3546 111,
872 3515 916 3541 20.

2028 1006 2152 1034 Paulus

1987 1049 2019 1078 in
2046 1049 2189 1078 concilio

1978 1093 2193 1126 Jerosolymi-

2046 1138 2134 1164 tano.

2040 2123 2135 2152 Pauli

2002 2169 2038 2195 et
2053 2168 2171 2200 cephae

1981 2210 2194 2244 disceptatio.
