2423 3861
207 282 367 310 Paralu‘vlssl

199 327 238 354 (16
259 324 365 352 amico

180 368 383 400 importuno.

193 1165 375 1194 Pharisaeo-

164 1216 236 1236 rum
254 1209 404 1240 blasphe-

163 1251 246 1279 mia:
270 1251 403 1283 signum

213 1295 251 1323 de
270 1295 358 1322 caelo.

472 100 582 141 1168
1181 95 1290 136 Luc.
1326 94 1415 148 XI,
1449 94 1583 136 5-36.

527 269 543 295 ⁵
562 270 620 311 Et
640 268 703 310 ait
724 268 779 309 ad
801 266 901 308 illos
921 281 928 307 :
958 264 1063 313 Quis
1091 269 1285 305 vestrum
1308 262 1492 304 habebit
1512 261 1722 316 amicum,
1747 266 1789 303 et
1810 261 1893 303 ibit
1915 262 1970 304 ad
1996 263 2123 306 illum
2149 264 2292 307 media

468 333 619 382 nocte,
647 333 688 369 et
716 326 832 368 dicet
857 323 923 365 illi
946 340 954 366 :
981 322 1160 375 Amice,
1187 321 1418 364 commoda
1445 320 1553 362 mihi
1580 325 1668 362 tres
1693 334 1844 375 panes,
1867 319 1884 345 ⁶
1902 321 2111 374 quoniam
2128 323 2296 365 amicus

468 401 590 430 meus
615 385 735 428 venit
761 383 814 425 de
837 382 909 424 via
933 381 989 424 ad
1013 396 1103 436 me,
1131 387 1173 423 et
1199 394 1286 422 non
1312 380 1453 422 habeo
1479 379 1594 434 quod
1621 393 1782 435 ponam
1809 383 1913 421 ante
1938 378 2067 421 illum
2088 397 2097 434 3
2123 380 2138 406 7
2157 386 2200 424 et
2220 381 2297 424 ille

469 446 643 488 deintus
668 441 938 498 respondens
965 440 1085 483 dicat
1107 456 1114 483 :
1138 439 1240 482 Noli
1268 439 1377 481 mihi
1404 438 1614 481 molestus
1641 452 1760 492 esse,
1787 437 1883 494 jam
1905 437 2069 480 ostium
2097 439 2295 483 clausum

469 510 546 555 est,
567 508 610 546 et
635 501 758 559 pueri
782 501 868 544 mei
890 514 1062 543 mecum
1089 504 1193 541 sunt
1217 498 1264 540 in
1287 497 1448 552 cubili3
1473 511 1560 540 non
1583 511 1761 553 possum
1787 510 1977 552 surgere,
1998 501 2042 539 et
2061 496 2164 540 dare
2182 498 2296 541 tibi?

468 564 484 589 8
504 564 560 605 Ε1
585 562 621 604 61
647 561 722 604 1116
747 558 1094 617 perseveraverit
1118 558 1319 614 pulsans,
1348 557 1446 599 dico
1472 556 1620 611 vobis,
1649 556 1729 599 etsi
1760 570 1847 598 non
1874 555 1999 597 dabit
2024 555 2090 597 illi
2115 570 2299 611 surgens

468 637 517 665 eo
541 620 655 677 quod
677 620 848 663 amicus
867 618 963 674 ejus
989 618 1065 672 sit,
1090 621 1266 673 propter
1288 615 1620 671 improbitatem
1642 620 1792 658 tamen
1814 615 1910 670 ejus
1932 619 2094 670 surget,
2115 620 2158 658 et
2176 615 2299 658 dabit

467 680 533 723 illi
565 684 779 736 quotquot
803 678 940 721 habet
968 676 1252 720 necessarios.
1281 676 1298 701 9
1324 675 1382 717 Et
1411 689 1493 730 ego
1525 674 1623 717 dico
1648 674 1774 717 vobis
1802 690 1810 717 :
1847 673 2010 723 Petite,
2048 679 2090 717 et
2123 673 2302 716 dabitur

455 740 618 795 ,vobis3
648 738 850 794 quaerite,
878 743 921 780 et
946 735 1207 790 invenietis;
1235 735 1431 791 pulsate,
1459 739 1502 777 et
1531 733 1750 790 aperietur
1771 733 1911 776 vobis.
1940 732 1975 759 ‘¹0
1994 733 2155 776 Omnis·
2183 732 2302 775 enim

469 798 542 854 qui
573 798 705 855 petit,
738 797 926 853 accipit3
957 801 1000 838 et
1033 795 1106 851 qui
1141 795 1318 850 quaerit,
1349 793 1546 848 invenit,
1579 797 1622 836 et
1647 792 1844 849 pulsanti
1873 792 2106 849 aperietur.
2142 791 2171 818 ¹¹
2195 791 2303 842 Quis

468 864 617 901 autem
648 872 702 900 ex
731 856 857 899 vobis
886 860 1059 912 patrem
1092 854 1203 911 petit
1232 868 1413 910 panem,
1441 852 1657 907 numquid
1687 851 1882 908 lapidem
1918 851 2043 894 dabit
2075 850 2175 894 illi?
2209 851 2301 894 Aut

468 917 655 974 piscem,
680 915 896 971 numquid
922 928 1000 971 pro
1018 914 1138 970 pisce
1162 918 1412 969 serpentem
1435 911 1561 955 dabit
1584 910 1685 953 illi'?
1712 910 1746 936 ¹'2
1762 911 1856 953 Aut
1880 910 1916 953 si
1939 910 2116 967 petierit
2145 924 2300 966 ovum,

469 976 684 1032 numquid
715 975 910 1032 porriget
936 973 999 1016 illi
1030 970 1339 1029 scorpionem?
1367 970 1403 997 '¹3
1425 971 1468 1014 Si
1495 985 1598 1026 ergo
1625 985 1722 1026 vos,
1751 985 1851 1013 cnm
1877 969 1974 1012 sitis
2001 969 2128 1023 mali,
2162 968 2302 1013 nostis

469 1036 584 1079 bona
608 1036 710 1079 data
738 1035 841 1077 dare
866 1033 968 1076 filiis
986 1032 1165 1087 vestris,
1185 1036 1350 1087 quanto
1376 1029 1518 1086 magis
1542 1031 1675 1072 Pater
1694 1035 1837 1073 vester
1860 1029 1914 1072 de
1934 1029 2042 1072 caelo
2067 1028 2191 1072 dabit
2212 1028 2301 1085 spi—

467 1095 602 1138 ritum
627 1095 794 1137 bonum
818 1092 1071 1150 petentibus
1093 1091 1166 1134 se!

530 1154 564 1181 ‘¹⁴'
584 1156 640 1197 Et
670 1159 762 1197 erat
792 1153 976 1208 ejiciens
1003 1150 1294 1205 daemonium,
1319 1155 1362 1193 et
1393 1149 1505 1192 illud
1540 1154 1633 1192 erat
1663 1152 1851 1192 mutum.
1880 1150 1938 1191 Et
1967 1163 2065 1192 cum
2094 1149 2302 1205 eJ‘ecisset
2367 1196 2369 1198 ,

470 1214 762 1267 daemonium,
790 1213 963 1254 locutus
986 1216 1051 1253 est
1073 1215 1242 1264 mutus,
1262 1215 1305 1252 et
1326 1209 1559 1252 admiratae
1583 1213 1687 1250 sunt
1712 1208 1869 1253 turbae.
1892 1207 1927 1234 15
1945 1208 2136 1257 Quidam
2153 1213 2303 1252 autem

470 1289 523 1318 ex
553 1274 615 1316 eis
643 1273 879 1315 dixerunt:
908 1271 962 1313 In
997 1269 1269 1323 Beelzebub,
1300 1268 1499 1326 principe
1533 1267 1875 1322 daemoniorum,
1907 1267 2034 1323 ejicit
2067 1267 2304 1310 daemonia.

470 1333 506 1360 1⁶
526 1335 583 1376 Et
609 1332 685 1375 alii
708 1336 952 1384 tentantes,
975 1330 1155 1384 signum
1177 1328 1231 1371 de
1258 1328 1367 1371 caelo
1391 1327 1650 1383 quaerebant
1671 1326 1728 1369 ab
1754 1341 1818 1369 eo.

530 1392 687 1448 '¹71pse
712 1394 861 1433 autem
888 1395 936 1431 ut
958 1389 1071 1431 vidit
1097 1388 1389 1443 cogitationes
1415 1401 1585 1440 eorum,
1614 1385 1728 1429 dixit
1753 1386 1814 1429 eis
1841 1402 1849 1429 :
1881 1386 2022 1430 Omne
2047 1400 2234 1441 regnum
2256 1385 2304 1429 in

469 1452 664 1508 seipsum
694 1449 887 1492 divisum
917 1447 1200 1502 desolabitur,
1229 1452 1272 1490 et
1299 1446 1454 1490 domus
1488 1460 1620 1502 supra
1647 1445 1828 1488 domum
1855 1445 1997 1489 cadet.
2024 1444 2058 1471 18
2084 1444 2129 1488 Si
2153 1450 2303 1489 autem

471 1517 514 1554 et
547 1512 735 1555 Satanas
767 1509 813 1551 111
846 1508 1040 1564 seipsum
1076 1506 1243 1549 divisus
1274 1511 1360 1560 est,
1392 1504 1610 1561 quomodo
1642 1505 1780 1547 stabit
1817 1519 2005 1561 regnum
2042 1504 2176 1560 ejus?
2202 1504 2304 1560 quia

472 1570 620 1613 dicitis
653 1569 700 1611 in
731 1567 981 1611 Beelzebub
1009 1581 1078 1609 me
1104 1566 1266 1621 ejicere
1293 1564 1526 1608 daemonia.
1556 1564 1591 1589 '¹⁰
1610 1564 1653 1608 Si
1682 1569 1833 1607 autem
1860 1578 1941 1620 ego
1970 1563 2017 1606 in
2053 1563 2305 1606 Beelzebub

472 1630 604 1683 ejicio
631 1627 871 1682 daemonia,
898 1626 977 1668 filii
996 1626 1130 1668 vestri
1153 1625 1197 1667 in
1220 1639 1303 1680 quo
1327 1623 1548 1680 ejiciunt?
1572 1623 1679 1666 Ideo
1705 1622 1789 1679 ipsi
1815 1623 1987 1679 judices
2005 1622 2139 1666 vestri
2163 1628 2304 1666 erunt.

472 1689 509 1714 “²0
527 1690 660 1731 Porro
687 1686 723 1730 si
747 1687 792 1728 in
816 1686 956 1741 digito
984 1684 1065 1728 Dei
1089 1684 1221 1741 ejicio
1248 1683 1481 1738 daemonia,
1501 1682 1702 1739 profecto
1729 1682 1930 1738 pervenit
1952 1681 1997 1724 in
2015 1696 2093 1725 vos
2118 1696 2303 1738 regnum

474 1747 571 1791 Dei.
598 1746 631 1772 ‘²¹
653 1746 764 1790 Cum
790 1745 920 1788 fortis
945 1748 1141 1786 armatus
1173 1743 1365 1786 custodit
1398 1742 1561 1785 atrium
1588 1756 1738 1795 suum,
1765 1741 1811 1783 in
1845 1756 1955 1798 pace
1985 1747 2088 1784 sunt
2121 1755 2172 1784 ea
2205 1755 2303 1796 quae

472 1806 681 1864 possidet.
705 1804 742 1831 Ἦ
760 1805 805 1848 Si
833 1809 983 1846 autem
1013 1803 1172 1846 fortior
1197 1817 1246 1845 eo
1273 1801 1586 1858 superveniens
1612 1801 1769 1843 vicerit
1795 1815 1915 1856 eum,
1943 1799 2148 1843 universa
2181 1814 2306 1842 arma

474 1867 570 1922 ejus
595 1865 781 1918 auferet,
809 1864 853 1906 in
876 1863 1032 1918 quibus
1059 1861 1322 1916 confidebat,
1345 1866 1386 1904 et
1408 1860 1550 1916 spolia
1576 1860 1672 1915 ejus
1699 1859 1949 1902 distribuet.
1969 1858 2006 1885 23
2025 1859 2106 1910 Qui
2132 1873 2220 1902 non
2242 1865 2307 1902 est

474 1939 667 1980 1116611111,
696 1929 846 1966 contra
870 1936 939 1964 me
961 1926 1050 1976 est;
1080 1926 1122 1963 et
1148 1920 1223 1975 qui
1248 1934 1335 1963 non
1359 1919 1532 1974 colligit
1558 1933 1752 1974 mecum,
1780 1918 2007 1975 dispergit.
2034 1917 2071 1944 24
2089 1919 2201 1962 Cum
2224 1918 2307 1961 im-

475 1984 664 2027 mundus
695 1982 874 2039 spiritus
898 1980 1054 2024 exierit
1080 1980 1133 2022 de
1159 1979 1357 2034 homine,
1385 1978 1586 2021 ambulat
1611 1992 1688 2035 per
1721 1978 1818 2021 loca
1842 1978 2078 2034 inaquosa,
2107 1992 2310 2033 quaerens

473 2043 693 2099 requiem3
719 2047 761 2084 et
784 2055 872 2084 non
896 2039 1150 2093 inveniens,
1175 2039 1284 2081 dicit
1306 2055 1314 2081 ;
1343 2040 1555 2082 Revertar
1578 2037 1625 2079 in
1648 2037 1829 2080 domum
1859 2051 2006 2080 meam
2027 2037 2144 2080 unde
2173 2036 2308 2080 exivi.

475 2102 510 2129 25
537 2104 594 2145 Et
624 2116 724 2144 cum
756 2100 945 2155 venerit,
977 2098 1149 2141 invenit
1183 2112 1281 2141 eam
1315 2098 1459 2155 scopis
1490 2097 1774 2152 mundatam,
1806 2101 1848 2139 et
1883 2100 2097 2139 ornatam.
2125 2094 2162 2122 ²⁶
2182 2097 2310 2139 Tunc

474 2161 616 2217 vadit,
644 2166 687 2204 et
716 2159 903 2202 assumit
928 2163 1098 2214 septem
1123 2158 1233 2200 alios
1263 2157 1444 2214 spiritus
1477 2171 1648 2211 secum,
1682 2155 1914 2211 nequiores
1948 2169 2014 2211 se,
2045 2160 2088 2198 et
2120 2154 2309 2211 ingressi

474 2221 681 2265 habitant
705 2219 782 2262 ibi.
810 2219 868 2262 Et
893 2218 1004 2260 fiunt
1025 2217 1267 2260 novissima
1293 2216 1484 2259 hominis
1506 2215 1626 2258 illius
1653 2215 1806 2271 pejora
1827 2214 2058 2271 prioribus.

534 2279 568 2306 ‘²⁷
607 2281 796 2323 Factum
837 2283 903 2321 est
939 2282 1109 2332 autem,
1148 2290 1248 2319 cum
1285 2276 1382 2319 haec
1420 2275 1611 2330 diceret,
1646 2273 1865 2317 extollens
1906 2288 2062 2317 vocem
2103 2272 2309 2330 quaedam

475 2340 633 2383 mulier
663 2339 717 2382 de
748 2337 897 2392 turba,
921 2335 1036 2379 dixit
1064 2335 1160 2378 illi:
1196 2337 1358 2378 Beatus
1386 2340 1539 2378 venter
1561 2333 1633 2390 qui
1664 2338 1708 2376 te
1738 2333 1952 2389 portavit,
1979 2338 2024 2376 et
2052 2332 2188 2376 ubera
2213 2346 2312 2388 quae

474 2399 647 2442 suxisti.
666 2397 702 2424 ‘28
721 2400 782 2441 At
800 2396 876 2439 ille
895 2395 1008 2438 dixit
1029 2412 1038 2439 ε
1058 2395 1312 2445 Quinimmo
1336 2393 1456 2438 beati
1480 2393 1552 2450 qui
1571 2392 1760 2435 audiunt
1779 2392 1964 2435 verbum
1983 2391 2079 2447 Dei,
2101 2396 2145 2435 et
2166 2396 2311 2435 custo-

475 2458 604 2502 diunt
628 2457 753 2500 illud.

534 2517 570 2543 99
588 2517 748 2560 Turbis
770 2522 919 2559 autem
941 2514 1318 2568 concurrentibus,
1342 2513 1476 2570 coepit
1499 2512 1644 2556 dicere
1663 2529 1671 2556 ε
1691 2512 1932 2556 Generatio
1950 2512 2061 2567 haec,
2084 2509 2312 2567 generatio

476 2591 667 2633 nequam
689 2581 779 2630 est3
805 2576 983 2632 signum
1009 2574 1181 2630 quaerit,
1203 2578 1245 2616 et
1270 2572 1447 2628 signum
1473 2586 1562 2615 non
1589 2571 1767 2614 dabitur
1788 2571 1841 2626 ei,
1871 2570 1956 2613 nisi
1982 2570 2159 2626 signum
2180 2570 2207 2612 J
2213 2583 2312 2613 011ae

475 2636 717 2693 prophetae.
745 2635 781 2661 3⁰
807 2636 923 2678 Nam
953 2634 1067 2677 sicut
1099 2633 1189 2675 fuit
1222 2633 1361 2675 Jonas
1395 2631 1574 2687 signum
1611 2630 1849 2685 Ninivitis3
1889 2630 1953 2673 ita
1982 2630 2065 2673 erit
2094 2634 2137 2672 et
2170 2628 2313 2672 Filius

475 2694 668 2738 hominis
690 2693 965 2751 generationi
991 2693 1079 2736 isti.
1104 2692 1137 2718 3¹
1161 2692 1332 2747 Regina
1355 2689 1509 2733 Austri
1538 2695 1690 2746 surget
1713 2689 1760 2732 in
1781 2688 1952 2745 judicio
1979 2703 2080 2732 cum
2105 2687 2211 2731 viris
2236 2701 2310 2743 ge-

475 2753 716 2799 nerationis
746 2753 899 2809 hujus,
931 2758 973 2796 et
1000 2750 1317 2795 condemnabit
1341 2749 1466 2804 illos3
1492 2749 1595 2805 quia
1621 2749 1744 2792 venit
1764 2763 1791 2791 a
1817 2748 1978 2791 finibus
2003 2753 2132 2791 terrae
2157 2745 2311 2789 audire

476 2813 743 2871 sapientiam
774 2811 1042 2866 Salomonis,
1067 2816 1109 2854 et
1138 2824 1240 2854 6666
1272 2810 1371 2866 plus
1398 2823 1530 2865 quam
1558 2807 1765 2853 Salomon
1791 2807 1876 2850 hic.
1908 2805 1945 2834 32
1966 2806 2065 2851 Viri
2094 2804 2309 2850 Ninivitae

476 2878 657 2930 surgent
688 2872 735 2915 in
764 2871 933 2928 judicio
960 2885 1060 2914 cum
1094 2869 1380 2926 generatione
1413 2869 1522 2923 hac,
1554 2873 1598 2911 et
1624 2867 1988 2911 condemnabunt
2021 2865 2175 2919 illam3
2209 2863 2309 2919 quia

477 2931 788 2989 poenitentiam
817 2934 1003 2987 egerunt
1027 2928 1084 2972 ad
1114 2929 1481 2986 praedicationem
1504 2928 1531 2970 J
1538 2941 1653 2983 onae,
1679 2931 1722 2969 et
1751 2940 1853 2969 6666
1883 2926 1981 2983 plus
2012 2938 2145 2980 quam
2171 2923 2312 2966 Jonas

476 2992 561 3034 hic.

537 3050 573 3077 33
595 3052 735 3094 Nemo
758 3050 985 3093 lucernam
1011 3048 1239 3103 accendit,
1262 3052 1306 3091 et
1329 3048 1375 3090 in
1401 3046 1664 3090 abscondito
1687 3046 1832 3103 ponit,
1856 3058 1996 3100 neque
2025 3041 2106 3085 sub
2135 3041 2308 3094 modio;

477 3110 554 3153 sed
585 3124 716 3166 supra
742 3109 1081 3163 candelabrum,
1116 3112 1164 3150 ut
1198 3107 1272 3162 qui
1305 3105 1617 3162 ingrediuntur
1649 3105 1799 3149 lumen
1825 3103 2020 3146 videant.
2047 3100 2084 3127 34
2109 3101 2312 3144 Lucerna

479 3169 671 3226 corporis
697 3168 760 3210 tui
786 3174 852 3211 est.
881 3168 1032 3211 oculus
1058 3173 1172 3210 tuus.
1207 3166 1251 3210 Si
1278 3166 1430 3209 oculus
1451 3170 1552 3208 tuus
1578 3164 1716 3208 fuerit
1748 3162 1958 3219 simplex,
1986 3165 2128 3203 totum
2155 3173 2313 3216 corpus

479 3233 603 3271 tuum
632 3227 830 3271 lucidum
864 3227 971 3282 erit3
1001 3227 1038 3269 si
1073 3232 1222 3269 autem
1257 3239 1448 3281 nequam
1477 3224 1635 3280 fuerit,
1671 3223 1806 3267 etiam
1840 3234 1996 3277 corpus
2031 3224 2156 3261 tuum
2190 3223 2310 3261 tene-

483 3285 655 3330 brosum
690 3287 784 3330 erit.
811 3286 848 3312 35
872 3286 985 3329 Vide
1015 3299 1117 3341 ergo
1149 3299 1201 3327 ne
1227 3285 1399 3340 lumen,
1423 3283 1539 3340 quod
1568 3283 1614 3326 in
1648 3288 1691 3325 te
1725 3286 1810 3336 est,
1845 3278 2040 3322 tenebrae
2075 3277 2176 3320 sint.
2204 3276 2241 3303 3⁶
2268 3276 2312 3321 Si

480 3473 508 3505 9]
527 3473 647 3501 Matth.
670 3474 755 3508 VII,
774 3476 787 3501 7
814 3476 848 3501 ct
874 3473 976 3507 XXI,
1002 3475 1046 3500 22.
1072 3472 1172 3499 Marc.
1191 3471 1260 3505 XI,
1277 3474 1321 3498 24.
1347 3471 1444 3499 Joan.
1470 3470 1561 3504 XIV,
1580 3471 1622 3496 13.
1649 3469 1719 3496 Jac.
1744 3468 1776 3502 Ι,
1802 3471 1827 3495 5.
1850 3481 1885 3486 -
1911 3466 1957 3499 11]
1984 3465 2105 3493 Matth.
2124 3464 2211 3498 VII,
2228 3466 2254 3491 9.
2277 3475 2310 3482 -

483 3517 529 3549 14]
548 3517 667 3545 Matth.
688 3518 747 3551 IX,
765 3520 800 3545 32
822 3520 856 3545 et
878 3517 958 3552 XII,
977 3519 1020 3544 22.
1036 3531 1070 3535 —
1086 3517 1131 3549 15]
1156 3516 1276 3543 Matth.
1298 3515 1356 3549 IX,
1373 3517 1418 3543 34.
1434 3515 1534 3541 Marc.
1556 3513 1620 3547 111,
1634 3515 1677 3540 22.
1695 3527 1729 3531 —
1747 3511 1794 3544 29]
1815 3511 1935 3538 Mattli.
1955 3510 2034 3543 XII,
2052 3512 2096 3537 39.
2115 3523 2150 3528 —
2166 3508 2215 3542 30]
2233 3507 2311 3535 Jcn.

482 3560 529 3637 gi]
548 3562 875 3632 &IJLssHVIIIIWRCg
898 3561 939 3596 X,
958 3563 982 3589 1.
1002 3561 1035 3588 11
1055 3560 1126 3588 Par.
1144 3560 1203 3595 IX,
1223 3563 1247 3587 1.
1271 3574 1307 3578 -
1331 3559 1378 3592 32]
1397 3558 1474 3585 δοκι.
1497 3557 1560 3591 ΙΙΙ,
1577 3559 1603 3584 5.
1628 3570 1663 3574 -
1687 3556 1734 3588 33]
1755 3554 1874 3582 Martii.
1898 3555 1935 3589 V,
1955 3557 1996 3583 15.
2019 3554 2119 3582 Marc.
2139 3552 2196 3588 IV,
2213 3553 2258 3580 21.
2275 3563 2311 3570 -

553 3624 564 3630 1
620 3624 621 3627 ,
668 3626 673 3632 ,
743 3626 749 3639 ,
767 3624 811 3634 „„
