<?xml version="1.0" encoding="UTF-8"?>
<!DOCTYPE html PUBLIC "-//W3C//DTD XHTML 1.0 Transitional//EN"
    "http://www.w3.org/TR/xhtml1/DTD/xhtml1-transitional.dtd">
<html xmlns="http://www.w3.org/1999/xhtml" xml:lang="en" lang="en">
 <head>
  <title>
</title>
<meta http-equiv="Content-Type" content="text/html;charset=utf-8" />
  <meta name='ocr-system' content='tesseract 3.04.00' />
  <meta name='ocr-capabilities' content='ocr_page ocr_carea ocr_par ocr_line ocrx_word'/>
</head>
<body>
  <div class='ocr_page' id='page_1' title='image "./bibliasacrajuxta00fill_0466.png"; bbox 0 0 2456 3861; ppageno 0'>
   <div class='ocr_carea' id='block_1_1' title="bbox 93 2136 310 2214">
    <p class='ocr_par' dir='ltr' id='par_1_1' title="bbox 93 2136 310 2214">
     <span class='ocr_line' id='line_1_1' title="bbox 144 2136 267 2164; baseline 0 0"><span class='ocrx_word' id='word_1_1' title='bbox 144 2136 267 2164; x_wconf 85' lang='lat' dir='ltr'>Esdras</span> 
     </span>
     <span class='ocr_line' id='line_1_2' title="bbox 93 2179 310 2214; baseline -0.005 -5"><span class='ocrx_word' id='word_1_2' title='bbox 93 2180 221 2214; x_wconf 74' lang='lat' dir='ltr'>gratias</span> <span class='ocrx_word' id='word_1_3' title='bbox 238 2179 310 2213; x_wconf 75' lang='lat' dir='ltr'>agit</span> 
     </span>
    </p>
   </div>
   <div class='ocr_carea' id='block_1_2' title="bbox 82 2225 325 2258">
    <p class='ocr_par' dir='ltr' id='par_1_2' title="bbox 82 2225 325 2258">
     <span class='ocr_line' id='line_1_3' title="bbox 82 2225 325 2258; baseline -0.012 -4"><span class='ocrx_word' id='word_1_4' title='bbox 82 2227 150 2254; x_wconf 86' lang='lat' dir='ltr'>Deo</span> <span class='ocrx_word' id='word_1_5' title='bbox 178 2233 238 2258; x_wconf 83' lang='lat' dir='ltr'>pro</span> <span class='ocrx_word' id='word_1_6' title='bbox 264 2225 325 2252; x_wconf 86' lang='lat' dir='ltr'>hu-</span> 
     </span>
    </p>
   </div>
   <div class='ocr_carea' id='block_1_3' title="bbox 113 2269 291 2343">
    <p class='ocr_par' dir='ltr' id='par_1_3' title="bbox 113 2269 291 2343">
     <span class='ocr_line' id='line_1_4' title="bbox 113 2269 291 2304; baseline -0.006 -6"><span class='ocrx_word' id='word_1_7' title='bbox 113 2269 171 2304; x_wconf 85' lang='lat' dir='ltr'>]&#39;us</span> <span class='ocrx_word' id='word_1_8' title='bbox 188 2269 291 2298; x_wconf 79' lang='lat' dir='ltr'>edicti</span> 
     </span>
     <span class='ocr_line' id='line_1_5' title="bbox 120 2313 290 2343; baseline 0 -1"><span class='ocrx_word' id='word_1_9' title='bbox 120 2313 290 2343; x_wconf 71' lang='lat' dir='ltr'>beneficio,</span> 
     </span>
    </p>
   </div>
   <div class='ocr_carea' id='block_1_4' title="bbox 106 2495 307 2612">
    <p class='ocr_par' dir='ltr' id='par_1_4' title="bbox 106 2495 307 2612">
     <span class='ocr_line' id='line_1_6' title="bbox 115 2495 296 2529; baseline 0 -6"><span class='ocrx_word' id='word_1_10' title='bbox 115 2495 296 2529; x_wconf 77' lang='lat' dir='ltr'>catalogus</span> 
     </span>
     <span class='ocr_line' id='line_1_7' title="bbox 125 2539 287 2567; baseline 0 0"><span class='ocrx_word' id='word_1_11' title='bbox 125 2539 287 2567; x_wconf 85' lang='lat' dir='ltr'>comitum</span> 
     </span>
     <span class='ocr_line' id='line_1_8' title="bbox 106 2585 307 2612; baseline 0.005 -1"><span class='ocrx_word' id='word_1_12' title='bbox 106 2591 182 2612; x_wconf 91' lang='lat' dir='ltr'>cum</span> <span class='ocrx_word' id='word_1_13' title='bbox 203 2585 307 2612; x_wconf 82' lang='lat' dir='ltr'>Esdra</span> 
     </span>
    </p>
   </div>
   <div class='ocr_carea' id='block_1_5' title="bbox 84 2628 323 2661">
    <p class='ocr_par' dir='ltr' id='par_1_5' title="bbox 84 2628 323 2661">
     <span class='ocr_line' id='line_1_9' title="bbox 84 2628 323 2661; baseline -0.004 -5"><span class='ocrx_word' id='word_1_14' title='bbox 84 2628 323 2661; x_wconf 75' lang='lat' dir='ltr'>profectorum.</span> 
     </span>
    </p>
   </div>
   <div class='ocr_carea' id='block_1_6' title="bbox 117 3441 306 3512">
    <p class='ocr_par' dir='ltr' id='par_1_6' title="bbox 117 3441 306 3512">
     <span class='ocr_line' id='line_1_10' title="bbox 117 3441 306 3472; baseline 0 -5"><span class='ocrx_word' id='word_1_15' title='bbox 117 3441 306 3472; x_wconf 76' lang='lat' dir='ltr'><strong>Apparatus</strong></span> 
     </span>
     <span class='ocr_line' id='line_1_11' title="bbox 141 3488 283 3512; baseline -0.007 0"><span class='ocrx_word' id='word_1_16' title='bbox 141 3488 283 3512; x_wconf 72' lang='lat' dir='ltr'>itineris.</span> 
     </span>
    </p>
   </div>
   <div class='ocr_carea' id='block_1_7' title="bbox 385 101 1674 156">
    <p class='ocr_par' dir='ltr' id='par_1_7' title="bbox 385 101 1674 156">
     <span class='ocr_line' id='line_1_12' title="bbox 385 101 1674 156; baseline -0.009 -3"><span class='ocrx_word' id='word_1_17' title='bbox 385 110 471 153; x_wconf 84' lang='lat'>450</span> <span class='ocrx_word' id='word_1_18' title='bbox 924 106 1062 147; x_wconf 72' lang='lat' dir='ltr'>Esnn.</span> <span class='ocrx_word' id='word_1_19' title='bbox 1097 102 1213 156; x_wconf 90' lang='lat' dir='ltr'>VII,</span> <span class='ocrx_word' id='word_1_20' title='bbox 1249 101 1303 144; x_wconf 83' lang='lat'>15</span> <span class='ocrx_word' id='word_1_21' title='bbox 1337 126 1396 132; x_wconf 83' lang='lat'>-</span> <span class='ocrx_word' id='word_1_22' title='bbox 1427 101 1570 155; x_wconf 86' lang='lat' dir='ltr'>VIII,</span> <span class='ocrx_word' id='word_1_23' title='bbox 1607 101 1674 143; x_wconf 82' lang='lat'>16.</span> 
     </span>
    </p>
   </div>
   <div class='ocr_carea' id='block_1_8' title="bbox 384 205 2220 224">
    <p class='ocr_par' dir='ltr' id='par_1_8' title="bbox 384 205 2220 224">
     <span class='ocr_line' id='line_1_13' title="bbox 384 205 2220 224; baseline 0 3637"><span class='ocrx_word' id='word_1_24' title='bbox 384 205 2220 224; x_wconf 95' lang='lat' dir='ltr'> </span> 
     </span>
    </p>
   </div>
   <div class='ocr_carea' id='block_1_9' title="bbox 383 269 2228 3654">
    <p class='ocr_par' dir='ltr' id='par_1_9' title="bbox 383 269 2220 972">
     <span class='ocr_line' id='line_1_14' title="bbox 385 269 2217 336; baseline -0.005 -14"><span class='ocrx_word' id='word_1_25' title='bbox 385 281 480 336; x_wconf 84' lang='lat' dir='ltr'>ejus</span> <span class='ocrx_word' id='word_1_26' title='bbox 504 278 662 321; x_wconf 89' lang='lat' dir='ltr'>missus</span> <span class='ocrx_word' id='word_1_27' title='bbox 687 290 752 331; x_wconf 91' lang='lat' dir='ltr'>es,</span> <span class='ocrx_word' id='word_1_28' title='bbox 780 280 829 318; x_wconf 92' lang='lat' dir='ltr'>ut</span> <span class='ocrx_word' id='word_1_29' title='bbox 853 274 1006 317; x_wconf 77' lang='lat' dir='ltr'>visites</span> <span class='ocrx_word' id='word_1_30' title='bbox 1031 274 1059 316; x_wconf 92' lang='lat' dir='ltr'>J</span> <span class='ocrx_word' id='word_1_31' title='bbox 1065 273 1242 315; x_wconf 84' lang='lat' dir='ltr'>udaeam</span> <span class='ocrx_word' id='word_1_32' title='bbox 1270 277 1314 315; x_wconf 87' lang='lat' dir='ltr'>et</span> <span class='ocrx_word' id='word_1_33' title='bbox 1341 272 1592 316; x_wconf 78' lang='lat' dir='ltr'>Jerusalem</span> <span class='ocrx_word' id='word_1_34' title='bbox 1616 271 1662 313; x_wconf 88' lang='lat' dir='ltr'>in</span> <span class='ocrx_word' id='word_1_35' title='bbox 1690 271 1789 325; x_wconf 86' lang='lat' dir='ltr'>lege</span> <span class='ocrx_word' id='word_1_36' title='bbox 1812 269 1895 313; x_wconf 87' lang='lat' dir='ltr'>Dei</span> <span class='ocrx_word' id='word_1_37' title='bbox 1917 269 2004 325; x_wconf 88' lang='lat' dir='ltr'>tui,</span> <span class='ocrx_word' id='word_1_38' title='bbox 2030 284 2129 326; x_wconf 87' lang='lat' dir='ltr'>quae</span> <span class='ocrx_word' id='word_1_39' title='bbox 2149 273 2217 313; x_wconf 89' lang='lat' dir='ltr'>est</span> 
     </span>
     <span class='ocr_line' id='line_1_15' title="bbox 385 328 2216 388; baseline -0.004 -8"><span class='ocrx_word' id='word_1_40' title='bbox 385 340 429 381; x_wconf 85' lang='lat' dir='ltr'>in</span> <span class='ocrx_word' id='word_1_41' title='bbox 455 350 588 379; x_wconf 88' lang='lat' dir='ltr'>manu</span> <span class='ocrx_word' id='word_1_42' title='bbox 609 341 714 388; x_wconf 82' lang='lat' dir='ltr'>tua3</span> <span class='ocrx_word' id='word_1_43' title='bbox 744 334 779 361; x_wconf 78' lang='lat'>¹5</span> <span class='ocrx_word' id='word_1_44' title='bbox 797 339 840 378; x_wconf 90' lang='lat' dir='ltr'>et</span> <span class='ocrx_word' id='word_1_45' title='bbox 865 339 914 376; x_wconf 87' lang='lat' dir='ltr'>ut</span> <span class='ocrx_word' id='word_1_46' title='bbox 938 333 1057 376; x_wconf 74' lang='lat' dir='ltr'>feras</span> <span class='ocrx_word' id='word_1_47' title='bbox 1083 336 1317 388; x_wconf 87' lang='lat' dir='ltr'>argentum</span> <span class='ocrx_word' id='word_1_48' title='bbox 1342 336 1386 374; x_wconf 94' lang='lat' dir='ltr'>et</span> <span class='ocrx_word' id='word_1_49' title='bbox 1409 345 1567 373; x_wconf 88' lang='lat' dir='ltr'>aurum</span> <span class='ocrx_word' id='word_1_50' title='bbox 1592 329 1708 385; x_wconf 88' lang='lat' dir='ltr'>quod</span> <span class='ocrx_word' id='word_1_51' title='bbox 1733 343 1810 372; x_wconf 80' lang='lat' dir='ltr'>rex</span> <span class='ocrx_word' id='word_1_52' title='bbox 1840 333 1884 372; x_wconf 89' lang='lat' dir='ltr'>et</span> <span class='ocrx_word' id='word_1_53' title='bbox 1912 328 2216 372; x_wconf 82' lang='lat' dir='ltr'>consiliatores</span> 
     </span>
     <span class='ocr_line' id='line_1_16' title="bbox 385 387 2215 460; baseline -0.005 -20"><span class='ocrx_word' id='word_1_54' title='bbox 385 398 480 452; x_wconf 82' lang='lat' dir='ltr'>ejus</span> <span class='ocrx_word' id='word_1_55' title='bbox 504 400 662 452; x_wconf 85' lang='lat' dir='ltr'>sponte</span> <span class='ocrx_word' id='word_1_56' title='bbox 687 393 943 437; x_wconf 87' lang='lat' dir='ltr'>obtulerunt</span> <span class='ocrx_word' id='word_1_57' title='bbox 967 393 1061 434; x_wconf 89' lang='lat' dir='ltr'>Deo</span> <span class='ocrx_word' id='word_1_58' title='bbox 1087 389 1247 446; x_wconf 89' lang='lat' dir='ltr'>Israel,</span> <span class='ocrx_word' id='word_1_59' title='bbox 1275 389 1403 446; x_wconf 84' lang='lat' dir='ltr'>cujus</span> <span class='ocrx_word' id='word_1_60' title='bbox 1428 388 1750 460; x_wconf 47' lang='lat' dir='ltr'>ingerusalem</span> <span class='ocrx_word' id='word_1_61' title='bbox 1775 387 2114 431; x_wconf 84' lang='lat' dir='ltr'>tabernaculum</span> <span class='ocrx_word' id='word_1_62' title='bbox 2134 392 2215 431; x_wconf 88' lang='lat' dir='ltr'>est.</span> 
     </span>
     <span class='ocr_line' id='line_1_17' title="bbox 387 446 2218 508; baseline -0.005 -10"><span class='ocrx_word' id='word_1_63' title='bbox 387 456 420 482; x_wconf 73' lang='lat' dir='ltr'>¹ss</span> <span class='ocrx_word' id='word_1_64' title='bbox 439 456 496 498; x_wconf 86' lang='lat' dir='ltr'>Et</span> <span class='ocrx_word' id='word_1_65' title='bbox 527 468 657 497; x_wconf 86' lang='lat' dir='ltr'>omne</span> <span class='ocrx_word' id='word_1_66' title='bbox 689 457 923 508; x_wconf 88' lang='lat' dir='ltr'>argentum</span> <span class='ocrx_word' id='word_1_67' title='bbox 955 456 999 495; x_wconf 88' lang='lat' dir='ltr'>et</span> <span class='ocrx_word' id='word_1_68' title='bbox 1029 464 1188 493; x_wconf 88' lang='lat' dir='ltr'>aurum</span> <span class='ocrx_word' id='word_1_69' title='bbox 1220 449 1528 505; x_wconf 86' lang='lat' dir='ltr'>quodcumque</span> <span class='ocrx_word' id='word_1_70' title='bbox 1559 446 1780 491; x_wconf 74' lang='lat' dir='ltr'>inveneris</span> <span class='ocrx_word' id='word_1_71' title='bbox 1809 446 1856 489; x_wconf 90' lang='lat' dir='ltr'>in</span> <span class='ocrx_word' id='word_1_72' title='bbox 1889 446 2096 489; x_wconf 88' lang='lat' dir='ltr'>universa</span> <span class='ocrx_word' id='word_1_73' title='bbox 2119 460 2218 503; x_wconf 89' lang='lat' dir='ltr'>pro-</span> 
     </span>
     <span class='ocr_line' id='line_1_18' title="bbox 383 505 2218 569; baseline -0.004 -12"><span class='ocrx_word' id='word_1_74' title='bbox 383 514 531 557; x_wconf 75' lang='lat' dir='ltr'>vincia</span> <span class='ocrx_word' id='word_1_75' title='bbox 565 512 828 569; x_wconf 83' lang='lat' dir='ltr'>Babylonis,</span> <span class='ocrx_word' id='word_1_76' title='bbox 865 516 909 554; x_wconf 90' lang='lat' dir='ltr'>et</span> <span class='ocrx_word' id='word_1_77' title='bbox 945 509 1133 567; x_wconf 88' lang='lat' dir='ltr'>populus</span> <span class='ocrx_word' id='word_1_78' title='bbox 1169 508 1329 552; x_wconf 81' lang='lat' dir='ltr'>offerre</span> <span class='ocrx_word' id='word_1_79' title='bbox 1367 508 1576 563; x_wconf 84' lang='lat' dir='ltr'>voluerit,</span> <span class='ocrx_word' id='word_1_80' title='bbox 1610 511 1654 550; x_wconf 87' lang='lat' dir='ltr'>et</span> <span class='ocrx_word' id='word_1_81' title='bbox 1691 506 1745 550; x_wconf 89' lang='lat' dir='ltr'>de</span> <span class='ocrx_word' id='word_1_82' title='bbox 1777 505 2082 549; x_wconf 87' lang='lat' dir='ltr'>sacerdotibus</span> <span class='ocrx_word' id='word_1_83' title='bbox 2119 519 2218 560; x_wconf 86' lang='lat' dir='ltr'>quae</span> 
     </span>
     <span class='ocr_line' id='line_1_19' title="bbox 384 563 2218 631; baseline -0.006 -14"><span class='ocrx_word' id='word_1_84' title='bbox 384 578 540 631; x_wconf 89' lang='lat' dir='ltr'>sponte</span> <span class='ocrx_word' id='word_1_85' title='bbox 566 571 807 616; x_wconf 82' lang='lat' dir='ltr'>obtulerint</span> <span class='ocrx_word' id='word_1_86' title='bbox 833 570 982 614; x_wconf 87' lang='lat' dir='ltr'>domui</span> <span class='ocrx_word' id='word_1_87' title='bbox 1005 569 1088 613; x_wconf 89' lang='lat' dir='ltr'>Dei</span> <span class='ocrx_word' id='word_1_88' title='bbox 1118 568 1206 624; x_wconf 88' lang='lat' dir='ltr'>sui,</span> <span class='ocrx_word' id='word_1_89' title='bbox 1234 582 1332 624; x_wconf 85' lang='lat' dir='ltr'>quae</span> <span class='ocrx_word' id='word_1_90' title='bbox 1363 572 1429 611; x_wconf 88' lang='lat' dir='ltr'>est</span> <span class='ocrx_word' id='word_1_91' title='bbox 1456 567 1502 610; x_wconf 89' lang='lat' dir='ltr'>in</span> <span class='ocrx_word' id='word_1_92' title='bbox 1529 565 1800 620; x_wconf 81' lang='lat' dir='ltr'>Jerusalem,</span> <span class='ocrx_word' id='word_1_93' title='bbox 1828 564 1861 591; x_wconf 75' lang='lat'>¹7</span> <span class='ocrx_word' id='word_1_94' title='bbox 1881 564 2019 607; x_wconf 86' lang='lat' dir='ltr'>libere</span> <span class='ocrx_word' id='word_1_95' title='bbox 2043 563 2218 620; x_wconf 80' lang='lat' dir='ltr'>accipe,</span> 
     </span>
     <span class='ocr_line' id='line_1_20' title="bbox 389 623 2220 686; baseline -0.005 -11"><span class='ocrx_word' id='word_1_96' title='bbox 389 639 428 677; x_wconf 88' lang='lat' dir='ltr'>et</span> <span class='ocrx_word' id='word_1_97' title='bbox 455 631 652 675; x_wconf 81' lang='lat' dir='ltr'>studiose</span> <span class='ocrx_word' id='word_1_98' title='bbox 685 644 781 673; x_wconf 87' lang='lat' dir='ltr'>eme</span> <span class='ocrx_word' id='word_1_99' title='bbox 814 629 868 673; x_wconf 91' lang='lat' dir='ltr'>de</span> <span class='ocrx_word' id='word_1_100' title='bbox 896 629 980 672; x_wconf 88' lang='lat' dir='ltr'>hac</span> <span class='ocrx_word' id='word_1_101' title='bbox 1009 628 1197 686; x_wconf 86' lang='lat' dir='ltr'>pecunia</span> <span class='ocrx_word' id='word_1_102' title='bbox 1230 627 1413 683; x_wconf 80' lang='lat' dir='ltr'>vitulos,</span> <span class='ocrx_word' id='word_1_103' title='bbox 1445 626 1623 681; x_wconf 83' lang='lat' dir='ltr'>arietes,</span> <span class='ocrx_word' id='word_1_104' title='bbox 1650 638 1811 680; x_wconf 88' lang='lat' dir='ltr'>agnos,</span> <span class='ocrx_word' id='word_1_105' title='bbox 1845 629 1889 667; x_wconf 90' lang='lat' dir='ltr'>et</span> <span class='ocrx_word' id='word_1_106' title='bbox 1925 623 2143 666; x_wconf 85' lang='lat' dir='ltr'>sacrificia</span> <span class='ocrx_word' id='word_1_107' title='bbox 2177 628 2220 666; x_wconf 90' lang='lat' dir='ltr'>et</span> 
     </span>
     <span class='ocr_line' id='line_1_21' title="bbox 385 681 2220 745; baseline -0.005 -11"><span class='ocrx_word' id='word_1_108' title='bbox 385 691 599 734; x_wconf 88' lang='lat' dir='ltr'>libamina</span> <span class='ocrx_word' id='word_1_109' title='bbox 628 704 798 745; x_wconf 89' lang='lat' dir='ltr'>eorum,</span> <span class='ocrx_word' id='word_1_110' title='bbox 830 693 873 732; x_wconf 90' lang='lat' dir='ltr'>et</span> <span class='ocrx_word' id='word_1_111' title='bbox 901 689 1011 732; x_wconf 82' lang='lat' dir='ltr'>offer</span> <span class='ocrx_word' id='word_1_112' title='bbox 1044 702 1094 732; x_wconf 90' lang='lat' dir='ltr'>ea</span> <span class='ocrx_word' id='word_1_113' title='bbox 1127 701 1257 744; x_wconf 89' lang='lat' dir='ltr'>super</span> <span class='ocrx_word' id='word_1_114' title='bbox 1288 687 1427 729; x_wconf 87' lang='lat' dir='ltr'>altare</span> <span class='ocrx_word' id='word_1_115' title='bbox 1456 686 1610 742; x_wconf 84' lang='lat' dir='ltr'>templi</span> <span class='ocrx_word' id='word_1_116' title='bbox 1638 684 1724 741; x_wconf 20' lang='lat' dir='ltr'>*Dei</span> <span class='ocrx_word' id='word_1_117' title='bbox 1758 683 1892 727; x_wconf 80' lang='lat' dir='ltr'>vestri</span> <span class='ocrx_word' id='word_1_118' title='bbox 1927 682 2043 739; x_wconf 89' lang='lat' dir='ltr'>quod</span> <span class='ocrx_word' id='word_1_119' title='bbox 2076 687 2142 726; x_wconf 91' lang='lat' dir='ltr'>est</span> <span class='ocrx_word' id='word_1_120' title='bbox 2173 681 2220 725; x_wconf 89' lang='lat' dir='ltr'>in</span> 
     </span>
     <span class='ocr_line' id='line_1_22' title="bbox 384 741 2219 804; baseline -0.006 -10"><span class='ocrx_word' id='word_1_121' title='bbox 384 750 646 803; x_wconf 77' lang='lat' dir='ltr'>Jerusalem.</span> <span class='ocrx_word' id='word_1_122' title='bbox 682 748 716 775; x_wconf 75' lang='lat'>¹⁸</span> <span class='ocrx_word' id='word_1_123' title='bbox 743 748 828 792; x_wconf 80' lang='lat' dir='ltr'>Sed</span> <span class='ocrx_word' id='word_1_124' title='bbox 861 754 904 791; x_wconf 90' lang='lat' dir='ltr'>et</span> <span class='ocrx_word' id='word_1_125' title='bbox 937 748 974 792; x_wconf 90' lang='lat' dir='ltr'>si</span> <span class='ocrx_word' id='word_1_126' title='bbox 1007 747 1111 804; x_wconf 90' lang='lat' dir='ltr'>quid</span> <span class='ocrx_word' id='word_1_127' title='bbox 1144 747 1227 790; x_wconf 85' lang='lat' dir='ltr'>tibi</span> <span class='ocrx_word' id='word_1_128' title='bbox 1261 751 1304 790; x_wconf 92' lang='lat' dir='ltr'>et</span> <span class='ocrx_word' id='word_1_129' title='bbox 1328 745 1543 788; x_wconf 68' lang='lat' dir='ltr'>fratribus</span> <span class='ocrx_word' id='word_1_130' title='bbox 1573 745 1660 787; x_wconf 90' lang='lat' dir='ltr'>tuis</span> <span class='ocrx_word' id='word_1_131' title='bbox 1693 742 1930 801; x_wconf 79' lang='lat' dir='ltr'>placuerit,</span> <span class='ocrx_word' id='word_1_132' title='bbox 1965 742 2019 785; x_wconf 89' lang='lat' dir='ltr'>de</span> <span class='ocrx_word' id='word_1_133' title='bbox 2051 741 2219 797; x_wconf 89' lang='lat' dir='ltr'>reliquo</span> 
     </span>
     <span class='ocr_line' id='line_1_23' title="bbox 384 800 2215 866; baseline -0.005 -13"><span class='ocrx_word' id='word_1_134' title='bbox 384 814 567 866; x_wconf 87' lang='lat' dir='ltr'>argento</span> <span class='ocrx_word' id='word_1_135' title='bbox 593 814 636 852; x_wconf 87' lang='lat' dir='ltr'>et</span> <span class='ocrx_word' id='word_1_136' title='bbox 665 823 792 864; x_wconf 84' lang='lat' dir='ltr'>auro,</span> <span class='ocrx_word' id='word_1_137' title='bbox 822 812 872 850; x_wconf 87' lang='lat' dir='ltr'>ut</span> <span class='ocrx_word' id='word_1_138' title='bbox 895 807 1098 862; x_wconf 79' lang='lat' dir='ltr'>faciatis,</span> <span class='ocrx_word' id='word_1_139' title='bbox 1128 806 1257 862; x_wconf 73' lang='lat' dir='ltr'>juxta</span> <span class='ocrx_word' id='word_1_140' title='bbox 1282 805 1559 848; x_wconf 74' lang='lat' dir='ltr'>voluntatem</span> <span class='ocrx_word' id='word_1_141' title='bbox 1594 803 1676 847; x_wconf 93' lang='lat' dir='ltr'>Dei</span> <span class='ocrx_word' id='word_1_142' title='bbox 1703 803 1837 846; x_wconf 75' lang='lat' dir='ltr'>vestri</span> <span class='ocrx_word' id='word_1_143' title='bbox 1867 801 2021 845; x_wconf 77' lang='lat' dir='ltr'>facite.</span> <span class='ocrx_word' id='word_1_144' title='bbox 2046 800 2081 826; x_wconf 83' lang='lat'>19</span> <span class='ocrx_word' id='word_1_145' title='bbox 2099 800 2215 844; x_wconf 81' lang='lat' dir='ltr'>Vasa</span> 
     </span>
     <span class='ocr_line' id='line_1_24' title="bbox 385 860 2220 925; baseline -0.005 -13"><span class='ocrx_word' id='word_1_146' title='bbox 385 883 557 925; x_wconf 88' lang='lat' dir='ltr'>quoque</span> <span class='ocrx_word' id='word_1_147' title='bbox 583 883 679 925; x_wconf 84' lang='lat' dir='ltr'>quae</span> <span class='ocrx_word' id='word_1_148' title='bbox 706 868 868 911; x_wconf 87' lang='lat' dir='ltr'>dantur</span> <span class='ocrx_word' id='word_1_149' title='bbox 885 868 967 910; x_wconf 88' lang='lat' dir='ltr'>tibi</span> <span class='ocrx_word' id='word_1_150' title='bbox 992 867 1038 909; x_wconf 90' lang='lat' dir='ltr'>in</span> <span class='ocrx_word' id='word_1_151' title='bbox 1063 864 1358 908; x_wconf 85' lang='lat' dir='ltr'>ministerium</span> <span class='ocrx_word' id='word_1_152' title='bbox 1381 862 1536 906; x_wconf 88' lang='lat' dir='ltr'>domus</span> <span class='ocrx_word' id='word_1_153' title='bbox 1560 863 1644 907; x_wconf 89' lang='lat' dir='ltr'>Dei</span> <span class='ocrx_word' id='word_1_154' title='bbox 1662 862 1740 919; x_wconf 88' lang='lat' dir='ltr'>tui,</span> <span class='ocrx_word' id='word_1_155' title='bbox 1761 861 1886 905; x_wconf 86' lang='lat' dir='ltr'>trade</span> <span class='ocrx_word' id='word_1_156' title='bbox 1906 860 1954 903; x_wconf 87' lang='lat' dir='ltr'>in</span> <span class='ocrx_word' id='word_1_157' title='bbox 1980 864 2220 917; x_wconf 88' lang='lat' dir='ltr'>conspectu</span> 
     </span>
     <span class='ocr_line' id='line_1_25' title="bbox 385 927 824 972; baseline -0.005 -1"><span class='ocrx_word' id='word_1_158' title='bbox 385 929 468 972; x_wconf 90' lang='lat' dir='ltr'>Dei</span> <span class='ocrx_word' id='word_1_159' title='bbox 489 928 536 971; x_wconf 89' lang='lat' dir='ltr'>in</span> <span class='ocrx_word' id='word_1_160' title='bbox 562 928 589 971; x_wconf 86' lang='lat' dir='ltr'>J</span> <span class='ocrx_word' id='word_1_161' title='bbox 594 927 824 971; x_wconf 88' lang='lat' dir='ltr'>erusalern.</span> 
     </span>
    </p>

    <p class='ocr_par' dir='ltr' id='par_1_10' title="bbox 383 981 2228 1757">
     <span class='ocr_line' id='line_1_26' title="bbox 444 981 2221 1042; baseline -0.004 -11"><span class='ocrx_word' id='word_1_162' title='bbox 444 987 481 1014; x_wconf 72' lang='lat'>‘20</span> <span class='ocrx_word' id='word_1_163' title='bbox 499 987 584 1031; x_wconf 84' lang='lat' dir='ltr'>Sed</span> <span class='ocrx_word' id='word_1_164' title='bbox 607 992 651 1031; x_wconf 88' lang='lat' dir='ltr'>et</span> <span class='ocrx_word' id='word_1_165' title='bbox 673 992 817 1030; x_wconf 86' lang='lat' dir='ltr'>cetera</span> <span class='ocrx_word' id='word_1_166' title='bbox 843 984 1000 1042; x_wconf 86' lang='lat' dir='ltr'>quibus</span> <span class='ocrx_word' id='word_1_167' title='bbox 1024 999 1132 1041; x_wconf 90' lang='lat' dir='ltr'>opus</span> <span class='ocrx_word' id='word_1_168' title='bbox 1156 983 1294 1027; x_wconf 79' lang='lat' dir='ltr'>fuerit</span> <span class='ocrx_word' id='word_1_169' title='bbox 1317 983 1363 1025; x_wconf 88' lang='lat' dir='ltr'>in</span> <span class='ocrx_word' id='word_1_170' title='bbox 1387 983 1568 1026; x_wconf 89' lang='lat' dir='ltr'>domum</span> <span class='ocrx_word' id='word_1_171' title='bbox 1594 981 1676 1025; x_wconf 90' lang='lat' dir='ltr'>Dei</span> <span class='ocrx_word' id='word_1_172' title='bbox 1699 982 1784 1038; x_wconf 91' lang='lat' dir='ltr'>tui,</span> <span class='ocrx_word' id='word_1_173' title='bbox 1812 986 2221 1038; x_wconf 85' lang='lat' dir='ltr'>quantumcumque</span> 
     </span>
     <span class='ocr_line' id='line_1_27' title="bbox 386 1040 2228 1103; baseline -0.003 -12"><span class='ocrx_word' id='word_1_174' title='bbox 386 1061 568 1091; x_wconf 86' lang='lat' dir='ltr'>necesse</span> <span class='ocrx_word' id='word_1_175' title='bbox 594 1052 660 1090; x_wconf 82' lang='lat' dir='ltr'>est</span> <span class='ocrx_word' id='word_1_176' title='bbox 684 1052 733 1089; x_wconf 91' lang='lat' dir='ltr'>ut</span> <span class='ocrx_word' id='word_1_177' title='bbox 755 1045 1002 1103; x_wconf 78' lang='lat' dir='ltr'>expendas,</span> <span class='ocrx_word' id='word_1_178' title='bbox 1023 1044 1202 1087; x_wconf 84' lang='lat' dir='ltr'>dabitur</span> <span class='ocrx_word' id='word_1_179' title='bbox 1225 1044 1278 1087; x_wconf 89' lang='lat' dir='ltr'>de</span> <span class='ocrx_word' id='word_1_180' title='bbox 1301 1044 1527 1099; x_wconf 82' lang='lat' dir='ltr'>thesauro,</span> <span class='ocrx_word' id='word_1_181' title='bbox 1548 1047 1592 1086; x_wconf 89' lang='lat' dir='ltr'>et</span> <span class='ocrx_word' id='word_1_182' title='bbox 1617 1042 1671 1086; x_wconf 90' lang='lat' dir='ltr'>de</span> <span class='ocrx_word' id='word_1_183' title='bbox 1696 1043 1801 1085; x_wconf 91' lang='lat' dir='ltr'>fisco</span> <span class='ocrx_word' id='word_1_184' title='bbox 1824 1042 1961 1098; x_wconf 86' lang='lat' dir='ltr'>regis,</span> <span class='ocrx_word' id='word_1_185' title='bbox 1980 1040 2013 1067; x_wconf 65' lang='lat'>2¹</span> <span class='ocrx_word' id='word_1_186' title='bbox 2030 1046 2074 1085; x_wconf 89' lang='lat' dir='ltr'>et</span> <span class='ocrx_word' id='word_1_187' title='bbox 2094 1055 2121 1084; x_wconf 91' lang='lat' dir='ltr'>a</span> <span class='ocrx_word' id='word_1_188' title='bbox 2142 1054 2228 1085; x_wconf 90' lang='lat' dir='ltr'>me.</span> 
     </span>
     <span class='ocr_line' id='line_1_28' title="bbox 386 1102 2218 1165; baseline -0.004 -13"><span class='ocrx_word' id='word_1_189' title='bbox 386 1111 480 1165; x_wconf 88' lang='lat' dir='ltr'>Ego</span> <span class='ocrx_word' id='word_1_190' title='bbox 512 1110 784 1151; x_wconf 69' lang='lat' dir='ltr'>Artaxerxes</span> <span class='ocrx_word' id='word_1_191' title='bbox 816 1121 912 1161; x_wconf 69' lang='lat' dir='ltr'>1·ex,</span> <span class='ocrx_word' id='word_1_192' title='bbox 943 1105 1079 1148; x_wconf 82' lang='lat' dir='ltr'>statui</span> <span class='ocrx_word' id='word_1_193' title='bbox 1109 1110 1241 1160; x_wconf 88' lang='lat' dir='ltr'>atque</span> <span class='ocrx_word' id='word_1_194' title='bbox 1267 1104 1442 1147; x_wconf 78' lang='lat' dir='ltr'>decrevi</span> <span class='ocrx_word' id='word_1_195' title='bbox 1468 1103 1673 1147; x_wconf 90' lang='lat' dir='ltr'>omnibus</span> <span class='ocrx_word' id='word_1_196' title='bbox 1700 1102 1957 1146; x_wconf 85' lang='lat' dir='ltr'>custodibus</span> <span class='ocrx_word' id='word_1_197' title='bbox 1987 1117 2105 1145; x_wconf 82' lang='lat' dir='ltr'>arcae</span> <span class='ocrx_word' id='word_1_198' title='bbox 2138 1116 2218 1159; x_wconf 86' lang='lat' dir='ltr'>pu-</span> 
     </span>
     <span class='ocr_line' id='line_1_29' title="bbox 383 1161 2215 1223; baseline -0.004 -12"><span class='ocrx_word' id='word_1_199' title='bbox 383 1169 514 1211; x_wconf 91' lang='lat' dir='ltr'>blicae</span> <span class='ocrx_word' id='word_1_200' title='bbox 548 1167 623 1223; x_wconf 89' lang='lat' dir='ltr'>qui</span> <span class='ocrx_word' id='word_1_201' title='bbox 659 1172 762 1209; x_wconf 89' lang='lat' dir='ltr'>sunt</span> <span class='ocrx_word' id='word_1_202' title='bbox 794 1172 915 1209; x_wconf 87' lang='lat' dir='ltr'>trans</span> <span class='ocrx_word' id='word_1_203' title='bbox 947 1164 1132 1219; x_wconf 86' lang='lat' dir='ltr'>flumen,</span> <span class='ocrx_word' id='word_1_204' title='bbox 1171 1169 1220 1206; x_wconf 89' lang='lat' dir='ltr'>ut</span> <span class='ocrx_word' id='word_1_205' title='bbox 1256 1163 1564 1219; x_wconf 89' lang='lat' dir='ltr'>quodcumque</span> <span class='ocrx_word' id='word_1_206' title='bbox 1600 1162 1777 1219; x_wconf 88' lang='lat' dir='ltr'>petierit</span> <span class='ocrx_word' id='word_1_207' title='bbox 1813 1177 1840 1205; x_wconf 88' lang='lat' dir='ltr'>a</span> <span class='ocrx_word' id='word_1_208' title='bbox 1871 1161 1997 1205; x_wconf 82' lang='lat' dir='ltr'>vobis</span> <span class='ocrx_word' id='word_1_209' title='bbox 2033 1161 2215 1214; x_wconf 86' lang='lat' dir='ltr'>Esdras,</span> 
     </span>
     <span class='ocr_line' id='line_1_30' title="bbox 384 1220 2220 1282; baseline -0.004 -12"><span class='ocrx_word' id='word_1_210' title='bbox 384 1227 609 1282; x_wconf 76' lang='lat' dir='ltr'>sacerdos,</span> <span class='ocrx_word' id='word_1_211' title='bbox 643 1225 789 1269; x_wconf 89' lang='lat' dir='ltr'>scriba</span> <span class='ocrx_word' id='word_1_212' title='bbox 821 1223 933 1280; x_wconf 86' lang='lat' dir='ltr'>legis</span> <span class='ocrx_word' id='word_1_213' title='bbox 967 1223 1050 1266; x_wconf 92' lang='lat' dir='ltr'>Dei</span> <span class='ocrx_word' id='word_1_214' title='bbox 1086 1222 1205 1279; x_wconf 78' lang='lat' dir='ltr'>oaeli,</span> <span class='ocrx_word' id='word_1_215' title='bbox 1238 1223 1405 1279; x_wconf 79' lang='lat' dir='ltr'>absque</span> <span class='ocrx_word' id='word_1_216' title='bbox 1435 1237 1557 1265; x_wconf 87' lang='lat' dir='ltr'>mora</span> <span class='ocrx_word' id='word_1_217' title='bbox 1583 1221 1716 1277; x_wconf 83' lang='lat' dir='ltr'>detis,</span> <span class='ocrx_word' id='word_1_218' title='bbox 1747 1220 1784 1247; x_wconf 62' lang='lat'>‘2⁸2</span> <span class='ocrx_word' id='word_1_219' title='bbox 1801 1235 1938 1277; x_wconf 83' lang='lat' dir='ltr'>usque</span> <span class='ocrx_word' id='word_1_220' title='bbox 1963 1220 2020 1264; x_wconf 88' lang='lat' dir='ltr'>ad</span> <span class='ocrx_word' id='word_1_221' title='bbox 2045 1221 2220 1276; x_wconf 79' lang='lat' dir='ltr'>argenti</span> 
     </span>
     <span class='ocr_line' id='line_1_31' title="bbox 384 1279 2220 1340; baseline -0.004 -11"><span class='ocrx_word' id='word_1_222' title='bbox 384 1286 552 1329; x_wconf 87' lang='lat' dir='ltr'>talenta</span> <span class='ocrx_word' id='word_1_223' title='bbox 586 1290 784 1340; x_wconf 87' lang='lat' dir='ltr'>centum,</span> <span class='ocrx_word' id='word_1_224' title='bbox 819 1289 863 1327; x_wconf 87' lang='lat' dir='ltr'>et</span> <span class='ocrx_word' id='word_1_225' title='bbox 895 1297 1032 1339; x_wconf 88' lang='lat' dir='ltr'>usque</span> <span class='ocrx_word' id='word_1_226' title='bbox 1064 1283 1120 1325; x_wconf 89' lang='lat' dir='ltr'>ad</span> <span class='ocrx_word' id='word_1_227' title='bbox 1152 1282 1368 1325; x_wconf 77' lang='lat' dir='ltr'>frumenti</span> <span class='ocrx_word' id='word_1_228' title='bbox 1402 1296 1524 1325; x_wconf 91' lang='lat' dir='ltr'>coros</span> <span class='ocrx_word' id='word_1_229' title='bbox 1558 1286 1756 1337; x_wconf 88' lang='lat' dir='ltr'>centum,</span> <span class='ocrx_word' id='word_1_230' title='bbox 1788 1287 1831 1325; x_wconf 92' lang='lat' dir='ltr'>et</span> <span class='ocrx_word' id='word_1_231' title='bbox 1863 1295 2001 1336; x_wconf 81' lang='lat' dir='ltr'>usque</span> <span class='ocrx_word' id='word_1_232' title='bbox 2037 1279 2093 1323; x_wconf 88' lang='lat' dir='ltr'>ad</span> <span class='ocrx_word' id='word_1_233' title='bbox 2126 1279 2220 1322; x_wconf 86' lang='lat' dir='ltr'>vini</span> 
     </span>
     <span class='ocr_line' id='line_1_32' title="bbox 384 1340 2218 1399; baseline -0.003 -11"><span class='ocrx_word' id='word_1_234' title='bbox 384 1346 509 1388; x_wconf 87' lang='lat' dir='ltr'>batos</span> <span class='ocrx_word' id='word_1_235' title='bbox 537 1349 736 1399; x_wconf 83' lang='lat' dir='ltr'>centurn,</span> <span class='ocrx_word' id='word_1_236' title='bbox 763 1351 805 1387; x_wconf 89' lang='lat' dir='ltr'>et</span> <span class='ocrx_word' id='word_1_237' title='bbox 834 1357 972 1399; x_wconf 75' lang='lat' dir='ltr'>usque</span> <span class='ocrx_word' id='word_1_238' title='bbox 1004 1342 1061 1385; x_wconf 89' lang='lat' dir='ltr'>ad</span> <span class='ocrx_word' id='word_1_239' title='bbox 1086 1342 1213 1385; x_wconf 89' lang='lat' dir='ltr'>batos</span> <span class='ocrx_word' id='word_1_240' title='bbox 1246 1341 1332 1385; x_wconf 92' lang='lat' dir='ltr'>olei</span> <span class='ocrx_word' id='word_1_241' title='bbox 1359 1346 1558 1396; x_wconf 89' lang='lat' dir='ltr'>centum,</span> <span class='ocrx_word' id='word_1_242' title='bbox 1585 1341 1650 1384; x_wconf 86' lang='lat' dir='ltr'>sal</span> <span class='ocrx_word' id='word_1_243' title='bbox 1676 1355 1778 1383; x_wconf 86' lang='lat' dir='ltr'>vero</span> <span class='ocrx_word' id='word_1_244' title='bbox 1807 1340 1974 1396; x_wconf 82' lang='lat' dir='ltr'>absque</span> <span class='ocrx_word' id='word_1_245' title='bbox 2000 1353 2218 1383; x_wconf 86' lang='lat' dir='ltr'>mensura.</span> 
     </span>
     <span class='ocr_line' id='line_1_33' title="bbox 385 1398 2219 1460; baseline -0.003 -12"><span class='ocrx_word' id='word_1_246' title='bbox 385 1403 422 1431; x_wconf 72' lang='lat'>‘²³</span> <span class='ocrx_word' id='word_1_247' title='bbox 440 1405 582 1448; x_wconf 91' lang='lat' dir='ltr'>Omne</span> <span class='ocrx_word' id='word_1_248' title='bbox 611 1403 726 1460; x_wconf 89' lang='lat' dir='ltr'>quod</span> <span class='ocrx_word' id='word_1_249' title='bbox 759 1402 816 1445; x_wconf 84' lang='lat' dir='ltr'>ad</span> <span class='ocrx_word' id='word_1_250' title='bbox 849 1401 984 1445; x_wconf 88' lang='lat' dir='ltr'>ritum</span> <span class='ocrx_word' id='word_1_251' title='bbox 1010 1401 1093 1445; x_wconf 88' lang='lat' dir='ltr'>Dei</span> <span class='ocrx_word' id='word_1_252' title='bbox 1127 1401 1226 1444; x_wconf 74' lang='lat' dir='ltr'>caeli</span> <span class='ocrx_word' id='word_1_253' title='bbox 1259 1401 1449 1458; x_wconf 83' lang='lat' dir='ltr'>pertinet</span> <span class='ocrx_word' id='word_1_254' title='bbox 1481 1400 1702 1443; x_wconf 84' lang='lat' dir='ltr'>tribuatur</span> <span class='ocrx_word' id='word_1_255' title='bbox 1736 1399 1974 1456; x_wconf 85' lang='lat' dir='ltr'>diligenter</span> <span class='ocrx_word' id='word_1_256' title='bbox 2008 1399 2055 1441; x_wconf 89' lang='lat' dir='ltr'>in</span> <span class='ocrx_word' id='word_1_257' title='bbox 2089 1398 2219 1442; x_wconf 88' lang='lat' dir='ltr'>domo</span> 
     </span>
     <span class='ocr_line' id='line_1_34' title="bbox 386 1458 2218 1519; baseline -0.003 -12"><span class='ocrx_word' id='word_1_258' title='bbox 386 1464 469 1507; x_wconf 92' lang='lat' dir='ltr'>Dei</span> <span class='ocrx_word' id='word_1_259' title='bbox 515 1462 646 1519; x_wconf 78' lang='lat' dir='ltr'>caeli,</span> <span class='ocrx_word' id='word_1_260' title='bbox 678 1477 733 1506; x_wconf 91' lang='lat' dir='ltr'>ne</span> <span class='ocrx_word' id='word_1_261' title='bbox 773 1462 890 1506; x_wconf 78' lang='lat' dir='ltr'>forte</span> <span class='ocrx_word' id='word_1_262' title='bbox 929 1461 1146 1504; x_wconf 78' lang='lat' dir='ltr'>irascatur</span> <span class='ocrx_word' id='word_1_263' title='bbox 1186 1466 1339 1504; x_wconf 88' lang='lat' dir='ltr'>contra</span> <span class='ocrx_word' id='word_1_264' title='bbox 1382 1475 1569 1516; x_wconf 86' lang='lat' dir='ltr'>regnum</span> <span class='ocrx_word' id='word_1_265' title='bbox 1620 1459 1737 1515; x_wconf 87' lang='lat' dir='ltr'>regis</span> <span class='ocrx_word' id='word_1_266' title='bbox 1785 1467 1829 1503; x_wconf 88' lang='lat' dir='ltr'>et</span> <span class='ocrx_word' id='word_1_267' title='bbox 1871 1459 2064 1503; x_wconf 90' lang='lat' dir='ltr'>filiorum</span> <span class='ocrx_word' id='word_1_268' title='bbox 2108 1458 2218 1514; x_wconf 77' lang='lat' dir='ltr'>ejus.</span> 
     </span>
     <span class='ocr_line' id='line_1_35' title="bbox 386 1517 2222 1578; baseline -0.003 -12"><span class='ocrx_word' id='word_1_269' title='bbox 386 1522 422 1549; x_wconf 65' lang='lat'>94</span> <span class='ocrx_word' id='word_1_270' title='bbox 440 1522 580 1566; x_wconf 84' lang='lat' dir='ltr'>Vobis</span> <span class='ocrx_word' id='word_1_271' title='bbox 611 1536 784 1578; x_wconf 84' lang='lat' dir='ltr'>quoque</span> <span class='ocrx_word' id='word_1_272' title='bbox 807 1526 962 1564; x_wconf 88' lang='lat' dir='ltr'>notum</span> <span class='ocrx_word' id='word_1_273' title='bbox 987 1520 1180 1563; x_wconf 73' lang='lat' dir='ltr'>facimus</span> <span class='ocrx_word' id='word_1_274' title='bbox 1211 1520 1265 1568; x_wconf 85' lang='lat' dir='ltr'>dc</span> <span class='ocrx_word' id='word_1_275' title='bbox 1290 1519 1508 1562; x_wconf 71' lang='lat' dir='ltr'>universis</span> <span class='ocrx_word' id='word_1_276' title='bbox 1541 1519 1869 1575; x_wconf 87' lang='lat' dir='ltr'>sacerdotibus,</span> <span class='ocrx_word' id='word_1_277' title='bbox 1905 1525 1950 1562; x_wconf 87' lang='lat' dir='ltr'>et</span> <span class='ocrx_word' id='word_1_278' title='bbox 1981 1517 2150 1574; x_wconf 86' lang='lat' dir='ltr'>levitis,</span> <span class='ocrx_word' id='word_1_279' title='bbox 2178 1523 2222 1561; x_wconf 90' lang='lat' dir='ltr'>et</span> 
     </span>
     <span class='ocr_line' id='line_1_36' title="bbox 389 1577 2222 1637; baseline -0.003 -12"><span class='ocrx_word' id='word_1_280' title='bbox 389 1582 661 1637; x_wconf 80' lang='lat' dir='ltr'>cantoribus,</span> <span class='ocrx_word' id='word_1_281' title='bbox 688 1587 731 1624; x_wconf 91' lang='lat' dir='ltr'>et</span> <span class='ocrx_word' id='word_1_282' title='bbox 759 1580 1044 1636; x_wconf 81' lang='lat' dir='ltr'>janitoribus,</span> <span class='ocrx_word' id='word_1_283' title='bbox 1073 1579 1344 1634; x_wconf 83' lang='lat' dir='ltr'>Nathinaeis,</span> <span class='ocrx_word' id='word_1_284' title='bbox 1372 1584 1415 1622; x_wconf 91' lang='lat' dir='ltr'>et</span> <span class='ocrx_word' id='word_1_285' title='bbox 1447 1577 1661 1621; x_wconf 86' lang='lat' dir='ltr'>ministris</span> <span class='ocrx_word' id='word_1_286' title='bbox 1687 1577 1844 1621; x_wconf 87' lang='lat' dir='ltr'>domus</span> <span class='ocrx_word' id='word_1_287' title='bbox 1874 1578 1957 1621; x_wconf 87' lang='lat' dir='ltr'>Dei</span> <span class='ocrx_word' id='word_1_288' title='bbox 1987 1577 2142 1633; x_wconf 84' lang='lat' dir='ltr'>hujus,</span> <span class='ocrx_word' id='word_1_289' title='bbox 2173 1582 2222 1620; x_wconf 85' lang='lat' dir='ltr'>ut</span> 
     </span>
     <span class='ocr_line' id='line_1_37' title="bbox 388 1635 2220 1697; baseline -0.002 -14"><span class='ocrx_word' id='word_1_290' title='bbox 388 1641 600 1697; x_wconf 66' lang='lat' dir='ltr'>vectigal,</span> <span class='ocrx_word' id='word_1_291' title='bbox 636 1646 677 1683; x_wconf 86' lang='lat' dir='ltr'>et</span> <span class='ocrx_word' id='word_1_292' title='bbox 711 1640 947 1695; x_wconf 81' lang='lat' dir='ltr'>tributum,</span> <span class='ocrx_word' id='word_1_293' title='bbox 979 1644 1021 1682; x_wconf 83' lang='lat' dir='ltr'>et</span> <span class='ocrx_word' id='word_1_294' title='bbox 1050 1653 1268 1694; x_wconf 81' lang='lat' dir='ltr'>annonas,</span> <span class='ocrx_word' id='word_1_295' title='bbox 1303 1652 1391 1681; x_wconf 91' lang='lat' dir='ltr'>non</span> <span class='ocrx_word' id='word_1_296' title='bbox 1424 1637 1626 1681; x_wconf 87' lang='lat' dir='ltr'>habeatis</span> <span class='ocrx_word' id='word_1_297' title='bbox 1659 1643 1926 1694; x_wconf 87' lang='lat' dir='ltr'>potestatem</span> <span class='ocrx_word' id='word_1_298' title='bbox 1962 1635 2220 1693; x_wconf 87' lang='lat' dir='ltr'>imponendi</span> 
     </span>
     <span class='ocr_line' id='line_1_38' title="bbox 390 1715 626 1757; baseline -0.004 -13"><span class='ocrx_word' id='word_1_299' title='bbox 390 1715 514 1757; x_wconf 81' lang='lat' dir='ltr'>super</span> <span class='ocrx_word' id='word_1_300' title='bbox 541 1715 626 1743; x_wconf 88' lang='lat' dir='ltr'>eos.</span> 
     </span>
    </p>

    <p class='ocr_par' dir='ltr' id='par_1_11' title="bbox 386 1755 2222 2110">
     <span class='ocr_line' id='line_1_39' title="bbox 447 1755 2221 1815; baseline -0.003 -13"><span class='ocrx_word' id='word_1_301' title='bbox 447 1759 482 1785; x_wconf 69' lang='lat'>25</span> <span class='ocrx_word' id='word_1_302' title='bbox 500 1760 567 1802; x_wconf 88' lang='lat' dir='ltr'>Tu</span> <span class='ocrx_word' id='word_1_303' title='bbox 593 1764 762 1814; x_wconf 87' lang='lat' dir='ltr'>autem,</span> <span class='ocrx_word' id='word_1_304' title='bbox 792 1758 950 1815; x_wconf 84' lang='lat' dir='ltr'>Esdra,</span> <span class='ocrx_word' id='word_1_305' title='bbox 984 1759 1228 1802; x_wconf 85' lang='lat' dir='ltr'>secundum</span> <span class='ocrx_word' id='word_1_306' title='bbox 1261 1758 1527 1814; x_wconf 86' lang='lat' dir='ltr'>sapientiam</span> <span class='ocrx_word' id='word_1_307' title='bbox 1564 1757 1647 1800; x_wconf 89' lang='lat' dir='ltr'>Dei</span> <span class='ocrx_word' id='word_1_308' title='bbox 1679 1757 1765 1812; x_wconf 87' lang='lat' dir='ltr'>tui,</span> <span class='ocrx_word' id='word_1_309' title='bbox 1797 1770 1894 1812; x_wconf 79' lang='lat' dir='ltr'>quae</span> <span class='ocrx_word' id='word_1_310' title='bbox 1921 1760 1986 1798; x_wconf 85' lang='lat' dir='ltr'>est</span> <span class='ocrx_word' id='word_1_311' title='bbox 2014 1755 2060 1798; x_wconf 93' lang='lat' dir='ltr'>in</span> <span class='ocrx_word' id='word_1_312' title='bbox 2087 1769 2221 1798; x_wconf 86' lang='lat' dir='ltr'>manu</span> 
     </span>
     <span class='ocr_line' id='line_1_40' title="bbox 387 1814 2220 1875; baseline -0.003 -13"><span class='ocrx_word' id='word_1_313' title='bbox 387 1825 483 1875; x_wconf 90' lang='lat' dir='ltr'>tua,</span> <span class='ocrx_word' id='word_1_314' title='bbox 512 1819 730 1862; x_wconf 88' lang='lat' dir='ltr'>constitue</span> <span class='ocrx_word' id='word_1_315' title='bbox 751 1818 924 1874; x_wconf 80' lang='lat' dir='ltr'>judices</span> <span class='ocrx_word' id='word_1_316' title='bbox 950 1823 993 1860; x_wconf 90' lang='lat' dir='ltr'>et</span> <span class='ocrx_word' id='word_1_317' title='bbox 1018 1817 1246 1874; x_wconf 62' lang='lat' dir='ltr'>praesides,</span> <span class='ocrx_word' id='word_1_318' title='bbox 1272 1824 1321 1859; x_wconf 89' lang='lat' dir='ltr'>ut</span> <span class='ocrx_word' id='word_1_319' title='bbox 1345 1817 1549 1872; x_wconf 76' lang='lat' dir='ltr'>judicent</span> <span class='ocrx_word' id='word_1_320' title='bbox 1576 1816 1695 1859; x_wconf 89' lang='lat' dir='ltr'>omni</span> <span class='ocrx_word' id='word_1_321' title='bbox 1725 1815 1886 1872; x_wconf 90' lang='lat' dir='ltr'>populo</span> <span class='ocrx_word' id='word_1_322' title='bbox 1913 1814 1986 1870; x_wconf 86' lang='lat' dir='ltr'>qui</span> <span class='ocrx_word' id='word_1_323' title='bbox 2013 1819 2078 1857; x_wconf 89' lang='lat' dir='ltr'>est</span> <span class='ocrx_word' id='word_1_324' title='bbox 2101 1821 2220 1857; x_wconf 84' lang='lat' dir='ltr'>trans</span> 
     </span>
     <span class='ocr_line' id='line_1_41' title="bbox 386 1873 2222 1934; baseline -0.003 -13"><span class='ocrx_word' id='word_1_325' title='bbox 386 1879 565 1934; x_wconf 89' lang='lat' dir='ltr'>fiumen,</span> <span class='ocrx_word' id='word_1_326' title='bbox 588 1878 656 1920; x_wconf 87' lang='lat' dir='ltr'>his</span> <span class='ocrx_word' id='word_1_327' title='bbox 682 1877 892 1920; x_wconf 77' lang='lat' dir='ltr'>videlicet</span> <span class='ocrx_word' id='word_1_328' title='bbox 914 1877 988 1932; x_wconf 88' lang='lat' dir='ltr'>qui</span> <span class='ocrx_word' id='word_1_329' title='bbox 1010 1883 1227 1920; x_wconf 64' lang='lat' dir='ltr'>noverunt</span> <span class='ocrx_word' id='word_1_330' title='bbox 1248 1875 1392 1931; x_wconf 89' lang='lat' dir='ltr'>legem</span> <span class='ocrx_word' id='word_1_331' title='bbox 1418 1875 1500 1918; x_wconf 90' lang='lat' dir='ltr'>Dei</span> <span class='ocrx_word' id='word_1_332' title='bbox 1522 1875 1587 1917; x_wconf 87' lang='lat' dir='ltr'>tui</span> <span class='ocrx_word' id='word_1_333' title='bbox 1607 1892 1616 1929; x_wconf 75' lang='lat'>3</span> <span class='ocrx_word' id='word_1_334' title='bbox 1646 1875 1722 1918; x_wconf 90' lang='lat' dir='ltr'>sed</span> <span class='ocrx_word' id='word_1_335' title='bbox 1749 1881 1791 1917; x_wconf 86' lang='lat' dir='ltr'>et</span> <span class='ocrx_word' id='word_1_336' title='bbox 1817 1874 2044 1930; x_wconf 87' lang='lat' dir='ltr'>imperitos</span> <span class='ocrx_word' id='word_1_337' title='bbox 2067 1873 2222 1916; x_wconf 80' lang='lat' dir='ltr'>docete</span> 
     </span>
     <span class='ocr_line' id='line_1_42' title="bbox 386 1932 2222 1991; baseline -0.003 -10"><span class='ocrx_word' id='word_1_338' title='bbox 386 1938 536 1981; x_wconf 88' lang='lat' dir='ltr'>libere.</span> <span class='ocrx_word' id='word_1_339' title='bbox 564 1937 600 1964; x_wconf 70' lang='lat'>&#39;26</span> <span class='ocrx_word' id='word_1_340' title='bbox 619 1939 676 1980; x_wconf 88' lang='lat' dir='ltr'>Et</span> <span class='ocrx_word' id='word_1_341' title='bbox 701 1936 844 1980; x_wconf 87' lang='lat' dir='ltr'>omnis</span> <span class='ocrx_word' id='word_1_342' title='bbox 866 1936 940 1991; x_wconf 89' lang='lat' dir='ltr'>qui</span> <span class='ocrx_word' id='word_1_343' title='bbox 964 1950 1052 1979; x_wconf 89' lang='lat' dir='ltr'>non</span> <span class='ocrx_word' id='word_1_344' title='bbox 1073 1936 1232 1979; x_wconf 78' lang='lat' dir='ltr'>fecerit</span> <span class='ocrx_word' id='word_1_345' title='bbox 1254 1937 1398 1990; x_wconf 67' lang='lat' dir='ltr'>Iegem</span> <span class='ocrx_word' id='word_1_346' title='bbox 1426 1934 1509 1977; x_wconf 89' lang='lat' dir='ltr'>Dei</span> <span class='ocrx_word' id='word_1_347' title='bbox 1534 1933 1621 1988; x_wconf 87' lang='lat' dir='ltr'>tui,</span> <span class='ocrx_word' id='word_1_348' title='bbox 1653 1939 1696 1977; x_wconf 92' lang='lat' dir='ltr'>et</span> <span class='ocrx_word' id='word_1_349' title='bbox 1721 1933 1866 1988; x_wconf 88' lang='lat' dir='ltr'>legem</span> <span class='ocrx_word' id='word_1_350' title='bbox 1890 1933 2007 1988; x_wconf 86' lang='lat' dir='ltr'>regis</span> <span class='ocrx_word' id='word_1_351' title='bbox 2033 1932 2222 1988; x_wconf 88' lang='lat' dir='ltr'>diligen—</span> 
     </span>
     <span class='ocr_line' id='line_1_43' title="bbox 387 1991 2220 2054; baseline -0.003 -15"><span class='ocrx_word' id='word_1_352' title='bbox 387 2004 463 2053; x_wconf 83' lang='lat' dir='ltr'>ter,</span> <span class='ocrx_word' id='word_1_353' title='bbox 498 1996 720 2053; x_wconf 78' lang='lat' dir='ltr'>judicium</span> <span class='ocrx_word' id='word_1_354' title='bbox 753 1996 836 2038; x_wconf 86' lang='lat' dir='ltr'>erit</span> <span class='ocrx_word' id='word_1_355' title='bbox 869 1995 922 2038; x_wconf 87' lang='lat' dir='ltr'>de</span> <span class='ocrx_word' id='word_1_356' title='bbox 955 2009 1020 2054; x_wconf 88' lang='grc'>00,</span> <span class='ocrx_word' id='word_1_357' title='bbox 1052 1995 1146 2038; x_wconf 77' lang='lat' dir='ltr'>sive</span> <span class='ocrx_word' id='word_1_358' title='bbox 1170 1995 1216 2037; x_wconf 89' lang='lat' dir='ltr'>in</span> <span class='ocrx_word' id='word_1_359' title='bbox 1242 2000 1451 2049; x_wconf 88' lang='lat' dir='ltr'>mortem,</span> <span class='ocrx_word' id='word_1_360' title='bbox 1478 1993 1572 2036; x_wconf 69' lang='lat' dir='ltr'>sive</span> <span class='ocrx_word' id='word_1_361' title='bbox 1605 1993 1651 2035; x_wconf 89' lang='lat' dir='ltr'>in</span> <span class='ocrx_word' id='word_1_362' title='bbox 1681 1992 1886 2049; x_wconf 82' lang='lat' dir='ltr'>exilium,</span> <span class='ocrx_word' id='word_1_363' title='bbox 1914 1991 2007 2035; x_wconf 76' lang='lat' dir='ltr'>sive</span> <span class='ocrx_word' id='word_1_364' title='bbox 2038 1991 2086 2034; x_wconf 91' lang='lat' dir='ltr'>in</span> <span class='ocrx_word' id='word_1_365' title='bbox 2120 2005 2220 2035; x_wconf 87' lang='lat' dir='ltr'>con-</span> 
     </span>
     <span class='ocr_line' id='line_1_44' title="bbox 388 2053 1728 2110; baseline -0.004 -11"><span class='ocrx_word' id='word_1_366' title='bbox 388 2056 719 2099; x_wconf 83' lang='lat' dir='ltr'>demnationem</span> <span class='ocrx_word' id='word_1_367' title='bbox 745 2054 1007 2097; x_wconf 86' lang='lat' dir='ltr'>substantiae</span> <span class='ocrx_word' id='word_1_368' title='bbox 1034 2054 1147 2110; x_wconf 83' lang='lat' dir='ltr'>ejus,</span> <span class='ocrx_word' id='word_1_369' title='bbox 1183 2054 1253 2097; x_wconf 67' lang='lat' dir='ltr'>vel</span> <span class='ocrx_word' id='word_1_370' title='bbox 1280 2058 1397 2096; x_wconf 83' lang='lat' dir='ltr'>certe</span> <span class='ocrx_word' id='word_1_371' title='bbox 1422 2053 1466 2095; x_wconf 88' lang='lat' dir='ltr'>in</span> <span class='ocrx_word' id='word_1_372' title='bbox 1495 2067 1728 2096; x_wconf 76' lang='lat' dir='ltr'>carcerem.</span> 
     </span>
    </p>

    <p class='ocr_par' dir='ltr' id='par_1_12' title="bbox 386 2111 2224 2457">
     <span class='ocr_line' id='line_1_45' title="bbox 446 2111 2224 2170; baseline -0.003 -12"><span class='ocrx_word' id='word_1_373' title='bbox 446 2115 480 2141; x_wconf 71' lang='lat'>‘27</span> <span class='ocrx_word' id='word_1_374' title='bbox 502 2115 771 2158; x_wconf 86' lang='lat' dir='ltr'>Benedictus</span> <span class='ocrx_word' id='word_1_375' title='bbox 790 2113 1026 2166; x_wconf 84' lang='lat' dir='ltr'>Dominus,</span> <span class='ocrx_word' id='word_1_376' title='bbox 1049 2114 1168 2156; x_wconf 90' lang='lat' dir='ltr'>Deus</span> <span class='ocrx_word' id='word_1_377' title='bbox 1190 2119 1367 2170; x_wconf 87' lang='lat' dir='ltr'>patrum</span> <span class='ocrx_word' id='word_1_378' title='bbox 1391 2117 1661 2168; x_wconf 84' lang='lat' dir='ltr'>nostrorum,</span> <span class='ocrx_word' id='word_1_379' title='bbox 1683 2111 1756 2167; x_wconf 86' lang='lat' dir='ltr'>qui</span> <span class='ocrx_word' id='word_1_380' title='bbox 1779 2111 1902 2154; x_wconf 88' lang='lat' dir='ltr'>dedit</span> <span class='ocrx_word' id='word_1_381' title='bbox 1923 2111 2006 2154; x_wconf 89' lang='lat' dir='ltr'>hoc</span> <span class='ocrx_word' id='word_1_382' title='bbox 2024 2111 2070 2153; x_wconf 88' lang='lat' dir='ltr'>in</span> <span class='ocrx_word' id='word_1_383' title='bbox 2093 2111 2224 2154; x_wconf 90' lang='lat' dir='ltr'>corde</span> 
     </span>
     <span class='ocr_line' id='line_1_46' title="bbox 387 2169 2223 2232; baseline -0.003 -13"><span class='ocrx_word' id='word_1_384' title='bbox 387 2175 502 2231; x_wconf 87' lang='lat' dir='ltr'>regis</span> <span class='ocrx_word' id='word_1_385' title='bbox 536 2184 583 2216; x_wconf 83' lang='grc'>111</span> <span class='ocrx_word' id='word_1_386' title='bbox 617 2174 884 2230; x_wconf 86' lang='lat' dir='ltr'>glorificaret</span> <span class='ocrx_word' id='word_1_387' title='bbox 918 2173 1099 2216; x_wconf 87' lang='lat' dir='ltr'>domum</span> <span class='ocrx_word' id='word_1_388' title='bbox 1130 2172 1331 2232; x_wconf 78' lang='lat' dir='ltr'>Domini,</span> <span class='ocrx_word' id='word_1_389' title='bbox 1359 2187 1456 2228; x_wconf 85' lang='lat' dir='ltr'>quae</span> <span class='ocrx_word' id='word_1_390' title='bbox 1484 2177 1550 2214; x_wconf 87' lang='lat' dir='ltr'>est</span> <span class='ocrx_word' id='word_1_391' title='bbox 1581 2171 1627 2214; x_wconf 89' lang='lat' dir='ltr'>in</span> <span class='ocrx_word' id='word_1_392' title='bbox 1654 2171 1917 2227; x_wconf 80' lang='lat' dir='ltr'>Jerusalem,</span> <span class='ocrx_word' id='word_1_393' title='bbox 1948 2169 1984 2197; x_wconf 70' lang='lat'>‘2⁸</span> <span class='ocrx_word' id='word_1_394' title='bbox 2010 2175 2053 2213; x_wconf 90' lang='lat' dir='ltr'>et</span> <span class='ocrx_word' id='word_1_395' title='bbox 2078 2170 2122 2212; x_wconf 89' lang='lat' dir='ltr'>in</span> <span class='ocrx_word' id='word_1_396' title='bbox 2153 2185 2223 2214; x_wconf 88' lang='lat' dir='ltr'>me</span> 
     </span>
     <span class='ocr_line' id='line_1_47' title="bbox 386 2229 2223 2287; baseline -0.003 -9"><span class='ocrx_word' id='word_1_397' title='bbox 386 2234 623 2278; x_wconf 64' lang='lat' dir='ltr'>inclinavit</span> <span class='ocrx_word' id='word_1_398' title='bbox 646 2233 995 2277; x_wconf 84' lang='lat' dir='ltr'>misericordiam</span> <span class='ocrx_word' id='word_1_399' title='bbox 1021 2247 1146 2275; x_wconf 90' lang='lat' dir='ltr'>suam</span> <span class='ocrx_word' id='word_1_400' title='bbox 1169 2247 1317 2275; x_wconf 85' lang='lat' dir='ltr'>coram</span> <span class='ocrx_word' id='word_1_401' title='bbox 1337 2246 1454 2287; x_wconf 82' lang='lat' dir='ltr'>rege,</span> <span class='ocrx_word' id='word_1_402' title='bbox 1482 2236 1524 2274; x_wconf 88' lang='lat' dir='ltr'>et</span> <span class='ocrx_word' id='word_1_403' title='bbox 1550 2230 1906 2274; x_wconf 86' lang='lat' dir='ltr'>consiliatoribus</span> <span class='ocrx_word' id='word_1_404' title='bbox 1930 2229 2039 2286; x_wconf 83' lang='lat' dir='ltr'>ejus,</span> <span class='ocrx_word' id='word_1_405' title='bbox 2063 2234 2106 2273; x_wconf 90' lang='lat' dir='ltr'>et</span> <span class='ocrx_word' id='word_1_406' title='bbox 2127 2230 2223 2274; x_wconf 85' lang='lat' dir='ltr'>uni-</span> 
     </span>
     <span class='ocr_line' id='line_1_48' title="bbox 388 2288 2222 2351; baseline -0.003 -13"><span class='ocrx_word' id='word_1_407' title='bbox 388 2295 525 2338; x_wconf 80' lang='lat' dir='ltr'>versis</span> <span class='ocrx_word' id='word_1_408' title='bbox 547 2292 822 2351; x_wconf 83' lang='lat' dir='ltr'>principibus</span> <span class='ocrx_word' id='word_1_409' title='bbox 846 2291 962 2348; x_wconf 89' lang='lat' dir='ltr'>regis</span> <span class='ocrx_word' id='word_1_410' title='bbox 984 2291 1253 2349; x_wconf 87' lang='lat' dir='ltr'>potentibus.</span> <span class='ocrx_word' id='word_1_411' title='bbox 1287 2292 1344 2334; x_wconf 88' lang='lat' dir='ltr'>Et</span> <span class='ocrx_word' id='word_1_412' title='bbox 1369 2304 1449 2345; x_wconf 86' lang='lat' dir='ltr'>ego</span> <span class='ocrx_word' id='word_1_413' title='bbox 1477 2291 1753 2333; x_wconf 77' lang='lat' dir='ltr'>confortatus</span> <span class='ocrx_word' id='word_1_414' title='bbox 1779 2304 1913 2332; x_wconf 84' lang='lat' dir='ltr'>manu</span> <span class='ocrx_word' id='word_1_415' title='bbox 1936 2288 2117 2332; x_wconf 86' lang='lat' dir='ltr'>Domini</span> <span class='ocrx_word' id='word_1_416' title='bbox 2141 2289 2222 2332; x_wconf 90' lang='lat' dir='ltr'>Dei</span> 
     </span>
     <span class='ocr_line' id='line_1_49' title="bbox 389 2347 2224 2410; baseline -0.003 -13"><span class='ocrx_word' id='word_1_417' title='bbox 389 2354 495 2410; x_wconf 89' lang='grc'>0101,</span> <span class='ocrx_word' id='word_1_418' title='bbox 535 2368 633 2409; x_wconf 89' lang='lat' dir='ltr'>quae</span> <span class='ocrx_word' id='word_1_419' title='bbox 665 2357 758 2396; x_wconf 86' lang='lat' dir='ltr'>erat</span> <span class='ocrx_word' id='word_1_420' title='bbox 790 2352 838 2394; x_wconf 90' lang='lat' dir='ltr'>in</span> <span class='ocrx_word' id='word_1_421' title='bbox 870 2365 959 2407; x_wconf 90' lang='lat' dir='ltr'>me,</span> <span class='ocrx_word' id='word_1_422' title='bbox 992 2350 1258 2407; x_wconf 75' lang='lat' dir='ltr'>congregavi</span> <span class='ocrx_word' id='word_1_423' title='bbox 1297 2350 1350 2393; x_wconf 91' lang='lat' dir='ltr'>de</span> <span class='ocrx_word' id='word_1_424' title='bbox 1383 2349 1525 2392; x_wconf 88' lang='lat' dir='ltr'>Israel</span> <span class='ocrx_word' id='word_1_425' title='bbox 1561 2349 1784 2406; x_wconf 86' lang='lat' dir='ltr'>principes</span> <span class='ocrx_word' id='word_1_426' title='bbox 1823 2348 1896 2404; x_wconf 88' lang='lat' dir='ltr'>qui</span> <span class='ocrx_word' id='word_1_427' title='bbox 1932 2347 2224 2392; x_wconf 86' lang='lat' dir='ltr'>ascenderent</span> 
     </span>
     <span class='ocr_line' id='line_1_50' title="bbox 390 2428 577 2457; baseline -0.005 0"><span class='ocrx_word' id='word_1_428' title='bbox 390 2428 577 2457; x_wconf 89' lang='lat' dir='ltr'>mecum.</span> 
     </span>
    </p>

    <p class='ocr_par' dir='ltr' id='par_1_13' title="bbox 390 2464 2226 3417">
     <span class='ocr_line' id='line_1_51' title="bbox 450 2464 2223 2528; baseline -0.005 -12"><span class='ocrx_word' id='word_1_429' title='bbox 450 2473 556 2516; x_wconf 78' lang='lat' dir='ltr'>CAP.</span> <span class='ocrx_word' id='word_1_430' title='bbox 591 2474 726 2518; x_wconf 79' lang='lat' dir='ltr'>VIII.</span> <span class='ocrx_word' id='word_1_431' title='bbox 761 2500 820 2505; x_wconf 96' lang='lat'><strong>—</strong></span> <span class='ocrx_word' id='word_1_432' title='bbox 855 2471 871 2498; x_wconf 79' lang='lat'><strong>¹</strong></span> <span class='ocrx_word' id='word_1_433' title='bbox 896 2472 956 2514; x_wconf 90' lang='lat' dir='ltr'>Hi</span> <span class='ocrx_word' id='word_1_434' title='bbox 998 2477 1101 2514; x_wconf 83' lang='lat' dir='ltr'>sunt</span> <span class='ocrx_word' id='word_1_435' title='bbox 1141 2486 1243 2527; x_wconf 86' lang='lat' dir='ltr'>ergo</span> <span class='ocrx_word' id='word_1_436' title='bbox 1284 2471 1505 2528; x_wconf 88' lang='lat' dir='ltr'>principes</span> <span class='ocrx_word' id='word_1_437' title='bbox 1542 2469 1839 2525; x_wconf 76' lang='lat' dir='ltr'>familiarum,</span> <span class='ocrx_word' id='word_1_438' title='bbox 1879 2473 1922 2511; x_wconf 91' lang='lat' dir='ltr'>et</span> <span class='ocrx_word' id='word_1_439' title='bbox 1961 2464 2223 2524; x_wconf 85' lang='lat' dir='ltr'>genealogia</span> 
     </span>
     <span class='ocr_line' id='line_1_52' title="bbox 391 2524 2221 2589; baseline -0.004 -13"><span class='ocrx_word' id='word_1_440' title='bbox 391 2548 540 2577; x_wconf 89' lang='lat' dir='ltr'>eorum</span> <span class='ocrx_word' id='word_1_441' title='bbox 568 2533 641 2589; x_wconf 79' lang='lat' dir='ltr'>qui</span> <span class='ocrx_word' id='word_1_442' title='bbox 669 2532 965 2576; x_wconf 85' lang='lat' dir='ltr'>ascenderunt</span> <span class='ocrx_word' id='word_1_443' title='bbox 991 2546 1164 2575; x_wconf 88' lang='lat' dir='ltr'>mecum</span> <span class='ocrx_word' id='word_1_444' title='bbox 1197 2532 1243 2573; x_wconf 89' lang='lat' dir='ltr'>in</span> <span class='ocrx_word' id='word_1_445' title='bbox 1271 2545 1407 2587; x_wconf 88' lang='lat' dir='ltr'>regno</span> <span class='ocrx_word' id='word_1_446' title='bbox 1434 2528 1695 2572; x_wconf 74' lang='lat' dir='ltr'>Artaxerxis</span> <span class='ocrx_word' id='word_1_447' title='bbox 1721 2528 1836 2584; x_wconf 80' lang='lat' dir='ltr'>regis</span> <span class='ocrx_word' id='word_1_448' title='bbox 1868 2527 1921 2570; x_wconf 89' lang='lat' dir='ltr'>de</span> <span class='ocrx_word' id='word_1_449' title='bbox 1952 2524 2181 2582; x_wconf 68' lang='lat' dir='ltr'>Babylone</span> <span class='ocrx_word' id='word_1_450' title='bbox 2214 2541 2221 2568; x_wconf 94' lang='lat'>:</span> 
     </span>
     <span class='ocr_line' id='line_1_53' title="bbox 391 2584 2221 2647; baseline -0.005 -11"><span class='ocrx_word' id='word_1_451' title='bbox 391 2592 407 2618; x_wconf 64' lang='lat'><strong>2</strong></span> <span class='ocrx_word' id='word_1_452' title='bbox 433 2593 499 2636; x_wconf 91' lang='lat' dir='ltr'>De</span> <span class='ocrx_word' id='word_1_453' title='bbox 528 2592 629 2635; x_wconf 86' lang='lat' dir='ltr'>filiis</span> <span class='ocrx_word' id='word_1_454' title='bbox 658 2592 868 2647; x_wconf 67' lang='lat' dir='ltr'>Phineas,</span> <span class='ocrx_word' id='word_1_455' title='bbox 902 2592 1099 2635; x_wconf 84' lang='lat' dir='ltr'>Gersom.</span> <span class='ocrx_word' id='word_1_456' title='bbox 1135 2591 1202 2634; x_wconf 91' lang='lat' dir='ltr'>De</span> <span class='ocrx_word' id='word_1_457' title='bbox 1233 2589 1335 2632; x_wconf 79' lang='lat' dir='ltr'>filiis</span> <span class='ocrx_word' id='word_1_458' title='bbox 1365 2589 1579 2644; x_wconf 85' lang='lat' dir='ltr'>Ithamar,</span> <span class='ocrx_word' id='word_1_459' title='bbox 1614 2586 1788 2631; x_wconf 89' lang='lat' dir='ltr'>Daniel.</span> <span class='ocrx_word' id='word_1_460' title='bbox 1824 2587 1890 2629; x_wconf 91' lang='lat' dir='ltr'>De</span> <span class='ocrx_word' id='word_1_461' title='bbox 1919 2585 2021 2629; x_wconf 87' lang='lat' dir='ltr'>filiis</span> <span class='ocrx_word' id='word_1_462' title='bbox 2052 2584 2221 2640; x_wconf 68' lang='lat' dir='ltr'>David,</span> 
     </span>
     <span class='ocr_line' id='line_1_54' title="bbox 392 2647 2223 2705; baseline -0.004 -10"><span class='ocrx_word' id='word_1_463' title='bbox 392 2653 572 2695; x_wconf 87' lang='lat' dir='ltr'>Hattus.</span> <span class='ocrx_word' id='word_1_464' title='bbox 603 2651 620 2678; x_wconf 86' lang='lat'><strong>3</strong></span> <span class='ocrx_word' id='word_1_465' title='bbox 639 2652 705 2694; x_wconf 92' lang='lat' dir='ltr'>De</span> <span class='ocrx_word' id='word_1_466' title='bbox 734 2651 836 2694; x_wconf 88' lang='lat' dir='ltr'>filiis</span> <span class='ocrx_word' id='word_1_467' title='bbox 871 2649 1119 2705; x_wconf 81' lang='lat' dir='ltr'>Secheniae‚</span> <span class='ocrx_word' id='word_1_468' title='bbox 1153 2650 1255 2692; x_wconf 88' lang='lat' dir='ltr'>filiis</span> <span class='ocrx_word' id='word_1_469' title='bbox 1282 2649 1470 2704; x_wconf 89' lang='lat' dir='ltr'>Pharos,</span> <span class='ocrx_word' id='word_1_470' title='bbox 1496 2647 1760 2700; x_wconf 88' lang='lat' dir='ltr'>Zacharias;</span> <span class='ocrx_word' id='word_1_471' title='bbox 1788 2652 1832 2689; x_wconf 90' lang='lat' dir='ltr'>et</span> <span class='ocrx_word' id='word_1_472' title='bbox 1857 2660 1958 2689; x_wconf 84' lang='lat' dir='ltr'>curn</span> <span class='ocrx_word' id='word_1_473' title='bbox 1987 2660 2036 2688; x_wconf 90' lang='lat' dir='ltr'>eo</span> <span class='ocrx_word' id='word_1_474' title='bbox 2071 2657 2223 2687; x_wconf 83' lang='lat' dir='ltr'>nume—</span> 
     </span>
     <span class='ocr_line' id='line_1_55' title="bbox 390 2703 2221 2765; baseline -0.005 -11"><span class='ocrx_word' id='word_1_475' title='bbox 390 2711 474 2755; x_wconf 77' lang='lat' dir='ltr'>rati</span> <span class='ocrx_word' id='word_1_476' title='bbox 504 2717 607 2754; x_wconf 85' lang='lat' dir='ltr'>sunt</span> <span class='ocrx_word' id='word_1_477' title='bbox 636 2711 718 2753; x_wconf 66' lang='grc'>111-1</span> <span class='ocrx_word' id='word_1_478' title='bbox 753 2715 931 2754; x_wconf 90' lang='lat' dir='ltr'>centum</span> <span class='ocrx_word' id='word_1_479' title='bbox 962 2709 1300 2765; x_wconf 85' lang='lat' dir='ltr'>quinquaginta.</span> <span class='ocrx_word' id='word_1_480' title='bbox 1327 2708 1344 2734; x_wconf 75' lang='lat'>4</span> <span class='ocrx_word' id='word_1_481' title='bbox 1363 2709 1430 2751; x_wconf 91' lang='lat' dir='ltr'>De</span> <span class='ocrx_word' id='word_1_482' title='bbox 1454 2707 1556 2750; x_wconf 89' lang='lat' dir='ltr'>filiis</span> <span class='ocrx_word' id='word_1_483' title='bbox 1582 2704 1975 2760; x_wconf 86' lang='lat' dir='ltr'>Phahath-Moab,</span> <span class='ocrx_word' id='word_1_484' title='bbox 2007 2703 2221 2759; x_wconf 88' lang='lat' dir='ltr'>Elioenai,</span> 
     </span>
     <span class='ocr_line' id='line_1_56' title="bbox 390 2761 2221 2826; baseline -0.005 -13"><span class='ocrx_word' id='word_1_485' title='bbox 390 2771 505 2814; x_wconf 87' lang='lat' dir='ltr'>filius</span> <span class='ocrx_word' id='word_1_486' title='bbox 531 2770 716 2826; x_wconf 89' lang='lat' dir='ltr'>Zarehe,</span> <span class='ocrx_word' id='word_1_487' title='bbox 743 2775 786 2813; x_wconf 89' lang='lat' dir='ltr'>et</span> <span class='ocrx_word' id='word_1_488' title='bbox 808 2784 908 2813; x_wconf 90' lang='lat' dir='ltr'>cum</span> <span class='ocrx_word' id='word_1_489' title='bbox 935 2784 983 2812; x_wconf 91' lang='lat' dir='ltr'>eo</span> <span class='ocrx_word' id='word_1_490' title='bbox 1011 2769 1190 2812; x_wconf 88' lang='lat' dir='ltr'>ducenti</span> <span class='ocrx_word' id='word_1_491' title='bbox 1212 2768 1309 2810; x_wconf 72' lang='lat' dir='ltr'>viri.</span> <span class='ocrx_word' id='word_1_492' title='bbox 1333 2768 1349 2794; x_wconf 82' lang='lat'>5</span> <span class='ocrx_word' id='word_1_493' title='bbox 1369 2768 1435 2810; x_wconf 90' lang='lat' dir='ltr'>De</span> <span class='ocrx_word' id='word_1_494' title='bbox 1456 2766 1558 2810; x_wconf 87' lang='lat' dir='ltr'>filiis</span> <span class='ocrx_word' id='word_1_495' title='bbox 1585 2765 1830 2821; x_wconf 82' lang='lat' dir='ltr'>Secheniae,</span> <span class='ocrx_word' id='word_1_496' title='bbox 1853 2764 1970 2807; x_wconf 85' lang='lat' dir='ltr'>filius</span> <span class='ocrx_word' id='word_1_497' title='bbox 1994 2761 2221 2818; x_wconf 81' lang='lat' dir='ltr'>Ezechiel,</span> 
     </span>
     <span class='ocr_line' id='line_1_57' title="bbox 391 2823 2222 2882; baseline -0.005 -9"><span class='ocrx_word' id='word_1_498' title='bbox 391 2835 434 2873; x_wconf 82' lang='lat' dir='ltr'>ct</span> <span class='ocrx_word' id='word_1_499' title='bbox 460 2845 561 2873; x_wconf 89' lang='lat' dir='ltr'>cum</span> <span class='ocrx_word' id='word_1_500' title='bbox 587 2844 636 2873; x_wconf 91' lang='lat' dir='ltr'>eo</span> <span class='ocrx_word' id='word_1_501' title='bbox 659 2828 844 2873; x_wconf 84' lang='lat' dir='ltr'>trecenti</span> <span class='ocrx_word' id='word_1_502' title='bbox 870 2828 968 2872; x_wconf 84' lang='lat' dir='ltr'>viri.</span> <span class='ocrx_word' id='word_1_503' title='bbox 991 2828 1008 2855; x_wconf 78' lang='grc'><strong>6</strong></span> <span class='ocrx_word' id='word_1_504' title='bbox 1027 2829 1093 2871; x_wconf 83' lang='grc'>130</span> <span class='ocrx_word' id='word_1_505' title='bbox 1114 2827 1216 2870; x_wconf 85' lang='lat' dir='ltr'>filiis</span> <span class='ocrx_word' id='word_1_506' title='bbox 1242 2827 1388 2882; x_wconf 87' lang='lat' dir='ltr'>Adan,</span> <span class='ocrx_word' id='word_1_507' title='bbox 1412 2825 1555 2881; x_wconf 88' lang='lat' dir='ltr'>Abed,</span> <span class='ocrx_word' id='word_1_508' title='bbox 1578 2825 1694 2868; x_wconf 86' lang='lat' dir='ltr'>filius</span> <span class='ocrx_word' id='word_1_509' title='bbox 1720 2824 1748 2868; x_wconf 86' lang='lat' dir='ltr'>J</span> <span class='ocrx_word' id='word_1_510' title='bbox 1753 2823 1961 2879; x_wconf 85' lang='lat' dir='ltr'>onathan,</span> <span class='ocrx_word' id='word_1_511' title='bbox 1985 2829 2029 2867; x_wconf 89' lang='lat' dir='ltr'>et</span> <span class='ocrx_word' id='word_1_512' title='bbox 2050 2835 2152 2865; x_wconf 90' lang='lat' dir='ltr'>cum</span> <span class='ocrx_word' id='word_1_513' title='bbox 2173 2835 2222 2864; x_wconf 90' lang='lat' dir='ltr'>eo</span> 
     </span>
     <span class='ocr_line' id='line_1_58' title="bbox 392 2882 2222 2944; baseline -0.004 -13"><span class='ocrx_word' id='word_1_514' title='bbox 392 2889 714 2944; x_wconf 82' lang='lat' dir='ltr'>quinquaginta</span> <span class='ocrx_word' id='word_1_515' title='bbox 747 2888 844 2930; x_wconf 79' lang='lat' dir='ltr'>viri.</span> <span class='ocrx_word' id='word_1_516' title='bbox 882 2887 898 2914; x_wconf 73' lang='lat'><strong>7</strong></span> <span class='ocrx_word' id='word_1_517' title='bbox 925 2888 991 2931; x_wconf 92' lang='lat' dir='ltr'>De</span> <span class='ocrx_word' id='word_1_518' title='bbox 1028 2887 1130 2930; x_wconf 90' lang='lat' dir='ltr'>filiis</span> <span class='ocrx_word' id='word_1_519' title='bbox 1167 2887 1321 2943; x_wconf 86' lang='lat' dir='ltr'>Alam,</span> <span class='ocrx_word' id='word_1_520' title='bbox 1361 2885 1522 2941; x_wconf 88' lang='lat' dir='ltr'>Isaias‚</span> <span class='ocrx_word' id='word_1_521' title='bbox 1557 2884 1673 2927; x_wconf 89' lang='lat' dir='ltr'>filius</span> <span class='ocrx_word' id='word_1_522' title='bbox 1707 2882 1923 2937; x_wconf 79' lang='lat' dir='ltr'>Athaliae,</span> <span class='ocrx_word' id='word_1_523' title='bbox 1959 2887 2002 2925; x_wconf 87' lang='lat' dir='ltr'>et</span> <span class='ocrx_word' id='word_1_524' title='bbox 2036 2895 2136 2925; x_wconf 88' lang='lat' dir='ltr'>cum</span> <span class='ocrx_word' id='word_1_525' title='bbox 2173 2894 2222 2923; x_wconf 86' lang='lat' dir='ltr'>eo</span> 
     </span>
     <span class='ocr_line' id='line_1_59' title="bbox 392 2942 2223 3004; baseline -0.004 -14"><span class='ocrx_word' id='word_1_526' title='bbox 392 2949 675 3004; x_wconf 80' lang='lat' dir='ltr'>septuaginta</span> <span class='ocrx_word' id='word_1_527' title='bbox 701 2947 798 2990; x_wconf 70' lang='lat' dir='ltr'>viri.</span> <span class='ocrx_word' id='word_1_528' title='bbox 825 2947 841 2974; x_wconf 80' lang='grc'>8</span> <span class='ocrx_word' id='word_1_529' title='bbox 861 2948 927 2990; x_wconf 85' lang='grc'>130</span> <span class='ocrx_word' id='word_1_530' title='bbox 956 2947 1058 2989; x_wconf 88' lang='lat' dir='ltr'>filiis</span> <span class='ocrx_word' id='word_1_531' title='bbox 1089 2947 1335 3004; x_wconf 83' lang='lat' dir='ltr'>Saphatiae,</span> <span class='ocrx_word' id='word_1_532' title='bbox 1363 2944 1574 3001; x_wconf 88' lang='lat' dir='ltr'>Zebedia,</span> <span class='ocrx_word' id='word_1_533' title='bbox 1601 2943 1717 2987; x_wconf 88' lang='lat' dir='ltr'>filius</span> <span class='ocrx_word' id='word_1_534' title='bbox 1741 2942 1955 2997; x_wconf 86' lang='lat' dir='ltr'>Michael,</span> <span class='ocrx_word' id='word_1_535' title='bbox 1982 2946 2024 2985; x_wconf 88' lang='lat' dir='ltr'>et</span> <span class='ocrx_word' id='word_1_536' title='bbox 2050 2953 2151 2983; x_wconf 87' lang='lat' dir='ltr'>cum</span> <span class='ocrx_word' id='word_1_537' title='bbox 2173 2953 2223 2983; x_wconf 91' lang='lat' dir='ltr'>eo</span> 
     </span>
     <span class='ocr_line' id='line_1_60' title="bbox 393 2999 2224 3062; baseline -0.005 -12"><span class='ocrx_word' id='word_1_538' title='bbox 393 3007 620 3062; x_wconf 85' lang='lat' dir='ltr'>octoginta</span> <span class='ocrx_word' id='word_1_539' title='bbox 650 3007 746 3051; x_wconf 70' lang='lat' dir='ltr'>viri.</span> <span class='ocrx_word' id='word_1_540' title='bbox 781 3007 798 3032; x_wconf 79' lang='grc'>9</span> <span class='ocrx_word' id='word_1_541' title='bbox 817 3007 883 3050; x_wconf 89' lang='lat' dir='ltr'>De</span> <span class='ocrx_word' id='word_1_542' title='bbox 912 3007 1013 3049; x_wconf 78' lang='lat' dir='ltr'>filiis</span> <span class='ocrx_word' id='word_1_543' title='bbox 1044 3006 1180 3061; x_wconf 86' lang='lat' dir='ltr'>Joab,</span> <span class='ocrx_word' id='word_1_544' title='bbox 1209 3006 1400 3061; x_wconf 89' lang='lat' dir='ltr'>Obedia,</span> <span class='ocrx_word' id='word_1_545' title='bbox 1427 3005 1544 3047; x_wconf 90' lang='lat' dir='ltr'>filius</span> <span class='ocrx_word' id='word_1_546' title='bbox 1570 3002 1740 3058; x_wconf 89' lang='lat' dir='ltr'>Jahiel,</span> <span class='ocrx_word' id='word_1_547' title='bbox 1771 3007 1813 3045; x_wconf 87' lang='lat' dir='ltr'>et</span> <span class='ocrx_word' id='word_1_548' title='bbox 1840 3015 1941 3044; x_wconf 90' lang='lat' dir='ltr'>cum</span> <span class='ocrx_word' id='word_1_549' title='bbox 1967 3015 2016 3043; x_wconf 89' lang='lat' dir='ltr'>eo</span> <span class='ocrx_word' id='word_1_550' title='bbox 2043 2999 2224 3042; x_wconf 86' lang='lat' dir='ltr'>ducenti</span> 
     </span>
     <span class='ocr_line' id='line_1_61' title="bbox 394 3062 2226 3121; baseline -0.005 -12"><span class='ocrx_word' id='word_1_551' title='bbox 394 3066 547 3109; x_wconf 87' lang='lat' dir='ltr'>decem</span> <span class='ocrx_word' id='word_1_552' title='bbox 573 3072 615 3109; x_wconf 91' lang='lat' dir='ltr'>et</span> <span class='ocrx_word' id='word_1_553' title='bbox 641 3071 738 3109; x_wconf 90' lang='lat' dir='ltr'>octo</span> <span class='ocrx_word' id='word_1_554' title='bbox 760 3065 856 3108; x_wconf 81' lang='lat' dir='ltr'>viri.</span> <span class='ocrx_word' id='word_1_555' title='bbox 880 3066 916 3092; x_wconf 73' lang='lat'>¹⁰</span> <span class='ocrx_word' id='word_1_556' title='bbox 935 3066 1000 3108; x_wconf 90' lang='lat' dir='ltr'>De</span> <span class='ocrx_word' id='word_1_557' title='bbox 1026 3066 1128 3108; x_wconf 87' lang='lat' dir='ltr'>filiis</span> <span class='ocrx_word' id='word_1_558' title='bbox 1155 3065 1381 3121; x_wconf 85' lang='lat' dir='ltr'>Selomith,</span> <span class='ocrx_word' id='word_1_559' title='bbox 1405 3064 1521 3107; x_wconf 88' lang='lat' dir='ltr'>filius</span> <span class='ocrx_word' id='word_1_560' title='bbox 1544 3063 1573 3107; x_wconf 88' lang='lat' dir='ltr'>J</span> <span class='ocrx_word' id='word_1_561' title='bbox 1577 3062 1757 3120; x_wconf 80' lang='lat' dir='ltr'>osphiae,</span> <span class='ocrx_word' id='word_1_562' title='bbox 1781 3066 1823 3104; x_wconf 91' lang='lat' dir='ltr'>et</span> <span class='ocrx_word' id='word_1_563' title='bbox 1846 3074 1947 3103; x_wconf 90' lang='lat' dir='ltr'>cum</span> <span class='ocrx_word' id='word_1_564' title='bbox 1973 3073 2022 3103; x_wconf 90' lang='lat' dir='ltr'>eo</span> <span class='ocrx_word' id='word_1_565' title='bbox 2046 3063 2226 3102; x_wconf 88' lang='lat' dir='ltr'>centum</span> 
     </span>
     <span class='ocr_line' id='line_1_62' title="bbox 394 3120 2224 3181; baseline -0.005 -12"><span class='ocrx_word' id='word_1_566' title='bbox 394 3125 627 3181; x_wconf 75' lang='lat' dir='ltr'>sexaginta</span> <span class='ocrx_word' id='word_1_567' title='bbox 664 3124 760 3167; x_wconf 71' lang='lat' dir='ltr'>viri.</span> <span class='ocrx_word' id='word_1_568' title='bbox 797 3124 829 3150; x_wconf 77' lang='lat'>¹¹</span> <span class='ocrx_word' id='word_1_569' title='bbox 863 3125 928 3168; x_wconf 88' lang='lat' dir='ltr'>De</span> <span class='ocrx_word' id='word_1_570' title='bbox 965 3124 1066 3167; x_wconf 87' lang='lat' dir='ltr'>filiis</span> <span class='ocrx_word' id='word_1_571' title='bbox 1106 3124 1264 3180; x_wconf 88' lang='lat' dir='ltr'>Bebai,</span> <span class='ocrx_word' id='word_1_572' title='bbox 1302 3124 1558 3179; x_wconf 86' lang='lat' dir='ltr'>Zacharias,</span> <span class='ocrx_word' id='word_1_573' title='bbox 1598 3121 1714 3165; x_wconf 88' lang='lat' dir='ltr'>filius</span> <span class='ocrx_word' id='word_1_574' title='bbox 1750 3120 1909 3175; x_wconf 86' lang='lat' dir='ltr'>Bebai,</span> <span class='ocrx_word' id='word_1_575' title='bbox 1949 3124 1991 3163; x_wconf 86' lang='lat' dir='ltr'>et</span> <span class='ocrx_word' id='word_1_576' title='bbox 2033 3132 2132 3161; x_wconf 88' lang='lat' dir='ltr'>cum</span> <span class='ocrx_word' id='word_1_577' title='bbox 2174 3131 2224 3161; x_wconf 87' lang='lat' dir='ltr'>eo</span> 
     </span>
     <span class='ocr_line' id='line_1_63' title="bbox 394 3180 2223 3240; baseline -0.005 -13"><span class='ocrx_word' id='word_1_578' title='bbox 394 3184 557 3240; x_wconf 73' lang='lat' dir='ltr'>viginti</span> <span class='ocrx_word' id='word_1_579' title='bbox 587 3190 685 3228; x_wconf 92' lang='lat' dir='ltr'>octo</span> <span class='ocrx_word' id='word_1_580' title='bbox 712 3184 807 3226; x_wconf 87' lang='lat' dir='ltr'>viri.</span> <span class='ocrx_word' id='word_1_581' title='bbox 843 3183 879 3209; x_wconf 61' lang='lat'>¹⁸2</span> <span class='ocrx_word' id='word_1_582' title='bbox 897 3184 963 3226; x_wconf 91' lang='lat' dir='ltr'>De</span> <span class='ocrx_word' id='word_1_583' title='bbox 989 3184 1089 3226; x_wconf 86' lang='lat' dir='ltr'>filiis</span> <span class='ocrx_word' id='word_1_584' title='bbox 1122 3183 1301 3239; x_wconf 83' lang='lat' dir='ltr'>Azgad,</span> <span class='ocrx_word' id='word_1_585' title='bbox 1329 3184 1356 3226; x_wconf 91' lang='lat' dir='ltr'>J</span> <span class='ocrx_word' id='word_1_586' title='bbox 1362 3183 1557 3239; x_wconf 89' lang='lat' dir='ltr'>ohanan,</span> <span class='ocrx_word' id='word_1_587' title='bbox 1589 3180 1705 3224; x_wconf 90' lang='lat' dir='ltr'>filius</span> <span class='ocrx_word' id='word_1_588' title='bbox 1733 3181 1949 3233; x_wconf 84' lang='lat' dir='ltr'>Eccetan,</span> <span class='ocrx_word' id='word_1_589' title='bbox 1981 3184 2024 3223; x_wconf 89' lang='lat' dir='ltr'>et</span> <span class='ocrx_word' id='word_1_590' title='bbox 2047 3191 2148 3221; x_wconf 91' lang='lat' dir='ltr'>cum</span> <span class='ocrx_word' id='word_1_591' title='bbox 2174 3190 2223 3219; x_wconf 93' lang='lat' dir='ltr'>eo</span> 
     </span>
     <span class='ocr_line' id='line_1_64' title="bbox 396 3236 2224 3298; baseline -0.005 -11"><span class='ocrx_word' id='word_1_592' title='bbox 396 3249 573 3287; x_wconf 86' lang='lat' dir='ltr'>centum</span> <span class='ocrx_word' id='word_1_593' title='bbox 599 3249 642 3287; x_wconf 91' lang='lat' dir='ltr'>et</span> <span class='ocrx_word' id='word_1_594' title='bbox 668 3242 819 3286; x_wconf 86' lang='lat' dir='ltr'>decem</span> <span class='ocrx_word' id='word_1_595' title='bbox 842 3242 938 3285; x_wconf 81' lang='lat' dir='ltr'>viri.</span> <span class='ocrx_word' id='word_1_596' title='bbox 965 3242 1002 3268; x_wconf 74' lang='lat'>¹3</span> <span class='ocrx_word' id='word_1_597' title='bbox 1021 3243 1086 3285; x_wconf 91' lang='lat' dir='ltr'>De</span> <span class='ocrx_word' id='word_1_598' title='bbox 1108 3243 1209 3285; x_wconf 91' lang='lat' dir='ltr'>filiis</span> <span class='ocrx_word' id='word_1_599' title='bbox 1236 3242 1506 3298; x_wconf 81' lang='lat' dir='ltr'>Adonicam,</span> <span class='ocrx_word' id='word_1_600' title='bbox 1538 3241 1611 3297; x_wconf 89' lang='lat' dir='ltr'>qui</span> <span class='ocrx_word' id='word_1_601' title='bbox 1637 3244 1761 3284; x_wconf 88' lang='lat' dir='ltr'>erant</span> <span class='ocrx_word' id='word_1_602' title='bbox 1784 3237 2035 3294; x_wconf 76' lang='lat' dir='ltr'>novissimi,</span> <span class='ocrx_word' id='word_1_603' title='bbox 2058 3241 2101 3281; x_wconf 88' lang='lat' dir='ltr'>et</span> <span class='ocrx_word' id='word_1_604' title='bbox 2125 3236 2224 3279; x_wconf 82' lang='lat' dir='ltr'>haec</span> 
     </span>
     <span class='ocr_line' id='line_1_65' title="bbox 395 3294 2224 3358; baseline -0.004 -13"><span class='ocrx_word' id='word_1_605' title='bbox 395 3303 575 3347; x_wconf 87' lang='lat' dir='ltr'>nomina</span> <span class='ocrx_word' id='word_1_606' title='bbox 600 3316 748 3346; x_wconf 88' lang='lat' dir='ltr'>eorum</span> <span class='ocrx_word' id='word_1_607' title='bbox 779 3319 786 3345; x_wconf 94' lang='lat'>:</span> <span class='ocrx_word' id='word_1_608' title='bbox 819 3301 1092 3358; x_wconf 83' lang='lat' dir='ltr'>Elipheleth,</span> <span class='ocrx_word' id='word_1_609' title='bbox 1120 3307 1162 3344; x_wconf 86' lang='lat' dir='ltr'>et</span> <span class='ocrx_word' id='word_1_610' title='bbox 1191 3302 1217 3344; x_wconf 86' lang='lat' dir='ltr'>J</span> <span class='ocrx_word' id='word_1_611' title='bbox 1224 3302 1358 3357; x_wconf 83' lang='lat' dir='ltr'>ehiel,</span> <span class='ocrx_word' id='word_1_612' title='bbox 1386 3308 1428 3345; x_wconf 88' lang='lat' dir='ltr'>et</span> <span class='ocrx_word' id='word_1_613' title='bbox 1454 3300 1673 3354; x_wconf 84' lang='lat' dir='ltr'>Samaias,</span> <span class='ocrx_word' id='word_1_614' title='bbox 1704 3304 1746 3342; x_wconf 90' lang='lat' dir='ltr'>et</span> <span class='ocrx_word' id='word_1_615' title='bbox 1772 3313 1872 3342; x_wconf 89' lang='lat' dir='ltr'>cum</span> <span class='ocrx_word' id='word_1_616' title='bbox 1902 3298 1963 3341; x_wconf 88' lang='lat' dir='ltr'>eis</span> <span class='ocrx_word' id='word_1_617' title='bbox 1989 3294 2224 3351; x_wconf 83' lang='lat' dir='ltr'>sexaginta</span> 
     </span>
     <span class='ocr_line' id='line_1_66' title="bbox 396 3356 2102 3417; baseline -0.004 -12"><span class='ocrx_word' id='word_1_618' title='bbox 396 3363 492 3405; x_wconf 72' lang='lat' dir='ltr'>viri.</span> <span class='ocrx_word' id='word_1_619' title='bbox 528 3362 560 3388; x_wconf 64' lang='lat'>¹⁴</span> <span class='ocrx_word' id='word_1_620' title='bbox 580 3363 645 3405; x_wconf 93' lang='lat' dir='ltr'>De</span> <span class='ocrx_word' id='word_1_621' title='bbox 671 3361 772 3404; x_wconf 88' lang='lat' dir='ltr'>filiis</span> <span class='ocrx_word' id='word_1_622' title='bbox 797 3360 958 3416; x_wconf 88' lang='lat' dir='ltr'>Begui,</span> <span class='ocrx_word' id='word_1_623' title='bbox 984 3360 1121 3404; x_wconf 87' lang='lat' dir='ltr'>Uthai</span> <span class='ocrx_word' id='word_1_624' title='bbox 1144 3365 1186 3404; x_wconf 91' lang='lat' dir='ltr'>et</span> <span class='ocrx_word' id='word_1_625' title='bbox 1208 3360 1391 3417; x_wconf 82' lang='lat' dir='ltr'>Zachur,</span> <span class='ocrx_word' id='word_1_626' title='bbox 1418 3366 1461 3404; x_wconf 91' lang='lat' dir='ltr'>et</span> <span class='ocrx_word' id='word_1_627' title='bbox 1487 3374 1588 3403; x_wconf 90' lang='lat' dir='ltr'>cum</span> <span class='ocrx_word' id='word_1_628' title='bbox 1609 3359 1670 3402; x_wconf 87' lang='lat' dir='ltr'>eis</span> <span class='ocrx_word' id='word_1_629' title='bbox 1697 3357 1981 3415; x_wconf 83' lang='lat' dir='ltr'>septuaginta</span> <span class='ocrx_word' id='word_1_630' title='bbox 2006 3356 2102 3398; x_wconf 74' lang='lat' dir='ltr'>viri.</span> 
     </span>
    </p>

    <p class='ocr_par' dir='ltr' id='par_1_14' title="bbox 396 3414 2225 3654">
     <span class='ocr_line' id='line_1_67' title="bbox 458 3414 2220 3477; baseline -0.004 -13"><span class='ocrx_word' id='word_1_631' title='bbox 458 3421 491 3448; x_wconf 81' lang='lat'>¹5</span> <span class='ocrx_word' id='word_1_632' title='bbox 509 3420 786 3477; x_wconf 79' lang='lat' dir='ltr'>Congregavi</span> <span class='ocrx_word' id='word_1_633' title='bbox 812 3426 960 3463; x_wconf 85' lang='lat' dir='ltr'>autem</span> <span class='ocrx_word' id='word_1_634' title='bbox 986 3433 1057 3462; x_wconf 91' lang='lat' dir='ltr'>eos</span> <span class='ocrx_word' id='word_1_635' title='bbox 1083 3418 1140 3462; x_wconf 87' lang='lat' dir='ltr'>ad</span> <span class='ocrx_word' id='word_1_636' title='bbox 1165 3419 1351 3462; x_wconf 75' lang='lat' dir='ltr'>fluvium</span> <span class='ocrx_word' id='word_1_637' title='bbox 1377 3420 1450 3476; x_wconf 88' lang='lat' dir='ltr'>qui</span> <span class='ocrx_word' id='word_1_638' title='bbox 1477 3418 1669 3462; x_wconf 89' lang='lat' dir='ltr'>decurrit</span> <span class='ocrx_word' id='word_1_639' title='bbox 1697 3416 1753 3460; x_wconf 84' lang='lat' dir='ltr'>ad</span> <span class='ocrx_word' id='word_1_640' title='bbox 1780 3417 1959 3471; x_wconf 68' lang='lat' dir='ltr'>Allava,</span> <span class='ocrx_word' id='word_1_641' title='bbox 1987 3420 2030 3459; x_wconf 90' lang='lat' dir='ltr'>et</span> <span class='ocrx_word' id='word_1_642' title='bbox 2059 3414 2220 3458; x_wconf 87' lang='lat' dir='ltr'>mansi—</span> 
     </span>
     <span class='ocr_line' id='line_1_68' title="bbox 396 3473 2222 3536; baseline -0.004 -12"><span class='ocrx_word' id='word_1_643' title='bbox 396 3496 492 3524; x_wconf 86' lang='lat' dir='ltr'>mus</span> <span class='ocrx_word' id='word_1_644' title='bbox 521 3481 583 3523; x_wconf 85' lang='lat' dir='ltr'>ibi</span> <span class='ocrx_word' id='word_1_645' title='bbox 613 3480 753 3523; x_wconf 89' lang='lat' dir='ltr'>tribus</span> <span class='ocrx_word' id='word_1_646' title='bbox 783 3478 966 3534; x_wconf 81' lang='lat' dir='ltr'>diebus3</span> <span class='ocrx_word' id='word_1_647' title='bbox 998 3479 1269 3534; x_wconf 74' lang='lat' dir='ltr'>quaesivique</span> <span class='ocrx_word' id='word_1_648' title='bbox 1300 3479 1345 3521; x_wconf 89' lang='lat' dir='ltr'>in</span> <span class='ocrx_word' id='word_1_649' title='bbox 1371 3478 1533 3536; x_wconf 91' lang='lat' dir='ltr'>populo</span> <span class='ocrx_word' id='word_1_650' title='bbox 1559 3483 1602 3520; x_wconf 88' lang='lat' dir='ltr'>et</span> <span class='ocrx_word' id='word_1_651' title='bbox 1629 3476 1674 3519; x_wconf 89' lang='grc'>10</span> <span class='ocrx_word' id='word_1_652' title='bbox 1704 3476 2007 3520; x_wconf 85' lang='lat' dir='ltr'>sacerdotibus</span> <span class='ocrx_word' id='word_1_653' title='bbox 2038 3474 2092 3518; x_wconf 90' lang='lat' dir='ltr'>de</span> <span class='ocrx_word' id='word_1_654' title='bbox 2120 3473 2222 3517; x_wconf 82' lang='lat' dir='ltr'>filiis</span> 
     </span>
     <span class='ocr_line' id='line_1_69' title="bbox 397 3534 2223 3594; baseline -0.004 -12"><span class='ocrx_word' id='word_1_655' title='bbox 397 3539 525 3594; x_wconf 80' lang='lat' dir='ltr'>Levi,</span> <span class='ocrx_word' id='word_1_656' title='bbox 556 3545 599 3582; x_wconf 91' lang='lat' dir='ltr'>et</span> <span class='ocrx_word' id='word_1_657' title='bbox 630 3554 718 3582; x_wconf 90' lang='lat' dir='ltr'>non</span> <span class='ocrx_word' id='word_1_658' title='bbox 746 3537 895 3582; x_wconf 83' lang='lat' dir='ltr'>inveni</span> <span class='ocrx_word' id='word_1_659' title='bbox 920 3537 997 3582; x_wconf 89' lang='lat' dir='ltr'>ibi.</span> <span class='ocrx_word' id='word_1_660' title='bbox 1026 3537 1062 3563; x_wconf 77' lang='lat'>¹⁶</span> <span class='ocrx_word' id='word_1_661' title='bbox 1077 3537 1232 3593; x_wconf 78' lang='lat' dir='ltr'>Itaque</span> <span class='ocrx_word' id='word_1_662' title='bbox 1262 3538 1361 3580; x_wconf 82' lang='lat' dir='ltr'>misi</span> <span class='ocrx_word' id='word_1_663' title='bbox 1392 3537 1574 3590; x_wconf 85' lang='lat' dir='ltr'>Eliezer,</span> <span class='ocrx_word' id='word_1_664' title='bbox 1602 3541 1645 3579; x_wconf 88' lang='lat' dir='ltr'>et</span> <span class='ocrx_word' id='word_1_665' title='bbox 1669 3536 1812 3592; x_wconf 86' lang='lat' dir='ltr'>Ariel,</span> <span class='ocrx_word' id='word_1_666' title='bbox 1844 3542 1887 3579; x_wconf 87' lang='lat' dir='ltr'>et</span> <span class='ocrx_word' id='word_1_667' title='bbox 1917 3534 2155 3590; x_wconf 85' lang='lat' dir='ltr'>Semeiam,</span> <span class='ocrx_word' id='word_1_668' title='bbox 2178 3538 2223 3576; x_wconf 89' lang='lat' dir='ltr'>et</span> 
     </span>
     <span class='ocr_line' id='line_1_70' title="bbox 398 3593 2225 3654; baseline -0.003 -13"><span class='ocrx_word' id='word_1_669' title='bbox 398 3598 642 3654; x_wconf 81' lang='lat' dir='ltr'>Elnathan,</span> <span class='ocrx_word' id='word_1_670' title='bbox 669 3604 711 3641; x_wconf 89' lang='lat' dir='ltr'>et</span> <span class='ocrx_word' id='word_1_671' title='bbox 743 3597 890 3653; x_wconf 87' lang='lat' dir='ltr'>Jarib,</span> <span class='ocrx_word' id='word_1_672' title='bbox 921 3602 964 3640; x_wconf 92' lang='lat' dir='ltr'>et</span> <span class='ocrx_word' id='word_1_673' title='bbox 995 3597 1183 3639; x_wconf 83' lang='lat' dir='ltr'>alterum</span> <span class='ocrx_word' id='word_1_674' title='bbox 1210 3597 1455 3652; x_wconf 85' lang='lat' dir='ltr'>Elnathan,</span> <span class='ocrx_word' id='word_1_675' title='bbox 1490 3600 1532 3639; x_wconf 88' lang='lat' dir='ltr'>et</span> <span class='ocrx_word' id='word_1_676' title='bbox 1562 3595 1762 3651; x_wconf 81' lang='lat' dir='ltr'>Nathan,</span> <span class='ocrx_word' id='word_1_677' title='bbox 1797 3601 1839 3639; x_wconf 90' lang='lat' dir='ltr'>et</span> <span class='ocrx_word' id='word_1_678' title='bbox 1867 3593 2148 3649; x_wconf 84' lang='lat' dir='ltr'>Zachariam,</span> <span class='ocrx_word' id='word_1_679' title='bbox 2178 3597 2225 3636; x_wconf 82' lang='lat' dir='ltr'>et</span> 
     </span>
    </p>
   </div>
  </div>
 </body>
</html>
