<?xml version="1.0" encoding="UTF-8"?>
<!DOCTYPE html PUBLIC "-//W3C//DTD XHTML 1.0 Transitional//EN"
    "http://www.w3.org/TR/xhtml1/DTD/xhtml1-transitional.dtd">
<html xmlns="http://www.w3.org/1999/xhtml" xml:lang="en" lang="en">
 <head>
  <title>
</title>
<meta http-equiv="Content-Type" content="text/html;charset=utf-8" />
  <meta name='ocr-system' content='tesseract 3.04.00' />
  <meta name='ocr-capabilities' content='ocr_page ocr_carea ocr_par ocr_line ocrx_word'/>
</head>
<body>
  <div class='ocr_page' id='page_1' title='image "./bibliasacrajuxta00fill_0460.png"; bbox 0 0 2456 3861; ppageno 0'>
   <div class='ocr_carea' id='block_1_1' title="bbox 93 1607 337 1947">
    <p class='ocr_par' dir='ltr' id='par_1_1' title="bbox 93 1607 337 1947">
     <span class='ocr_line' id='line_1_1' title="bbox 179 1607 254 1641; baseline -0.013 -5"><span class='ocrx_word' id='word_1_1' title='bbox 179 1607 254 1641; x_wconf 75' lang='lat' dir='ltr'>cyri</span> 
     </span>
     <span class='ocr_line' id='line_1_2' title="bbox 93 1651 336 1685; baseline -0.008 -4"><span class='ocrx_word' id='word_1_2' title='bbox 93 1651 260 1685; x_wconf 77' lang='lat' dir='ltr'>edictum,</span> <span class='ocrx_word' id='word_1_3' title='bbox 288 1658 336 1679; x_wconf 88' lang='lat' dir='ltr'>re-</span> 
     </span>
     <span class='ocr_line' id='line_1_3' title="bbox 163 1696 271 1724; baseline 0 -1"><span class='ocrx_word' id='word_1_4' title='bbox 163 1696 271 1724; x_wconf 77' lang='lat' dir='ltr'>(litum</span> 
     </span>
     <span class='ocr_line' id='line_1_4' title="bbox 94 1741 335 1769; baseline -0.004 0"><span class='ocrx_word' id='word_1_5' title='bbox 94 1741 114 1769; x_wconf 84' lang='lat' dir='ltr'>J</span> <span class='ocrx_word' id='word_1_6' title='bbox 118 1741 288 1769; x_wconf 74' lang='lat' dir='ltr'>udaeorum</span> <span class='ocrx_word' id='word_1_7' title='bbox 302 1743 335 1768; x_wconf 86' lang='lat' dir='ltr'>et</span> 
     </span>
     <span class='ocr_line' id='line_1_5' title="bbox 154 1785 272 1818; baseline -0.008 -4"><span class='ocrx_word' id='word_1_8' title='bbox 154 1785 272 1818; x_wconf 78' lang='lat' dir='ltr'>templi</span> 
     </span>
     <span class='ocr_line' id='line_1_6' title="bbox 107 1830 326 1858; baseline -0.009 0"><span class='ocrx_word' id='word_1_9' title='bbox 107 1830 326 1858; x_wconf 75' lang='lat' dir='ltr'>restauratio-</span> 
     </span>
     <span class='ocr_line' id='line_1_7' title="bbox 93 1875 337 1907; baseline 0 -5"><span class='ocrx_word' id='word_1_10' title='bbox 93 1881 168 1902; x_wconf 86' lang='lat' dir='ltr'>nem</span> <span class='ocrx_word' id='word_1_11' title='bbox 201 1875 337 1907; x_wconf 78' lang='lat' dir='ltr'>permit·</span> 
     </span>
     <span class='ocr_line' id='line_1_8' title="bbox 174 1922 259 1947; baseline 0.012 -1"><span class='ocrx_word' id='word_1_12' title='bbox 174 1922 259 1947; x_wconf 81' lang='lat' dir='ltr'>tens.</span> 
     </span>
    </p>
   </div>
   <div class='ocr_carea' id='block_1_2' title="bbox 102 2297 322 2460">
    <p class='ocr_par' dir='ltr' id='par_1_2' title="bbox 102 2297 322 2460">
     <span class='ocr_line' id='line_1_9' title="bbox 102 2297 322 2326; baseline 0.009 -3"><span class='ocrx_word' id='word_1_13' title='bbox 102 2297 322 2326; x_wconf 66' lang='lat' dir='ltr'>Proficiscun-</span> 
     </span>
     <span class='ocr_line' id='line_1_10' title="bbox 109 2343 314 2378; baseline 0.01 -10"><span class='ocrx_word' id='word_1_14' title='bbox 109 2344 166 2369; x_wconf 86' lang='lat' dir='ltr'>tur</span> <span class='ocrx_word' id='word_1_15' title='bbox 195 2343 314 2378; x_wconf 80' lang='lat' dir='ltr'>multi,</span> 
     </span>
     <span class='ocr_line' id='line_1_11' title="bbox 134 2385 289 2418; baseline 0.013 -5"><span class='ocrx_word' id='word_1_16' title='bbox 134 2385 243 2418; x_wconf 68' lang='lat' dir='ltr'>adjuti</span> <span class='ocrx_word' id='word_1_17' title='bbox 270 2395 289 2415; x_wconf 75' lang='lat' dir='ltr'>a·</span> 
     </span>
     <span class='ocr_line' id='line_1_12' title="bbox 126 2430 301 2460; baseline 0.017 -3"><span class='ocrx_word' id='word_1_18' title='bbox 126 2430 301 2460; x_wconf 76' lang='lat' dir='ltr'>frutribus.</span> 
     </span>
    </p>
   </div>
   <div class='ocr_carea' id='block_1_3' title="bbox 88 2658 329 2780">
    <p class='ocr_par' dir='ltr' id='par_1_3' title="bbox 88 2658 329 2780">
     <span class='ocr_line' id='line_1_13' title="bbox 88 2658 329 2693; baseline 0.012 -8"><span class='ocrx_word' id='word_1_19' title='bbox 88 2658 194 2691; x_wconf 65' lang='lat' dir='ltr'>Cyrus</span> <span class='ocrx_word' id='word_1_20' title='bbox 233 2659 329 2693; x_wconf 72' lang='lat' dir='ltr'>jubet</span> 
     </span>
     <span class='ocr_line' id='line_1_14' title="bbox 116 2703 305 2733; baseline 0.021 -4"><span class='ocrx_word' id='word_1_21' title='bbox 116 2703 207 2731; x_wconf 76' lang='lat' dir='ltr'>reddi</span> <span class='ocrx_word' id='word_1_22' title='bbox 226 2712 305 2733; x_wconf 75' lang='lat' dir='ltr'>vasa</span> 
     </span>
     <span class='ocr_line' id='line_1_15' title="bbox 147 2747 273 2780; baseline 0.016 -6"><span class='ocrx_word' id='word_1_23' title='bbox 147 2747 273 2780; x_wconf 69' lang='lat' dir='ltr'>templi.</span> 
     </span>
    </p>
   </div>
   <div class='ocr_carea' id='block_1_4' title="bbox 106 3179 317 3385">
    <p class='ocr_par' dir='ltr' id='par_1_4' title="bbox 106 3179 317 3296">
     <span class='ocr_line' id='line_1_16' title="bbox 124 3179 305 3212; baseline 0.017 -7"><span class='ocrx_word' id='word_1_24' title='bbox 124 3179 305 3212; x_wconf 66' lang='lat' dir='ltr'>Catalmgus</span> 
     </span>
     <span class='ocr_line' id='line_1_17' title="bbox 106 3223 317 3254; baseline 0.024 -7"><span class='ocrx_word' id='word_1_25' title='bbox 106 3223 317 3254; x_wconf 79' lang='lat' dir='ltr'>proficiscen-</span> 
     </span>
     <span class='ocr_line' id='line_1_18' title="bbox 165 3267 260 3296; baseline 0.021 -2"><span class='ocrx_word' id='word_1_26' title='bbox 165 3267 260 3296; x_wconf 84' lang='lat' dir='ltr'>tium.</span> 
     </span>
    </p>

    <p class='ocr_par' dir='ltr' id='par_1_5' title="bbox 107 3313 317 3385">
     <span class='ocr_line' id='line_1_19' title="bbox 107 3313 317 3340; baseline 0.01 -2"><span class='ocrx_word' id='word_1_27' title='bbox 107 3313 138 3338; x_wconf 89' lang='lat'>10</span> <span class='ocrx_word' id='word_1_28' title='bbox 165 3313 317 3340; x_wconf 83' lang='lat' dir='ltr'>Introdu-</span> 
     </span>
     <span class='ocr_line' id='line_1_20' title="bbox 173 3355 251 3385; baseline 0.026 -2"><span class='ocrx_word' id='word_1_29' title='bbox 173 3355 251 3385; x_wconf 79' lang='lat' dir='ltr'>ctio.</span> 
     </span>
    </p>
   </div>
   <div class='ocr_carea' id='block_1_5' title="bbox 90 3474 331 3550">
    <p class='ocr_par' dir='ltr' id='par_1_6' title="bbox 90 3474 331 3550">
     <span class='ocr_line' id='line_1_21' title="bbox 90 3474 331 3504; baseline 0.017 -4"><span class='ocrx_word' id='word_1_30' title='bbox 90 3474 124 3500; x_wconf 76' lang='lat'>20</span> <span class='ocrx_word' id='word_1_31' title='bbox 148 3474 297 3503; x_wconf 59' lang='lat' dir='ltr'>Familiae</span> <span class='ocrx_word' id='word_1_32' title='bbox 315 3483 331 3504; x_wconf 85' lang='lat'>0</span> 
     </span>
     <span class='ocr_line' id='line_1_22' title="bbox 146 3518 279 3550; baseline 0 -5"><span class='ocrx_word' id='word_1_33' title='bbox 146 3518 279 3550; x_wconf 80' lang='lat' dir='ltr'>populo.</span> 
     </span>
    </p>
   </div>
   <div class='ocr_carea' id='block_1_6' title="bbox 465 196 2189 473">
    <p class='ocr_par' dir='ltr' id='par_1_7' title="bbox 465 196 2189 473">
     <span class='ocr_line' id='line_1_23' title="bbox 465 196 2189 473; baseline 0 3388"><span class='ocrx_word' id='word_1_34' title='bbox 465 196 2189 473; x_wconf 95' lang='lat' dir='ltr'> </span> 
     </span>
    </p>
   </div>
   <div class='ocr_carea' id='block_1_7' title="bbox 556 695 2094 797">
    <p class='ocr_par' dir='ltr' id='par_1_8' title="bbox 556 695 2094 797">
     <span class='ocr_line' id='line_1_24' title="bbox 556 695 2094 797; baseline 0.003 -6"><span class='ocrx_word' id='word_1_35' title='bbox 556 695 959 793; x_wconf 83' lang='lat' dir='ltr'>LIBER</span> <span class='ocrx_word' id='word_1_36' title='bbox 1031 698 1540 797; x_wconf 86' lang='lat' dir='ltr'>PRIMUS</span> <span class='ocrx_word' id='word_1_37' title='bbox 1624 697 2094 797; x_wconf 77' lang='lat' dir='ltr'>ESDRAE</span> 
     </span>
    </p>
   </div>
   <div class='ocr_carea' id='block_1_8' title="bbox 1156 901 1492 927">
    <p class='ocr_par' dir='ltr' id='par_1_9' title="bbox 1156 901 1492 927">
     <span class='ocr_line' id='line_1_25' title="bbox 1156 901 1492 927; baseline 0.003 -1"><span class='ocrx_word' id='word_1_38' title='bbox 1156 901 1492 927; x_wconf 36' lang='lat' dir='ltr'>—s—*A———</span> 
     </span>
    </p>
   </div>
   <div class='ocr_carea' id='block_1_9' title="bbox 1059 1070 1596 1127">
    <p class='ocr_par' dir='ltr' id='par_1_10' title="bbox 1059 1070 1596 1127">
     <span class='ocr_line' id='line_1_26' title="bbox 1059 1070 1596 1127; baseline 0.006 -3"><span class='ocrx_word' id='word_1_39' title='bbox 1059 1070 1274 1126; x_wconf 79' lang='lat' dir='ltr'><strong>PARS</strong></span> <span class='ocrx_word' id='word_1_40' title='bbox 1325 1071 1596 1127; x_wconf 84' lang='lat' dir='ltr'>PRIOR</span> 
     </span>
    </p>
   </div>
   <div class='ocr_carea' id='block_1_10' title="bbox 442 1200 2207 1320">
    <p class='ocr_par' dir='ltr' id='par_1_11' title="bbox 442 1200 2207 1320">
     <span class='ocr_line' id='line_1_27' title="bbox 442 1200 2207 1263; baseline 0.004 -24"><span class='ocrx_word' id='word_1_41' title='bbox 442 1200 624 1240; x_wconf 77' lang='lat' dir='ltr'><strong>PRIMA</strong></span> <span class='ocrx_word' id='word_1_42' title='bbox 667 1201 919 1240; x_wconf 80' lang='lat' dir='ltr'>COLONIA</span> <span class='ocrx_word' id='word_1_43' title='bbox 960 1201 1289 1241; x_wconf 82' lang='lat' dir='ltr'>JUDAEORUH</span> <span class='ocrx_word' id='word_1_44' title='bbox 1332 1203 1600 1257; x_wconf 77' lang='lat' dir='ltr'>EXULUM,</span> <span class='ocrx_word' id='word_1_45' title='bbox 1646 1204 1801 1244; x_wconf 80' lang='lat' dir='ltr'><strong>DUCE</strong></span> <span class='ocrx_word' id='word_1_46' title='bbox 1842 1205 2207 1263; x_wconf 83' lang='lat' dir='ltr'>ZOROBABEL,</span> 
     </span>
     <span class='ocr_line' id='line_1_28' title="bbox 529 1275 2115 1320; baseline 0.004 -7"><span class='ocrx_word' id='word_1_47' title='bbox 529 1275 899 1314; x_wconf 70' lang='lat' dir='ltr'>REVERTITUR</span> <span class='ocrx_word' id='word_1_48' title='bbox 938 1275 1276 1315; x_wconf 74' lang='lat' dir='ltr'><strong>JERUSALEM</strong></span> <span class='ocrx_word' id='word_1_49' title='bbox 1317 1277 1387 1316; x_wconf 88' lang='lat' dir='ltr'>ET</span> <span class='ocrx_word' id='word_1_50' title='bbox 1429 1277 1796 1317; x_wconf 73' lang='lat' dir='ltr'><strong>REAEDIFJCAT</strong></span> <span class='ocrx_word' id='word_1_51' title='bbox 1840 1280 2115 1320; x_wconf 78' lang='lat' dir='ltr'>TEMPLUM</span> 
     </span>
    </p>
   </div>
   <div class='ocr_carea' id='block_1_11' title="bbox 520 1416 2124 1475">
    <p class='ocr_par' dir='ltr' id='par_1_12' title="bbox 520 1416 2124 1475">
     <span class='ocr_line' id='line_1_29' title="bbox 520 1416 2124 1475; baseline 0.004 -17"><span class='ocrx_word' id='word_1_52' title='bbox 520 1418 541 1471; x_wconf 66' lang='grc' dir='ltr'>ξ</span> <span class='ocrx_word' id='word_1_53' title='bbox 568 1417 603 1459; x_wconf 92' lang='grc' dir='ltr'>Ι.</span> <span class='ocrx_word' id='word_1_54' title='bbox 630 1442 689 1448; x_wconf 85' lang='grc'>-</span> <span class='ocrx_word' id='word_1_55' title='bbox 715 1416 901 1459; x_wconf 71' lang='lat' dir='ltr'>Reclitus</span> <span class='ocrx_word' id='word_1_56' title='bbox 922 1417 968 1459; x_wconf 73' lang='lat' dir='ltr'>in</span> <span class='ocrx_word' id='word_1_57' title='bbox 988 1417 1259 1471; x_wconf 70' lang='lat' dir='ltr'><em>Jerusalem,</em></span> <span class='ocrx_word' id='word_1_58' title='bbox 1284 1424 1496 1461; x_wconf 72' lang='lat' dir='ltr'>annuente</span> <span class='ocrx_word' id='word_1_59' title='bbox 1522 1418 1654 1473; x_wconf 72' lang='lat' dir='ltr'>Cyro,</span> <span class='ocrx_word' id='word_1_60' title='bbox 1667 1419 1870 1475; x_wconf 68' lang='lat' dir='ltr'>feliciter</span> <span class='ocrx_word' id='word_1_61' title='bbox 1888 1427 2124 1467; x_wconf 54' lang='lat' dir='ltr'>susceptus.</span> 
     </span>
    </p>
   </div>
   <div class='ocr_carea' id='block_1_12' title="bbox 394 1483 2242 3587">
    <p class='ocr_par' dir='ltr' id='par_1_13' title="bbox 396 1483 2242 2281">
     <span class='ocr_line' id='line_1_30' title="bbox 480 1483 646 1527; baseline -0.012 0"><span class='ocrx_word' id='word_1_62' title='bbox 480 1483 586 1527; x_wconf 82' lang='lat' dir='ltr'>CAP.</span> <span class='ocrx_word' id='word_1_63' title='bbox 610 1483 646 1525; x_wconf 88' lang='lat' dir='ltr'>I.</span> 
     </span>
     <span class='ocr_line' id='line_1_31' title="bbox 527 1749 2241 1811; baseline 0.004 -21"><span class='ocrx_word' id='word_1_64' title='bbox 527 1790 530 1800; x_wconf 59' lang='grc'><strong>,</strong></span> <span class='ocrx_word' id='word_1_65' title='bbox 623 1798 634 1811; x_wconf 31' lang='grc' dir='ltr'><em>θ</em></span> <span class='ocrx_word' id='word_1_66' title='bbox 754 1763 830 1805; x_wconf 86' lang='lat' dir='ltr'>per</span> <span class='ocrx_word' id='word_1_67' title='bbox 852 1749 1135 1805; x_wconf 75' lang='lat' dir='ltr'>scripturam,</span> <span class='ocrx_word' id='word_1_68' title='bbox 1160 1749 1312 1793; x_wconf 85' lang='lat' dir='ltr'>dicens</span> <span class='ocrx_word' id='word_1_69' title='bbox 1342 1767 1350 1794; x_wconf 80' lang='lat' dir='ltr'><strong><em>z</em></strong></span> <span class='ocrx_word' id='word_1_70' title='bbox 1373 1750 1390 1775; x_wconf 68' lang='lat'>‘²</span> <span class='ocrx_word' id='word_1_71' title='bbox 1413 1752 1527 1794; x_wconf 79' lang='lat' dir='ltr'>Haec</span> <span class='ocrx_word' id='word_1_72' title='bbox 1550 1751 1660 1794; x_wconf 89' lang='lat' dir='ltr'>dicit</span> <span class='ocrx_word' id='word_1_73' title='bbox 1682 1751 1843 1808; x_wconf 81' lang='lat' dir='ltr'>Cyrus,</span> <span class='ocrx_word' id='word_1_74' title='bbox 1867 1767 1944 1795; x_wconf 77' lang='lat' dir='ltr'>rex</span> <span class='ocrx_word' id='word_1_75' title='bbox 1967 1753 2201 1797; x_wconf 78' lang='lat' dir='ltr'>Persarum</span> <span class='ocrx_word' id='word_1_76' title='bbox 2232 1770 2241 1798; x_wconf 92' lang='lat'><strong>:</strong></span> 
     </span>
     <span class='ocr_line' id='line_1_32' title="bbox 610 1799 2242 1870; baseline 0.004 -20"><span class='ocrx_word' id='word_1_77' title='bbox 610 1799 636 1813; x_wconf 63' lang='lat'>¹&#39;</span> <span class='ocrx_word' id='word_1_78' title='bbox 758 1808 917 1851; x_wconf 88' lang='lat' dir='ltr'>Omnia</span> <span class='ocrx_word' id='word_1_79' title='bbox 939 1822 1074 1864; x_wconf 82' lang='lat' dir='ltr'>regna</span> <span class='ocrx_word' id='word_1_80' title='bbox 1097 1814 1223 1851; x_wconf 82' lang='lat' dir='ltr'>terrae</span> <span class='ocrx_word' id='word_1_81' title='bbox 1246 1809 1369 1852; x_wconf 91' lang='lat' dir='ltr'>dedit</span> <span class='ocrx_word' id='word_1_82' title='bbox 1395 1810 1503 1852; x_wconf 89' lang='lat' dir='ltr'>mihi</span> <span class='ocrx_word' id='word_1_83' title='bbox 1526 1811 1764 1867; x_wconf 74' lang='lat' dir='ltr'>DominuS,</span> <span class='ocrx_word' id='word_1_84' title='bbox 1794 1811 1912 1854; x_wconf 86' lang='lat' dir='ltr'>Deus</span> <span class='ocrx_word' id='word_1_85' title='bbox 1940 1813 2057 1868; x_wconf 83' lang='lat' dir='ltr'>caeli,</span> <span class='ocrx_word' id='word_1_86' title='bbox 2084 1819 2128 1856; x_wconf 88' lang='lat' dir='ltr'>et</span> <span class='ocrx_word' id='word_1_87' title='bbox 2147 1813 2242 1870; x_wconf 87' lang='lat' dir='ltr'>ipse</span> 
     </span>
     <span class='ocr_line' id='line_1_33' title="bbox 401 1867 2240 1926; baseline 0.002 -15"><span class='ocrx_word' id='word_1_88' title='bbox 401 1870 612 1926; x_wconf 70' lang='lat' dir='ltr'>praecepit</span> <span class='ocrx_word' id='word_1_89' title='bbox 635 1871 742 1913; x_wconf 87' lang='lat' dir='ltr'>mihi</span> <span class='ocrx_word' id='word_1_90' title='bbox 766 1873 813 1909; x_wconf 88' lang='lat' dir='ltr'>ut</span> <span class='ocrx_word' id='word_1_91' title='bbox 842 1867 1107 1910; x_wconf 75' lang='lat' dir='ltr'>aedificarem</span> <span class='ocrx_word' id='word_1_92' title='bbox 1135 1868 1173 1910; x_wconf 92' lang='lat' dir='ltr'>ei</span> <span class='ocrx_word' id='word_1_93' title='bbox 1200 1868 1381 1911; x_wconf 86' lang='lat' dir='ltr'>domum</span> <span class='ocrx_word' id='word_1_94' title='bbox 1410 1869 1456 1911; x_wconf 88' lang='lat' dir='ltr'>in</span> <span class='ocrx_word' id='word_1_95' title='bbox 1485 1870 1755 1925; x_wconf 75' lang='lat' dir='ltr'>Jerusalem,</span> <span class='ocrx_word' id='word_1_96' title='bbox 1783 1884 1882 1925; x_wconf 76' lang='lat' dir='ltr'>quae</span> <span class='ocrx_word' id='word_1_97' title='bbox 1904 1876 1970 1914; x_wconf 88' lang='lat' dir='ltr'>est</span> <span class='ocrx_word' id='word_1_98' title='bbox 1997 1871 2044 1913; x_wconf 87' lang='lat' dir='ltr'>in</span> <span class='ocrx_word' id='word_1_99' title='bbox 2065 1872 2240 1915; x_wconf 87' lang='lat' dir='ltr'>Judaea.</span> 
     </span>
     <span class='ocr_line' id='line_1_34' title="bbox 400 1926 2240 1987; baseline 0.003 -17"><span class='ocrx_word' id='word_1_100' title='bbox 400 1927 417 1952; x_wconf 83' lang='lat'>3</span> <span class='ocrx_word' id='word_1_101' title='bbox 438 1928 541 1978; x_wconf 83' lang='lat' dir='ltr'>Quis</span> <span class='ocrx_word' id='word_1_102' title='bbox 566 1935 633 1972; x_wconf 73' lang='lat' dir='ltr'>est</span> <span class='ocrx_word' id='word_1_103' title='bbox 654 1930 699 1972; x_wconf 89' lang='lat' dir='ltr'>in</span> <span class='ocrx_word' id='word_1_104' title='bbox 726 1927 850 1971; x_wconf 78' lang='lat' dir='ltr'>vobis</span> <span class='ocrx_word' id='word_1_105' title='bbox 878 1926 932 1969; x_wconf 85' lang='lat' dir='ltr'>de</span> <span class='ocrx_word' id='word_1_106' title='bbox 954 1927 1158 1970; x_wconf 76' lang='lat' dir='ltr'>universo</span> <span class='ocrx_word' id='word_1_107' title='bbox 1181 1929 1342 1984; x_wconf 88' lang='lat' dir='ltr'>populo</span> <span class='ocrx_word' id='word_1_108' title='bbox 1366 1927 1496 1984; x_wconf 77' lang='lat' dir='ltr'>ejus?</span> <span class='ocrx_word' id='word_1_109' title='bbox 1513 1928 1580 1971; x_wconf 86' lang='lat' dir='ltr'>Sit</span> <span class='ocrx_word' id='word_1_110' title='bbox 1606 1929 1725 1972; x_wconf 87' lang='lat' dir='ltr'>Deus</span> <span class='ocrx_word' id='word_1_111' title='bbox 1750 1929 1871 1972; x_wconf 89' lang='lat' dir='ltr'>illius</span> <span class='ocrx_word' id='word_1_112' title='bbox 1895 1944 1995 1972; x_wconf 89' lang='lat' dir='ltr'>cum</span> <span class='ocrx_word' id='word_1_113' title='bbox 2024 1930 2134 1987; x_wconf 89' lang='lat' dir='ltr'>ipso.</span> <span class='ocrx_word' id='word_1_114' title='bbox 2157 1932 2240 1975; x_wconf 89' lang='lat' dir='ltr'>As-</span> 
     </span>
     <span class='ocr_line' id='line_1_35' title="bbox 400 1986 2241 2047; baseline 0.003 -19"><span class='ocrx_word' id='word_1_115' title='bbox 400 1987 560 2030; x_wconf 86' lang='lat' dir='ltr'>cendat</span> <span class='ocrx_word' id='word_1_116' title='bbox 581 1989 626 2031; x_wconf 88' lang='lat' dir='ltr'>in</span> <span class='ocrx_word' id='word_1_117' title='bbox 653 1986 923 2042; x_wconf 76' lang='lat' dir='ltr'>Jerusalem,</span> <span class='ocrx_word' id='word_1_118' title='bbox 953 2000 1050 2041; x_wconf 76' lang='lat' dir='ltr'>quae</span> <span class='ocrx_word' id='word_1_119' title='bbox 1072 1991 1138 2029; x_wconf 87' lang='lat' dir='ltr'>est</span> <span class='ocrx_word' id='word_1_120' title='bbox 1166 1987 1211 2029; x_wconf 91' lang='lat' dir='ltr'>in</span> <span class='ocrx_word' id='word_1_121' title='bbox 1234 1987 1262 2029; x_wconf 93' lang='lat' dir='ltr'>J</span> <span class='ocrx_word' id='word_1_122' title='bbox 1267 1987 1418 2043; x_wconf 84' lang='lat' dir='ltr'>udaea,</span> <span class='ocrx_word' id='word_1_123' title='bbox 1449 1992 1493 2031; x_wconf 89' lang='lat' dir='ltr'>et</span> <span class='ocrx_word' id='word_1_124' title='bbox 1515 1988 1706 2031; x_wconf 81' lang='lat' dir='ltr'>aedificet</span> <span class='ocrx_word' id='word_1_125' title='bbox 1729 1987 1909 2031; x_wconf 87' lang='lat' dir='ltr'>domum</span> <span class='ocrx_word' id='word_1_126' title='bbox 1931 1990 2133 2047; x_wconf 79' lang='lat' dir='ltr'>Domini,</span> <span class='ocrx_word' id='word_1_127' title='bbox 2158 1991 2241 2034; x_wconf 90' lang='lat' dir='ltr'>Dei</span> 
     </span>
     <span class='ocr_line' id='line_1_36' title="bbox 398 2045 2241 2105; baseline 0.003 -18"><span class='ocrx_word' id='word_1_128' title='bbox 398 2046 561 2101; x_wconf 79' lang='lat' dir='ltr'>Israel3</span> <span class='ocrx_word' id='word_1_129' title='bbox 586 2048 680 2105; x_wconf 88' lang='lat' dir='ltr'>ipse</span> <span class='ocrx_word' id='word_1_130' title='bbox 702 2053 768 2091; x_wconf 91' lang='lat' dir='ltr'>est</span> <span class='ocrx_word' id='word_1_131' title='bbox 794 2046 913 2088; x_wconf 87' lang='lat' dir='ltr'>Deus</span> <span class='ocrx_word' id='word_1_132' title='bbox 944 2045 1018 2101; x_wconf 87' lang='lat' dir='ltr'>qui</span> <span class='ocrx_word' id='word_1_133' title='bbox 1048 2050 1114 2088; x_wconf 86' lang='lat' dir='ltr'>est</span> <span class='ocrx_word' id='word_1_134' title='bbox 1141 2046 1186 2088; x_wconf 89' lang='lat' dir='ltr'>in</span> <span class='ocrx_word' id='word_1_135' title='bbox 1217 2046 1480 2090; x_wconf 70' lang='lat' dir='ltr'>Jerusalem.</span> <span class='ocrx_word' id='word_1_136' title='bbox 1513 2047 1530 2073; x_wconf 84' lang='lat'>4</span> <span class='ocrx_word' id='word_1_137' title='bbox 1551 2047 1610 2090; x_wconf 90' lang='lat' dir='ltr'>Et</span> <span class='ocrx_word' id='word_1_138' title='bbox 1632 2061 1784 2090; x_wconf 89' lang='lat' dir='ltr'>omnes</span> <span class='ocrx_word' id='word_1_139' title='bbox 1812 2048 1971 2104; x_wconf 78' lang='lat' dir='ltr'>reliqui</span> <span class='ocrx_word' id='word_1_140' title='bbox 1999 2049 2046 2092; x_wconf 89' lang='lat' dir='ltr'>in</span> <span class='ocrx_word' id='word_1_141' title='bbox 2069 2050 2241 2093; x_wconf 89' lang='lat' dir='ltr'>cunctis</span> 
     </span>
     <span class='ocr_line' id='line_1_37' title="bbox 397 2105 2241 2166; baseline 0.003 -19"><span class='ocrx_word' id='word_1_142' title='bbox 397 2105 504 2148; x_wconf 88' lang='lat' dir='ltr'>locis</span> <span class='ocrx_word' id='word_1_143' title='bbox 539 2107 806 2163; x_wconf 87' lang='lat' dir='ltr'>ubicumque</span> <span class='ocrx_word' id='word_1_144' title='bbox 840 2105 1065 2161; x_wconf 81' lang='lat' dir='ltr'>habitant,</span> <span class='ocrx_word' id='word_1_145' title='bbox 1100 2105 1320 2161; x_wconf 67' lang='lat' dir='ltr'>adjuvent</span> <span class='ocrx_word' id='word_1_146' title='bbox 1352 2120 1453 2149; x_wconf 88' lang='lat' dir='ltr'>eum</span> <span class='ocrx_word' id='word_1_147' title='bbox 1482 2107 1565 2149; x_wconf 74' lang='lat' dir='ltr'>viri</span> <span class='ocrx_word' id='word_1_148' title='bbox 1601 2107 1654 2150; x_wconf 91' lang='lat' dir='ltr'>de</span> <span class='ocrx_word' id='word_1_149' title='bbox 1687 2107 1783 2150; x_wconf 89' lang='grc'>1000</span> <span class='ocrx_word' id='word_1_150' title='bbox 1814 2121 1913 2162; x_wconf 85' lang='lat' dir='ltr'>suo,</span> <span class='ocrx_word' id='word_1_151' title='bbox 1950 2114 2156 2166; x_wconf 83' lang='lat' dir='ltr'>argento,</span> <span class='ocrx_word' id='word_1_152' title='bbox 2198 2114 2241 2152; x_wconf 89' lang='lat' dir='ltr'>et</span> 
     </span>
     <span class='ocr_line' id='line_1_38' title="bbox 396 2165 2239 2225; baseline 0.003 -19"><span class='ocrx_word' id='word_1_153' title='bbox 396 2179 522 2221; x_wconf 87' lang='lat' dir='ltr'>auro,</span> <span class='ocrx_word' id='word_1_154' title='bbox 543 2172 586 2209; x_wconf 90' lang='lat' dir='ltr'>et</span> <span class='ocrx_word' id='word_1_155' title='bbox 608 2166 877 2221; x_wconf 82' lang='lat' dir='ltr'>substantia,</span> <span class='ocrx_word' id='word_1_156' title='bbox 899 2169 942 2207; x_wconf 90' lang='lat' dir='ltr'>et</span> <span class='ocrx_word' id='word_1_157' title='bbox 964 2165 1215 2221; x_wconf 80' lang='lat' dir='ltr'>pecoribus,</span> <span class='ocrx_word' id='word_1_158' title='bbox 1239 2170 1423 2222; x_wconf 79' lang='lat' dir='ltr'>excepto</span> <span class='ocrx_word' id='word_1_159' title='bbox 1447 2166 1562 2221; x_wconf 89' lang='lat' dir='ltr'>quod</span> <span class='ocrx_word' id='word_1_160' title='bbox 1585 2165 1834 2209; x_wconf 76' lang='lat' dir='ltr'>voluntarie</span> <span class='ocrx_word' id='word_1_161' title='bbox 1853 2166 2049 2211; x_wconf 78' lang='lat' dir='ltr'>offerunt</span> <span class='ocrx_word' id='word_1_162' title='bbox 2074 2169 2239 2225; x_wconf 88' lang='lat' dir='ltr'>templo</span> 
     </span>
     <span class='ocr_line' id='line_1_39' title="bbox 398 2224 1091 2281; baseline 0.004 -16"><span class='ocrx_word' id='word_1_163' title='bbox 398 2224 500 2281; x_wconf 82' lang='lat' dir='ltr'>Dei,</span> <span class='ocrx_word' id='word_1_164' title='bbox 528 2226 643 2281; x_wconf 88' lang='lat' dir='ltr'>quod</span> <span class='ocrx_word' id='word_1_165' title='bbox 669 2231 735 2270; x_wconf 87' lang='lat' dir='ltr'>est</span> <span class='ocrx_word' id='word_1_166' title='bbox 756 2226 803 2268; x_wconf 90' lang='lat' dir='ltr'>in</span> <span class='ocrx_word' id='word_1_167' title='bbox 828 2225 1091 2268; x_wconf 79' lang='lat' dir='ltr'>Jerusalem.</span> 
     </span>
    </p>

    <p class='ocr_par' dir='ltr' id='par_1_14' title="bbox 395 2283 2239 2625">
     <span class='ocr_line' id='line_1_40' title="bbox 455 2283 2236 2342; baseline 0.001 -15"><span class='ocrx_word' id='word_1_168' title='bbox 455 2283 472 2309; x_wconf 74' lang='lat'>5</span> <span class='ocrx_word' id='word_1_169' title='bbox 495 2285 553 2327; x_wconf 81' lang='lat' dir='ltr'>Et</span> <span class='ocrx_word' id='word_1_170' title='bbox 574 2290 858 2329; x_wconf 74' lang='lat' dir='ltr'>surrexerunt</span> <span class='ocrx_word' id='word_1_171' title='bbox 880 2284 1099 2340; x_wconf 80' lang='lat' dir='ltr'>principes</span> <span class='ocrx_word' id='word_1_172' title='bbox 1123 2290 1298 2340; x_wconf 88' lang='lat' dir='ltr'>patrum</span> <span class='ocrx_word' id='word_1_173' title='bbox 1322 2285 1376 2328; x_wconf 91' lang='lat' dir='ltr'>de</span> <span class='ocrx_word' id='word_1_174' title='bbox 1398 2286 1425 2328; x_wconf 89' lang='lat' dir='ltr'>J</span> <span class='ocrx_word' id='word_1_175' title='bbox 1432 2286 1519 2329; x_wconf 88' lang='lat' dir='ltr'>uda</span> <span class='ocrx_word' id='word_1_176' title='bbox 1545 2292 1588 2329; x_wconf 91' lang='lat' dir='ltr'>et</span> <span class='ocrx_word' id='word_1_177' title='bbox 1616 2286 1878 2342; x_wconf 82' lang='lat' dir='ltr'>Benjamin,</span> <span class='ocrx_word' id='word_1_178' title='bbox 1901 2291 1945 2329; x_wconf 90' lang='lat' dir='ltr'>et</span> <span class='ocrx_word' id='word_1_179' title='bbox 1966 2286 2236 2340; x_wconf 80' lang='lat' dir='ltr'>sacerdotes,</span> 
     </span>
     <span class='ocr_line' id='line_1_41' title="bbox 396 2343 2239 2401; baseline 0.002 -17"><span class='ocrx_word' id='word_1_180' title='bbox 396 2348 437 2385; x_wconf 86' lang='lat' dir='ltr'>et</span> <span class='ocrx_word' id='word_1_181' title='bbox 468 2344 636 2399; x_wconf 79' lang='lat' dir='ltr'>levitae,</span> <span class='ocrx_word' id='word_1_182' title='bbox 668 2351 711 2388; x_wconf 88' lang='lat' dir='ltr'>et</span> <span class='ocrx_word' id='word_1_183' title='bbox 742 2344 883 2387; x_wconf 90' lang='lat' dir='ltr'>omnis</span> <span class='ocrx_word' id='word_1_184' title='bbox 919 2343 1044 2399; x_wconf 80' lang='lat' dir='ltr'>cujus</span> <span class='ocrx_word' id='word_1_185' title='bbox 1080 2344 1200 2386; x_wconf 77' lang='lat' dir='ltr'>Deus</span> <span class='ocrx_word' id='word_1_186' title='bbox 1232 2344 1467 2387; x_wconf 72' lang='lat' dir='ltr'>suscitavit</span> <span class='ocrx_word' id='word_1_187' title='bbox 1500 2345 1726 2401; x_wconf 86' lang='lat' dir='ltr'>spiritum,</span> <span class='ocrx_word' id='word_1_188' title='bbox 1763 2351 1811 2387; x_wconf 90' lang='lat' dir='ltr'>ut</span> <span class='ocrx_word' id='word_1_189' title='bbox 1851 2345 2142 2389; x_wconf 78' lang='lat' dir='ltr'>ascenderent</span> <span class='ocrx_word' id='word_1_190' title='bbox 2181 2345 2239 2388; x_wconf 88' lang='lat' dir='ltr'>ad</span> 
     </span>
     <span class='ocr_line' id='line_1_42' title="bbox 398 2402 2239 2459; baseline 0.002 -15"><span class='ocrx_word' id='word_1_191' title='bbox 398 2402 712 2447; x_wconf 58' lang='lat' dir='ltr'>¹{edificandum</span> <span class='ocrx_word' id='word_1_192' title='bbox 741 2402 957 2459; x_wconf 81' lang='lat' dir='ltr'>templum</span> <span class='ocrx_word' id='word_1_193' title='bbox 994 2403 1196 2458; x_wconf 89' lang='lat' dir='ltr'>Domini,</span> <span class='ocrx_word' id='word_1_194' title='bbox 1233 2404 1348 2459; x_wconf 86' lang='lat' dir='ltr'>quod</span> <span class='ocrx_word' id='word_1_195' title='bbox 1383 2409 1476 2447; x_wconf 87' lang='lat' dir='ltr'>erat</span> <span class='ocrx_word' id='word_1_196' title='bbox 1510 2404 1557 2446; x_wconf 88' lang='lat' dir='ltr'>in</span> <span class='ocrx_word' id='word_1_197' title='bbox 1595 2405 1857 2448; x_wconf 78' lang='lat' dir='ltr'>Jerusalem.</span> <span class='ocrx_word' id='word_1_198' title='bbox 1893 2405 1910 2430; x_wconf 63' lang='grc' dir='ltr'>ὓ</span> <span class='ocrx_word' id='word_1_199' title='bbox 1944 2404 2239 2459; x_wconf 85' lang='lat' dir='ltr'>Universique</span> 
     </span>
     <span class='ocr_line' id='line_1_43' title="bbox 397 2461 2238 2519; baseline 0.002 -16"><span class='ocrx_word' id='word_1_200' title='bbox 397 2462 468 2516; x_wconf 82' lang='lat' dir='ltr'>qui</span> <span class='ocrx_word' id='word_1_201' title='bbox 491 2468 616 2505; x_wconf 89' lang='lat' dir='ltr'>erant</span> <span class='ocrx_word' id='word_1_202' title='bbox 645 2463 691 2505; x_wconf 90' lang='lat' dir='ltr'>in</span> <span class='ocrx_word' id='word_1_203' title='bbox 721 2463 907 2506; x_wconf 87' lang='lat' dir='ltr'>circuitu</span> <span class='ocrx_word' id='word_1_204' title='bbox 941 2461 1212 2517; x_wconf 79' lang='lat' dir='ltr'>adjuverunt</span> <span class='ocrx_word' id='word_1_205' title='bbox 1241 2478 1398 2505; x_wconf 85' lang='lat' dir='ltr'>manus</span> <span class='ocrx_word' id='word_1_206' title='bbox 1432 2477 1582 2506; x_wconf 89' lang='lat' dir='ltr'>eorum</span> <span class='ocrx_word' id='word_1_207' title='bbox 1613 2464 1660 2506; x_wconf 89' lang='lat' dir='ltr'>in</span> <span class='ocrx_word' id='word_1_208' title='bbox 1690 2464 1806 2507; x_wconf 84' lang='lat' dir='ltr'>vasis</span> <span class='ocrx_word' id='word_1_209' title='bbox 1836 2464 2059 2519; x_wconf 81' lang='lat' dir='ltr'>argenteis</span> <span class='ocrx_word' id='word_1_210' title='bbox 2092 2468 2136 2507; x_wconf 84' lang='lat' dir='ltr'>et</span> <span class='ocrx_word' id='word_1_211' title='bbox 2161 2478 2238 2506; x_wconf 86' lang='lat' dir='ltr'>au-</span> 
     </span>
     <span class='ocr_line' id='line_1_44' title="bbox 395 2521 2238 2580; baseline 0.001 -17"><span class='ocrx_word' id='word_1_212' title='bbox 395 2521 499 2577; x_wconf 82' lang='lat' dir='ltr'>reis,</span> <span class='ocrx_word' id='word_1_213' title='bbox 530 2522 576 2565; x_wconf 89' lang='grc'>111</span> <span class='ocrx_word' id='word_1_214' title='bbox 609 2522 859 2566; x_wconf 84' lang='lat' dir='ltr'>substantia</span> <span class='ocrx_word' id='word_1_215' title='bbox 889 2526 931 2564; x_wconf 87' lang='lat' dir='ltr'>et</span> <span class='ocrx_word' id='word_1_216' title='bbox 960 2521 1195 2578; x_wconf 81' lang='lat' dir='ltr'>jumentis,</span> <span class='ocrx_word' id='word_1_217' title='bbox 1229 2523 1275 2565; x_wconf 86' lang='lat' dir='ltr'>in</span> <span class='ocrx_word' id='word_1_218' title='bbox 1309 2522 1596 2580; x_wconf 85' lang='lat' dir='ltr'>supellectili,</span> <span class='ocrx_word' id='word_1_219' title='bbox 1628 2523 1824 2580; x_wconf 70' lang='lat' dir='ltr'>exceptis</span> <span class='ocrx_word' id='word_1_220' title='bbox 1853 2523 1922 2565; x_wconf 89' lang='lat' dir='ltr'>his</span> <span class='ocrx_word' id='word_1_221' title='bbox 1952 2537 2050 2578; x_wconf 67' lang='lat' dir='ltr'>quse</span> <span class='ocrx_word' id='word_1_222' title='bbox 2081 2527 2238 2579; x_wconf 87' lang='lat' dir='ltr'>sponte</span> 
     </span>
     <span class='ocr_line' id='line_1_45' title="bbox 395 2580 660 2625; baseline 0.008 -2"><span class='ocrx_word' id='word_1_223' title='bbox 395 2580 660 2625; x_wconf 86' lang='lat' dir='ltr'>obtulerant.</span> 
     </span>
    </p>

    <p class='ocr_par' dir='ltr' id='par_1_15' title="bbox 394 2640 2236 3156">
     <span class='ocr_line' id='line_1_46' title="bbox 455 2640 2236 2700; baseline 0.001 -17"><span class='ocrx_word' id='word_1_224' title='bbox 455 2640 469 2666; x_wconf 82' lang='lat'><strong>⁷</strong></span> <span class='ocrx_word' id='word_1_225' title='bbox 488 2642 581 2684; x_wconf 71' lang='lat' dir='ltr'>Rex</span> <span class='ocrx_word' id='word_1_226' title='bbox 604 2656 775 2697; x_wconf 78' lang='lat' dir='ltr'>quoque</span> <span class='ocrx_word' id='word_1_227' title='bbox 797 2641 937 2697; x_wconf 84' lang='lat' dir='ltr'>Cyrus</span> <span class='ocrx_word' id='word_1_228' title='bbox 960 2642 1145 2698; x_wconf 88' lang='lat' dir='ltr'>protulit</span> <span class='ocrx_word' id='word_1_229' title='bbox 1166 2657 1273 2686; x_wconf 81' lang='lat' dir='ltr'>vasa</span> <span class='ocrx_word' id='word_1_230' title='bbox 1298 2643 1453 2700; x_wconf 83' lang='lat' dir='ltr'>templi</span> <span class='ocrx_word' id='word_1_231' title='bbox 1476 2643 1671 2699; x_wconf 88' lang='lat' dir='ltr'>Domini,</span> <span class='ocrx_word' id='word_1_232' title='bbox 1688 2658 1786 2699; x_wconf 82' lang='grc'>(11100</span> <span class='ocrx_word' id='word_1_233' title='bbox 1807 2643 1970 2686; x_wconf 87' lang='lat' dir='ltr'>tulerat</span> <span class='ocrx_word' id='word_1_234' title='bbox 1997 2642 2236 2685; x_wconf 84' lang='lat' dir='ltr'>Nabucho-</span> 
     </span>
     <span class='ocr_line' id='line_1_47' title="bbox 396 2699 2236 2759; baseline 0.001 -18"><span class='ocrx_word' id='word_1_235' title='bbox 396 2699 583 2744; x_wconf 86' lang='lat' dir='ltr'>donosor</span> <span class='ocrx_word' id='word_1_236' title='bbox 605 2701 659 2744; x_wconf 89' lang='lat' dir='ltr'>de</span> <span class='ocrx_word' id='word_1_237' title='bbox 682 2701 952 2756; x_wconf 87' lang='lat' dir='ltr'>Jerusalem,</span> <span class='ocrx_word' id='word_1_238' title='bbox 981 2706 1024 2743; x_wconf 84' lang='lat' dir='ltr'>et</span> <span class='ocrx_word' id='word_1_239' title='bbox 1048 2708 1254 2758; x_wconf 86' lang='lat' dir='ltr'>posuerat</span> <span class='ocrx_word' id='word_1_240' title='bbox 1278 2717 1327 2745; x_wconf 89' lang='grc'>00</span> <span class='ocrx_word' id='word_1_241' title='bbox 1350 2703 1396 2745; x_wconf 88' lang='grc'>111</span> <span class='ocrx_word' id='word_1_242' title='bbox 1426 2703 1591 2759; x_wconf 82' lang='lat' dir='ltr'>templo</span> <span class='ocrx_word' id='word_1_243' title='bbox 1619 2703 1687 2746; x_wconf 90' lang='lat' dir='ltr'>dei</span> <span class='ocrx_word' id='word_1_244' title='bbox 1713 2702 1795 2745; x_wconf 89' lang='lat' dir='ltr'>sui.</span> <span class='ocrx_word' id='word_1_245' title='bbox 1830 2702 1847 2728; x_wconf 76' lang='lat'>8</span> <span class='ocrx_word' id='word_1_246' title='bbox 1869 2701 2061 2744; x_wconf 85' lang='lat' dir='ltr'>Protulit</span> <span class='ocrx_word' id='word_1_247' title='bbox 2085 2707 2236 2744; x_wconf 85' lang='lat' dir='ltr'>autem</span> 
     </span>
     <span class='ocr_line' id='line_1_48' title="bbox 396 2759 2235 2817; baseline 0.001 -16"><span class='ocrx_word' id='word_1_248' title='bbox 396 2773 444 2801; x_wconf 84' lang='lat' dir='ltr'>ea</span> <span class='ocrx_word' id='word_1_249' title='bbox 469 2759 629 2815; x_wconf 80' lang='lat' dir='ltr'>Cyrus,</span> <span class='ocrx_word' id='word_1_250' title='bbox 656 2774 732 2803; x_wconf 73' lang='lat' dir='ltr'>rex</span> <span class='ocrx_word' id='word_1_251' title='bbox 756 2760 1010 2816; x_wconf 85' lang='lat' dir='ltr'>Persarum,</span> <span class='ocrx_word' id='word_1_252' title='bbox 1038 2775 1114 2817; x_wconf 89' lang='lat' dir='ltr'>per</span> <span class='ocrx_word' id='word_1_253' title='bbox 1136 2776 1318 2804; x_wconf 90' lang='lat' dir='ltr'>manum</span> <span class='ocrx_word' id='word_1_254' title='bbox 1342 2762 1638 2817; x_wconf 86' lang='lat' dir='ltr'>Mithridatis,</span> <span class='ocrx_word' id='word_1_255' title='bbox 1661 2762 1740 2804; x_wconf 88' lang='lat' dir='ltr'>filii</span> <span class='ocrx_word' id='word_1_256' title='bbox 1768 2761 1992 2815; x_wconf 80' lang='lat' dir='ltr'>Gazabar,</span> <span class='ocrx_word' id='word_1_257' title='bbox 2023 2766 2067 2803; x_wconf 89' lang='lat' dir='ltr'>et</span> <span class='ocrx_word' id='word_1_258' title='bbox 2094 2775 2235 2803; x_wconf 87' lang='lat' dir='ltr'>anuu-</span> 
     </span>
     <span class='ocr_line' id='line_1_49' title="bbox 396 2819 2235 2876; baseline 0.002 -18"><span class='ocrx_word' id='word_1_259' title='bbox 396 2819 582 2861; x_wconf 75' lang='lat' dir='ltr'>nieravit</span> <span class='ocrx_word' id='word_1_260' title='bbox 605 2833 654 2862; x_wconf 82' lang='lat' dir='ltr'>ea</span> <span class='ocrx_word' id='word_1_261' title='bbox 674 2819 956 2874; x_wconf 79' lang='lat' dir='ltr'>Sassabasar,</span> <span class='ocrx_word' id='word_1_262' title='bbox 979 2820 1167 2876; x_wconf 87' lang='lat' dir='ltr'>principi</span> <span class='ocrx_word' id='word_1_263' title='bbox 1187 2821 1214 2863; x_wconf 94' lang='lat' dir='ltr'>J</span> <span class='ocrx_word' id='word_1_264' title='bbox 1220 2821 1320 2864; x_wconf 83' lang='lat' dir='ltr'>uda.</span> <span class='ocrx_word' id='word_1_265' title='bbox 1341 2821 1358 2846; x_wconf 74' lang='grc'><strong>9</strong></span> <span class='ocrx_word' id='word_1_266' title='bbox 1373 2822 1430 2864; x_wconf 85' lang='lat' dir='ltr'>Et</span> <span class='ocrx_word' id='word_1_267' title='bbox 1448 2821 1520 2864; x_wconf 90' lang='lat' dir='ltr'>hic</span> <span class='ocrx_word' id='word_1_268' title='bbox 1543 2826 1608 2865; x_wconf 77' lang='lat' dir='ltr'>est</span> <span class='ocrx_word' id='word_1_269' title='bbox 1630 2835 1836 2864; x_wconf 88' lang='lat' dir='ltr'>numerus</span> <span class='ocrx_word' id='word_1_270' title='bbox 1862 2834 2013 2864; x_wconf 90' lang='lat' dir='ltr'>eorum</span> <span class='ocrx_word' id='word_1_271' title='bbox 2032 2835 2040 2861; x_wconf 79' lang='lat' dir='ltr'><strong><em>z</em></strong></span> <span class='ocrx_word' id='word_1_272' title='bbox 2072 2820 2235 2876; x_wconf 86' lang='lat' dir='ltr'>phialae</span> 
     </span>
     <span class='ocr_line' id='line_1_50' title="bbox 395 2878 2234 2936; baseline 0.001 -18"><span class='ocrx_word' id='word_1_273' title='bbox 395 2891 540 2919; x_wconf 63' lang='grc'>0111010</span> <span class='ocrx_word' id='word_1_274' title='bbox 564 2878 768 2933; x_wconf 76' lang='lat' dir='ltr'>triginta,</span> <span class='ocrx_word' id='word_1_275' title='bbox 796 2878 959 2934; x_wconf 74' lang='lat' dir='ltr'>phialae</span> <span class='ocrx_word' id='word_1_276' title='bbox 982 2884 1206 2934; x_wconf 81' lang='lat' dir='ltr'>argenteae</span> <span class='ocrx_word' id='word_1_277' title='bbox 1226 2880 1368 2936; x_wconf 84' lang='lat' dir='ltr'>mille,</span> <span class='ocrx_word' id='word_1_278' title='bbox 1394 2880 1523 2923; x_wconf 89' lang='lat' dir='ltr'>cultri</span> <span class='ocrx_word' id='word_1_279' title='bbox 1549 2880 1708 2936; x_wconf 83' lang='lat' dir='ltr'>viginti</span> <span class='ocrx_word' id='word_1_280' title='bbox 1728 2893 1907 2935; x_wconf 88' lang='lat' dir='ltr'>novem,</span> <span class='ocrx_word' id='word_1_281' title='bbox 1933 2879 2090 2935; x_wconf 78' lang='lat' dir='ltr'>scyphi</span> <span class='ocrx_word' id='word_1_282' title='bbox 2112 2879 2234 2921; x_wconf 86' lang='lat' dir='ltr'>aurei</span> 
     </span>
     <span class='ocr_line' id='line_1_51' title="bbox 395 2935 2233 2995; baseline 0.003 -19"><span class='ocrx_word' id='word_1_283' title='bbox 395 2935 598 2992; x_wconf 79' lang='lat' dir='ltr'>triginta,</span> <span class='ocrx_word' id='word_1_284' title='bbox 625 2937 659 2963; x_wconf 75' lang='lat'>¹0</span> <span class='ocrx_word' id='word_1_285' title='bbox 679 2937 834 2993; x_wconf 85' lang='lat' dir='ltr'>scyphi</span> <span class='ocrx_word' id='word_1_286' title='bbox 857 2938 1055 2992; x_wconf 81' lang='lat' dir='ltr'>argentei</span> <span class='ocrx_word' id='word_1_287' title='bbox 1086 2939 1269 2982; x_wconf 89' lang='lat' dir='ltr'>secundi</span> <span class='ocrx_word' id='word_1_288' title='bbox 1301 2938 1612 2995; x_wconf 85' lang='lat' dir='ltr'>quadringenti</span> <span class='ocrx_word' id='word_1_289' title='bbox 1644 2939 1816 2994; x_wconf 88' lang='lat' dir='ltr'>decem,</span> <span class='ocrx_word' id='word_1_290' title='bbox 1853 2953 1958 2981; x_wconf 84' lang='lat' dir='ltr'>vasa</span> <span class='ocrx_word' id='word_1_291' title='bbox 1983 2938 2071 2980; x_wconf 86' lang='grc'>0110</span> <span class='ocrx_word' id='word_1_292' title='bbox 2098 2938 2233 2981; x_wconf 88' lang='lat' dir='ltr'>mille.</span> 
     </span>
     <span class='ocr_line' id='line_1_52' title="bbox 401 2994 2234 3054; baseline 0.002 -18"><span class='ocrx_word' id='word_1_293' title='bbox 401 2994 427 3019; x_wconf 82' lang='lat'>¹¹</span> <span class='ocrx_word' id='word_1_294' title='bbox 454 2995 612 3037; x_wconf 84' lang='lat' dir='ltr'>Omnia</span> <span class='ocrx_word' id='word_1_295' title='bbox 639 3011 743 3038; x_wconf 69' lang='lat' dir='ltr'>vasa</span> <span class='ocrx_word' id='word_1_296' title='bbox 766 3011 897 3039; x_wconf 82' lang='lat' dir='ltr'>aurea</span> <span class='ocrx_word' id='word_1_297' title='bbox 932 3002 974 3039; x_wconf 87' lang='lat' dir='ltr'>et</span> <span class='ocrx_word' id='word_1_298' title='bbox 1003 3004 1233 3054; x_wconf 76' lang='lat' dir='ltr'>argentea,</span> <span class='ocrx_word' id='word_1_299' title='bbox 1259 2999 1451 3054; x_wconf 77' lang='lat' dir='ltr'>quinque</span> <span class='ocrx_word' id='word_1_300' title='bbox 1478 2999 1617 3041; x_wconf 88' lang='lat' dir='ltr'>millia</span> <span class='ocrx_word' id='word_1_301' title='bbox 1651 2998 1989 3054; x_wconf 79' lang='lat' dir='ltr'>quadringenta.</span> <span class='ocrx_word' id='word_1_302' title='bbox 2016 2997 2234 3041; x_wconf 76' lang='lat' dir='ltr'>Universa</span> 
     </span>
     <span class='ocr_line' id='line_1_53' title="bbox 396 3053 2234 3113; baseline 0.003 -18"><span class='ocrx_word' id='word_1_303' title='bbox 396 3053 496 3096; x_wconf 79' lang='lat' dir='ltr'>tulit</span> <span class='ocrx_word' id='word_1_304' title='bbox 520 3056 800 3110; x_wconf 79' lang='lat' dir='ltr'>Sassabasar,</span> <span class='ocrx_word' id='word_1_305' title='bbox 829 3069 928 3098; x_wconf 93' lang='lat' dir='ltr'>cum</span> <span class='ocrx_word' id='word_1_306' title='bbox 949 3056 1018 3099; x_wconf 88' lang='lat' dir='ltr'>his</span> <span class='ocrx_word' id='word_1_307' title='bbox 1048 3057 1121 3112; x_wconf 85' lang='lat' dir='ltr'>qui</span> <span class='ocrx_word' id='word_1_308' title='bbox 1150 3058 1452 3101; x_wconf 82' lang='lat' dir='ltr'>ascendebant</span> <span class='ocrx_word' id='word_1_309' title='bbox 1483 3058 1536 3101; x_wconf 91' lang='lat' dir='ltr'>de</span> <span class='ocrx_word' id='word_1_310' title='bbox 1569 3057 1959 3112; x_wconf 82' lang='lat' dir='ltr'>transmigratione</span> <span class='ocrx_word' id='word_1_311' title='bbox 1991 3057 2234 3113; x_wconf 82' lang='lat' dir='ltr'>Babylonis</span> 
     </span>
     <span class='ocr_line' id='line_1_54' title="bbox 394 3112 726 3156; baseline 0.003 -2"><span class='ocrx_word' id='word_1_312' title='bbox 394 3112 439 3154; x_wconf 88' lang='lat' dir='ltr'>in</span> <span class='ocrx_word' id='word_1_313' title='bbox 465 3113 726 3156; x_wconf 88' lang='lat' dir='ltr'>Jerusalem.</span> 
     </span>
    </p>

    <p class='ocr_par' dir='ltr' id='par_1_16' title="bbox 395 3172 2233 3468">
     <span class='ocr_line' id='line_1_55' title="bbox 455 3172 2233 3232; baseline 0.002 -18"><span class='ocrx_word' id='word_1_314' title='bbox 455 3172 562 3215; x_wconf 84' lang='lat' dir='ltr'><strong>CAP.</strong></span> <span class='ocrx_word' id='word_1_315' title='bbox 585 3173 634 3215; x_wconf 93' lang='grc' dir='ltr'>Π</span> <span class='ocrx_word' id='word_1_316' title='bbox 669 3199 729 3205; x_wconf 89' lang='grc'>-</span> <span class='ocrx_word' id='word_1_317' title='bbox 754 3173 766 3198; x_wconf 77' lang='lat'><strong>1</strong></span> <span class='ocrx_word' id='word_1_318' title='bbox 792 3173 851 3215; x_wconf 90' lang='lat' dir='ltr'>Hi</span> <span class='ocrx_word' id='word_1_319' title='bbox 875 3179 977 3216; x_wconf 89' lang='lat' dir='ltr'>sunt</span> <span class='ocrx_word' id='word_1_320' title='bbox 998 3180 1147 3218; x_wconf 84' lang='lat' dir='ltr'>autem</span> <span class='ocrx_word' id='word_1_321' title='bbox 1177 3177 1418 3232; x_wconf 78' lang='lat' dir='ltr'>provinciae</span> <span class='ocrx_word' id='word_1_322' title='bbox 1449 3176 1549 3232; x_wconf 90' lang='lat' dir='ltr'>filii,</span> <span class='ocrx_word' id='word_1_323' title='bbox 1581 3175 1653 3231; x_wconf 85' lang='lat' dir='ltr'>qui</span> <span class='ocrx_word' id='word_1_324' title='bbox 1687 3175 1983 3218; x_wconf 84' lang='lat' dir='ltr'>ascenderunt</span> <span class='ocrx_word' id='word_1_325' title='bbox 2017 3176 2071 3219; x_wconf 89' lang='lat' dir='ltr'>de</span> <span class='ocrx_word' id='word_1_326' title='bbox 2093 3175 2233 3231; x_wconf 81' lang='lat' dir='ltr'>capti-</span> 
     </span>
     <span class='ocr_line' id='line_1_56' title="bbox 395 3232 2231 3292; baseline 0.002 -19"><span class='ocrx_word' id='word_1_327' title='bbox 395 3232 553 3288; x_wconf 82' lang='lat' dir='ltr'>vitate,</span> <span class='ocrx_word' id='word_1_328' title='bbox 581 3246 713 3287; x_wconf 88' lang='lat' dir='ltr'>quam</span> <span class='ocrx_word' id='word_1_329' title='bbox 734 3233 1020 3275; x_wconf 82' lang='lat' dir='ltr'>transtulerat</span> <span class='ocrx_word' id='word_1_330' title='bbox 1041 3235 1468 3292; x_wconf 86' lang='lat' dir='ltr'>Nabuchodonosor,</span> <span class='ocrx_word' id='word_1_331' title='bbox 1492 3249 1568 3278; x_wconf 83' lang='lat' dir='ltr'>rex</span> <span class='ocrx_word' id='word_1_332' title='bbox 1585 3234 1847 3290; x_wconf 83' lang='lat' dir='ltr'>Babylonis,</span> <span class='ocrx_word' id='word_1_333' title='bbox 1871 3235 1915 3277; x_wconf 94' lang='lat' dir='ltr'>in</span> <span class='ocrx_word' id='word_1_334' title='bbox 1942 3235 2231 3291; x_wconf 77' lang='lat' dir='ltr'>Babylonem,</span> 
     </span>
     <span class='ocr_line' id='line_1_57' title="bbox 396 3291 2232 3350; baseline 0.001 -16"><span class='ocrx_word' id='word_1_335' title='bbox 396 3296 438 3334; x_wconf 87' lang='lat' dir='ltr'>ct</span> <span class='ocrx_word' id='word_1_336' title='bbox 459 3291 620 3334; x_wconf 78' lang='lat' dir='ltr'>reversi</span> <span class='ocrx_word' id='word_1_337' title='bbox 643 3296 745 3334; x_wconf 90' lang='lat' dir='ltr'>sunt</span> <span class='ocrx_word' id='word_1_338' title='bbox 773 3291 818 3333; x_wconf 91' lang='lat' dir='ltr'>in</span> <span class='ocrx_word' id='word_1_339' title='bbox 849 3292 1097 3335; x_wconf 87' lang='lat' dir='ltr'>Jerusalem</span> <span class='ocrx_word' id='word_1_340' title='bbox 1131 3300 1174 3336; x_wconf 88' lang='lat' dir='ltr'>et</span> <span class='ocrx_word' id='word_1_341' title='bbox 1203 3295 1390 3349; x_wconf 86' lang='lat' dir='ltr'>Judam,</span> <span class='ocrx_word' id='word_1_342' title='bbox 1424 3294 1724 3350; x_wconf 77' lang='lat' dir='ltr'>unusquisque</span> <span class='ocrx_word' id='word_1_343' title='bbox 1753 3293 1797 3335; x_wconf 91' lang='lat' dir='ltr'>in</span> <span class='ocrx_word' id='word_1_344' title='bbox 1834 3294 2062 3337; x_wconf 71' lang='lat' dir='ltr'>civitatem</span> <span class='ocrx_word' id='word_1_345' title='bbox 2092 3307 2232 3336; x_wconf 86' lang='lat' dir='ltr'>suam.</span> 
     </span>
     <span class='ocr_line' id='line_1_58' title="bbox 396 3349 2231 3409; baseline 0.001 -17"><span class='ocrx_word' id='word_1_346' title='bbox 396 3349 412 3375; x_wconf 72' lang='lat'>&#39;2</span> <span class='ocrx_word' id='word_1_347' title='bbox 434 3350 514 3401; x_wconf 83' lang='lat' dir='ltr'>Qui</span> <span class='ocrx_word' id='word_1_348' title='bbox 541 3355 756 3394; x_wconf 88' lang='lat' dir='ltr'>venerunt</span> <span class='ocrx_word' id='word_1_349' title='bbox 785 3364 886 3393; x_wconf 92' lang='lat' dir='ltr'>cum</span> <span class='ocrx_word' id='word_1_350' title='bbox 907 3351 1169 3405; x_wconf 85' lang='lat' dir='ltr'>Zorobabcl,</span> <span class='ocrx_word' id='word_1_351' title='bbox 1197 3353 1225 3394; x_wconf 94' lang='lat' dir='ltr'>J</span> <span class='ocrx_word' id='word_1_352' title='bbox 1230 3367 1353 3403; x_wconf 78' lang='lat' dir='ltr'>osue,</span> <span class='ocrx_word' id='word_1_353' title='bbox 1378 3354 1615 3408; x_wconf 86' lang='lat' dir='ltr'>Nehemia,</span> <span class='ocrx_word' id='word_1_354' title='bbox 1648 3353 1818 3407; x_wconf 77' lang='lat' dir='ltr'>Saraia,</span> <span class='ocrx_word' id='word_1_355' title='bbox 1849 3353 2083 3409; x_wconf 82' lang='lat' dir='ltr'>Bahelaia,</span> <span class='ocrx_word' id='word_1_356' title='bbox 2116 3353 2231 3395; x_wconf 85' lang='lat' dir='ltr'>Mar-</span> 
     </span>
     <span class='ocr_line' id='line_1_59' title="bbox 396 3409 1664 3468; baseline 0.002 -16"><span class='ocrx_word' id='word_1_357' title='bbox 396 3409 574 3465; x_wconf 85' lang='lat' dir='ltr'>dochai,</span> <span class='ocrx_word' id='word_1_358' title='bbox 600 3409 781 3465; x_wconf 88' lang='lat' dir='ltr'>Belsan,</span> <span class='ocrx_word' id='word_1_359' title='bbox 810 3410 1036 3466; x_wconf 85' lang='lat' dir='ltr'>Mesphar,</span> <span class='ocrx_word' id='word_1_360' title='bbox 1063 3412 1251 3466; x_wconf 71' lang='lat' dir='ltr'>neg-nai,</span> <span class='ocrx_word' id='word_1_361' title='bbox 1281 3414 1473 3468; x_wconf 80' lang='lat' dir='ltr'>Behum,</span> <span class='ocrx_word' id='word_1_362' title='bbox 1499 3413 1664 3455; x_wconf 80' lang='lat' dir='ltr'>Baana.</span> 
     </span>
    </p>

    <p class='ocr_par' dir='ltr' id='par_1_17' title="bbox 394 3468 2231 3587">
     <span class='ocr_line' id='line_1_60' title="bbox 455 3468 2229 3525; baseline 0.002 -15"><span class='ocrx_word' id='word_1_363' title='bbox 455 3469 673 3512; x_wconf 86' lang='lat' dir='ltr'>Numerus</span> <span class='ocrx_word' id='word_1_364' title='bbox 707 3468 900 3512; x_wconf 89' lang='lat' dir='ltr'>virorum</span> <span class='ocrx_word' id='word_1_365' title='bbox 926 3469 1076 3525; x_wconf 88' lang='lat' dir='ltr'>populi</span> <span class='ocrx_word' id='word_1_366' title='bbox 1103 3470 1241 3513; x_wconf 77' lang='lat' dir='ltr'>Israel</span> <span class='ocrx_word' id='word_1_367' title='bbox 1271 3489 1279 3515; x_wconf 71' lang='grc' dir='ltr'>ε</span> <span class='ocrx_word' id='word_1_368' title='bbox 1303 3472 1320 3498; x_wconf 82' lang='lat'><strong>3</strong></span> <span class='ocrx_word' id='word_1_369' title='bbox 1341 3472 1445 3514; x_wconf 84' lang='lat' dir='ltr'>Filii</span> <span class='ocrx_word' id='word_1_370' title='bbox 1468 3472 1655 3525; x_wconf 80' lang='lat' dir='ltr'>Pharos,</span> <span class='ocrx_word' id='word_1_371' title='bbox 1680 3471 1765 3513; x_wconf 84' lang='lat' dir='ltr'>duo</span> <span class='ocrx_word' id='word_1_372' title='bbox 1793 3472 1934 3514; x_wconf 89' lang='lat' dir='ltr'>millia</span> <span class='ocrx_word' id='word_1_373' title='bbox 1965 3476 2143 3515; x_wconf 85' lang='lat' dir='ltr'>centum</span> <span class='ocrx_word' id='word_1_374' title='bbox 2165 3484 2229 3514; x_wconf 88' lang='lat' dir='ltr'>se-</span> 
     </span>
     <span class='ocr_line' id='line_1_61' title="bbox 394 3527 2231 3587; baseline 0.002 -19"><span class='ocrx_word' id='word_1_375' title='bbox 394 3527 629 3583; x_wconf 82' lang='lat' dir='ltr'>ptuaginta</span> <span class='ocrx_word' id='word_1_376' title='bbox 655 3528 765 3582; x_wconf 85' lang='lat' dir='ltr'>duo3</span> <span class='ocrx_word' id='word_1_377' title='bbox 794 3527 811 3554; x_wconf 81' lang='lat'>4</span> <span class='ocrx_word' id='word_1_378' title='bbox 832 3528 911 3570; x_wconf 90' lang='lat' dir='ltr'>filii</span> <span class='ocrx_word' id='word_1_379' title='bbox 938 3528 1167 3585; x_wconf 82' lang='lat' dir='ltr'>Sephatia,</span> <span class='ocrx_word' id='word_1_380' title='bbox 1196 3531 1379 3573; x_wconf 83' lang='lat' dir='ltr'>trecenti</span> <span class='ocrx_word' id='word_1_381' title='bbox 1403 3530 1685 3587; x_wconf 85' lang='lat' dir='ltr'>septuaginta</span> <span class='ocrx_word' id='word_1_382' title='bbox 1709 3530 1818 3585; x_wconf 83' lang='lat' dir='ltr'>duo3</span> <span class='ocrx_word' id='word_1_383' title='bbox 1852 3531 1869 3557; x_wconf 72' lang='lat'>5</span> <span class='ocrx_word' id='word_1_384' title='bbox 1894 3531 1973 3573; x_wconf 91' lang='lat' dir='ltr'>filii</span> <span class='ocrx_word' id='word_1_385' title='bbox 1999 3531 2137 3586; x_wconf 78' lang='lat' dir='ltr'>Area,</span> <span class='ocrx_word' id='word_1_386' title='bbox 2164 3543 2231 3573; x_wconf 88' lang='lat' dir='ltr'>se-</span> 
     </span>
    </p>
   </div>
   <div class='ocr_carea' id='block_1_13' title="bbox 530 1549 711 1845">
    <p class='ocr_par' dir='ltr' id='par_1_18' title="bbox 530 1549 711 1845">
     <span class='ocr_line' id='line_1_62' title="bbox 530 1549 711 1845; baseline 0 -221"><span class='ocrx_word' id='word_1_387' title='bbox 530 1549 711 1845; x_wconf 95' lang='lat' dir='ltr'>    </span> 
     </span>
    </p>
   </div>
   <div class='ocr_carea' id='block_1_14' title="bbox 735 1571 2242 1750">
    <p class='ocr_par' dir='ltr' id='par_1_19' title="bbox 735 1571 2242 1750">
     <span class='ocr_line' id='line_1_63' title="bbox 735 1571 2242 1633; baseline 0.004 -20"><span class='ocrx_word' id='word_1_388' title='bbox 735 1583 764 1613; x_wconf 85' lang='lat' dir='ltr'>N</span> <span class='ocrx_word' id='word_1_389' title='bbox 787 1586 902 1614; x_wconf 86' lang='lat' dir='ltr'>anno</span> <span class='ocrx_word' id='word_1_390' title='bbox 928 1571 1069 1627; x_wconf 87' lang='lat' dir='ltr'>primo</span> <span class='ocrx_word' id='word_1_391' title='bbox 1092 1571 1215 1627; x_wconf 77' lang='lat' dir='ltr'>Cyri.</span> <span class='ocrx_word' id='word_1_392' title='bbox 1241 1573 1358 1628; x_wconf 75' lang='lat' dir='ltr'>regis</span> <span class='ocrx_word' id='word_1_393' title='bbox 1388 1573 1641 1630; x_wconf 82' lang='lat' dir='ltr'>Persarum,</span> <span class='ocrx_word' id='word_1_394' title='bbox 1665 1579 1714 1616; x_wconf 87' lang='lat' dir='ltr'>ut</span> <span class='ocrx_word' id='word_1_395' title='bbox 1743 1575 2037 1633; x_wconf 80' lang='lat' dir='ltr'>compleretur</span> <span class='ocrx_word' id='word_1_396' title='bbox 2059 1577 2242 1620; x_wconf 81' lang='lat' dir='ltr'>verbum</span> 
     </span>
     <span class='ocr_line' id='line_1_64' title="bbox 753 1630 2240 1692; baseline 0.004 -20"><span class='ocrx_word' id='word_1_397' title='bbox 753 1630 932 1673; x_wconf 90' lang='lat' dir='ltr'>Domini</span> <span class='ocrx_word' id='word_1_398' title='bbox 957 1645 1012 1673; x_wconf 77' lang='lat' dir='ltr'>ex</span> <span class='ocrx_word' id='word_1_399' title='bbox 1036 1645 1108 1674; x_wconf 87' lang='lat' dir='ltr'>ore</span> <span class='ocrx_word' id='word_1_400' title='bbox 1131 1632 1157 1673; x_wconf 90' lang='lat' dir='ltr'>J</span> <span class='ocrx_word' id='word_1_401' title='bbox 1162 1632 1359 1688; x_wconf 87' lang='lat' dir='ltr'>eremiae,</span> <span class='ocrx_word' id='word_1_402' title='bbox 1384 1632 1619 1675; x_wconf 79' lang='lat' dir='ltr'>suscitavit</span> <span class='ocrx_word' id='word_1_403' title='bbox 1647 1633 1865 1676; x_wconf 87' lang='lat' dir='ltr'>Dominus</span> <span class='ocrx_word' id='word_1_404' title='bbox 1885 1634 2093 1690; x_wconf 86' lang='lat' dir='ltr'>spiritum</span> <span class='ocrx_word' id='word_1_405' title='bbox 2115 1635 2240 1692; x_wconf 84' lang='lat' dir='ltr'>Cyri,</span> 
     </span>
     <span class='ocr_line' id='line_1_65' title="bbox 752 1689 2242 1750; baseline 0.004 -19"><span class='ocrx_word' id='word_1_406' title='bbox 752 1689 868 1744; x_wconf 81' lang='lat' dir='ltr'>regis</span> <span class='ocrx_word' id='word_1_407' title='bbox 892 1690 1150 1744; x_wconf 74' lang='lat' dir='ltr'>Persarum,</span> <span class='ocrx_word' id='word_1_408' title='bbox 1171 1696 1214 1733; x_wconf 91' lang='lat' dir='ltr'>et</span> <span class='ocrx_word' id='word_1_409' title='bbox 1236 1691 1435 1734; x_wconf 78' lang='lat' dir='ltr'>traduxit</span> <span class='ocrx_word' id='word_1_410' title='bbox 1458 1706 1611 1735; x_wconf 85' lang='lat' dir='ltr'>vocem</span> <span class='ocrx_word' id='word_1_411' title='bbox 1633 1692 1679 1735; x_wconf 87' lang='lat' dir='ltr'>in</span> <span class='ocrx_word' id='word_1_412' title='bbox 1698 1692 1817 1736; x_wconf 89' lang='lat' dir='ltr'>omni</span> <span class='ocrx_word' id='word_1_413' title='bbox 1839 1707 1974 1748; x_wconf 82' lang='lat' dir='ltr'>regno</span> <span class='ocrx_word' id='word_1_414' title='bbox 1994 1708 2085 1750; x_wconf 90' lang='lat' dir='ltr'>suo,</span> <span class='ocrx_word' id='word_1_415' title='bbox 2106 1695 2242 1737; x_wconf 81' lang='lat' dir='ltr'>etiam</span> 
     </span>
    </p>
   </div>
   <div class='ocr_carea' id='block_1_15' title="bbox 395 3671 1839 3710">
    <p class='ocr_par' dir='ltr' id='par_1_20' title="bbox 395 3671 1839 3710">
     <span class='ocr_line' id='line_1_66' title="bbox 395 3671 1839 3710; baseline 0.003 -13"><span class='ocrx_word' id='word_1_416' title='bbox 395 3672 422 3703; x_wconf 89' lang='lat'>1,</span> <span class='ocrx_word' id='word_1_417' title='bbox 439 3671 467 3704; x_wconf 85' lang='lat'>1]</span> <span class='ocrx_word' id='word_1_418' title='bbox 492 3672 525 3698; x_wconf 88' lang='lat'>11</span> <span class='ocrx_word' id='word_1_419' title='bbox 545 3672 616 3700; x_wconf 77' lang='lat' dir='ltr'>Par.</span> <span class='ocrx_word' id='word_1_420' title='bbox 636 3673 794 3707; x_wconf 75' lang='lat' dir='ltr'>xxxvi,</span> <span class='ocrx_word' id='word_1_421' title='bbox 812 3674 856 3700; x_wconf 79' lang='lat'>22.</span> <span class='ocrx_word' id='word_1_422' title='bbox 879 3672 947 3700; x_wconf 82' lang='lat' dir='ltr'>Jer.</span> <span class='ocrx_word' id='word_1_423' title='bbox 968 3673 1073 3708; x_wconf 69' lang='lat' dir='ltr'>XXV,</span> <span class='ocrx_word' id='word_1_424' title='bbox 1093 3675 1126 3700; x_wconf 84' lang='lat'>12</span> <span class='ocrx_word' id='word_1_425' title='bbox 1144 3676 1178 3701; x_wconf 67' lang='lat' dir='ltr'>et</span> <span class='ocrx_word' id='word_1_426' title='bbox 1198 3673 1326 3708; x_wconf 61' lang='lat' dir='ltr'>xxiii,</span> <span class='ocrx_word' id='word_1_427' title='bbox 1345 3676 1388 3702; x_wconf 90' lang='lat'>10.</span> <span class='ocrx_word' id='word_1_428' title='bbox 1407 3688 1442 3693; x_wconf 91' lang='lat'>-</span> <span class='ocrx_word' id='word_1_429' title='bbox 1461 3674 1534 3708; x_wconf 85' lang='lat'>2,1]</span> <span class='ocrx_word' id='word_1_430' title='bbox 1555 3675 1589 3701; x_wconf 85' lang='lat'>11</span> <span class='ocrx_word' id='word_1_431' title='bbox 1609 3674 1839 3710; x_wconf 74' lang='lat' dir='ltr'>Es111·.vu‚e.</span> 
     </span>
    </p>
   </div>
  </div>
 </body>
</html>
