2423 3861
699 141 818 183 DAN.
853 140 941 194 xr,
975 141 1032 183 36
1065 165 1124 172 -
1155 140 1271 194 xii,
1309 140 1374 182 13.
1871 136 1955 180 991

115 303 290 360 flentur,
317 309 361 347 et
392 303 628 360 eligantur,
663 310 708 347 et
748 303 1013 348 dealbentur
1045 318 1181 360 usque
1223 302 1280 346 ad
1311 308 1486 360 tempus
1524 301 1814 360 praefinitum,
1851 300 1954 355 quia

115 362 265 406 adhuc
288 363 411 405 aliud
438 369 614 420 tempus
641 363 737 409 erit.

174 421 211 449 ³⁶
228 422 291 464 Et
308 422 447 466 faciet
464 423 595 479 juxta
614 423 889 466 voluntatem
916 437 1044 466 suam
1064 438 1142 467 rex
1159 441 1168 478 3
1189 428 1234 467 et
1251 423 1512 479 elevabitur,
1532 427 1576 466 et
1593 417 1957 476 magnificabitur

114 480 328 524 adversus
360 496 535 524 omnem
569 482 702 525 deum
724 499 733 536 ς
762 487 806 525 et
832 482 1042 526 adversus
1069 484 1215 526 Deum
1245 483 1427 526 deorum
1457 482 1661 537 loquetur
1685 477 1954 534 magnifica3

115 544 161 582 et
184 539 412 595 dirigetur,
432 540 573 583 donec
599 540 876 597 compleatur
893 540 1125 585 iracundia
1153 547 1434 598 :perpetrata
1460 541 1622 597 quippe
1649 544 1715 582 est
1740 535 1956 581 definitio.

115 598 149 624 ³⁷
169 599 228 642 Et
244 599 374 642 deum
393 605 569 655 patrum
594 614 773 642 suorum
799 614 888 642 non
909 600 1156 656 reputabit,
1176 606 1220 643 et
1242 600 1326 643 erit
1350 601 1396 642 in
1423 596 1796 656 concupiscentiis
1821 594 1956 639 femi-

115 671 292 712 narum,
328 671 408 701 nec
441 672 709 714 quemquam
749 657 932 700 deorum
968 658 1162 712 curabit,
1193 659 1297 714 quia
1337 658 1574 701 adversum
1610 657 1819 699 universa
1851 668 1954 697 con-

121 723 285 773 surget.
313 717 348 744 38
369 719 511 761 Deum
537 722 687 760 autem
708 716 902 759 Maozim
930 716 976 758 in
1001 716 1096 758 1000
1127 730 1205 759 suo
1231 715 1538 769 venerabitur;
1572 721 1615 758 et
1642 715 1792 771 deum,
1820 729 1951 771 quem

120 777 438 832 ignoraverunt
466 782 612 833 patres
638 775 754 830 ejus,
786 774 902 817 colet
930 788 1057 829 auro,
1089 779 1132 816 et
1160 779 1365 829 argento,
1396 779 1439 817 et
1468 774 1615 830 lapide
1649 775 1859 830 pretioso,
1885 788 1950 818 re-

121 835 288 891 busque
313 835 529 892 pretiosiS.
561 834 598 860 39
623 834 681 876 Et
712 834 852 876 faciet
884 838 933 875 ut
965 832 1138 874 muniat
1172 832 1362 875 Maozim
1396 847 1495 875 cum
1529 833 1610 875 deo
1642 833 1788 876 alieno
1820 847 1950 890 quem

121 894 350 950 cognovit,
379 898 423 936 et
450 891 770 950 multiplicabit
795 891 1004 948 gloriam,
1030 895 1072 933 et
1098 890 1223 933 dabit
1249 891 1311 934 eis
1342 896 1608 947 potestatem
1634 891 1679 933 in
1710 892 1880 948 multis,
1908 899 1950 936 et

120 959 280 996 terram
303 952 474 996 dividet
498 952 707 1008 gratuito.

179 1011 216 1038 ‘¹⁰
240 1012 298 1054 Et
326 1012 373 1054 in
406 1017 603 1068 tempore
639 1010 859 1068 praefinito
895 1009 1173 1066 praeliabitur
1209 1008 1419 1052 adversus
1453 1024 1553 1053 eum
1590 1025 1667 1053 rex
1703 1011 1867 1064 austri;
1907 1016 1950 1055 et

119 1071 242 1127 quasi
268 1076 508 1127 tempestas
526 1070 676 1114 veniet
698 1074 851 1112 contra
875 1069 1004 1112 illum
1026 1083 1104 1112 rex
1128 1067 1362 1124 aquilonis,
1386 1068 1432 1110 in
1458 1069 1670 1125 curribus,
1697 1074 1742 1111 et
1762 1069 1807 1111 in
1830 1070 1950 1125 equi-

118 1129 258 1184 tibus,
285 1136 328 1173 et
353 1129 398 1173 in
421 1130 561 1173 classe
582 1144 770 1185 magna,
800 1134 844 1171 et
865 1128 1140 1184 ingredietur
1165 1132 1324 1183 terras,
1351 1132 1395 1170 et
1420 1132 1637 1184 conteret,
1661 1133 1705 1171 et
1730 1133 1950 1185 pertrans-

117 1189 191 1233 iet.
225 1189 259 1216 41
288 1190 346 1232 Et
378 1189 579 1233 introibit
607 1189 654 1231 in
683 1194 844 1231 terram
875 1187 1134 1244 gloriosam,
1167 1191 1213 1230 et
1245 1187 1399 1230 multae
1429 1193 1645 1230 corruent.
1681 1188 1768 1230 Hae
1801 1193 1952 1231 autem

118 1249 223 1293 solae
245 1249 536 1292 salvabuntur
557 1248 611 1291 de
637 1263 772 1291 manu
801 1248 898 1304 ejus
919 1264 928 1291 z
955 1247 1120 1303 Edom,
1143 1251 1186 1290 et
1217 1247 1371 1301 Moab,
1399 1252 1441 1289 et
1466 1246 1735 1304 principium
1760 1246 1951 1291 filiorum

118 1310 326 1352 Ammon.
349 1307 387 1335 4⁸2
409 1308 468 1351 Et
496 1308 645 1351 mittet
674 1322 857 1362 manum
881 1322 1008 1350 suam
1035 1307 1083 1349 in
1108 1311 1266 1361 terraS,
1294 1311 1338 1349 et
1362 1310 1477 1349 terra
1502 1306 1692 1362 AEgypti
1721 1321 1809 1349 non
1838 1306 1950 1350 effu-

118 1368 223 1424 giet.
246 1367 283 1394 43
300 1368 359 1411 Et
385 1367 687 1411 dominabitur
712 1368 1019 1410 thesaurorum
1044 1365 1140 1408 auri
1172 1371 1216 1408 et
1244 1365 1438 1421 argenti,
1470 1370 1514 1408 et
1545 1365 1591 1407 in
1622 1366 1826 1408 omnibus
1854 1380 1950 1423 pre-

117 1427 241 1470 tiosis
267 1427 485 1484 AEgypti3
517 1441 594 1485 per
627 1427 817 1482 Libyam
849 1440 1019 1482 quoque
1049 1430 1093 1468 et
1120 1425 1401 1481 AEthiopiam
1433 1424 1653 1468 transibit.
1681 1424 1717 1451 44
1738 1425 1797 1467 Et
1825 1425 1948 1468 fama

118 1486 316 1529 turbabit
344 1501 446 1529 eum
467 1486 523 1529 ab
551 1487 717 1529 oriente
743 1491 786 1528 et
815 1485 872 1528 ab
898 1485 1129 1540 aquilone;
1160 1489 1204 1527 et
1224 1484 1376 1527 veniet
1399 1484 1445 1526 in
1470 1484 1758 1527 multitudine
1786 1498 1947 1540 magna

117 1550 165 1588 ut
187 1550 385 1588 conterat
407 1550 450 1588 et
471 1545 711 1588 interficiat
736 1544 962 1601 plurimos.
983 1543 1019 1570 ‘¹5
1034 1543 1092 1585 Et
1117 1543 1224 1599 figet
1249 1543 1589 1587 tabernaculum
1614 1557 1741 1586 suum
1760 1544 1949 1599 Apadno

116 1604 232 1648 inter
257 1604 415 1660 maria,
439 1618 569 1661 super
591 1609 788 1647 montem
810 1603 1027 1659 inclytum
1052 1608 1095 1645 et
1117 1607 1345 1656 sanctum,
1367 1607 1410 1645 et
1432 1602 1583 1644 veniet
1600 1617 1736 1658 usque
1754 1602 1811 1645 ad
1834 1616 1948 1645 sum-

117 1663 318 1707 mitatem
340 1664 458 1720 ejus,
484 1669 527 1707 et
552 1677 681 1707 nemo
706 1663 995 1706 auxiliabitur
1020 1662 1073 1706 ei.
1237 1707 1240 1709 ,

175 1723 282 1766 CAP.
317 1724 425 1767 XII.
457 1749 518 1757 —
554 1723 567 1749 ¹
595 1723 650 1766 In
686 1727 883 1780 tempore
917 1727 1068 1765 autem
1100 1722 1178 1766 illo
1216 1727 1452 1778 consurget
1487 1721 1706 1777 Michael,
1745 1721 1948 1778 princeps

118 1797 324 1839 magnus,
348 1783 421 1839 qui
444 1788 533 1826 stat
554 1797 631 1840 pro
653 1782 756 1825 filiis
780 1782 932 1839 populi
958 1781 1048 1837 tui3
1078 1788 1121 1825 et
1137 1782 1287 1826 veniet
1311 1787 1485 1839 tempus
1511 1781 1641 1837 quale
1666 1795 1752 1823 non
1779 1780 1869 1824 fuit
1893 1781 1951 1825 ab

119 1856 167 1886 eo
187 1856 242 1885 ex
259 1856 343 1898 quo
369 1848 524 1898 gentes
550 1856 644 1886 esse
666 1846 894 1899 coeperunt
918 1855 1055 1897 usque
1076 1841 1134 1885 ad
1160 1847 1334 1898 tempus
1358 1841 1484 1885 illud.
1505 1843 1562 1885 Et
1585 1841 1632 1883 in
1654 1845 1851 1897 tempore
1873 1840 1952 1883 illo

117 1901 362 1945 salvabitur
386 1901 574 1959 populus
599 1907 700 1945 tuus
733 1902 876 1945 omnis
908 1901 981 1957 qui
1009 1901 1218 1944 inventus
1243 1900 1382 1944 fuerit
1411 1901 1600 1957 scriptus
1624 1899 1671 1942 in
1697 1899 1823 1943 libro.
1851 1898 1868 1925 9
1893 1900 1952 1942 Et

116 1960 246 2003 multi
280 1961 334 2005 de
365 1961 434 2004 his
466 1961 539 2017 qui
574 1961 799 2004 dormiunt
833 1961 1045 2015 interrae
1075 1960 1256 2017 pulvere
1290 1960 1588 2016 evigilabunt,
1625 1958 1702 2001 alii
1736 1958 1782 2001 in
1810 1958 1951 2002 vitam

117 2026 352 2077 aeternam,
388 2025 431 2064 et
466 2020 544 2064 alii
579 2021 627 2064 in
663 2021 947 2078 opprobrium
977 2025 1026 2062 ut
1059 2019 1243 2063 videant
1278 2033 1464 2075 semper.
1491 2019 1508 2045 3
1533 2018 1615 2069 Qui
1648 2022 1799 2061 autem
1833 2018 1951 2062 docti

116 2079 296 2137 fuerint,
315 2080 560 2137 fulgebunt
581 2081 705 2136 quasi
731 2079 939 2137 splendor
957 2079 1224 2122 firmamenti
1241 2097 1249 2134 3
1275 2083 1319 2121 et
1336 2078 1409 2134 qui
1428 2078 1484 2121 ad
1502 2078 1726 2134 justitiam
1744 2077 1952 2121 erudiunt

116 2139 300 2195 multos,
326 2139 452 2196 quasi
477 2140 619 2183 stellae
641 2140 688 2182 in
713 2144 947 2196 perpetuas
976 2139 1261 2182 aeternitates,

175 2197 192 2224 4
213 2199 281 2241 Tu
301 2204 473 2254 autem,
497 2199 678 2256 Daniel,
699 2198 855 2242 claude
881 2212 1125 2253 sermones,
1149 2202 1193 2241 et
1214 2198 1343 2253 signa
1364 2197 1528 2240 librum
1546 2211 1682 2252 usque
1701 2197 1757 2240 ad
1776 2202 1950 2254 tempus

116 2261 359 2312 statutum;
387 2258 568 2315 plurimi
593 2258 946 2314 pertransibunt,
974 2262 1018 2300 et
1040 2256 1276 2313 multiplex
1301 2256 1384 2300 erit
1408 2256 1608 2300 seientia.

176 2316 192 2342 5
211 2318 269 2359 Et
293 2316 407 2372 vidi,
434 2331 516 2373 ego
543 2317 726 2372 Daniel,
749 2326 793 2360 et
822 2331 924 2360 ecce
945 2316 1071 2372 quasi
1097 2316 1184 2359 duo
1205 2315 1282 2358 alii
1312 2316 1492 2359 stabant
1513 2333 1521 2360 :
1547 2330 1660 2358 unus
1687 2315 1792 2358 hinc
1821 2330 1951 2372 super

116 2374 259 2432 ripam
286 2374 502 2431 fluminis,
536 2381 580 2419 et
609 2376 721 2418 alius
750 2376 855 2419 inde
889 2390 944 2419 ex
973 2376 1113 2419 altera
1138 2375 1234 2432 ripa
1262 2374 1472 2418 fluminis.
1499 2376 1516 2402 G
1542 2376 1600 2418 Et
1628 2375 1722 2418 dixi
1749 2375 1842 2418 viro
1876 2376 1949 2432 qui

117 2440 210 2478 erat
234 2434 415 2478 indutus
438 2435 580 2490 lineis,
601 2435 675 2491 qui
696 2435 845 2478 stabat
867 2449 997 2491 super
1020 2449 1156 2491 aquas
1179 2434 1399 2478 fluminis:
1420 2436 1657 2491 Usquequo
1675 2434 1774 2477 finis
1791 2434 1949 2477 horum

116 2493 424 2538 mirabilium?
451 2494 466 2520 ⁷
490 2495 547 2536 Et
572 2494 726 2538 audivi
751 2494 895 2537 virum
920 2495 994 2550 qui
1022 2494 1206 2537 indutus
1232 2498 1324 2537 erat
1357 2493 1506 2549 lineis,
1539 2493 1613 2549 qui
1638 2494 1787 2537 stabat
1819 2505 1951 2551 super

115 2567 252 2609 aquas
276 2553 493 2609 fluminis,
518 2568 618 2597 cum
647 2554 863 2597 elevasset
889 2553 1118 2597 dexteram
1143 2559 1186 2597 et
1216 2553 1443 2596 sinistram
1472 2568 1598 2603 suam
1622 2553 1669 2596 in
1696 2553 1880 2609 caelum,
1906 2559 1949 2597 et

115 2612 306 2669 jurasset
327 2627 404 2669 per
428 2613 654 2656 viventem
684 2613 731 2655 in
755 2618 990 2668 aeternum,
1017 2613 1121 2669 quia
1144 2612 1192 2655 in
1214 2618 1408 2669 tempus,
1436 2618 1479 2656 et
1507 2618 1727 2669 tempora,
1751 2617 1795 2655 et
1820 2612 1949 2655 dimi-

116 2671 239 2714 dium
264 2672 499 2729 temporis,
531 2677 575 2715 et
604 2686 704 2715 cum
738 2672 959 2729 completa
992 2672 1130 2716 fuerit
1163 2672 1376 2728 dispersio
1405 2687 1561 2715 manus
1595 2672 1746 2728 populi
1779 2672 1948 2729 sancti,

115 2731 454 2787 complebuntur
482 2731 689 2775 universa
721 2733 830 2775 haec.
857 2732 874 2758 3
900 2733 957 2775 Et
991 2746 1071 2788 ego
1104 2732 1276 2786 audivi,
1302 2737 1346 2774 et
1378 2746 1465 2775 non
1495 2730 1710 2774 intellexi.
1738 2732 1796 2774 Et
1822 2731 1914 2774 dixi
1937 2748 1945 2776 ε

116 2790 307 2834 Domine
329 2791 411 2847 mi,
434 2791 539 2846 quid
562 2791 644 2834 erit
665 2796 764 2849 post
784 2791 914 2835 haec?
941 2791 958 2817 9
977 2793 1034 2834 Et
1057 2792 1121 2834 ait
1143 2808 1151 2835 ;
1170 2791 1322 2845 Vade,
1344 2791 1524 2846 Daniel,
1551 2790 1654 2847 quia
1683 2790 1822 2834 clausi
1847 2798 1947 2834 sunt

115 2849 369 2906 signatique
398 2864 640 2907 sermones,
667 2865 804 2907 usque
836 2851 893 2893 ad
922 2851 1194 2907 praefinitum
1219 2856 1406 2906 tempus.
1431 2849 1467 2876 ¹⁰
1484 2850 1730 2906 Eligentur,
1754 2855 1799 2892 et
1829 2849 1946 2892 deal-

114 2908 350 2966 babuntur,
374 2914 418 2953 et
442 2909 567 2966 quasi
596 2910 714 2966 ignis
738 2910 1042 2967 probabuntur
1066 2908 1223 2963 multi3
1247 2914 1290 2952 et
1315 2909 1450 2966 impie
1474 2913 1611 2966 agent
1632 2908 1779 2965 impii,
1807 2923 1948 2966 neque

115 2966 368 3024 intelligent
405 2984 556 3013 omnes
591 2970 719 3026 impii
747 2983 908 3026 :porro
943 2968 1061 3012 docti
1096 2968 1365 3024 intelligent.
1401 2968 1433 2994 ¹¹
1461 2970 1518 3012 Et
1554 2984 1580 3011 a
1615 2972 1814 3024 tempore
1847 2983 1948 3012 cum

115 3026 318 3070 ablatum
341 3029 480 3072 fuen't
499 3029 608 3086 juge
634 3029 918 3084 sacrificium,
946 3034 990 3071 et
1014 3028 1159 3085 posita
1184 3027 1322 3071 fuerit
1345 3027 1620 3071 abominatio
1644 3027 1690 3070 in
1713 3027 1946 3071 desolatio-

115 3100 239 3142 nem,
263 3087 356 3130 dies
383 3088 505 3132 mille
531 3088 710 3132 ducenti
733 3088 990 3144 nonaginta.
1613 3083 1617 3087 ’

175 3145 212 3171 ¹⁶²
230 3147 393 3190 Beatus
427 3148 502 3203 qui
535 3153 761 3205 expectat,
789 3153 832 3190 et
864 3147 1067 3203 pervenit
1092 3162 1228 3204 usque
1252 3148 1309 3191 ad
1343 3148 1436 3191 dies
1466 3148 1589 3191 mille
1617 3152 1838 3192 trecentos
1871 3147 1947 3191 tri-

117 3205 244 3261 ginta
268 3206 481 3264 quinque!
510 3207 545 3234 ¹3
562 3208 628 3250 Tu
655 3213 825 3262 autem,
850 3206 963 3249 vade
988 3207 1044 3250 ad
1070 3207 1363 3264 praefinitum,
1388 3212 1432 3250 et
1456 3207 1723 3264 requiesces,
1743 3211 1787 3250 et
1807 3206 1946 3250 stabis

116 3263 162 3306 in
186 3271 301 3309 sorte
326 3272 402 3310 tua
423 3267 470 3310 in
495 3267 629 3310 finem
651 3267 834 3309 dierum.

175 3368 419 3425 Hucusque
443 3370 679 3413 Danielem
706 3371 752 3412 iu
776 3369 939 3413 hebraeo
964 3369 1181 3412 volumine
1207 3369 1401 3425 leqimus.
1430 3368 1534 3420 Quae
1555 3373 1792 3422 sequuntur
1812 3380 1946 3421 usque

117 3427 179 3468 ad
185 3428 324 3482 finem
348 3429 468 3482 libri,
492 3430 544 3472 de
570 3429 872 3472 leeodotz'ouis
896 3429 1080 3472 editione
1102 3429 1319 3471 translata
1342 3433 1454 3470 suut.

118 3588 147 3622 2]
165 3587 286 3618 Matth.
303 3589 409 3625 XXV,
429 3592 474 3619 46.
491 3604 528 3609 —
544 3591 574 3624 3]
597 3590 670 3622 Sap.
691 3590 756 3625 III,
774 3592 799 3617 7.
816 3603 851 3607 —
870 3589 897 3621 7]
913 3589 1014 3620 Apoc.
1034 3589 1074 3623 X,
1090 3591 1116 3617 5.

2027 1734 2059 1758 4ο
2079 1731 2250 1760 Liberatio

2031 1775 2147 1808 populi
2166 1775 2245 1812 Dei,

2035 1820 2242 1848 resurrectio

2054 1868 2088 1893 et
2113 1864 2223 1899 gloria

2036 1912 2242 1938 sanctorum.

2034 2333 2067 2358 50
2097 2330 2243 2363 Tempus

2054 2378 2222 2403 statutum

2027 2426 2085 2451 pro
2105 2420 2248 2452 comple-

2092 2464 2184 2492 tione

2041 2508 2236 2542 prophetias.

2014 3163 2046 3189 60
2064 3157 2250 3188 conclusis).
