2456 3861
772 176 793 218 1
829 176 940 218 Bm
973 175 1107 227 xix,
1145 175 1275 216 1-24.
1852 169 1936 212 273

117 347 379 403 egressionis
412 360 560 389 eorum
593 344 851 401 prudentius
880 359 924 386 se
959 342 1141 399 gerebat
1168 342 1314 385 David
1340 356 1471 398 quam
1497 353 1649 383 omnes
1673 338 1786 382 servi
1812 335 1931 388 Saul,

117 412 162 449 et
185 405 356 448 celebre
383 405 555 448 factum
581 409 646 447 θεῖ
677 417 836 446 nomen
866 403 962 458 ejus
988 401 1132 446 nimis.

625 523 650 580 ξ
684 524 764 566 IV.
789 548 848 556 -—
879 523 1044 565 Patens
1076 521 1232 566 Saulis
1263 521 1426 564 odium.

175 641 282 684 CAP.
313 639 437 682 XIX.
463 664 521 670 —
557 637 566 663 ¹
596 639 789 681 Locutus
814 642 880 680 est
904 642 1052 679 autem
1087 635 1190 680 Saul
1224 635 1280 677 ad
1310 635 1538 678 <Ionatham
1572 633 1711 677 filium
1737 646 1864 675 suum
1897 635 1941 674 et

113 699 171 741 ad
198 712 350 741 omnes
374 711 520 740 servos
553 711 654 739 suos
678 703 726 738 ut
760 695 1010 738 occiderent
1038 694 1198 737 David.
1228 695 1359 736 Porro
1392 693 1631 747 donatii-as,
1666 691 1782 734 filius
1814 689 1939 744 Saul,

115 757 334 812 diligebat
367 755 514 798 David
552 755 697 798 valde.
731 753 748 780 ’Ζ
770 756 825 796 Εῖ
860 753 1076 796 indicavit
1110 753 1330 795 J0natl1as
1369 752 1536 806 David,
1563 752 1745 794 dicens:
1774 748 1941 800 Quaerit

115 816 219 858 Saul
254 820 378 871 pater
412 828 534 857 meus
566 813 765 856 occidere
799 819 871 864 te;
911 818 1177 868 quapropter
1207 811 1390 854 observa
1424 817 1487 863 te,
1522 824 1691 865 quaeso,
1722 823 1870 863 mane,
1898 814 1942 850 et

116 873 316 916 manebis
339 873 455 915 clam
483 878 527 916 et
547 871 843 915 absconderis.
869 872 887 898 3
911 873 1006 927 Ego
1030 876 1180 914 autem
1210 870 1441 926 egrediens
1467 869 1593 912 stabo
1618 869 1745 923 juxta
1771 872 1942 924 patrem

115 947 284 986 meum,
310 932 356 974 in
381 946 488 987 agro
514 931 778 986 ubicumque
805 931 969 984 fueris3
993 935 1037 972 et
1063 944 1145 985 ego
1171 929 1323 985 loquar
1348 929 1401 971 dc
1425 934 1467 972 te
1493 928 1549 970 ad
1575 932 1747 983 patrem
1774 940 1940 980 meum,

113 1000 160 1034 et
197 991 503 1046 quodcumque
544 990 696 1033 videro
733 989 948 1032 nuntiabo
989 988 1084 1031 tibi.
1128 988 1144 1014 4
1179 990 1370 1032 Locutus
1404 993 1471 1030 est
1500 1000 1602 1042 ergo
1635 985 1855 1029 J01‘1athas
1889 984 1942 1026 de

95 1049 263 1092 -David
289 1049 404 1091 bona
428 1049 486 1092 ad
510 1049 614 1092 Saul
640 1054 813 1105 patrem
838 1063 984 1102 suum,
1008 1047 1207 1103 dixitque
1232 1047 1289 1090 ad
1320 1061 1419 1090 eum
1443 1063 1451 1089 2
1480 1047 1546 1089 Ne
1572 1058 1747 1101 pecceS,
1774 1058 1870 1098 rex,
1897 1043 1941 1085 111

113 1122 290 1151 servum
312 1114 436 1151 tuum
464 1107 629 1162 David,
650 1107 752 1163 quia
776 1122 862 1151 non
888 1106 1090 1163 peccavit
1115 1106 1218 1161 tibi,
1245 1111 1290 1149 et
1315 1120 1449 1162 opera
1473 1105 1572 1160 ejus
1597 1104 1712 1146 bona
1737 1108 1840 1146 sunt
1861 1101 1943 1144 tibi

114 1167 258 1210 valde.
289 1167 306 1193 ⁵
330 1168 387 1210 Et
408 1167 554 1223 posuit
575 1167 772 1210 animam
797 1181 922 1209 suam
946 1166 993 1208 in
1020 1180 1154 1208 manu
1179 1180 1277 1218 sua,
1305 1172 1348 1207 et
1373 1163 1588 1220 percussit
1611 1162 1940 1216 Philisthaeum,

114 1233 158 1269 et
183 1226 295 1269 fecit
314 1225 530 1269 Dominus
555 1225 746 1268 salutem
767 1239 978 1281 magnam
1001 1224 1205 1268 universo
1218 1223 1387 1267 Israeli.
1401 1223 1587 1278 Vidisti,
1606 1227 1651 1265 et
1673 1221 1849 1264 laetatus
1871 1235 1940 1274 es;

115 1299 247 1341 quare
272 1299 377 1340 ergo
399 1299 557 1341 peccas
582 1284 628 1327 in
650 1284 868 1340 sanguine
889 1283 1091 1339 innoxio,
1111 1283 1379 1327 interficiens
1403 1282 1568 1337 David,
1588 1281 1662 1337 qui
1689 1285 1754 1323 est
1779 1279 1943 1335 absque

115 1343 280 1399 culpa?
306 1344 324 1370 ⁶
346 1343 469 1394 Quod
492 1358 594 1386 cum
622 1343 819 1386 audisset
843 1343 967 1388 Saul.
994 1343 1196 1398 placatus
1221 1356 1328 1385 voce
1358 1342 1567 1385 Jonathae
1592 1339 1760 1395 juravit
1783 1355 1790 1382 :
1820 1339 1945 1381 Vivit

114 1403 358 1445 Dominus!
382 1403 485 1458 qnia
511 1416 599 1445 non
625 1402 863 1445 occidetur.
894 1401 908 1427 7
934 1401 1123 1444 Vocavit
1147 1401 1294 1456 itaque
1320 1401 1538 1444 Jonathas
1565 1398 1734 1453 David,
1760 1403 1804 1441 et
1828 1397 1943 1440 indi-

114 1462 233 1504 cavit
254 1461 296 1504 ei
321 1461 470 1504 omnia
492 1461 627 1504 verba
652 1461 771 1515 haec,
795 1467 838 1503 et
863 1459 1108 1502 introduxit
1134 1461 1161 1502 J
1167 1460 1352 1502 onathas
1375 1459 1522 1502 David
1547 1458 1604 1502 ad
1629 1457 1759 1512 Saul;
1787 1463 1831 1500 et
1856 1456 1944 1499 fuit

113 1526 216 1563 ante
242 1534 364 1574 eum,
391 1520 506 1562 sicut
527 1519 675 1562 fuerat
700 1519 793 1562 heri
816 1524 861 1562 et
882 1518 1214 1562 nudiustertius.

172 1579 188 1605 ὃ
208 1580 380 1622 Μοῖ11111
402 1584 472 1621 θεῖ
491 1584 642 1621 autem
662 1592 836 1621 rursum
858 1577 1025 1620 bellum
1045 1594 1054 1631 ;
1083 1582 1126 1619 et
1151 1592 1351 1633 egressus
1374 1577 1523 1620 David
1548 1577 1764 1633 pugnavit
1789 1576 1942 1619 adver-

112 1653 209 1681 sum
236 1637 530 1693 Philisthiim,
553 1637 854 1693 percussitque
881 1650 952 1679 eos
977 1636 1112 1693 plaga
1134 1651 1319 1693 magna,
1342 1641 1386 1679 et
1407 1637 1621 1692 fugerunt
1643 1650 1669 1678 a
1690 1635 1808 1678 facie
1831 1635 1941 1691 ejus.

113 1697 130 1723 9
154 1699 209 1740 Εῖ
241 1698 391 1740 factus
421 1702 486 1739 est
516 1696 698 1752 spiritus
734 1696 915 1739 Domini
941 1695 1084 1738 malus
1109 1695 1155 1739 in
1189 1696 1307 1740 Saul.
1334 1695 1528 1739 Sedebat
1555 1699 1706 1738 autem
1734 1694 1780 1737 in
1813 1694 1943 1737 domo

112 1771 210 1811 sua,
235 1762 282 1799 et
307 1755 489 1799 tenebat
521 1755 755 1809 lanceam3
789 1769 917 1811 porro
950 1754 1099 1798 David
1123 1755 1345 1812 psallebat
1372 1769 1507 1798 manu
1540 1769 1631 1797 sua.
1663 1753 1698 1780 ¹⁰
1723 1754 1942 1809 Nisusque

113 1822 178 1858 θεῖ
204 1815 308 1859 Saul
335 1815 556 1870 configere
587 1814 735 1857 David
767 1814 924 1858 lancea
947 1814 994 1857 in
1023 1813 1213 1871 pariete,
1245 1819 1289 1858 et
1314 1814 1559 1857 declinavit
1592 1813 1740 1856 David
1765 1828 1791 1856 a
1824 1813 1943 1855 facie

113 1874 245 1928 Saul;
280 1874 436 1916 lancea
468 1879 638 1929 autem,
670 1887 798 1916 casso
831 1873 1033 1928 vulnere,
1061 1874 1232 1929 perlata
1267 1879 1333 1917 est
1364 1873 1410 1916 in
1443 1873 1673 1930 parietem.
1706 1874 1764 1916 Et
1796 1871 1943 1915 David

109 1933 253 1988 fugit,
279 1938 324 1977 et
348 1933 545 1976 salvatus
567 1938 637 1976 est
661 1937 791 1976 nocte
814 1932 905 1976 illa.

174 1992 206 2018 ¹¹
230 1993 352 2035 Misit
377 2006 481 2048 ergo
509 1992 612 2036 Saul
630 1992 850 2035 satellites
875 2006 976 2035 suos
999 1992 1048 2036 in
1073 1993 1255 2037 domum
1278 1993 1425 2036 David
1453 1998 1500 2036 ut
1526 1993 1798 2037 custodirent
1820 2007 1940 2047 eum,

112 2062 157 2095 et.
176 2051 497 2094 interficeretur
518 2065 662 2094 mane.
695 2051 820 2102 Quod
847 2065 949 2094 cum
978 2052 1288 2095 annuntiasset
1318 2052 1465 2096 David
1498 2052 1686 2108 Michol,
1709 2066 1819 2095 uxor
1843 2066 1941 2107 sua,

112 2111 265 2154 dicens
289 2126 299 2153 ε
329 2110 425 2152 Nisi
454 2110 699 2153 salvaveris
723 2115 767 2153 te
794 2116 923 2153 nocte
956 2111 1062 2167 hac,
1091 2125 1187 2154 cras
1215 2111 1433 2167 morieris,
1462 2111 1497 2138 '¹²
1515 2111 1719 2168 deposuit
1745 2126 1846 2154 eum
1867 2125 1944 2167 per

111 2169 370 2212 fenestram.
395 2170 528 2212 Porro
557 2169 632 2211 ille
650 2169 766 2220 abiit
793 2174 839 2212 et
863 2170 1064 2226 aufugit,
1092 2176 1223 2226 atque
1254 2171 1453 2214 salvatus
1478 2177 1558 2215 est.
1590 2171 1627 2197 '¹3
1646 2171 1769 2214 Tulit
1793 2175 1943 2213 autem

111 2228 279 2271 Michol
310 2234 528 2283 statuam,
555 2233 599 2270 et
623 2228 771 2284 posuit
804 2242 901 2271 eam
928 2243 1060 2285 super
1084 2230 1271 2285 lectum,
1299 2235 1343 2273 et
1374 2230 1539 2286 pellem
1570 2230 1760 2286 pilosam
1792 2244 1943 2286 capra-

111 2302 208 2330 rum
234 2287 380 2343 posuit
400 2287 457 2330 ad
484 2292 616 2343 caput
638 2287 755 2342 ejus,
773 2292 818 2330 et
844 2289 1015 2343 operuit
1033 2303 1132 2332 eam
1153 2289 1448 2333 vestimentis.
1472 2289 1507 2316 ¹4
1524 2290 1649 2333 Misit
1669 2295 1820 2333 autem
1841 2288 1945 2333 Saul

111 2346 384 2403 apparitores
409 2346 484 2401 qui
507 2351 714 2402 raperent
733 2346 906 2401 David;
932 2352 979 2390 et
998 2362 1256 2404 responsum
1279 2354 1344 2391 est
1365 2349 1482 2404 quod
1505 2353 1753 2405 aegrotaret.
1781 2348 1816 2375 ¹5
1836 2349 1946 2392 Rur-

111 2419 295 2460 sumque
329 2405 451 2448 misit
480 2405 585 2448 Saul
618 2405 796 2448 nuntios
829 2411 877 2448 ut
911 2406 1114 2450 viderent
1148 2407 1316 2463 David,
1344 2407 1495 2451 dicens
1520 2425 1529 2452 :
1556 2408 1730 2452 Afferte
1761 2422 1862 2451 eum
1886 2408 1943 2451 ad

112 2479 182 2507 me
222 2464 269 2506 in
304 2465 419 2507 lecto
459 2469 508 2507 ut
548 2464 787 2507 occidatur.
831 2464 866 2491 ‘¹⁶
892 2465 1090 2521 Cumque
1129 2466 1355 2510 venissent
1396 2467 1562 2523 nuntii,
1604 2467 1838 2510 inventum
1877 2472 1943 2510 est

111 2524 397 2567 simulacrum
421 2538 551 2580 super
575 2523 761 2579 lectum,
792 2529 837 2567 et
865 2524 994 2580 pellis
1024 2539 1256 2582 caprarum
1281 2525 1338 2568 ad
1363 2531 1497 2582 caput
1530 2526 1640 2593 ejus.
1672 2526 1706 2552 ‘¹⁷
1731 2526 1948 2581 Dixitque·

112 2583 216 2626 Saul
233 2583 290 2626 ad
317 2583 484 2625 'Michol
506 2598 515 2625 :
539 2583 680 2634 Quare
705 2583 768 2626 sic
791 2583 969 2626 illusisti
994 2583 1124 2639 mihi,
1151 2589 1197 2627 et
1222 2584 1428 2627 dimisisti
1454 2585 1687 2628 inimicum
1717 2600 1861 2628 meum
1895 2590 1942 2627 ut

111 2642 323 2698 fugeret?
363 2643 420 2684 Et
455 2641 684 2698 respondit
722 2642 888 2685 Michol
925 2643 982 2686 ad
1019 2643 1124 2686 Saul
1155 2658 1164 2686 ε
1202 2643 1312 2694 Quia
1351 2643 1448 2700 ipse
1484 2644 1657 2687 locutus
1694 2650 1760 2687 est
1792 2644 1939 2687 mihi:

112 2701 300 2744 Dimitte
325 2716 416 2756 me,
440 2701 640 2757 alioquin
669 2701 934 2744 interficiam
958 2707 1014 2746 te.

174 2760 206 2786 ¹⁸
230 2760 377 2803 David
401 2770 552 2803 autem
572 2760 753 2816 fugiens
778 2761 974 2804 salvatus
1003 2766 1089 2817 est,
1122 2766 1165 2804 et
1193 2761 1317 2804 venit
1338 2762 1394 2805 ad
1426 2762 1603 2806 Samuel
1623 2762 1672 2806 in
1698 2764 1941 2822 Ramatha,

110 2824 154 2862 et
179 2819 403 2862 nuntiavit
429 2820 468 2862 ei
493 2819 639 2862 omnia
661 2834 759 2875 quae
786 2820 957 2863 fecerat
980 2820 1065 2862 sibi
1093 2820 1197 2864 Saul
1218 2838 1228 2875 3
1253 2825 1298 2864 et
1323 2821 1527 2865 abierunt
1551 2822 1646 2878 ipse
1672 2828 1716 2866 et
1741 2824 1940 2881 Samuel,

111 2883 154 2920 et
187 2878 347 2921 morati
370 2884 473 2921 sunt
504 2878 552 2920 in
587 2878 768 2922 Naioth.
796 2878 833 2904 ¹9
858 2879 1126 2922 Nuntiatum
1158 2884 1224 2923 est
1256 2885 1406 2923 autem
1440 2881 1560 2925 Sauli
1593 2896 1620 2924 a
1653 2881 1903 2927 dicentibus
1929 2901 1937 2928 :

112 2937 227 2980 Ecce
252 2937 398 2980 David
417 2937 463 2979 in
485 2937 652 2981 Naioth
675 2938 723 2980 in
748 2939 982 2981 Ramatha.
1009 2937 1045 2964 ²⁰
1062 2938 1187 2981 Misit
1212 2953 1316 2995 ergo
1340 2940 1443 2984 Saul
1468 2940 1644 2984 lictores
1667 2946 1715 2984 ut
1735 2950 1939 2999 raperent

111 2996 282 3051 David;
307 2996 380 3053 qui
405 3010 507 3040 eum
528 2996 745 3040 vidissent
769 3011 957 3040 cuneum
975 2998 1289 3054 prophetarum
1311 2998 1675 3056 vaticinantium,
1695 3006 1739 3044 et
1761 3002 1938 3046 Samue-

110 3054 198 3098 lem
223 3062 416 3098 stantem
441 3070 570 3112 super
593 3070 689 3112 eos,
711 3056 861 3099 factus
894 3061 960 3099 est
986 3056 1121 3099 etiam
1146 3057 1325 3114 spiritus
1349 3058 1528 3101 Domini
1559 3059 1608 3102 in
1639 3059 1749 3115 illis,
1776 3067 1821 3104 et
1841 3076 1938 3118 pro-

109 3114 292 3170 phetare
317 3120 545 3171 coeperunt
570 3115 707 3159 etiam
730 3115 830 3172 ipsi.
865 3113 898 3141 ²¹
922 3115 1046 3165 Quod
1078 3129 1179 3159 cum
1211 3117 1465 3161 nuntiatum
1499 3124 1613 3162 esset
1646 3119 1788 3175 Sauli,
1816 3121 1936 3165 misit

111 3179 154 3216 et
178 3173 288 3216 alios
309 3174 489 3217 nuntios
509 3192 518 3229 ;
544 3174 920 3231 prophetaverunt
944 3179 1093 3218 autem
1118 3180 1163 3219 et
1190 3175 1271 3219 illi.
1301 3177 1358 3219 Et
1383 3191 1554 3220 rursum
1579 3178 1701 3221 misit
1726 3179 1829 3223 Saul
1851 3185 1936 3223 ter-

110 3232 194 3275 tios
216 3233 413 3289 nuntios,
437 3233 510 3289 qui
534 3239 576 3277 θῖ
598 3232 682 3290 ipsi
708 3233 1095 3290 prophetaverunt.
1120 3236 1177 3277 Et
1198 3235 1337 3278 iratus
1361 3236 1592 3280 iracundia
1618 3238 1743 3293 Saul,
1770 3237 1807 3264 ‘²⁸2
1823 3238 1935 3282 abiit

111 3290 244 3334 etiam
271 3291 364 3348 ipse
396 3292 441 3335 in
469 3293 711 3348 Ramatha,
739 3298 783 3336 et
809 3292 931 3336 venit
956 3307 1091 3349 usque
1120 3294 1178 3337 ad
1211 3294 1451 3338 cisternam
1476 3310 1708 3352 magnam,
1740 3311 1837 3352 quae
1870 3304 1935 3342 est

109 3349 156 3392 in
181 3351 342 3407 Socho,
374 3357 417 3395 et
448 3351 759 3408 interrogavit,
787 3357 831 3395 et
865 3351 978 3395 dixit
1001 3369 1010 3396 :
1037 3353 1092 3395 In
1120 3367 1205 3409 quo
1231 3353 1327 3397 loco
1356 3359 1459 3397 sunt
1483 3355 1660 3399 Samuel
1684 3361 1729 3398 et
1751 3356 1932 3401 David?

112 3408 377 3465 Dictumque
397 3415 462 3453 est
486 3410 527 3454 ei
550 3426 558 3453 :
586 3412 702 3454 Ecce
727 3411 773 3453 in
799 3411 841 3453 N
844 3411 966 3454 aioth
987 3416 1089 3454 sunt
1112 3412 1160 3455 in
1180 3413 1412 3457 Ramatha.
1436 3413 1473 3440 23
1492 3416 1548 3456 Et
1565 3414 1678 3457 abiit
1698 3414 1745 3457 in
1768 3416 1809 3458 N
1811 3415 1933 3459 aioth

109 3466 156 3509 in
178 3469 397 3512 Ramatha
413 3487 421 3522 ;
440 3474 484 3513 et
500 3470 649 3513 factus
671 3475 736 3514 est
758 3470 895 3513 etiam
919 3484 1048 3526 super
1065 3485 1163 3514 eum
1185 3471 1364 3528 spiritus
1388 3472 1588 3527 Domini,
1608 3478 1651 3516 et
1672 3474 1933 3519 ambulabat

111 3524 381 3583 ingrediens,
400 3533 445 3571 et
460 3528 755 3585 prophetabat
777 3543 912 3584 usque
933 3529 1038 3572 dum
1056 3530 1226 3574 veniret
1247 3530 1292 3573 in
1310 3531 1477 3575 Naioth
1498 3531 1544 3574 in
1565 3532 1798 3576 Ramatha.
1821 3532 1858 3560 24
1875 3535 1934 3577 Et

110 3668 160 3702 24]
178 3668 255 3702 Sup.
272 3669 321 3704 X,
338 3672 380 3699 12.

1672 3734 1723 3777 18

2037 641 2133 675 Saul,
2156 645 2235 668 suos

2041 691 2226 717 provocans

2046 729 2086 756 ud
2105 735 2217 756 necem

2059 772 2211 806 1)ax·i‹li-·,

2039 818 2192 850 placatur
2213 823 2232 844 a

2057 860 2215 888 douatlia.

2070 1589 2202 1618 Nititur

2077 1634 2198 1661 iterum

2035 1679 2234 1710 transfigere

2049 1721 2220 1750 Davidem.

2081 2003 2191 2032 Mittit

2052 2047 2219 2075 satellites

2039 2091 2073 2120 in
2094 2092 2228 2119 domum

2059 2143 2063 2149 ¹
2080 2134 2194 2163 David.

2079 2781 2190 2812 Mittit

2026 2824 2165 2854 lictores
2182 2826 2239 2860 qui

2022 2870 2225 2902 prophetant
2236 2879 2243 2905 ;

2010 2914 2191 2947 prophetat
2217 2918 2252 2944 et

2092 2957 2172 2991 ipse.

2443 150 2445 153 .
2440 100 2445 124 -.
2437 0 2446 42 ⁴⁴...

2443 261 2456 308 ,ζ’-
2441 164 2456 252 :2:⁴2

2444 371 2456 395 x:
2443 303 2456 365 2⁶*-
