<?xml version="1.0" encoding="UTF-8"?>
<!DOCTYPE html PUBLIC "-//W3C//DTD XHTML 1.0 Transitional//EN"
    "http://www.w3.org/TR/xhtml1/DTD/xhtml1-transitional.dtd">
<html xmlns="http://www.w3.org/1999/xhtml" xml:lang="en" lang="en">
 <head>
  <title>
</title>
<meta http-equiv="Content-Type" content="text/html;charset=utf-8" />
  <meta name='ocr-system' content='tesseract 3.04.00' />
  <meta name='ocr-capabilities' content='ocr_page ocr_carea ocr_par ocr_line ocrx_word'/>
</head>
<body>
  <div class='ocr_page' id='page_1' title='image "./bibliasacrajuxta00fill_0232.png"; bbox 0 0 2456 3861; ppageno 0'>
   <div class='ocr_carea' id='block_1_1' title="bbox 466 157 1736 211">
    <p class='ocr_par' dir='ltr' id='par_1_1' title="bbox 466 157 1736 211">
     <span class='ocr_line' id='line_1_1' title="bbox 466 157 1736 211; baseline -0.002 -10"><span class='ocrx_word' id='word_1_1' title='bbox 466 159 550 202; x_wconf 74' lang='lat'>216</span> <span class='ocrx_word' id='word_1_2' title='bbox 1019 158 1116 200; x_wconf 77' lang='grc'><strong>506.</strong></span> <span class='ocrx_word' id='word_1_3' title='bbox 1152 157 1285 211; x_wconf 85' lang='lat' dir='ltr'>XIX,</span> <span class='ocrx_word' id='word_1_4' title='bbox 1320 157 1372 199; x_wconf 88' lang='lat'>51</span> <span class='ocrx_word' id='word_1_5' title='bbox 1407 182 1466 190; x_wconf 89' lang='lat'>—</span> <span class='ocrx_word' id='word_1_6' title='bbox 1498 157 1632 210; x_wconf 86' lang='lat' dir='ltr'>XXI,</span> <span class='ocrx_word' id='word_1_7' title='bbox 1670 157 1736 199; x_wconf 80' lang='lat'>16.</span> 
     </span>
    </p>
   </div>
   <div class='ocr_carea' id='block_1_2' title="bbox 461 325 2299 617">
    <p class='ocr_par' dir='ltr' id='par_1_2' title="bbox 461 325 2299 617">
     <span class='ocr_line' id='line_1_2' title="bbox 464 325 2299 385; baseline -0.002 -13"><span class='ocrx_word' id='word_1_8' title='bbox 464 335 736 385; x_wconf 65' lang='lat' dir='ltr'>praeceptum</span> <span class='ocrx_word' id='word_1_9' title='bbox 763 326 963 380; x_wconf 80' lang='lat' dir='ltr'>Domini,</span> <span class='ocrx_word' id='word_1_10' title='bbox 988 326 1141 368; x_wconf 85' lang='lat' dir='ltr'>urbem</span> <span class='ocrx_word' id='word_1_11' title='bbox 1168 340 1301 381; x_wconf 86' lang='lat' dir='ltr'>quam</span> <span class='ocrx_word' id='word_1_12' title='bbox 1326 325 1592 381; x_wconf 86' lang='lat' dir='ltr'>postulavit,</span> <span class='ocrx_word' id='word_1_13' title='bbox 1622 326 1907 368; x_wconf 82' lang='lat' dir='ltr'>Thamnath—</span> <span class='ocrx_word' id='word_1_14' title='bbox 1909 327 2086 370; x_wconf 68' lang='grc'><strong>831133</strong></span> <span class='ocrx_word' id='word_1_15' title='bbox 2075 341 2123 369; x_wconf 84' lang='grc'>111</span> <span class='ocrx_word' id='word_1_16' title='bbox 2145 331 2299 369; x_wconf 83' lang='lat' dir='ltr'>monte</span> 
     </span>
     <span class='ocr_line' id='line_1_3' title="bbox 465 361 2296 443; baseline -0.001 -13"><span class='ocrx_word' id='word_1_17' title='bbox 465 388 703 443; x_wconf 80' lang='lat' dir='ltr'>Ephraim3</span> <span class='ocrx_word' id='word_1_18' title='bbox 729 393 773 428; x_wconf 86' lang='lat' dir='ltr'>et</span> <span class='ocrx_word' id='word_1_19' title='bbox 800 362 1041 427; x_wconf 68' lang='lat' dir='ltr'>aedificdvit</span> <span class='ocrx_word' id='word_1_20' title='bbox 1062 384 1313 439; x_wconf 88' lang='lat' dir='ltr'>civitatem,</span> <span class='ocrx_word' id='word_1_21' title='bbox 1346 361 1688 439; x_wconf 79' lang='lat' dir='ltr'>habitavitque</span> <span class='ocrx_word' id='word_1_22' title='bbox 1677 399 1724 426; x_wconf 87' lang='grc'>111</span> <span class='ocrx_word' id='word_1_23' title='bbox 1746 398 1813 427; x_wconf 91' lang='grc'>63.</span> <span class='ocrx_word' id='word_1_24' title='bbox 1835 383 1867 410; x_wconf 78' lang='lat'>5¹</span> <span class='ocrx_word' id='word_1_25' title='bbox 1890 383 1976 427; x_wconf 81' lang='lat' dir='ltr'>Hae</span> <span class='ocrx_word' id='word_1_26' title='bbox 2001 390 2103 427; x_wconf 85' lang='lat' dir='ltr'>sunt</span> <span class='ocrx_word' id='word_1_27' title='bbox 2127 399 2296 441; x_wconf 80' lang='lat' dir='ltr'>posses-</span> 
     </span>
     <span class='ocr_line' id='line_1_4' title="bbox 463 443 2298 500; baseline 0 -12"><span class='ocrx_word' id='word_1_28' title='bbox 463 447 630 500; x_wconf 80' lang='lat' dir='ltr'>siones,</span> <span class='ocrx_word' id='word_1_29' title='bbox 657 459 766 500; x_wconf 89' lang='lat' dir='ltr'>quas</span> <span class='ocrx_word' id='word_1_30' title='bbox 796 449 911 486; x_wconf 81' lang='lat' dir='ltr'>sorte</span> <span class='ocrx_word' id='word_1_31' title='bbox 942 443 1191 486; x_wconf 77' lang='lat' dir='ltr'>diviserunt</span> <span class='ocrx_word' id='word_1_32' title='bbox 1224 443 1410 486; x_wconf 89' lang='lat' dir='ltr'>Eleazar</span> <span class='ocrx_word' id='word_1_33' title='bbox 1446 443 1675 498; x_wconf 87' lang='lat' dir='ltr'>sacer,dos</span> <span class='ocrx_word' id='word_1_34' title='bbox 1702 448 1748 486; x_wconf 85' lang='lat' dir='ltr'>et</span> <span class='ocrx_word' id='word_1_35' title='bbox 1784 444 1919 486; x_wconf 84' lang='grc'><strong>506116</strong></span> <span class='ocrx_word' id='word_1_36' title='bbox 1952 443 2069 486; x_wconf 88' lang='lat' dir='ltr'>filius</span> <span class='ocrx_word' id='word_1_37' title='bbox 2097 444 2222 500; x_wconf 82' lang='lat' dir='ltr'>Nun,</span> <span class='ocrx_word' id='word_1_38' title='bbox 2253 449 2298 488; x_wconf 81' lang='grc'>61</span> 
     </span>
     <span class='ocr_line' id='line_1_5' title="bbox 462 478 2299 570; baseline 0 -24"><span class='ocrx_word' id='word_1_39' title='bbox 462 504 684 570; x_wconf 80' lang='lat' dir='ltr'>principes</span> <span class='ocrx_word' id='word_1_40' title='bbox 709 502 987 545; x_wconf 75' lang='lat' dir='ltr'>familiarum</span> <span class='ocrx_word' id='word_1_41' title='bbox 1011 516 1063 545; x_wconf 89' lang='lat' dir='ltr'>ac</span> <span class='ocrx_word' id='word_1_42' title='bbox 1089 502 1287 545; x_wconf 90' lang='lat' dir='ltr'>tribuum</span> <span class='ocrx_word' id='word_1_43' title='bbox 1312 502 1503 545; x_wconf 89' lang='lat' dir='ltr'>filiorum</span> <span class='ocrx_word' id='word_1_44' title='bbox 1533 478 1693 558; x_wconf 78' lang='lat' dir='ltr'>Israel,</span> <span class='ocrx_word' id='word_1_45' title='bbox 1720 502 1767 544; x_wconf 90' lang='lat' dir='ltr'>in</span> <span class='ocrx_word' id='word_1_46' title='bbox 1793 502 1904 558; x_wconf 86' lang='grc'><strong>8110,</strong></span> <span class='ocrx_word' id='word_1_47' title='bbox 1932 515 2081 544; x_wconf 88' lang='lat' dir='ltr'>coram</span> <span class='ocrx_word' id='word_1_48' title='bbox 2104 503 2299 546; x_wconf 83' lang='lat' dir='ltr'>Domino</span> 
     </span>
     <span class='ocr_line' id='line_1_6' title="bbox 461 561 1881 617; baseline 0 -13"><span class='ocrx_word' id='word_1_49' title='bbox 461 563 516 605; x_wconf 84' lang='lat' dir='ltr'>ad</span> <span class='ocrx_word' id='word_1_50' title='bbox 540 563 701 605; x_wconf 87' lang='lat' dir='ltr'>ostium</span> <span class='ocrx_word' id='word_1_51' title='bbox 723 561 1000 604; x_wconf 81' lang='lat' dir='ltr'>tabernaculi</span> <span class='ocrx_word' id='word_1_52' title='bbox 1027 561 1293 617; x_wconf 80' lang='lat' dir='ltr'>testimonii,</span> <span class='ocrx_word' id='word_1_53' title='bbox 1316 561 1557 617; x_wconf 88' lang='lat' dir='ltr'>partitique</span> <span class='ocrx_word' id='word_1_54' title='bbox 1580 566 1683 604; x_wconf 85' lang='lat' dir='ltr'>sunt</span> <span class='ocrx_word' id='word_1_55' title='bbox 1704 566 1881 604; x_wconf 88' lang='lat' dir='ltr'>terram.</span> 
     </span>
    </p>
   </div>
   <div class='ocr_carea' id='block_1_3' title="bbox 878 683 1881 740">
    <p class='ocr_par' dir='ltr' id='par_1_3' title="bbox 878 683 1881 740">
     <span class='ocr_line' id='line_1_7' title="bbox 878 683 1881 740; baseline -0.001 -14"><span class='ocrx_word' id='word_1_56' title='bbox 878 683 902 740; x_wconf 66' lang='grc' dir='ltr'>ξ</span> <span class='ocrx_word' id='word_1_57' title='bbox 937 684 991 726; x_wconf 82' lang='lat' dir='ltr'>V.</span> <span class='ocrx_word' id='word_1_58' title='bbox 1023 709 1082 714; x_wconf 89' lang='lat'>——</span> <span class='ocrx_word' id='word_1_59' title='bbox 1118 683 1326 727; x_wconf 72' lang='lat' dir='ltr'>Civitates</span> <span class='ocrx_word' id='word_1_60' title='bbox 1365 683 1530 739; x_wconf 55' lang='lat' dir='ltr'>refugii</span> <span class='ocrx_word' id='word_1_61' title='bbox 1563 690 1602 727; x_wconf 76' lang='lat' dir='ltr'>et</span> <span class='ocrx_word' id='word_1_62' title='bbox 1634 684 1881 726; x_wconf 71' lang='lat' dir='ltr'>levitarum.</span> 
     </span>
    </p>
   </div>
   <div class='ocr_carea' id='block_1_4' title="bbox 179 797 2302 2100">
    <p class='ocr_par' dir='ltr' id='par_1_4' title="bbox 179 797 2302 1567">
     <span class='ocr_line' id='line_1_8' title="bbox 246 797 2300 855; baseline -0.001 -12"><span class='ocrx_word' id='word_1_63' title='bbox 246 813 304 843; x_wconf 80' lang='lat' dir='ltr'>Dei</span> <span class='ocrx_word' id='word_1_64' title='bbox 522 800 628 844; x_wconf 78' lang='lat' dir='ltr'>CAP.</span> <span class='ocrx_word' id='word_1_65' title='bbox 655 800 756 842; x_wconf 71' lang='lat' dir='ltr'>XX.</span> <span class='ocrx_word' id='word_1_66' title='bbox 780 825 841 832; x_wconf 85' lang='lat'>-—</span> <span class='ocrx_word' id='word_1_67' title='bbox 865 798 874 824; x_wconf 81' lang='lat'>¹</span> <span class='ocrx_word' id='word_1_68' title='bbox 897 800 954 841; x_wconf 87' lang='lat' dir='ltr'>Et</span> <span class='ocrx_word' id='word_1_69' title='bbox 978 798 1151 842; x_wconf 85' lang='lat' dir='ltr'>locutus</span> <span class='ocrx_word' id='word_1_70' title='bbox 1174 804 1241 842; x_wconf 89' lang='lat' dir='ltr'>est</span> <span class='ocrx_word' id='word_1_71' title='bbox 1264 799 1481 842; x_wconf 82' lang='lat' dir='ltr'>Dominus</span> <span class='ocrx_word' id='word_1_72' title='bbox 1504 799 1561 842; x_wconf 92' lang='lat' dir='ltr'>ad</span> <span class='ocrx_word' id='word_1_73' title='bbox 1588 801 1744 855; x_wconf 88' lang='grc'><strong>506116,</strong></span> <span class='ocrx_word' id='word_1_74' title='bbox 1769 799 1922 842; x_wconf 86' lang='lat' dir='ltr'>dicens</span> <span class='ocrx_word' id='word_1_75' title='bbox 1942 815 1952 842; x_wconf 78' lang='grc' dir='ltr'><em>τ</em></span> <span class='ocrx_word' id='word_1_76' title='bbox 1976 799 2176 854; x_wconf 78' lang='lat' dir='ltr'>Loquere</span> <span class='ocrx_word' id='word_1_77' title='bbox 2197 797 2300 842; x_wconf 73' lang='lat' dir='ltr'>filiis</span> 
     </span>
     <span class='ocr_line' id='line_1_9' title="bbox 179 857 2301 915; baseline -0.003 -9"><span class='ocrx_word' id='word_1_78' title='bbox 179 859 373 915; x_wconf 20' lang='lat' dir='ltr'>mana-amin</span> <span class='ocrx_word' id='word_1_79' title='bbox 464 858 625 913; x_wconf 76' lang='lat' dir='ltr'>Israel,</span> <span class='ocrx_word' id='word_1_80' title='bbox 653 862 698 901; x_wconf 89' lang='lat' dir='ltr'>et</span> <span class='ocrx_word' id='word_1_81' title='bbox 729 858 800 901; x_wconf 85' lang='lat' dir='ltr'>dic</span> <span class='ocrx_word' id='word_1_82' title='bbox 828 858 924 902; x_wconf 85' lang='lat' dir='ltr'>eis:</span> <span class='ocrx_word' id='word_1_83' title='bbox 951 857 970 883; x_wconf 70' lang='lat'><strong>2</strong></span> <span class='ocrx_word' id='word_1_84' title='bbox 995 859 1206 914; x_wconf 82' lang='lat' dir='ltr'>Separate</span> <span class='ocrx_word' id='word_1_85' title='bbox 1230 858 1362 901; x_wconf 85' lang='lat' dir='ltr'>urbes</span> <span class='ocrx_word' id='word_1_86' title='bbox 1389 858 1708 914; x_wconf 73' lang='lat' dir='ltr'>fugitivorum,</span> <span class='ocrx_word' id='word_1_87' title='bbox 1736 858 1790 901; x_wconf 87' lang='lat' dir='ltr'>de</span> <span class='ocrx_word' id='word_1_88' title='bbox 1816 857 1976 913; x_wconf 88' lang='lat' dir='ltr'>quibus</span> <span class='ocrx_word' id='word_1_89' title='bbox 2004 858 2182 901; x_wconf 75' lang='lat' dir='ltr'>locutus,</span> <span class='ocrx_word' id='word_1_90' title='bbox 2203 872 2301 901; x_wconf 83' lang='lat' dir='ltr'>sum</span> 
     </span>
     <span class='ocr_line' id='line_1_10' title="bbox 187 902 2300 974; baseline 0 -14"><span class='ocrx_word' id='word_1_91' title='bbox 187 903 225 930; x_wconf 59' lang='lat' dir='ltr'>de</span> <span class='ocrx_word' id='word_1_92' title='bbox 248 902 360 935; x_wconf 44' lang='grc' dir='ltr'>ΝΜ·</span> <span class='ocrx_word' id='word_1_93' title='bbox 461 918 517 960; x_wconf 89' lang='lat' dir='ltr'>ad</span> <span class='ocrx_word' id='word_1_94' title='bbox 540 931 618 961; x_wconf 90' lang='lat' dir='ltr'>vos</span> <span class='ocrx_word' id='word_1_95' title='bbox 639 931 718 974; x_wconf 85' lang='lat' dir='ltr'>per</span> <span class='ocrx_word' id='word_1_96' title='bbox 741 932 925 960; x_wconf 88' lang='lat' dir='ltr'>manum</span> <span class='ocrx_word' id='word_1_97' title='bbox 948 918 1113 974; x_wconf 87' lang='lat' dir='ltr'>Moysi,</span> <span class='ocrx_word' id='word_1_98' title='bbox 1150 918 1168 944; x_wconf 86' lang='lat'><strong>3</strong></span> <span class='ocrx_word' id='word_1_99' title='bbox 1183 922 1231 960; x_wconf 87' lang='lat' dir='ltr'>ut</span> <span class='ocrx_word' id='word_1_100' title='bbox 1253 918 1487 973; x_wconf 74' lang='lat' dir='ltr'>confugiat</span> <span class='ocrx_word' id='word_1_101' title='bbox 1511 918 1570 960; x_wconf 88' lang='lat' dir='ltr'>ad</span> <span class='ocrx_word' id='word_1_102' title='bbox 1592 932 1667 961; x_wconf 88' lang='lat' dir='ltr'>eas</span> <span class='ocrx_word' id='word_1_103' title='bbox 1693 918 1958 973; x_wconf 84' lang='lat' dir='ltr'>quicumque</span> <span class='ocrx_word' id='word_1_104' title='bbox 1980 917 2181 960; x_wconf 83' lang='lat' dir='ltr'>animam</span> <span class='ocrx_word' id='word_1_105' title='bbox 2201 931 2300 974; x_wconf 84' lang='lat' dir='ltr'>per-</span> 
     </span>
     <span class='ocr_line' id='line_1_11' title="bbox 462 976 2296 1033; baseline 0 -14"><span class='ocrx_word' id='word_1_106' title='bbox 462 977 646 1020; x_wconf 84' lang='lat' dir='ltr'>cusserit</span> <span class='ocrx_word' id='word_1_107' title='bbox 672 977 868 1032; x_wconf 84' lang='lat' dir='ltr'>nescius,</span> <span class='ocrx_word' id='word_1_108' title='bbox 894 982 940 1020; x_wconf 91' lang='lat' dir='ltr'>et</span> <span class='ocrx_word' id='word_1_109' title='bbox 961 977 1100 1033; x_wconf 79' lang='lat' dir='ltr'>possit</span> <span class='ocrx_word' id='word_1_110' title='bbox 1125 977 1313 1020; x_wconf 85' lang='lat' dir='ltr'>evadere</span> <span class='ocrx_word' id='word_1_111' title='bbox 1335 977 1449 1019; x_wconf 89' lang='lat' dir='ltr'>iram</span> <span class='ocrx_word' id='word_1_112' title='bbox 1471 978 1684 1033; x_wconf 76' lang='lat' dir='ltr'>proximi,</span> <span class='ocrx_word' id='word_1_113' title='bbox 1711 977 1784 1032; x_wconf 88' lang='lat' dir='ltr'>qui</span> <span class='ocrx_word' id='word_1_114' title='bbox 1808 976 1924 1020; x_wconf 85' lang='lat' dir='ltr'>ultor</span> <span class='ocrx_word' id='word_1_115' title='bbox 1949 982 2015 1020; x_wconf 87' lang='lat' dir='ltr'>est</span> <span class='ocrx_word' id='word_1_116' title='bbox 2038 976 2296 1033; x_wconf 67' lang='lat' dir='ltr'>sanguinis,</span> 
     </span>
     <span class='ocr_line' id='line_1_12' title="bbox 463 1036 2297 1092; baseline -0.001 -13"><span class='ocrx_word' id='word_1_117' title='bbox 463 1036 480 1062; x_wconf 73' lang='lat'>4</span> <span class='ocrx_word' id='word_1_118' title='bbox 497 1050 598 1079; x_wconf 89' lang='lat' dir='ltr'>cum</span> <span class='ocrx_word' id='word_1_119' title='bbox 615 1036 673 1079; x_wconf 90' lang='lat' dir='ltr'>ad</span> <span class='ocrx_word' id='word_1_120' title='bbox 694 1051 830 1080; x_wconf 85' lang='lat' dir='ltr'>unam</span> <span class='ocrx_word' id='word_1_121' title='bbox 854 1037 1013 1079; x_wconf 81' lang='lat' dir='ltr'>harum</span> <span class='ocrx_word' id='word_1_122' title='bbox 1037 1036 1292 1092; x_wconf 79' lang='lat' dir='ltr'>confugerit</span> <span class='ocrx_word' id='word_1_123' title='bbox 1313 1036 1569 1091; x_wconf 86' lang='lat' dir='ltr'>civitatum,</span> <span class='ocrx_word' id='word_1_124' title='bbox 1594 1036 1733 1078; x_wconf 85' lang='lat' dir='ltr'>stabit</span> <span class='ocrx_word' id='word_1_125' title='bbox 1756 1041 1864 1079; x_wconf 88' lang='lat' dir='ltr'>ante</span> <span class='ocrx_word' id='word_1_126' title='bbox 1884 1041 2058 1092; x_wconf 87' lang='lat' dir='ltr'>portam</span> <span class='ocrx_word' id='word_1_127' title='bbox 2081 1036 2297 1092; x_wconf 84' lang='lat' dir='ltr'>civitatis,</span> 
     </span>
     <span class='ocr_line' id='line_1_13' title="bbox 462 1095 2297 1151; baseline -0.001 -12"><span class='ocrx_word' id='word_1_128' title='bbox 462 1101 506 1139; x_wconf 83' lang='lat' dir='ltr'>ct</span> <span class='ocrx_word' id='word_1_129' title='bbox 543 1096 746 1151; x_wconf 79' lang='lat' dir='ltr'>loquetur</span> <span class='ocrx_word' id='word_1_130' title='bbox 777 1095 1024 1139; x_wconf 88' lang='lat' dir='ltr'>senioribus</span> <span class='ocrx_word' id='word_1_131' title='bbox 1058 1095 1178 1138; x_wconf 81' lang='lat' dir='ltr'>urbis</span> <span class='ocrx_word' id='word_1_132' title='bbox 1210 1095 1331 1137; x_wconf 86' lang='lat' dir='ltr'>illius</span> <span class='ocrx_word' id='word_1_133' title='bbox 1365 1109 1416 1137; x_wconf 91' lang='grc'>63</span> <span class='ocrx_word' id='word_1_134' title='bbox 1450 1109 1549 1150; x_wconf 85' lang='lat' dir='ltr'>quae</span> <span class='ocrx_word' id='word_1_135' title='bbox 1583 1109 1630 1138; x_wconf 88' lang='grc'>66</span> <span class='ocrx_word' id='word_1_136' title='bbox 1663 1095 1955 1151; x_wconf 82' lang='lat' dir='ltr'>comprobent</span> <span class='ocrx_word' id='word_1_137' title='bbox 1989 1095 2297 1151; x_wconf 80' lang='lat' dir='ltr'>innocentem,</span> 
     </span>
     <span class='ocr_line' id='line_1_14' title="bbox 462 1154 2300 1222; baseline 0 -25"><span class='ocrx_word' id='word_1_138' title='bbox 462 1155 611 1210; x_wconf 85' lang='lat' dir='ltr'>sicque</span> <span class='ocrx_word' id='word_1_139' title='bbox 644 1156 888 1211; x_wconf 86' lang='lat' dir='ltr'>suscipient</span> <span class='ocrx_word' id='word_1_140' title='bbox 920 1168 1042 1210; x_wconf 89' lang='lat' dir='ltr'>eum,</span> <span class='ocrx_word' id='word_1_141' title='bbox 1077 1161 1122 1198; x_wconf 86' lang='lat' dir='ltr'>et</span> <span class='ocrx_word' id='word_1_142' title='bbox 1154 1154 1325 1197; x_wconf 88' lang='lat' dir='ltr'>dabunt</span> <span class='ocrx_word' id='word_1_143' title='bbox 1361 1154 1401 1197; x_wconf 92' lang='lat' dir='ltr'>ei</span> <span class='ocrx_word' id='word_1_144' title='bbox 1439 1154 1586 1197; x_wconf 88' lang='lat' dir='ltr'>locum</span> <span class='ocrx_word' id='word_1_145' title='bbox 1622 1154 1679 1197; x_wconf 89' lang='lat' dir='ltr'>ad</span> <span class='ocrx_word' id='word_1_146' title='bbox 1715 1154 2025 1198; x_wconf 86' lang='lat' dir='ltr'>habitandum.</span> <span class='ocrx_word' id='word_1_147' title='bbox 2061 1154 2078 1180; x_wconf 78' lang='lat'>5</span> <span class='ocrx_word' id='word_1_148' title='bbox 2101 1154 2300 1222; x_wconf 85' lang='lat' dir='ltr'>Cumque</span> 
     </span>
     <span class='ocr_line' id='line_1_15' title="bbox 461 1213 2301 1280; baseline 0 -24"><span class='ocrx_word' id='word_1_149' title='bbox 461 1214 577 1256; x_wconf 87' lang='lat' dir='ltr'>ultor</span> <span class='ocrx_word' id='word_1_150' title='bbox 602 1214 833 1270; x_wconf 84' lang='lat' dir='ltr'>sanguinis</span> <span class='ocrx_word' id='word_1_151' title='bbox 858 1228 958 1257; x_wconf 91' lang='lat' dir='ltr'>eum</span> <span class='ocrx_word' id='word_1_152' title='bbox 988 1214 1126 1256; x_wconf 70' lang='grc'><strong>1116111</strong></span> <span class='ocrx_word' id='word_1_153' title='bbox 1156 1218 1432 1270; x_wconf 89' lang='lat' dir='ltr'>persecutus,</span> <span class='ocrx_word' id='word_1_154' title='bbox 1463 1228 1551 1256; x_wconf 90' lang='lat' dir='ltr'>non</span> <span class='ocrx_word' id='word_1_155' title='bbox 1577 1213 1756 1256; x_wconf 84' lang='lat' dir='ltr'>tradent</span> <span class='ocrx_word' id='word_1_156' title='bbox 1787 1213 1835 1255; x_wconf 91' lang='lat' dir='ltr'>in</span> <span class='ocrx_word' id='word_1_157' title='bbox 1870 1228 2027 1256; x_wconf 89' lang='lat' dir='ltr'>manus</span> <span class='ocrx_word' id='word_1_158' title='bbox 2049 1213 2169 1269; x_wconf 83' lang='lat' dir='ltr'>ejus,</span> <span class='ocrx_word' id='word_1_159' title='bbox 2197 1214 2301 1280; x_wconf 79' lang='lat' dir='ltr'>quia</span> 
     </span>
     <span class='ocr_line' id='line_1_16' title="bbox 462 1272 2300 1340; baseline 0.001 -25"><span class='ocrx_word' id='word_1_160' title='bbox 462 1274 672 1330; x_wconf 86' lang='lat' dir='ltr'>ignorans</span> <span class='ocrx_word' id='word_1_161' title='bbox 709 1273 926 1340; x_wconf 78' lang='lat' dir='ltr'>percussit</span> <span class='ocrx_word' id='word_1_162' title='bbox 963 1273 1216 1329; x_wconf 74' lang='lat' dir='ltr'>proximum</span> <span class='ocrx_word' id='word_1_163' title='bbox 1250 1272 1367 1340; x_wconf 77' lang='grc'><strong>63116,</strong></span> <span class='ocrx_word' id='word_1_164' title='bbox 1403 1287 1485 1316; x_wconf 85' lang='grc'><strong>1166</strong></span> <span class='ocrx_word' id='word_1_165' title='bbox 1517 1279 1621 1316; x_wconf 87' lang='lat' dir='ltr'>ante</span> <span class='ocrx_word' id='word_1_166' title='bbox 1651 1273 1858 1329; x_wconf 83' lang='lat' dir='ltr'>biduum,</span> <span class='ocrx_word' id='word_1_167' title='bbox 1897 1272 2172 1329; x_wconf 83' lang='lat' dir='ltr'>triduumve,</span> <span class='ocrx_word' id='word_1_168' title='bbox 2203 1273 2300 1329; x_wconf 81' lang='lat' dir='ltr'>ejus</span> 
     </span>
     <span class='ocr_line' id='line_1_17' title="bbox 462 1332 2301 1389; baseline 0.001 -15"><span class='ocrx_word' id='word_1_169' title='bbox 462 1333 674 1389; x_wconf 84' lang='lat' dir='ltr'>probatur</span> <span class='ocrx_word' id='word_1_170' title='bbox 705 1333 929 1376; x_wconf 84' lang='lat' dir='ltr'>inimicus.</span> <span class='ocrx_word' id='word_1_171' title='bbox 951 1332 969 1359; x_wconf 72' lang='grc'><strong>6</strong></span> <span class='ocrx_word' id='word_1_172' title='bbox 996 1333 1054 1375; x_wconf 74' lang='lat' dir='ltr'>Et</span> <span class='ocrx_word' id='word_1_173' title='bbox 1081 1332 1308 1375; x_wconf 81' lang='lat' dir='ltr'>habitabit</span> <span class='ocrx_word' id='word_1_174' title='bbox 1343 1333 1390 1375; x_wconf 89' lang='lat' dir='ltr'>in</span> <span class='ocrx_word' id='word_1_175' title='bbox 1421 1332 1603 1375; x_wconf 83' lang='lat' dir='ltr'>civitate</span> <span class='ocrx_word' id='word_1_176' title='bbox 1633 1332 1733 1388; x_wconf 90' lang='lat' dir='ltr'>illa,</span> <span class='ocrx_word' id='word_1_177' title='bbox 1761 1332 1901 1375; x_wconf 89' lang='lat' dir='ltr'>donec</span> <span class='ocrx_word' id='word_1_178' title='bbox 1934 1337 2022 1376; x_wconf 85' lang='lat' dir='ltr'>stet</span> <span class='ocrx_word' id='word_1_179' title='bbox 2052 1336 2161 1375; x_wconf 82' lang='lat' dir='ltr'>ante</span> <span class='ocrx_word' id='word_1_180' title='bbox 2182 1332 2301 1388; x_wconf 78' lang='lat' dir='ltr'>judi-</span> 
     </span>
     <span class='ocr_line' id='line_1_18' title="bbox 463 1391 2302 1448; baseline 0.001 -15"><span class='ocrx_word' id='word_1_181' title='bbox 463 1392 581 1434; x_wconf 90' lang='lat' dir='ltr'>cium</span> <span class='ocrx_word' id='word_1_182' title='bbox 607 1406 787 1435; x_wconf 86' lang='lat' dir='ltr'>causam</span> <span class='ocrx_word' id='word_1_183' title='bbox 810 1391 1001 1435; x_wconf 81' lang='lat' dir='ltr'>leddens</span> <span class='ocrx_word' id='word_1_184' title='bbox 1026 1392 1139 1435; x_wconf 72' lang='lat' dir='ltr'>facti</span> <span class='ocrx_word' id='word_1_185' title='bbox 1165 1392 1254 1445; x_wconf 88' lang='lat' dir='ltr'>sui,</span> <span class='ocrx_word' id='word_1_186' title='bbox 1285 1397 1329 1434; x_wconf 87' lang='lat' dir='ltr'>et</span> <span class='ocrx_word' id='word_1_187' title='bbox 1354 1392 1568 1434; x_wconf 78' lang='lat' dir='ltr'>moriatur</span> <span class='ocrx_word' id='word_1_188' title='bbox 1594 1391 1799 1435; x_wconf 84' lang='lat' dir='ltr'>sacerdos</span> <span class='ocrx_word' id='word_1_189' title='bbox 1825 1406 2036 1448; x_wconf 82' lang='lat' dir='ltr'>magnus,</span> <span class='ocrx_word' id='word_1_190' title='bbox 2063 1391 2137 1446; x_wconf 84' lang='lat' dir='ltr'>qui</span> <span class='ocrx_word' id='word_1_191' title='bbox 2163 1391 2302 1434; x_wconf 76' lang='lat' dir='ltr'>fuerit</span> 
     </span>
     <span class='ocr_line' id='line_1_19' title="bbox 463 1451 2302 1508; baseline 0.001 -16"><span class='ocrx_word' id='word_1_192' title='bbox 463 1451 508 1493; x_wconf 90' lang='lat' dir='ltr'>in</span> <span class='ocrx_word' id='word_1_193' title='bbox 541 1451 618 1494; x_wconf 92' lang='grc'><strong>1110</strong></span> <span class='ocrx_word' id='word_1_194' title='bbox 654 1456 867 1508; x_wconf 88' lang='lat' dir='ltr'>tempore.</span> <span class='ocrx_word' id='word_1_195' title='bbox 894 1452 1020 1494; x_wconf 89' lang='lat' dir='ltr'>Tunc</span> <span class='ocrx_word' id='word_1_196' title='bbox 1052 1457 1298 1494; x_wconf 77' lang='lat' dir='ltr'>revertetur</span> <span class='ocrx_word' id='word_1_197' title='bbox 1327 1451 1571 1507; x_wconf 85' lang='lat' dir='ltr'>homicida,</span> <span class='ocrx_word' id='word_1_198' title='bbox 1607 1456 1652 1495; x_wconf 89' lang='lat' dir='ltr'>et</span> <span class='ocrx_word' id='word_1_199' title='bbox 1682 1451 1959 1507; x_wconf 87' lang='lat' dir='ltr'>ingredietur</span> <span class='ocrx_word' id='word_1_200' title='bbox 1993 1451 2225 1494; x_wconf 85' lang='lat' dir='ltr'>civitatem</span> <span class='ocrx_word' id='word_1_201' title='bbox 2257 1456 2302 1494; x_wconf 85' lang='lat' dir='ltr'>et</span> 
     </span>
     <span class='ocr_line' id='line_1_20' title="bbox 464 1511 1200 1567; baseline -0.001 -13"><span class='ocrx_word' id='word_1_202' title='bbox 464 1511 644 1554; x_wconf 88' lang='lat' dir='ltr'>domum</span> <span class='ocrx_word' id='word_1_203' title='bbox 669 1525 796 1554; x_wconf 90' lang='lat' dir='ltr'>suam</span> <span class='ocrx_word' id='word_1_204' title='bbox 818 1511 872 1554; x_wconf 91' lang='lat' dir='ltr'>de</span> <span class='ocrx_word' id='word_1_205' title='bbox 895 1525 982 1566; x_wconf 83' lang='lat' dir='ltr'>qua</span> <span class='ocrx_word' id='word_1_206' title='bbox 1006 1511 1200 1567; x_wconf 74' lang='lat' dir='ltr'>fugerat.</span> 
     </span>
    </p>

    <p class='ocr_par' dir='ltr' id='par_1_5' title="bbox 198 1570 2302 1627">
     <span class='ocr_line' id='line_1_21' title="bbox 198 1570 2302 1627; baseline 0 -15"><span class='ocrx_word' id='word_1_207' title='bbox 198 1581 357 1609; x_wconf 78' lang='lat' dir='ltr'>Deiectus</span> <span class='ocrx_word' id='word_1_208' title='bbox 523 1570 538 1596; x_wconf 82' lang='lat'>⁷</span> <span class='ocrx_word' id='word_1_209' title='bbox 566 1571 956 1626; x_wconf 83' lang='lat' dir='ltr'>Decreveruntque</span> <span class='ocrx_word' id='word_1_210' title='bbox 994 1570 1133 1613; x_wconf 84' lang='lat' dir='ltr'>Cedes</span> <span class='ocrx_word' id='word_1_211' title='bbox 1169 1571 1216 1613; x_wconf 89' lang='lat' dir='ltr'>in</span> <span class='ocrx_word' id='word_1_212' title='bbox 1250 1570 1440 1614; x_wconf 76' lang='lat' dir='ltr'>Galilaea</span> <span class='ocrx_word' id='word_1_213' title='bbox 1475 1570 1638 1613; x_wconf 87' lang='lat' dir='ltr'>montis</span> <span class='ocrx_word' id='word_1_214' title='bbox 1669 1570 1936 1627; x_wconf 85' lang='lat' dir='ltr'>Nephthali,</span> <span class='ocrx_word' id='word_1_215' title='bbox 1973 1575 2017 1613; x_wconf 86' lang='lat' dir='ltr'>et</span> <span class='ocrx_word' id='word_1_216' title='bbox 2046 1570 2223 1614; x_wconf 82' lang='lat' dir='ltr'>Sichem</span> <span class='ocrx_word' id='word_1_217' title='bbox 2253 1570 2302 1613; x_wconf 78' lang='lat' dir='ltr'>in</span> 
     </span>
    </p>

    <p class='ocr_par' dir='ltr' id='par_1_6' title="bbox 187 1626 2302 2100">
     <span class='ocr_line' id='line_1_22' title="bbox 187 1626 2302 1687; baseline 0 -16"><span class='ocrx_word' id='word_1_218' title='bbox 187 1626 366 1657; x_wconf 59' lang='lat' dir='ltr'>²²³3‘101&#39;U&#39;U·</span> <span class='ocrx_word' id='word_1_219' title='bbox 464 1635 614 1673; x_wconf 89' lang='lat' dir='ltr'>monte</span> <span class='ocrx_word' id='word_1_220' title='bbox 637 1630 871 1686; x_wconf 86' lang='lat' dir='ltr'>Ephraim,</span> <span class='ocrx_word' id='word_1_221' title='bbox 903 1634 947 1672; x_wconf 85' lang='lat' dir='ltr'>et</span> <span class='ocrx_word' id='word_1_222' title='bbox 973 1630 1335 1687; x_wconf 86' lang='lat' dir='ltr'>Cariath-Arbe,</span> <span class='ocrx_word' id='word_1_223' title='bbox 1361 1630 1457 1686; x_wconf 86' lang='lat' dir='ltr'>ipsa</span> <span class='ocrx_word' id='word_1_224' title='bbox 1485 1635 1551 1672; x_wconf 88' lang='lat' dir='ltr'>est</span> <span class='ocrx_word' id='word_1_225' title='bbox 1574 1631 1779 1686; x_wconf 86' lang='lat' dir='ltr'>Hebron,</span> <span class='ocrx_word' id='word_1_226' title='bbox 1802 1630 1848 1672; x_wconf 92' lang='lat' dir='ltr'>in</span> <span class='ocrx_word' id='word_1_227' title='bbox 1871 1635 2021 1673; x_wconf 87' lang='lat' dir='ltr'>monte</span> <span class='ocrx_word' id='word_1_228' title='bbox 2048 1631 2077 1673; x_wconf 89' lang='grc'><strong>5</strong></span> <span class='ocrx_word' id='word_1_229' title='bbox 2081 1630 2181 1674; x_wconf 87' lang='lat' dir='ltr'>uda.</span> <span class='ocrx_word' id='word_1_230' title='bbox 2208 1629 2225 1656; x_wconf 81' lang='grc'>8</span> <span class='ocrx_word' id='word_1_231' title='bbox 2244 1631 2302 1672; x_wconf 86' lang='lat' dir='ltr'>Et</span> 
     </span>
     <span class='ocr_line' id='line_1_23' title="bbox 463 1689 2300 1745; baseline 0 -14"><span class='ocrx_word' id='word_1_232' title='bbox 463 1695 586 1732; x_wconf 75' lang='grc'><strong>113116</strong></span> <span class='ocrx_word' id='word_1_233' title='bbox 604 1689 632 1732; x_wconf 82' lang='grc'><strong>5</strong></span> <span class='ocrx_word' id='word_1_234' title='bbox 637 1689 850 1732; x_wconf 89' lang='lat' dir='ltr'>ordanem</span> <span class='ocrx_word' id='word_1_235' title='bbox 872 1694 1026 1732; x_wconf 88' lang='lat' dir='ltr'>contra</span> <span class='ocrx_word' id='word_1_236' title='bbox 1049 1689 1312 1732; x_wconf 83' lang='lat' dir='ltr'>orientalem</span> <span class='ocrx_word' id='word_1_237' title='bbox 1333 1689 1515 1745; x_wconf 81' lang='lat' dir='ltr'>plagam</span> <span class='ocrx_word' id='word_1_238' title='bbox 1534 1690 1562 1732; x_wconf 86' lang='grc'><strong>5</strong></span> <span class='ocrx_word' id='word_1_239' title='bbox 1566 1690 1736 1744; x_wconf 88' lang='lat' dir='ltr'>ericho,</span> <span class='ocrx_word' id='word_1_240' title='bbox 1756 1694 2007 1732; x_wconf 89' lang='lat' dir='ltr'>statuerunt</span> <span class='ocrx_word' id='word_1_241' title='bbox 2031 1690 2180 1745; x_wconf 88' lang='lat' dir='ltr'>Bosor,</span> <span class='ocrx_word' id='word_1_242' title='bbox 2201 1703 2300 1745; x_wconf 87' lang='lat' dir='ltr'>quae</span> 
     </span>
     <span class='ocr_line' id='line_1_24' title="bbox 462 1748 2301 1804; baseline -0.001 -13"><span class='ocrx_word' id='word_1_243' title='bbox 462 1749 550 1791; x_wconf 83' lang='lat' dir='ltr'>sita</span> <span class='ocrx_word' id='word_1_244' title='bbox 574 1753 642 1792; x_wconf 87' lang='lat' dir='ltr'>est</span> <span class='ocrx_word' id='word_1_245' title='bbox 673 1748 721 1790; x_wconf 88' lang='lat' dir='ltr'>in</span> <span class='ocrx_word' id='word_1_246' title='bbox 745 1748 985 1804; x_wconf 83' lang='lat' dir='ltr'>campestri</span> <span class='ocrx_word' id='word_1_247' title='bbox 1010 1748 1270 1804; x_wconf 80' lang='lat' dir='ltr'>solitudine,</span> <span class='ocrx_word' id='word_1_248' title='bbox 1299 1749 1352 1791; x_wconf 90' lang='lat' dir='ltr'>de</span> <span class='ocrx_word' id='word_1_249' title='bbox 1385 1749 1505 1791; x_wconf 88' lang='lat' dir='ltr'>tribu</span> <span class='ocrx_word' id='word_1_250' title='bbox 1539 1749 1717 1803; x_wconf 86' lang='lat' dir='ltr'>Ruben,</span> <span class='ocrx_word' id='word_1_251' title='bbox 1744 1754 1790 1792; x_wconf 90' lang='lat' dir='ltr'>et</span> <span class='ocrx_word' id='word_1_252' title='bbox 1823 1749 2016 1792; x_wconf 83' lang='lat' dir='ltr'>Ramoth</span> <span class='ocrx_word' id='word_1_253' title='bbox 2048 1749 2095 1791; x_wconf 89' lang='lat' dir='ltr'>in</span> <span class='ocrx_word' id='word_1_254' title='bbox 2127 1748 2301 1792; x_wconf 84' lang='lat' dir='ltr'>Galaad</span> 
     </span>
     <span class='ocr_line' id='line_1_25' title="bbox 463 1807 2301 1863; baseline -0.001 -13"><span class='ocrx_word' id='word_1_255' title='bbox 463 1808 518 1850; x_wconf 88' lang='lat' dir='ltr'>de</span> <span class='ocrx_word' id='word_1_256' title='bbox 539 1807 659 1850; x_wconf 86' lang='lat' dir='ltr'>tribu</span> <span class='ocrx_word' id='word_1_257' title='bbox 685 1807 804 1863; x_wconf 81' lang='lat' dir='ltr'>Gad,</span> <span class='ocrx_word' id='word_1_258' title='bbox 828 1812 873 1850; x_wconf 84' lang='lat' dir='ltr'>et</span> <span class='ocrx_word' id='word_1_259' title='bbox 899 1808 1073 1851; x_wconf 82' lang='lat' dir='ltr'>Gaulon</span> <span class='ocrx_word' id='word_1_260' title='bbox 1098 1807 1145 1850; x_wconf 92' lang='lat' dir='ltr'>in</span> <span class='ocrx_word' id='word_1_261' title='bbox 1169 1808 1318 1850; x_wconf 86' lang='lat' dir='ltr'>Basan</span> <span class='ocrx_word' id='word_1_262' title='bbox 1344 1808 1398 1850; x_wconf 90' lang='lat' dir='ltr'>de</span> <span class='ocrx_word' id='word_1_263' title='bbox 1424 1808 1544 1851; x_wconf 85' lang='lat' dir='ltr'>tribu</span> <span class='ocrx_word' id='word_1_264' title='bbox 1569 1810 1788 1851; x_wconf 85' lang='lat' dir='ltr'>Manasse.</span> <span class='ocrx_word' id='word_1_265' title='bbox 1816 1808 1833 1834; x_wconf 81' lang='lat'>9</span> <span class='ocrx_word' id='word_1_266' title='bbox 1852 1809 1938 1851; x_wconf 80' lang='lat' dir='ltr'>Hae</span> <span class='ocrx_word' id='word_1_267' title='bbox 1966 1808 2174 1851; x_wconf 84' lang='lat' dir='ltr'>civitates</span> <span class='ocrx_word' id='word_1_268' title='bbox 2200 1821 2301 1850; x_wconf 91' lang='lat' dir='ltr'>con-</span> 
     </span>
     <span class='ocr_line' id='line_1_26' title="bbox 461 1867 2302 1923; baseline 0.001 -14"><span class='ocrx_word' id='word_1_269' title='bbox 461 1867 633 1909; x_wconf 86' lang='lat' dir='ltr'>stitutae</span> <span class='ocrx_word' id='word_1_270' title='bbox 662 1872 765 1909; x_wconf 87' lang='lat' dir='ltr'>sunt</span> <span class='ocrx_word' id='word_1_271' title='bbox 794 1867 967 1909; x_wconf 85' lang='lat' dir='ltr'>cunctis</span> <span class='ocrx_word' id='word_1_272' title='bbox 997 1867 1099 1909; x_wconf 85' lang='lat' dir='ltr'>filiis</span> <span class='ocrx_word' id='word_1_273' title='bbox 1126 1867 1286 1922; x_wconf 90' lang='lat' dir='ltr'>Israel,</span> <span class='ocrx_word' id='word_1_274' title='bbox 1318 1873 1362 1910; x_wconf 88' lang='lat' dir='ltr'>et</span> <span class='ocrx_word' id='word_1_275' title='bbox 1386 1867 1572 1910; x_wconf 88' lang='lat' dir='ltr'>advenis</span> <span class='ocrx_word' id='word_1_276' title='bbox 1595 1868 1668 1923; x_wconf 91' lang='lat' dir='ltr'>qui</span> <span class='ocrx_word' id='word_1_277' title='bbox 1694 1867 1964 1910; x_wconf 83' lang='lat' dir='ltr'>habitabant</span> <span class='ocrx_word' id='word_1_278' title='bbox 1988 1867 2104 1910; x_wconf 89' lang='lat' dir='ltr'>inter</span> <span class='ocrx_word' id='word_1_279' title='bbox 2134 1881 2228 1922; x_wconf 86' lang='lat' dir='ltr'>eos,</span> <span class='ocrx_word' id='word_1_280' title='bbox 2253 1872 2302 1910; x_wconf 82' lang='lat' dir='ltr'>ut</span> 
     </span>
     <span class='ocr_line' id='line_1_27' title="bbox 462 1926 2301 1983; baseline 0 -15"><span class='ocrx_word' id='word_1_281' title='bbox 462 1927 640 1982; x_wconf 76' lang='lat' dir='ltr'>fugeret</span> <span class='ocrx_word' id='word_1_282' title='bbox 665 1926 722 1969; x_wconf 86' lang='lat' dir='ltr'>ad</span> <span class='ocrx_word' id='word_1_283' title='bbox 740 1940 814 1969; x_wconf 84' lang='lat' dir='ltr'>eas</span> <span class='ocrx_word' id='word_1_284' title='bbox 832 1926 906 1981; x_wconf 89' lang='lat' dir='ltr'>qui</span> <span class='ocrx_word' id='word_1_285' title='bbox 929 1926 1127 1968; x_wconf 87' lang='lat' dir='ltr'>animam</span> <span class='ocrx_word' id='word_1_286' title='bbox 1150 1927 1325 1969; x_wconf 88' lang='lat' dir='ltr'>nescius</span> <span class='ocrx_word' id='word_1_287' title='bbox 1342 1927 1652 1983; x_wconf 83' lang='lat' dir='ltr'>percussisset,</span> <span class='ocrx_word' id='word_1_288' title='bbox 1672 1932 1718 1970; x_wconf 90' lang='lat' dir='ltr'>et</span> <span class='ocrx_word' id='word_1_289' title='bbox 1735 1941 1823 1969; x_wconf 89' lang='lat' dir='ltr'>non</span> <span class='ocrx_word' id='word_1_290' title='bbox 1841 1932 2084 1970; x_wconf 87' lang='lat' dir='ltr'>moreretur</span> <span class='ocrx_word' id='word_1_291' title='bbox 2101 1926 2147 1969; x_wconf 91' lang='lat' dir='ltr'>in</span> <span class='ocrx_word' id='word_1_292' title='bbox 2165 1940 2301 1969; x_wconf 83' lang='lat' dir='ltr'>manu</span> 
     </span>
     <span class='ocr_line' id='line_1_28' title="bbox 463 1985 2299 2042; baseline 0 -15"><span class='ocrx_word' id='word_1_293' title='bbox 463 1985 675 2041; x_wconf 78' lang='lat' dir='ltr'>proximi,</span> <span class='ocrx_word' id='word_1_294' title='bbox 698 1985 892 2037; x_wconf 80' lang='lat' dir='ltr'>effusum</span> <span class='ocrx_word' id='word_1_295' title='bbox 913 1986 1177 2041; x_wconf 88' lang='lat' dir='ltr'>sanguinem</span> <span class='ocrx_word' id='word_1_296' title='bbox 1195 1985 1425 2028; x_wconf 88' lang='lat' dir='ltr'>vindicare</span> <span class='ocrx_word' id='word_1_297' title='bbox 1444 1986 1684 2042; x_wconf 85' lang='lat' dir='ltr'>cupientis,</span> <span class='ocrx_word' id='word_1_298' title='bbox 1713 1986 1854 2029; x_wconf 88' lang='lat' dir='ltr'>donec</span> <span class='ocrx_word' id='word_1_299' title='bbox 1875 1991 2014 2028; x_wconf 88' lang='lat' dir='ltr'>staret</span> <span class='ocrx_word' id='word_1_300' title='bbox 2037 1991 2142 2029; x_wconf 88' lang='lat' dir='ltr'>ante</span> <span class='ocrx_word' id='word_1_301' title='bbox 2162 1999 2299 2042; x_wconf 89' lang='lat' dir='ltr'>popu-</span> 
     </span>
     <span class='ocr_line' id='line_1_29' title="bbox 463 2044 1226 2100; baseline 0.004 -14"><span class='ocrx_word' id='word_1_302' title='bbox 463 2045 554 2087; x_wconf 84' lang='lat' dir='ltr'>lum</span> <span class='ocrx_word' id='word_1_303' title='bbox 580 2044 859 2100; x_wconf 82' lang='lat' dir='ltr'>expositurus</span> <span class='ocrx_word' id='word_1_304' title='bbox 883 2059 1062 2087; x_wconf 88' lang='lat' dir='ltr'>causam</span> <span class='ocrx_word' id='word_1_305' title='bbox 1087 2059 1226 2090; x_wconf 88' lang='lat' dir='ltr'>suam.</span> 
     </span>
    </p>
   </div>
   <div class='ocr_carea' id='block_1_5' title="bbox 174 2101 2302 2221">
    <p class='ocr_par' dir='ltr' id='par_1_7' title="bbox 174 2101 2302 2221">
     <span class='ocr_line' id='line_1_30' title="bbox 174 2101 2301 2162; baseline 0.001 -16"><span class='ocrx_word' id='word_1_306' title='bbox 174 2118 220 2146; x_wconf 78' lang='lat' dir='ltr'>ne</span> <span class='ocrx_word' id='word_1_307' title='bbox 237 2118 379 2146; x_wconf 65' lang='lat' dir='ltr'>urbibus</span> <span class='ocrx_word' id='word_1_308' title='bbox 523 2105 629 2148; x_wconf 86' lang='lat' dir='ltr'>CAP.</span> <span class='ocrx_word' id='word_1_309' title='bbox 657 2105 785 2146; x_wconf 87' lang='lat' dir='ltr'>XXI.</span> <span class='ocrx_word' id='word_1_310' title='bbox 806 2129 867 2136; x_wconf 96' lang='lat'>—</span> <span class='ocrx_word' id='word_1_311' title='bbox 892 2104 903 2129; x_wconf 82' lang='lat'><strong>¹</strong></span> <span class='ocrx_word' id='word_1_312' title='bbox 927 2105 1307 2160; x_wconf 83' lang='lat' dir='ltr'>Accesseruntque</span> <span class='ocrx_word' id='word_1_313' title='bbox 1338 2105 1561 2162; x_wconf 85' lang='lat' dir='ltr'>principes</span> <span class='ocrx_word' id='word_1_314' title='bbox 1585 2105 1863 2148; x_wconf 72' lang='lat' dir='ltr'>familiarum</span> <span class='ocrx_word' id='word_1_315' title='bbox 1894 2104 2005 2148; x_wconf 84' lang='lat' dir='ltr'>Levi</span> <span class='ocrx_word' id='word_1_316' title='bbox 2033 2104 2091 2147; x_wconf 89' lang='lat' dir='ltr'>ad</span> <span class='ocrx_word' id='word_1_317' title='bbox 2118 2101 2301 2148; x_wconf 88' lang='lat' dir='ltr'>Eleaza-</span> 
     </span>
     <span class='ocr_line' id='line_1_31' title="bbox 188 2161 2302 2221; baseline 0 -15"><span class='ocrx_word' id='word_1_318' title='bbox 188 2161 363 2190; x_wconf 61' lang='lat' dir='ltr'>¹0V³ti⁰¹⁵²</span> <span class='ocrx_word' id='word_1_319' title='bbox 462 2177 561 2206; x_wconf 87' lang='lat' dir='ltr'>rum</span> <span class='ocrx_word' id='word_1_320' title='bbox 581 2164 875 2218; x_wconf 81' lang='lat' dir='ltr'>sacerdotem,</span> <span class='ocrx_word' id='word_1_321' title='bbox 903 2169 948 2206; x_wconf 85' lang='grc'>61.</span> <span class='ocrx_word' id='word_1_322' title='bbox 972 2164 1129 2216; x_wconf 82' lang='grc'><strong>506116,</strong></span> <span class='ocrx_word' id='word_1_323' title='bbox 1159 2164 1299 2207; x_wconf 85' lang='lat' dir='ltr'>filium</span> <span class='ocrx_word' id='word_1_324' title='bbox 1327 2165 1450 2220; x_wconf 90' lang='lat' dir='ltr'>Nun,</span> <span class='ocrx_word' id='word_1_325' title='bbox 1477 2165 1602 2208; x_wconf 85' lang='lat' dir='ltr'>etad</span> <span class='ocrx_word' id='word_1_326' title='bbox 1626 2164 1760 2207; x_wconf 87' lang='lat' dir='ltr'>duces</span> <span class='ocrx_word' id='word_1_327' title='bbox 1786 2164 2103 2220; x_wconf 83' lang='lat' dir='ltr'>cognationum</span> <span class='ocrx_word' id='word_1_328' title='bbox 2122 2178 2200 2221; x_wconf 86' lang='lat' dir='ltr'>per</span> <span class='ocrx_word' id='word_1_329' title='bbox 2215 2164 2302 2207; x_wconf 88' lang='lat' dir='ltr'>sin-</span> 
     </span>
    </p>
   </div>
   <div class='ocr_carea' id='block_1_6' title="bbox 156 2209 2301 2280">
    <p class='ocr_par' dir='ltr' id='par_1_8' title="bbox 156 2209 2301 2280">
     <span class='ocr_line' id='line_1_32' title="bbox 156 2209 2301 2280; baseline 0 -15"><span class='ocrx_word' id='word_1_330' title='bbox 156 2209 398 2239; x_wconf 65' lang='lat' dir='ltr'>1‹›generat1n1;</span> <span class='ocrx_word' id='word_1_331' title='bbox 463 2223 590 2278; x_wconf 87' lang='lat' dir='ltr'>gulas</span> <span class='ocrx_word' id='word_1_332' title='bbox 620 2223 760 2265; x_wconf 88' lang='lat' dir='ltr'>tribus</span> <span class='ocrx_word' id='word_1_333' title='bbox 795 2223 985 2266; x_wconf 89' lang='lat' dir='ltr'>filiorum</span> <span class='ocrx_word' id='word_1_334' title='bbox 1019 2223 1178 2278; x_wconf 83' lang='lat' dir='ltr'>Israel,</span> <span class='ocrx_word' id='word_1_335' title='bbox 1210 2222 1227 2248; x_wconf 62' lang='lat'>*2</span> <span class='ocrx_word' id='word_1_336' title='bbox 1253 2224 1476 2280; x_wconf 88' lang='lat' dir='ltr'>locutique</span> <span class='ocrx_word' id='word_1_337' title='bbox 1510 2230 1613 2267; x_wconf 89' lang='lat' dir='ltr'>sunt</span> <span class='ocrx_word' id='word_1_338' title='bbox 1646 2224 1703 2266; x_wconf 89' lang='lat' dir='ltr'>ad</span> <span class='ocrx_word' id='word_1_339' title='bbox 1733 2238 1807 2267; x_wconf 90' lang='lat' dir='ltr'>eos</span> <span class='ocrx_word' id='word_1_340' title='bbox 1836 2223 1882 2266; x_wconf 92' lang='lat' dir='ltr'>in</span> <span class='ocrx_word' id='word_1_341' title='bbox 1912 2223 2002 2268; x_wconf 81' lang='lat' dir='ltr'>Silo</span> <span class='ocrx_word' id='word_1_342' title='bbox 2028 2229 2157 2266; x_wconf 83' lang='lat' dir='ltr'>terrae</span> <span class='ocrx_word' id='word_1_343' title='bbox 2188 2223 2301 2267; x_wconf 85' lang='grc'><strong>0113-</strong></span> 
     </span>
    </p>
   </div>
   <div class='ocr_carea' id='block_1_7' title="bbox 159 2282 2303 3523">
    <p class='ocr_par' dir='ltr' id='par_1_9' title="bbox 463 2282 2302 3050">
     <span class='ocr_line' id='line_1_33' title="bbox 463 2282 2301 2340; baseline 0.001 -16"><span class='ocrx_word' id='word_1_344' title='bbox 463 2296 602 2337; x_wconf 84' lang='grc'><strong>113311,</strong></span> <span class='ocrx_word' id='word_1_345' title='bbox 631 2288 761 2337; x_wconf 86' lang='lat' dir='ltr'>atque</span> <span class='ocrx_word' id='word_1_346' title='bbox 789 2282 1022 2325; x_wconf 82' lang='lat' dir='ltr'>dixerunt:</span> <span class='ocrx_word' id='word_1_347' title='bbox 1050 2283 1266 2325; x_wconf 89' lang='lat' dir='ltr'>Dominus</span> <span class='ocrx_word' id='word_1_348' title='bbox 1296 2284 1510 2339; x_wconf 70' lang='lat' dir='ltr'>praecepit</span> <span class='ocrx_word' id='word_1_349' title='bbox 1538 2298 1615 2340; x_wconf 90' lang='lat' dir='ltr'>per</span> <span class='ocrx_word' id='word_1_350' title='bbox 1643 2298 1826 2326; x_wconf 88' lang='lat' dir='ltr'>manum</span> <span class='ocrx_word' id='word_1_351' title='bbox 1853 2283 1998 2339; x_wconf 88' lang='lat' dir='ltr'>Moysi</span> <span class='ocrx_word' id='word_1_352' title='bbox 2021 2287 2070 2326; x_wconf 81' lang='lat' dir='ltr'>ut.</span> <span class='ocrx_word' id='word_1_353' title='bbox 2092 2283 2301 2326; x_wconf 86' lang='lat' dir='ltr'>darentur</span> 
     </span>
     <span class='ocr_line' id='line_1_34' title="bbox 465 2341 2298 2398; baseline 0.002 -15"><span class='ocrx_word' id='word_1_354' title='bbox 465 2341 592 2384; x_wconf 86' lang='lat' dir='ltr'>nobis</span> <span class='ocrx_word' id='word_1_355' title='bbox 622 2341 752 2384; x_wconf 90' lang='lat' dir='ltr'>urbes</span> <span class='ocrx_word' id='word_1_356' title='bbox 789 2342 845 2384; x_wconf 87' lang='lat' dir='ltr'>ad</span> <span class='ocrx_word' id='word_1_357' title='bbox 880 2341 1196 2397; x_wconf 82' lang='lat' dir='ltr'>habitandum,</span> <span class='ocrx_word' id='word_1_358' title='bbox 1235 2348 1280 2385; x_wconf 85' lang='lat' dir='ltr'>et</span> <span class='ocrx_word' id='word_1_359' title='bbox 1316 2343 1571 2385; x_wconf 86' lang='lat' dir='ltr'>suburbana</span> <span class='ocrx_word' id='word_1_360' title='bbox 1604 2357 1757 2386; x_wconf 88' lang='lat' dir='ltr'>earum</span> <span class='ocrx_word' id='word_1_361' title='bbox 1790 2343 1848 2385; x_wconf 91' lang='lat' dir='ltr'>ad</span> <span class='ocrx_word' id='word_1_362' title='bbox 1882 2342 2047 2385; x_wconf 89' lang='lat' dir='ltr'>alenda</span> <span class='ocrx_word' id='word_1_363' title='bbox 2081 2342 2298 2398; x_wconf 77' lang='lat' dir='ltr'>jumenta.</span> 
     </span>
     <span class='ocr_line' id='line_1_35' title="bbox 465 2400 2299 2458; baseline 0.001 -16"><span class='ocrx_word' id='word_1_364' title='bbox 465 2402 482 2425; x_wconf 68' lang='lat'><em>³</em></span> <span class='ocrx_word' id='word_1_365' title='bbox 500 2400 815 2456; x_wconf 89' lang='lat' dir='ltr'>Dederuntque</span> <span class='ocrx_word' id='word_1_366' title='bbox 837 2401 916 2443; x_wconf 91' lang='lat' dir='ltr'>filii</span> <span class='ocrx_word' id='word_1_367' title='bbox 945 2401 1086 2444; x_wconf 87' lang='lat' dir='ltr'>Israel</span> <span class='ocrx_word' id='word_1_368' title='bbox 1106 2401 1161 2444; x_wconf 89' lang='lat' dir='ltr'>de</span> <span class='ocrx_word' id='word_1_369' title='bbox 1183 2401 1535 2458; x_wconf 86' lang='lat' dir='ltr'>possessionibus</span> <span class='ocrx_word' id='word_1_370' title='bbox 1557 2403 1646 2445; x_wconf 90' lang='lat' dir='ltr'>suis</span> <span class='ocrx_word' id='word_1_371' title='bbox 1672 2402 1805 2458; x_wconf 80' lang='lat' dir='ltr'>juxta</span> <span class='ocrx_word' id='word_1_372' title='bbox 1831 2401 2068 2458; x_wconf 88' lang='lat' dir='ltr'>imperium</span> <span class='ocrx_word' id='word_1_373' title='bbox 2097 2402 2299 2458; x_wconf 88' lang='lat' dir='ltr'>Domini,</span> 
     </span>
     <span class='ocr_line' id='line_1_36' title="bbox 465 2460 2300 2517; baseline 0.002 -16"><span class='ocrx_word' id='word_1_374' title='bbox 465 2460 670 2502; x_wconf 83' lang='lat' dir='ltr'>civitates</span> <span class='ocrx_word' id='word_1_375' title='bbox 703 2465 747 2503; x_wconf 86' lang='lat' dir='ltr'>et</span> <span class='ocrx_word' id='word_1_376' title='bbox 780 2460 1032 2502; x_wconf 87' lang='lat' dir='ltr'>suburbana</span> <span class='ocrx_word' id='word_1_377' title='bbox 1063 2474 1228 2504; x_wconf 86' lang='lat' dir='ltr'>earum.</span> <span class='ocrx_word' id='word_1_378' title='bbox 1256 2460 1272 2487; x_wconf 70' lang='lat'>4</span> <span class='ocrx_word' id='word_1_379' title='bbox 1292 2462 1570 2517; x_wconf 84' lang='lat' dir='ltr'>Egressaque</span> <span class='ocrx_word' id='word_1_380' title='bbox 1604 2467 1670 2505; x_wconf 88' lang='lat' dir='ltr'>est</span> <span class='ocrx_word' id='word_1_381' title='bbox 1702 2476 1794 2504; x_wconf 89' lang='lat' dir='ltr'>sors</span> <span class='ocrx_word' id='word_1_382' title='bbox 1821 2461 1870 2503; x_wconf 88' lang='lat' dir='ltr'>in</span> <span class='ocrx_word' id='word_1_383' title='bbox 1901 2461 2128 2503; x_wconf 76' lang='lat' dir='ltr'>familiam</span> <span class='ocrx_word' id='word_1_384' title='bbox 2157 2461 2300 2505; x_wconf 86' lang='lat' dir='ltr'>Caath</span> 
     </span>
     <span class='ocr_line' id='line_1_37' title="bbox 464 2519 2298 2587; baseline 0.001 -26"><span class='ocrx_word' id='word_1_385' title='bbox 464 2519 654 2562; x_wconf 86' lang='lat' dir='ltr'>filiorum</span> <span class='ocrx_word' id='word_1_386' title='bbox 687 2521 837 2562; x_wconf 87' lang='lat' dir='ltr'>Aaron</span> <span class='ocrx_word' id='word_1_387' title='bbox 867 2520 1134 2574; x_wconf 85' lang='lat' dir='ltr'>sacerdotis,</span> <span class='ocrx_word' id='word_1_388' title='bbox 1165 2520 1220 2563; x_wconf 90' lang='lat' dir='ltr'>de</span> <span class='ocrx_word' id='word_1_389' title='bbox 1249 2520 1453 2563; x_wconf 81' lang='lat' dir='ltr'>tribubus</span> <span class='ocrx_word' id='word_1_390' title='bbox 1478 2521 1618 2577; x_wconf 67' lang='lat' dir='ltr'>duda,</span> <span class='ocrx_word' id='word_1_391' title='bbox 1653 2526 1698 2564; x_wconf 88' lang='lat' dir='ltr'>et</span> <span class='ocrx_word' id='word_1_392' title='bbox 1729 2521 1928 2576; x_wconf 88' lang='lat' dir='ltr'>Simeon,</span> <span class='ocrx_word' id='word_1_393' title='bbox 1959 2525 2005 2563; x_wconf 89' lang='lat' dir='ltr'>et</span> <span class='ocrx_word' id='word_1_394' title='bbox 2037 2520 2298 2587; x_wconf 78' lang='lat' dir='ltr'>Benjamin,</span> 
     </span>
     <span class='ocr_line' id='line_1_38' title="bbox 464 2555 2300 2636; baseline 0.002 -17"><span class='ocrx_word' id='word_1_395' title='bbox 464 2579 670 2621; x_wconf 84' lang='lat' dir='ltr'>civitates</span> <span class='ocrx_word' id='word_1_396' title='bbox 703 2579 1053 2631; x_wconf 74' lang='lat' dir='ltr'>tredeci1n;⁰et</span> <span class='ocrx_word' id='word_1_397' title='bbox 1077 2556 1258 2634; x_wconf 86' lang='lat' dir='ltr'>reliquis</span> <span class='ocrx_word' id='word_1_398' title='bbox 1281 2580 1472 2623; x_wconf 74' lang='lat' dir='ltr'>filiorum</span> <span class='ocrx_word' id='word_1_399' title='bbox 1498 2557 1662 2635; x_wconf 81' lang='lat' dir='ltr'>Caatb,</span> <span class='ocrx_word' id='word_1_400' title='bbox 1688 2580 1734 2623; x_wconf 91' lang='lat' dir='ltr'>id</span> <span class='ocrx_word' id='word_1_401' title='bbox 1760 2585 1845 2634; x_wconf 89' lang='lat' dir='ltr'>est,</span> <span class='ocrx_word' id='word_1_402' title='bbox 1873 2555 2022 2623; x_wconf 64' lang='lat' dir='ltr'>le’vitis</span> <span class='ocrx_word' id='word_1_403' title='bbox 2051 2579 2125 2635; x_wconf 88' lang='lat' dir='ltr'>qui</span> <span class='ocrx_word' id='word_1_404' title='bbox 2151 2594 2300 2636; x_wconf 83' lang='lat' dir='ltr'>super-</span> 
     </span>
     <span class='ocr_line' id='line_1_39' title="bbox 464 2638 2300 2695; baseline 0.001 -15"><span class='ocrx_word' id='word_1_405' title='bbox 464 2638 665 2694; x_wconf 76' lang='lat' dir='ltr'>fuerant,</span> <span class='ocrx_word' id='word_1_406' title='bbox 696 2638 750 2681; x_wconf 91' lang='lat' dir='ltr'>de</span> <span class='ocrx_word' id='word_1_407' title='bbox 780 2638 983 2681; x_wconf 79' lang='lat' dir='ltr'>tiibubus</span> <span class='ocrx_word' id='word_1_408' title='bbox 1014 2639 1247 2695; x_wconf 85' lang='lat' dir='ltr'>Ephraim,</span> <span class='ocrx_word' id='word_1_409' title='bbox 1279 2645 1323 2682; x_wconf 89' lang='lat' dir='ltr'>et</span> <span class='ocrx_word' id='word_1_410' title='bbox 1350 2640 1472 2694; x_wconf 86' lang='lat' dir='ltr'>Dan,</span> <span class='ocrx_word' id='word_1_411' title='bbox 1500 2645 1544 2682; x_wconf 87' lang='lat' dir='ltr'>et</span> <span class='ocrx_word' id='word_1_412' title='bbox 1571 2639 1756 2682; x_wconf 88' lang='lat' dir='ltr'>dimidia</span> <span class='ocrx_word' id='word_1_413' title='bbox 1785 2639 1903 2682; x_wconf 77' lang='lat' dir='ltr'>tlibu</span> <span class='ocrx_word' id='word_1_414' title='bbox 1935 2639 2164 2692; x_wconf 90' lang='lat' dir='ltr'>Manasse,</span> <span class='ocrx_word' id='word_1_415' title='bbox 2193 2639 2300 2682; x_wconf 90' lang='lat' dir='ltr'>civi-</span> 
     </span>
     <span class='ocr_line' id='line_1_40' title="bbox 464 2674 2299 2754; baseline 0.001 -15"><span class='ocrx_word' id='word_1_416' title='bbox 464 2703 580 2740; x_wconf 82' lang='lat' dir='ltr'>tates</span> <span class='ocrx_word' id='word_1_417' title='bbox 606 2697 775 2741; x_wconf 86' lang='lat' dir='ltr'>decem.</span> <span class='ocrx_word' id='word_1_418' title='bbox 805 2697 822 2724; x_wconf 75' lang='lat'><strong>⁶</strong></span> <span class='ocrx_word' id='word_1_419' title='bbox 841 2698 974 2740; x_wconf 80' lang='lat' dir='ltr'>Pone</span> <span class='ocrx_word' id='word_1_420' title='bbox 1001 2697 1104 2740; x_wconf 89' lang='lat' dir='ltr'>filiis</span> <span class='ocrx_word' id='word_1_421' title='bbox 1131 2699 1301 2741; x_wconf 81' lang='lat' dir='ltr'>Gerson</span> <span class='ocrx_word' id='word_1_422' title='bbox 1331 2713 1507 2754; x_wconf 77' lang='lat' dir='ltr'>egressa</span> <span class='ocrx_word' id='word_1_423' title='bbox 1538 2705 1605 2742; x_wconf 84' lang='lat' dir='ltr'>est</span> <span class='ocrx_word' id='word_1_424' title='bbox 1636 2713 1748 2754; x_wconf 84' lang='lat' dir='ltr'>sors,</span> <span class='ocrx_word' id='word_1_425' title='bbox 1779 2704 1827 2741; x_wconf 90' lang='lat' dir='ltr'>ut</span> <span class='ocrx_word' id='word_1_426' title='bbox 1851 2698 2109 2754; x_wconf 87' lang='lat' dir='ltr'>acciperent</span> <span class='ocrx_word' id='word_1_427' title='bbox 2139 2674 2193 2742; x_wconf 83' lang='lat' dir='ltr'>de</span> <span class='ocrx_word' id='word_1_428' title='bbox 2221 2699 2299 2741; x_wconf 87' lang='lat' dir='ltr'>tri-</span> 
     </span>
     <span class='ocr_line' id='line_1_41' title="bbox 465 2756 2301 2814; baseline 0.002 -17"><span class='ocrx_word' id='word_1_429' title='bbox 465 2756 609 2799; x_wconf 84' lang='lat' dir='ltr'>bubus</span> <span class='ocrx_word' id='word_1_430' title='bbox 642 2757 867 2811; x_wconf 86' lang='lat' dir='ltr'>Issachar,</span> <span class='ocrx_word' id='word_1_431' title='bbox 909 2762 955 2799; x_wconf 90' lang='lat' dir='ltr'>et</span> <span class='ocrx_word' id='word_1_432' title='bbox 991 2759 1122 2812; x_wconf 87' lang='lat' dir='ltr'>Aser,</span> <span class='ocrx_word' id='word_1_433' title='bbox 1157 2769 1203 2800; x_wconf 86' lang='lat' dir='ltr'>et</span> <span class='ocrx_word' id='word_1_434' title='bbox 1234 2758 1505 2814; x_wconf 84' lang='lat' dir='ltr'>Nephthali,</span> <span class='ocrx_word' id='word_1_435' title='bbox 1537 2758 1808 2813; x_wconf 88' lang='lat' dir='ltr'>dimidiaque</span> <span class='ocrx_word' id='word_1_436' title='bbox 1841 2757 1960 2800; x_wconf 85' lang='lat' dir='ltr'>tribu</span> <span class='ocrx_word' id='word_1_437' title='bbox 1993 2758 2222 2813; x_wconf 80' lang='lat' dir='ltr'>Manasse,</span> <span class='ocrx_word' id='word_1_438' title='bbox 2255 2758 2301 2800; x_wconf 90' lang='lat' dir='ltr'>in</span> 
     </span>
     <span class='ocr_line' id='line_1_42' title="bbox 467 2815 2299 2873; baseline 0.002 -16"><span class='ocrx_word' id='word_1_439' title='bbox 467 2815 637 2870; x_wconf 84' lang='lat' dir='ltr'>Basan,</span> <span class='ocrx_word' id='word_1_440' title='bbox 657 2816 863 2858; x_wconf 86' lang='lat' dir='ltr'>civitates</span> <span class='ocrx_word' id='word_1_441' title='bbox 880 2830 1064 2859; x_wconf 88' lang='lat' dir='ltr'>numero</span> <span class='ocrx_word' id='word_1_442' title='bbox 1086 2816 1314 2859; x_wconf 87' lang='lat' dir='ltr'>tredecim.</span> <span class='ocrx_word' id='word_1_443' title='bbox 1334 2817 1349 2843; x_wconf 83' lang='lat'>7</span> <span class='ocrx_word' id='word_1_444' title='bbox 1371 2819 1427 2860; x_wconf 84' lang='lat' dir='ltr'>Et</span> <span class='ocrx_word' id='word_1_445' title='bbox 1453 2818 1556 2860; x_wconf 90' lang='lat' dir='ltr'>filiis</span> <span class='ocrx_word' id='word_1_446' title='bbox 1582 2817 1743 2860; x_wconf 85' lang='lat' dir='ltr'>Merari</span> <span class='ocrx_word' id='word_1_447' title='bbox 1768 2831 1846 2873; x_wconf 88' lang='lat' dir='ltr'>per</span> <span class='ocrx_word' id='word_1_448' title='bbox 1867 2816 2156 2872; x_wconf 86' lang='lat' dir='ltr'>cognationes</span> <span class='ocrx_word' id='word_1_449' title='bbox 2177 2831 2299 2873; x_wconf 86' lang='lat' dir='ltr'>suas,</span> 
     </span>
     <span class='ocr_line' id='line_1_43' title="bbox 465 2875 2302 2932; baseline 0.002 -16"><span class='ocrx_word' id='word_1_450' title='bbox 465 2875 521 2917; x_wconf 86' lang='lat' dir='ltr'>de</span> <span class='ocrx_word' id='word_1_451' title='bbox 545 2875 747 2917; x_wconf 88' lang='lat' dir='ltr'>tribubus</span> <span class='ocrx_word' id='word_1_452' title='bbox 778 2875 957 2931; x_wconf 85' lang='lat' dir='ltr'>Ruben,</span> <span class='ocrx_word' id='word_1_453' title='bbox 985 2881 1028 2918; x_wconf 94' lang='grc'>61</span> <span class='ocrx_word' id='word_1_454' title='bbox 1054 2876 1174 2932; x_wconf 83' lang='lat' dir='ltr'>Gad,</span> <span class='ocrx_word' id='word_1_455' title='bbox 1201 2882 1245 2919; x_wconf 89' lang='lat' dir='ltr'>et</span> <span class='ocrx_word' id='word_1_456' title='bbox 1269 2877 1489 2932; x_wconf 88' lang='lat' dir='ltr'>Zabulon,</span> <span class='ocrx_word' id='word_1_457' title='bbox 1513 2877 1642 2920; x_wconf 91' lang='lat' dir='ltr'>urbes</span> <span class='ocrx_word' id='word_1_458' title='bbox 1673 2875 1920 2920; x_wconf 85' lang='lat' dir='ltr'>duodecim.</span> <span class='ocrx_word' id='word_1_459' title='bbox 1948 2876 1965 2902; x_wconf 77' lang='lat'>⁸</span> <span class='ocrx_word' id='word_1_460' title='bbox 1985 2876 2302 2932; x_wconf 82' lang='lat' dir='ltr'>Dederuntque</span> 
     </span>
     <span class='ocr_line' id='line_1_44' title="bbox 467 2933 2301 2991; baseline 0.002 -16"><span class='ocrx_word' id='word_1_461' title='bbox 467 2933 545 2975; x_wconf 85' lang='lat' dir='ltr'>filii</span> <span class='ocrx_word' id='word_1_462' title='bbox 574 2934 711 2976; x_wconf 88' lang='lat' dir='ltr'>Israel</span> <span class='ocrx_word' id='word_1_463' title='bbox 738 2934 886 2977; x_wconf 86' lang='lat' dir='ltr'>levitis</span> <span class='ocrx_word' id='word_1_464' title='bbox 909 2935 1114 2978; x_wconf 85' lang='lat' dir='ltr'>civitates</span> <span class='ocrx_word' id='word_1_465' title='bbox 1144 2940 1189 2978; x_wconf 91' lang='lat' dir='ltr'>et</span> <span class='ocrx_word' id='word_1_466' title='bbox 1219 2935 1474 2978; x_wconf 88' lang='lat' dir='ltr'>suburbana</span> <span class='ocrx_word' id='word_1_467' title='bbox 1500 2950 1672 2991; x_wconf 85' lang='lat' dir='ltr'>earum,</span> <span class='ocrx_word' id='word_1_468' title='bbox 1704 2935 1820 2978; x_wconf 89' lang='lat' dir='ltr'>sicut</span> <span class='ocrx_word' id='word_1_469' title='bbox 1843 2935 2058 2991; x_wconf 75' lang='lat' dir='ltr'>praecepit</span> <span class='ocrx_word' id='word_1_470' title='bbox 2085 2935 2301 2979; x_wconf 87' lang='lat' dir='ltr'>Dominus</span> 
     </span>
     <span class='ocr_line' id='line_1_45' title="bbox 467 2993 1577 3050; baseline 0.004 -16"><span class='ocrx_word' id='word_1_471' title='bbox 467 3007 545 3048; x_wconf 72' lang='lat' dir='ltr'>per</span> <span class='ocrx_word' id='word_1_472' title='bbox 565 3006 746 3035; x_wconf 88' lang='lat' dir='ltr'>manum</span> <span class='ocrx_word' id='word_1_473' title='bbox 773 2994 939 3049; x_wconf 86' lang='lat' dir='ltr'>Moysi,</span> <span class='ocrx_word' id='word_1_474' title='bbox 966 2993 1155 3050; x_wconf 87' lang='lat' dir='ltr'>singulis</span> <span class='ocrx_word' id='word_1_475' title='bbox 1176 3000 1291 3037; x_wconf 88' lang='lat' dir='ltr'>sorte</span> <span class='ocrx_word' id='word_1_476' title='bbox 1317 2995 1577 3038; x_wconf 84' lang='lat' dir='ltr'>tribuentes.</span> 
     </span>
    </p>

    <p class='ocr_par' dir='ltr' id='par_1_10' title="bbox 159 3052 2301 3110">
     <span class='ocr_line' id='line_1_46' title="bbox 159 3052 2301 3110; baseline 0.001 -16"><span class='ocrx_word' id='word_1_477' title='bbox 159 3068 191 3094; x_wconf 75' lang='lat'>20</span> <span class='ocrx_word' id='word_1_478' title='bbox 211 3065 400 3098; x_wconf 60' lang='lat' dir='ltr'>specialius.</span> <span class='ocrx_word' id='word_1_479' title='bbox 527 3052 543 3077; x_wconf 62' lang='lat'>³⁴</span> <span class='ocrx_word' id='word_1_480' title='bbox 562 3052 629 3094; x_wconf 92' lang='lat' dir='ltr'>De</span> <span class='ocrx_word' id='word_1_481' title='bbox 655 3052 856 3095; x_wconf 88' lang='lat' dir='ltr'>tribubus</span> <span class='ocrx_word' id='word_1_482' title='bbox 885 3052 1075 3096; x_wconf 89' lang='lat' dir='ltr'>filiorum</span> <span class='ocrx_word' id='word_1_483' title='bbox 1105 3053 1224 3096; x_wconf 81' lang='lat' dir='ltr'>Juda</span> <span class='ocrx_word' id='word_1_484' title='bbox 1254 3059 1300 3097; x_wconf 86' lang='lat' dir='ltr'>et</span> <span class='ocrx_word' id='word_1_485' title='bbox 1329 3053 1506 3098; x_wconf 80' lang='lat' dir='ltr'>Simeon</span> <span class='ocrx_word' id='word_1_486' title='bbox 1536 3055 1663 3098; x_wconf 83' lang='lat' dir='ltr'>dedit</span> <span class='ocrx_word' id='word_1_487' title='bbox 1689 3055 1824 3097; x_wconf 82' lang='grc'><strong>506116</strong></span> <span class='ocrx_word' id='word_1_488' title='bbox 1858 3055 2084 3108; x_wconf 82' lang='lat' dir='ltr'>civitates,</span> <span class='ocrx_word' id='word_1_489' title='bbox 2116 3069 2301 3110; x_wconf 85' lang='lat' dir='ltr'>quarum</span> 
     </span>
    </p>

    <p class='ocr_par' dir='ltr' id='par_1_11' title="bbox 175 3109 2301 3170">
     <span class='ocr_line' id='line_1_47' title="bbox 175 3109 2301 3170; baseline 0.001 -17"><span class='ocrx_word' id='word_1_490' title='bbox 175 3109 365 3169; x_wconf 17' lang='lat' dir='ltr'>,civitates</span> <span class='ocrx_word' id='word_1_491' title='bbox 468 3111 554 3154; x_wconf 83' lang='lat' dir='ltr'>ista</span> <span class='ocrx_word' id='word_1_492' title='bbox 598 3116 702 3154; x_wconf 88' lang='lat' dir='ltr'>sunt</span> <span class='ocrx_word' id='word_1_493' title='bbox 738 3111 937 3168; x_wconf 86' lang='lat' dir='ltr'>nomina,</span> <span class='ocrx_word' id='word_1_494' title='bbox 983 3111 1019 3138; x_wconf 76' lang='lat'>¹⁰</span> <span class='ocrx_word' id='word_1_495' title='bbox 1055 3111 1158 3156; x_wconf 83' lang='lat' dir='ltr'>filiis</span> <span class='ocrx_word' id='word_1_496' title='bbox 1192 3113 1344 3156; x_wconf 85' lang='lat' dir='ltr'>Aaron</span> <span class='ocrx_word' id='word_1_497' title='bbox 1380 3127 1457 3169; x_wconf 87' lang='lat' dir='ltr'>per</span> <span class='ocrx_word' id='word_1_498' title='bbox 1498 3113 1699 3156; x_wconf 76' lang='lat' dir='ltr'>familias</span> <span class='ocrx_word' id='word_1_499' title='bbox 1739 3113 1882 3156; x_wconf 85' lang='lat' dir='ltr'>Caath</span> <span class='ocrx_word' id='word_1_500' title='bbox 1920 3113 2089 3157; x_wconf 86' lang='lat' dir='ltr'>levitici</span> <span class='ocrx_word' id='word_1_501' title='bbox 2127 3113 2301 3170; x_wconf 87' lang='lat' dir='ltr'>generis</span> 
     </span>
    </p>

    <p class='ocr_par' dir='ltr' id='par_1_12' title="bbox 172 3154 2303 3523">
     <span class='ocr_line' id='line_1_48' title="bbox 172 3154 2301 3229; baseline 0.001 -17"><span class='ocrx_word' id='word_1_502' title='bbox 172 3154 391 3182; x_wconf 59' lang='lat'>*³&#39;‘⁰¹‘¹⁰‘¹¹¹¹³&#39;</span> <span class='ocrx_word' id='word_1_503' title='bbox 471 3170 644 3226; x_wconf 82' lang='lat' dir='ltr'>(prima</span> <span class='ocrx_word' id='word_1_504' title='bbox 672 3170 792 3212; x_wconf 86' lang='lat' dir='ltr'>enim</span> <span class='ocrx_word' id='word_1_505' title='bbox 821 3184 913 3213; x_wconf 88' lang='lat' dir='ltr'>sors</span> <span class='ocrx_word' id='word_1_506' title='bbox 941 3171 1030 3214; x_wconf 88' lang='lat' dir='ltr'>illis</span> <span class='ocrx_word' id='word_1_507' title='bbox 1064 3186 1239 3227; x_wconf 84' lang='lat' dir='ltr'>egressa</span> <span class='ocrx_word' id='word_1_508' title='bbox 1266 3171 1431 3228; x_wconf 84' lang='lat' dir='ltr'>est):¹¹</span> <span class='ocrx_word' id='word_1_509' title='bbox 1453 3172 1815 3227; x_wconf 76' lang='lat' dir='ltr'>Cariath-Athe,</span> <span class='ocrx_word' id='word_1_510' title='bbox 1850 3173 1990 3229; x_wconf 90' lang='lat' dir='ltr'>patris</span> <span class='ocrx_word' id='word_1_511' title='bbox 2023 3173 2167 3228; x_wconf 85' lang='lat' dir='ltr'>Enac,</span> <span class='ocrx_word' id='word_1_512' title='bbox 2203 3187 2301 3228; x_wconf 86' lang='lat' dir='ltr'>quae</span> 
     </span>
     <span class='ocr_line' id='line_1_49' title="bbox 469 3229 2302 3288; baseline 0.002 -17"><span class='ocrx_word' id='word_1_513' title='bbox 469 3235 652 3273; x_wconf 67' lang='lat' dir='ltr'>vocatur</span> <span class='ocrx_word' id='word_1_514' title='bbox 674 3229 879 3284; x_wconf 88' lang='lat' dir='ltr'>Hebron,</span> <span class='ocrx_word' id='word_1_515' title='bbox 902 3229 947 3271; x_wconf 84' lang='lat' dir='ltr'>in</span> <span class='ocrx_word' id='word_1_516' title='bbox 967 3236 1116 3273; x_wconf 85' lang='lat' dir='ltr'>monte</span> <span class='ocrx_word' id='word_1_517' title='bbox 1136 3232 1163 3273; x_wconf 74' lang='lat' dir='ltr'>,J</span> <span class='ocrx_word' id='word_1_518' title='bbox 1169 3231 1277 3285; x_wconf 88' lang='lat' dir='ltr'>uda,</span> <span class='ocrx_word' id='word_1_519' title='bbox 1297 3236 1341 3274; x_wconf 88' lang='lat' dir='ltr'>et</span> <span class='ocrx_word' id='word_1_520' title='bbox 1358 3231 1612 3274; x_wconf 84' lang='lat' dir='ltr'>suburbana</span> <span class='ocrx_word' id='word_1_521' title='bbox 1630 3232 1727 3287; x_wconf 79' lang='lat' dir='ltr'>ejus</span> <span class='ocrx_word' id='word_1_522' title='bbox 1746 3245 1822 3287; x_wconf 84' lang='lat' dir='ltr'>per</span> <span class='ocrx_word' id='word_1_523' title='bbox 1841 3232 2087 3275; x_wconf 82' lang='lat' dir='ltr'>circuitum.</span> <span class='ocrx_word' id='word_1_524' title='bbox 2109 3231 2144 3258; x_wconf 76' lang='lat'>¹2</span> <span class='ocrx_word' id='word_1_525' title='bbox 2158 3233 2302 3288; x_wconf 83' lang='lat' dir='ltr'>Agros</span> 
     </span>
     <span class='ocr_line' id='line_1_50' title="bbox 469 3287 2303 3347; baseline 0.002 -17"><span class='ocrx_word' id='word_1_526' title='bbox 469 3303 572 3333; x_wconf 83' lang='lat' dir='ltr'>vero</span> <span class='ocrx_word' id='word_1_527' title='bbox 590 3294 635 3332; x_wconf 82' lang='lat' dir='ltr'>et</span> <span class='ocrx_word' id='word_1_528' title='bbox 655 3287 787 3331; x_wconf 85' lang='lat' dir='ltr'>villas</span> <span class='ocrx_word' id='word_1_529' title='bbox 805 3288 902 3344; x_wconf 78' lang='lat' dir='ltr'>ejus</span> <span class='ocrx_word' id='word_1_530' title='bbox 929 3288 1111 3332; x_wconf 87' lang='lat' dir='ltr'>dederat</span> <span class='ocrx_word' id='word_1_531' title='bbox 1137 3290 1295 3345; x_wconf 87' lang='lat' dir='ltr'>Caleb,</span> <span class='ocrx_word' id='word_1_532' title='bbox 1315 3290 1407 3332; x_wconf 91' lang='lat' dir='ltr'>filio</span> <span class='ocrx_word' id='word_1_533' title='bbox 1429 3291 1456 3333; x_wconf 93' lang='grc'><strong>5</strong></span> <span class='ocrx_word' id='word_1_534' title='bbox 1462 3291 1653 3347; x_wconf 89' lang='lat' dir='ltr'>ephone,</span> <span class='ocrx_word' id='word_1_535' title='bbox 1674 3290 1733 3332; x_wconf 88' lang='lat' dir='ltr'>ad</span> <span class='ocrx_word' id='word_1_536' title='bbox 1756 3290 2086 3346; x_wconf 88' lang='lat' dir='ltr'>possidendum.</span> <span class='ocrx_word' id='word_1_537' title='bbox 2114 3291 2149 3318; x_wconf 83' lang='lat'>¹3</span> <span class='ocrx_word' id='word_1_538' title='bbox 2168 3290 2303 3334; x_wconf 84' lang='lat' dir='ltr'>Dedit</span> 
     </span>
     <span class='ocr_line' id='line_1_51' title="bbox 469 3347 2302 3405; baseline 0.001 -14"><span class='ocrx_word' id='word_1_539' title='bbox 469 3362 572 3404; x_wconf 71' lang='lat' dir='ltr'>ergo</span> <span class='ocrx_word' id='word_1_540' title='bbox 609 3347 712 3390; x_wconf 88' lang='lat' dir='ltr'>filiis</span> <span class='ocrx_word' id='word_1_541' title='bbox 745 3349 894 3391; x_wconf 85' lang='lat' dir='ltr'>Aaron</span> <span class='ocrx_word' id='word_1_542' title='bbox 931 3348 1171 3392; x_wconf 87' lang='lat' dir='ltr'>sacerdotis</span> <span class='ocrx_word' id='word_1_543' title='bbox 1206 3349 1391 3392; x_wconf 83' lang='lat' dir='ltr'>Hebron</span> <span class='ocrx_word' id='word_1_544' title='bbox 1427 3349 1630 3405; x_wconf 75' lang='lat' dir='ltr'>confugii</span> <span class='ocrx_word' id='word_1_545' title='bbox 1667 3349 1921 3405; x_wconf 86' lang='lat' dir='ltr'>civitatem,</span> <span class='ocrx_word' id='word_1_546' title='bbox 1956 3364 2008 3393; x_wconf 91' lang='lat' dir='ltr'>ac</span> <span class='ocrx_word' id='word_1_547' title='bbox 2046 3349 2302 3393; x_wconf 87' lang='lat' dir='ltr'>suburbana</span> 
     </span>
     <span class='ocr_line' id='line_1_52' title="bbox 469 3407 2302 3465; baseline 0.001 -15"><span class='ocrx_word' id='word_1_548' title='bbox 469 3408 588 3462; x_wconf 77' lang='grc'><strong>63116,</strong></span> <span class='ocrx_word' id='word_1_549' title='bbox 625 3412 670 3450; x_wconf 84' lang='grc'>61</span> <span class='ocrx_word' id='word_1_550' title='bbox 707 3407 910 3450; x_wconf 86' lang='lat' dir='ltr'>Lobnam</span> <span class='ocrx_word' id='word_1_551' title='bbox 937 3421 1037 3449; x_wconf 88' lang='lat' dir='ltr'>cum</span> <span class='ocrx_word' id='word_1_552' title='bbox 1071 3408 1336 3451; x_wconf 80' lang='lat' dir='ltr'>suburbanis</span> <span class='ocrx_word' id='word_1_553' title='bbox 1372 3408 1482 3463; x_wconf 87' lang='lat' dir='ltr'>suis,</span> <span class='ocrx_word' id='word_1_554' title='bbox 1519 3408 1553 3434; x_wconf 69' lang='lat'>¹⁴</span> <span class='ocrx_word' id='word_1_555' title='bbox 1578 3414 1622 3452; x_wconf 89' lang='lat' dir='ltr'>et</span> <span class='ocrx_word' id='word_1_556' title='bbox 1658 3408 1826 3464; x_wconf 79' lang='lat' dir='ltr'>Jether,</span> <span class='ocrx_word' id='word_1_557' title='bbox 1861 3414 1908 3452; x_wconf 86' lang='lat' dir='ltr'>et</span> <span class='ocrx_word' id='word_1_558' title='bbox 1940 3410 2167 3465; x_wconf 85' lang='lat' dir='ltr'>Esthemo,</span> <span class='ocrx_word' id='word_1_559' title='bbox 2204 3408 2238 3435; x_wconf 80' lang='lat'>¹⁵</span> <span class='ocrx_word' id='word_1_560' title='bbox 2258 3414 2302 3452; x_wconf 89' lang='lat' dir='ltr'>et</span> 
     </span>
     <span class='ocr_line' id='line_1_53' title="bbox 471 3465 2299 3523; baseline 0.002 -15"><span class='ocrx_word' id='word_1_561' title='bbox 471 3466 641 3522; x_wconf 87' lang='lat' dir='ltr'>Holon,</span> <span class='ocrx_word' id='word_1_562' title='bbox 667 3471 712 3508; x_wconf 89' lang='lat' dir='ltr'>et</span> <span class='ocrx_word' id='word_1_563' title='bbox 734 3465 885 3520; x_wconf 87' lang='lat' dir='ltr'>Dabir,</span> <span class='ocrx_word' id='word_1_564' title='bbox 910 3465 946 3492; x_wconf 76' lang='lat'>&#39;¹⁶</span> <span class='ocrx_word' id='word_1_565' title='bbox 963 3471 1008 3508; x_wconf 87' lang='lat' dir='ltr'>et</span> <span class='ocrx_word' id='word_1_566' title='bbox 1029 3466 1141 3522; x_wconf 88' lang='lat' dir='ltr'>Ain,</span> <span class='ocrx_word' id='word_1_567' title='bbox 1167 3473 1210 3509; x_wconf 84' lang='lat' dir='ltr'>et</span> <span class='ocrx_word' id='word_1_568' title='bbox 1237 3468 1263 3509; x_wconf 83' lang='lat' dir='ltr'>J</span> <span class='ocrx_word' id='word_1_569' title='bbox 1269 3474 1361 3523; x_wconf 85' lang='lat' dir='ltr'>eta,</span> <span class='ocrx_word' id='word_1_570' title='bbox 1389 3473 1433 3510; x_wconf 90' lang='lat' dir='ltr'>et</span> <span class='ocrx_word' id='word_1_571' title='bbox 1456 3468 1738 3523; x_wconf 82' lang='lat' dir='ltr'>BethsameS,</span> <span class='ocrx_word' id='word_1_572' title='bbox 1768 3481 1866 3510; x_wconf 88' lang='lat' dir='ltr'>cum</span> <span class='ocrx_word' id='word_1_573' title='bbox 1894 3467 2159 3510; x_wconf 81' lang='lat' dir='ltr'>suburbanis</span> <span class='ocrx_word' id='word_1_574' title='bbox 2181 3467 2299 3511; x_wconf 84' lang='lat' dir='ltr'>suis:</span> 
     </span>
    </p>
   </div>
   <div class='ocr_carea' id='block_1_8' title="bbox 469 3607 2301 3705">
    <p class='ocr_par' dir='ltr' id='par_1_13' title="bbox 469 3607 2301 3705">
     <span class='ocr_line' id='line_1_54' title="bbox 469 3607 2301 3662; baseline 0.002 -10"><span class='ocrx_word' id='word_1_575' title='bbox 469 3627 497 3659; x_wconf 76' lang='lat'>2]</span> <span class='ocrx_word' id='word_1_576' title='bbox 514 3626 609 3654; x_wconf 68' lang='lat' dir='ltr'>xum.</span> <span class='ocrx_word' id='word_1_577' title='bbox 627 3626 767 3662; x_wconf 78' lang='lat' dir='ltr'>xxxv,</span> <span class='ocrx_word' id='word_1_578' title='bbox 786 3630 828 3655; x_wconf 83' lang='grc'>11.</span> <span class='ocrx_word' id='word_1_579' title='bbox 854 3627 950 3654; x_wconf 67' lang='lat' dir='ltr'>nent.</span> <span class='ocrx_word' id='word_1_580' title='bbox 974 3625 1068 3660; x_wconf 75' lang='lat' dir='ltr'>xlx,</span> <span class='ocrx_word' id='word_1_581' title='bbox 1087 3629 1111 3653; x_wconf 80' lang='lat'>2.</span> <span class='ocrx_word' id='word_1_582' title='bbox 1131 3640 1165 3644; x_wconf 87' lang='grc'><strong>-</strong></span> <span class='ocrx_word' id='word_1_583' title='bbox 1183 3627 1211 3659; x_wconf 52' lang='lat'>2]</span> <span class='ocrx_word' id='word_1_584' title='bbox 1233 3627 1329 3654; x_wconf 70' lang='lat' dir='ltr'>nent.</span> <span class='ocrx_word' id='word_1_585' title='bbox 1347 3627 1403 3662; x_wconf 78' lang='lat' dir='ltr'>w,</span> <span class='ocrx_word' id='word_1_586' title='bbox 1417 3629 1461 3655; x_wconf 81' lang='lat'>43.</span> <span class='ocrx_word' id='word_1_587' title='bbox 1479 3642 1514 3646; x_wconf 85' lang='lat'>—</span> <span class='ocrx_word' id='word_1_588' title='bbox 1530 3627 1560 3661; x_wconf 85' lang='lat'>2]</span> <span class='ocrx_word' id='word_1_589' title='bbox 1580 3627 1675 3655; x_wconf 70' lang='lat' dir='ltr'>Num.</span> <span class='ocrx_word' id='word_1_590' title='bbox 1695 3626 1836 3662; x_wconf 70' lang='lat' dir='ltr'>XXXV,</span> <span class='ocrx_word' id='word_1_591' title='bbox 1853 3630 1879 3656; x_wconf 85' lang='lat'>2.</span> <span class='ocrx_word' id='word_1_592' title='bbox 1897 3641 1934 3647; x_wconf 42' lang='grc' dir='ltr'><strong>ῌ</strong></span> <span class='ocrx_word' id='word_1_593' title='bbox 1954 3628 1984 3662; x_wconf 81' lang='lat'>9]</span> <span class='ocrx_word' id='word_1_594' title='bbox 2003 3628 2019 3655; x_wconf 90' lang='lat'>1</span> <span class='ocrx_word' id='word_1_595' title='bbox 2038 3627 2110 3656; x_wconf 82' lang='lat' dir='ltr'>Par.</span> <span class='ocrx_word' id='word_1_596' title='bbox 2129 3607 2187 3662; x_wconf 75' lang='lat' dir='ltr'>vr,</span> <span class='ocrx_word' id='word_1_597' title='bbox 2203 3631 2248 3656; x_wconf 83' lang='lat'>55.</span> <span class='ocrx_word' id='word_1_598' title='bbox 2264 3641 2301 3648; x_wconf 94' lang='lat'>—-</span> 
     </span>
     <span class='ocr_line' id='line_1_55' title="bbox 471 3670 785 3705; baseline 0.003 -8"><span class='ocrx_word' id='word_1_599' title='bbox 471 3671 517 3703; x_wconf 80' lang='lat'>12]</span> <span class='ocrx_word' id='word_1_600' title='bbox 537 3670 613 3702; x_wconf 79' lang='lat' dir='ltr'>sup.</span> <span class='ocrx_word' id='word_1_601' title='bbox 633 3670 724 3705; x_wconf 72' lang='grc' dir='ltr'>ΧΠ,</span> <span class='ocrx_word' id='word_1_602' title='bbox 742 3673 785 3698; x_wconf 75' lang='grc'>14.</span> 
     </span>
    </p>
   </div>
  </div>
 </body>
</html>
