2391 3861
545 706 957 762 EPISTOLA
1011 704 1486 759 CATlIOLICA

173 880 566 977 BEATI
641 876 1106 977 JACOBI
1182 874 1852 975 APOSTOLI

842 1115 1174 1141 -sszs-x—a—

363 1275 366 1287 ¹
410 1298 599 1340 ACOBUS,
630 1285 710 1328 Dei
745 1290 788 1327 et
821 1283 999 1327 Domini
1034 1284 1170 1326 nostri
1200 1284 1307 1327 Jesu
1338 1283 1502 1327 Christi
1555 1298 1722 1341 servus,
1754 1284 1944 1329 duode-v

242 1339 278 1398 s
307 1362 317 1372 ·
433 1344 520 1388 cim
545 1343 746 1387 tribubus
770 1357 865 1399 quae
892 1348 994 1385 sunt
1018 1342 1064 1385 in
1087 1342 1377 1398 dispersione,
1404 1342 1606 1385 salutem.

239 1400 263 1423 't

610 1465 632 1517 ξ
668 1463 703 1504 Ι.
737 1488 796 1492 -
827 1462 1096 1504 Aeliam-tatio
1132 1462 1194 1503 ad
1219 1462 1486 1516 patientiam
1526 1463 1571 1504 in
1602 1463 1743 1504 variis

1017 1520 1334 1563 tentationibus.

146 1620 163 1646 '2
181 1622 321 1665 Omne
344 1621 559 1676 gaudium
583 1620 856 1675 existimate,
880 1621 1042 1662 fratres
1065 1620 1172 1675 mei,
1201 1634 1300 1662 cum
1327 1620 1371 1662 in
1398 1621 1665 1664 tentationes
1684 1621 1829 1664 varias
1850 1622 1915 1664 in-

86 1679 302 1733 cideritis,
327 1679 344 1706 3
362 1679 550 1722 scientes
579 1679 694 1734 quod
723 1678 924 1735 probatio
946 1678 1048 1721 fidei
1074 1684 1233 1720 vestrae
1259 1679 1524 1734 patientiam
1550 1684 1767 1735 operatur.
1794 1679 1811 1706 4
1834 1681 1917 1723 Pa-

85 1737 241 1781 tientia
264 1743 412 1781 autem
437 1752 545 1795 opus
572 1738 822 1794 perfectum
847 1736 1002 1792 habet,
1027 1741 1074 1778 ut
1103 1736 1198 1779 sitis
1230 1737 1418 1793 perfecti
1445 1742 1489 1780 et
1517 1737 1699 1794 integri,
1722 1738 1768 1780 in
1794 1739 1917 1783 nullo

85 1796 353 1841 deficientes.

142 1857 159 1883 ⁵
178 1856 221 1900 Si
243 1856 340 1912 quis
366 1861 516 1900 autem
537 1862 733 1900 vestrum
753 1857 927 1913 indiget
949 1856 1189 1914 sapientia,
1216 1856 1410 1913 postulet
1430 1872 1456 1900 a
1485 1858 1598 1913 Deo,
1622 1857 1696 1913 qui
1723 1857 1800 1900 dat
1825 1872 1916 1901 orn-

83 1915 212 1958 nibus
235 1915 486 1971 affluenter,
507 1920 550 1959 et
571 1930 659 1959 non
685 1917 979 1972 improperat3
1005 1921 1049 1959 et
1071 1915 1251 1959 dabitur
1268 1915 1321 1959 ei.
1341 1915 1358 1942 ⁶
1376 1915 1577 1959 Postulet
1598 1921 1749 1959 autem
1765 1917 1812 1960 in
1830 1917 1916 1961 fide

84 1974 195 2017 nihil
227 1975 464 2029 haesitans,
503 1975 576 2030 qui
606 1975 725 2018 enim
753 1975 934 2017 haesitat
965 1974 1124 2018 similis
1157 1980 1224 2018 est
1251 1974 1407 2018 fluctui
1438 1975 1593 2032 maris,
1628 1975 1702 2031 qui
1731 1990 1758 2019 a
1783 1982 1916 2020 vento

84 2039 284 2076 movetur
316 2039 359 2077 et
395 2034 719 2077 circumfertur.
756 2033 770 2060 ⁷
799 2034 899 2077 Non
932 2048 1035 2090 ergo
1070 2033 1260 2077 aestimet
1296 2034 1426 2078 homo
1459 2034 1536 2077 ille
1573 2034 1689 2090 quod
1722 2035 1915 2092 accipiat

82 2091 250 2148 aliquid
275 2108 300 2136 a
321 2093 525 2136 Domino.
546 2093 562 2120 8
578 2093 659 2136 Vir
678 2093 842 2150 duplex
867 2093 1016 2136 animo
1042 2093 1299 2136 inconstans
1325 2099 1390 2136 est
1412 2094 1457 2136 in
1479 2093 1684 2137 omnibus
1702 2094 1787 2137 viis
1809 2094 1911 2139 suis,

141 2151 158 2177 9
176 2151 399 2196 Glorietur
423 2157 573 2195 autem
599 2153 738 2196 frater
768 2152 949 2195 humilis
981 2152 1028 2195 in
1063 2152 1334 2196 exaltatione
1359 2167 1463 2208 sua,
1488 2151 1525 2179 1⁰
1542 2152 1665 2196 dives
1691 2158 1842 2197 autem
1867 2154 1913 2197 in

82 2210 333 2254 humilitate
355 2226 453 2268 sua,
479 2212 688 2268 quoniam
710 2212 824 2255 sicut
853 2211 932 2255 fios
960 2211 1071 2254 foeni
1093 2211 1314 2254 transibit.
1340 2211 1373 2238 11
1394 2212 1586 2255 Exortus
1612 2217 1678 2255 est
1700 2213 1818 2255 enim
1847 2213 1913 2257 sol

82 2283 183 2313 cum
211 2270 386 2327 ardore,
410 2275 454 2314 et
478 2271 666 2314 arefecit
695 2271 889 2328 foenum,
913 2276 957 2315 et
981 2270 1061 2314 flos
1091 2271 1188 2327 ejus
1214 2270 1400 2328 decidit,
1424 2276 1468 2315 et
1493 2270 1623 2314 decor
1645 2270 1792 2315 vultus
1815 2272 1912 2329 ejus

82 2328 293 2384 deperiit3
317 2329 380 2373 ita
406 2334 450 2373 et
476 2329 598 2374 dives
623 2331 670 2373 in
695 2330 929 2374 itineribus
951 2330 1042 2373 suis
1063 2335 1320 2374 marcescet.

141 2386 177 2413 1'2
203 2389 366 2431 Beatus
396 2389 463 2431 vir
489 2389 562 2445 qui
596 2390 753 2434 suffert
782 2389 1096 2445 tentationem,
1129 2389 1338 2445 quoniam
1372 2405 1472 2434 cum
1505 2392 1716 2447 probatus
1750 2392 1907 2449 fuerit,

82 2447 272 2503 accipiet
304 2461 511 2491 coronam
541 2448 667 2505 vitae,
699 2464 830 2505 quam
859 2449 1110 2506 repromisit
1141 2450 1258 2492 Deus
1293 2450 1584 2506 diligentibus
1616 2465 1675 2494 se.
1709 2450 1744 2478 13
1770 2452 1910 2495 Nemo

82 2520 183 2548 cum
208 2511 416 2563 tentatur,
444 2507 565 2551 dicat
590 2508 800 2564 quoniam
829 2523 855 2551 a
886 2510 979 2552 Deo
1005 2513 1226 2564 tentatur3
1259 2509 1379 2552 Deus
1405 2509 1523 2552 enim
1547 2509 1790 2553 intentator
1818 2525 1909 2553 ma-

81 2565 223 2608 lorum
252 2570 338 2622 est,
368 2566 463 2623 ipse
492 2572 642 2611 autem
674 2568 899 2611 neminem
928 2572 1086 2611 tentat.
1113 2566 1148 2593 ¹4
1174 2568 1489 2624 Unusquisque
1521 2583 1622 2612 vero
1655 2574 1854 2613 tentatur
1883 2584 1910 2613 a

82 2625 441 2681 concupiscentia
465 2641 564 2683 sua,
591 2627 842 2670 abstractus
868 2632 911 2670 et
941 2626 1130 2670 illectus.
1159 2626 1194 2653 ¹5
1213 2627 1386 2671 Deinde
1419 2628 1781 2684 concupiscentia
1810 2643 1910 2672 cum

81 2683 352 2740 conceperit,
387 2685 503 2742 parit
536 2691 793 2742 peccatum,
830 2690 1063 2743 peccatum
1087 2700 1190 2729 vero
1225 2700 1326 2729 cum
1359 2693 1716 2730 consummatum
1749 2688 1906 2744 fuerit,

80 2747 263 2797 generat
289 2748 507 2788 mortem.'
691 2797 694 2801 .

142 2801 176 2828 16
203 2801 352 2845 Nolite
383 2803 532 2858 itaque
567 2818 729 2860 errare,
757 2806 918 2850 fratres
952 2806 1038 2849 mei
1068 2806 1361 2850 dilectissimi.
1391 2806 1424 2832 ¹⁷
1444 2807 1585 2851 Omne
1611 2807 1764 2851 datum
1796 2808 1908 2865 opti-

80 2875 201 2903 mum
227 2865 270 2904 et
292 2875 422 2905 omne
448 2862 612 2906 donum
637 2865 888 2920 perfectum
911 2865 1140 2909 desursum
1162 2870 1248 2922 est,
1280 2866 1552 2910 descendens
1574 2880 1600 2908 a
1627 2867 1757 2910 Patre
1779 2866 1908 2909 lumi-

80 2934 208 2976 num,
242 2920 359 2977 apud
393 2935 523 2977 quem
547 2936 636 2965 non
670 2928 736 2966 est
771 2924 1105 2980 transmutatio,
1140 2939 1221 2968 nec
1254 2924 1575 2968 vicissitudinis
1613 2925 1905 2972 obumbratio.

80 2977 117 3005 ¹⁸
132 2979 395 3023 Voluntarie
424 2981 542 3024 enim
567 2982 721 3037 genuit
751 2997 829 3026 nos
857 2983 992 3027 verbo
1018 2983 1239 3040 veritatiS,
1267 2989 1316 3027 ut
1348 2984 1485 3028 simus
1516 2983 1696 3027 initium
1728 2985 1906 3041 aliquod

82 3043 291 3082 creaturae
318 3039 426 3095 ejus.

456 3137 478 3190 ξ
511 3136 573 3179 Π.
601 3162 660 3169 -
698 3136 920 3180 Tractatio
953 3137 1005 3180 de
1024 3138 1119 3193 fide
1149 3140 1253 3181 viva
1286 3145 1325 3182 et
1355 3139 1527 3194 efficaci.

140 3241 176 3268 ¹⁹
193 3243 345 3299 Scitis,
371 3245 533 3287 fratres
561 3246 644 3288 mei
676 3245 968 3292 dilectissimi.
996 3248 1062 3292 Sit
1086 3254 1236 3293 autem
1263 3250 1404 3293 omnis
1430 3249 1562 3293 homo
1583 3249 1713 3293 velox
1742 3249 1797 3292 ad
1826 3263 1902 3292 au-

80 3300 310 3358 diendum,
332 3303 484 3346 tardus
506 3309 655 3347 autem
677 3305 733 3347 ad
760 3305 1048 3362 loquendum,
1071 3313 1114 3351 et
1136 3309 1286 3351 tardus
1305 3308 1368 3351 -ad
1389 3308 1527 3364 iram;
1552 3307 1589 3335 ⁹⁰
1601 3308 1667 3350 ira
1684 3307 1801 3351 enim
1820 3307 1903 3350 viri

78 3359 299 3414 justitiam
325 3362 407 3405 Dei
431 3377 518 3406 non
545 3368 759 3420 operatur.
778 3362 813 3390 21
834 3365 1017 3422 Propter
1038 3367 1153 3422 quod
1176 3368 1441 3423 abjicientes
1463 3381 1637 3410 omnem
1662 3367 1903 3410 immundi-

79 3418 189 3461 tiam
215 3423 258 3462 et
276 3419 596 3465 abundantiam
619 3423 816 3479 malitiae,
836 3423 883 3466 in
905 3425 1245 3469 mansuetudine
1270 3425 1480 3481 suscipite
1501 3424 1684 3467 insitum
1702 3424 1900 3482 verbum,

80 3477 196 3532 quod
221 3483 366 3534 potest
390 3480 560 3525 salvare
582 3482 752 3525 animas
774 3487 954 3528 vestras.

78 3624 109 3656 3]
125 3624 221 3652 Rom.
239 3625 278 3659 V,
295 3627 321 3653 3.
345 3639 381 3645 —
406 3628 436 3660 6]
451 3628 572 3656 Matt-h.
594 3630 672 3664 VH,
692 3630 706 3657 7
725 3630 758 3656 ct
783 3629 877 3664 XXI,
900 3631 943 3657 22.
963 3630 1063 3658 Marc.
1082 3629 1142 3664 XI,
1168 3632 1212 3659 24.
1232 3630 1312 3658 Luc.
1337 3631 1398 3665 XI,
1423 3633 1448 3659 9.
1474 3631 1571 3659 Joan.
1589 3631 1679 3665 XIV,
1701 3633 1736 3660 13
1757 3632 1792 3660 et
1808 3631 1900 3672 XVI,

77 3669 123 3703 23,
144 3669 189 3696 24.
207 3683 239 3688 -
263 3669 310 3702 10]
328 3669 430 3699 Eccli.
448 3671 540 3707 xlv,
559 3675 602 3701 18.
622 3674 665 3701 Is.
684 3674 754 3709 XL,
772 3676 796 3701 6.
816 3673 831 3700 Ι
854 3673 943 3702 Petr.
964 3673 990 3709 1,
1011 3676 1055 3702 24.
1073 3687 1108 3693 -
1127 3674 1174 3707 12]
1191 3674 1268 3710 soh,
1284 3674 1324 3709 v,
1343 3677 1385 3703 17.
1403 3689 1437 3693 -—
1462 3675 1509 3708 19]
1528 3675 1625 3703 Prov.
1643 3675 1754 3711 xvu,
1771 3678 1815 3705 27.

2018 1292 2193 1321 salutatxo.

1995 1628 2060 1655 Ten
2067 1627 2215 1656 tationes

2050 1671 2163 1700 utiles.

1999 1859 2147 1887 Petenda
2165 1866 2213 1887 sa-

1999 1902 2128 1936 pientia
2144 1910 2210 1935 qua

2007 1946 2200 1975 vincuntur.

2036 2162 2172 2192 Divitiae

2026 2208 2175 2236 fallaces.

1994 2388 2204 2418 Tentationis

2023 2432 2177 2462 historia.

2014 2807 2106 2834 Dona
2123 2805 2183 2834 Dei

2016 2849 2177 2882 perfecta.

1970 3252 2071 3282 Verbi
2104 3252 2208 3282 divini

2006 3297 2178 3326 auditores

1985 3343 2018 3369 et
2034 3341 2195 3371 factores·
