2456 3861
731 103 846 145 an.
881 100 1013 157 XVI,
1048 103 1074 145 8
1098 127 1157 133 —
1190 101 1346 156 XVII,
1380 103 1449 144 20.
1950 103 2001 145 15

175 281 273 318 item
299 289 424 330 aquae
448 274 491 315 in
516 273 775 328 solitudine,
804 273 875 330 qui
902 279 969 316 est
1001 273 1046 315 in
1070 273 1143 315 via
1169 273 1249 316 Sur
1278 272 1323 314 in
1354 271 1546 326 deserto,
1579 272 1595 297 8
1618 272 1731 314 dixit
1755 272 1810 314 ad
1841 272 1963 314 illam
1993 287 2001 315 :

184 335 305 390 Agar
329 333 495 375 ancilla
525 333 668 387 Sarai,
691 332 808 375 unde
835 332 959 376 venis
975 331 996 374 ⁴?
1022 336 1067 374 et
1096 345 1180 387 quo
1203 330 1362 374 vad-is?
1394 334 1498 381 Quae
1519 330 1748 386 respondit
1774 346 1781 373 :
1820 333 1858 372 A
1887 330 2003 373 facie

182 392 304 437 Sarai
332 392 521 435 dominae
547 406 658 434 meae
685 405 767 447 ego
794 392 933 447 fugio.
960 391 978 417 9
1001 390 1211 446 Dixitque
1237 390 1277 433 ei
1303 389 1487 446 angelus
1518 389 1692 431 Domini
1723 405 1730 433 :
1769 390 2003 431 Revertere

173 451 235 494 ad
271 451 495 494 dominam
527 456 671 506 tuam,
703 456 747 493 et
775 450 1008 493 humiliare
1032 450 1114 492 sub
1145 462 1278 492 manu
1307 448 1438 491 illius.
1471 447 1507 475 ¹⁰
1533 450 1590 491 Et
1613 460 1783 490 rursum
1811 463 1818 490 :
1855 447 2004 490 Multi-

179 510 371 566 plicans,
400 510 561 565 inquit,
587 509 898 565 multiplicabo
924 521 1073 552 semen
1096 514 1245 563 tuum,
1272 513 1316 551 et
1342 521 1428 550 non
1453 507 1757 550 numerabitur
1781 520 1871 562 prae
1895 506 2004 548 niul-

181 569 383 612 titudine.
423 569 451 594 ¹¹
482 570 547 611 Ac
583 568 793 624 deinceps
819 584 828 610 ε
865 569 1000 622 Ecce,
1032 567 1115 622 uit,
1143 566 1406 623 concepisti,
1434 572 1478 610 et
1502 566 1646 623 parics
1680 566 1847 620 fllium3
1877 578 2004 607 voca-

178 627 334 683 bisque
357 642 517 671 nomen
543 627 640 682 ejus
667 626 851 680 ismael,
875 640 926 669 eo
956 625 1071 681 quod
1100 625 1291 667 audierit
1317 625 1532 668 Dominus
1562 625 1847 667 afflictionem
1868 629 2004 668 tuam.

184 686 216 712 ¹⁷²
242 686 330 729 Hic
369 687 451 729 erit
486 687 608 728 ferus
645 685 796 740 homo,
832 697 988 727 manus
1023 684 1120 739 ejus
1155 689 1308 726 contra
1341 697 1511 737 onmes,
1543 690 1588 727 et
1620 697 1777 726 manus
1810 683 2005 726 omnium

178 752 333 787 contra
358 759 458 788 eum
480 762 488 799 3
510 751 559 787 et
579 757 603 786 e
628 743 807 798 regione
831 743 1134 787 universorum
1157 742 1347 784 fratrum
1369 754 1551 784 suorum
1577 744 1682 798 figet
1701 742 2003 786 tabernacula.

185 804 216 830 ¹3
243 804 433 847 Vocavit
461 809 611 846 autem
647 815 806 845 nomen
835 801 1013 845 Domini
1047 801 1120 856 qui
1147 800 1408 856 loquebatur
1440 800 1496 842 ad
1526 815 1623 843 eam
1652 818 1659 844 :
1695 803 1760 844 Tu
1792 804 1906 844 Deus
1932 801 2005 856 qui

181 863 331 906 vidisti
357 877 439 906 me.
471 862 596 904 Dixit
625 861 741 904 enim
767 877 776 904 z
807 862 1015 903 Profecto
1053 860 1125 902 hic
1149 859 1241 901 vidi
1267 859 1509 915 posteriora
1530 860 1723 902 videntis
1747 874 1828 902 me.
1852 860 1884 885 ¹4
1903 861 2004 901 Pro-

181 929 330 978 pterea
351 920 596 978 appellavit
622 927 803 976 puteum
826 920 971 975 illum,
997 920 1183 961 Puteum
1206 917 1398 961 viventis
1420 924 1464 960 et
1489 917 1680 960 videntis
1705 933 1786 961 mc.
1815 920 1913 975 lpse
1940 925 2006 961 est.

180 981 293 1024 inter
319 981 461 1024 Cades
486 985 530 1023 et
558 979 716 1022 Barad.

242 1039 570 1096 ¹5‚Peperitque
612 1041 735 1093 Agar
779 1037 913 1081 Abrae
955 1037 1118 1092 filium,
1163 1036 1236 1093 qui
1273 1035 1453 1079 vocavit
1494 1050 1654 1080 nomen
1692 1037 1790 1093 ejus
1828 1037 2003 1082 Ismael.

181 1099 214 1125 ¹⁶
260 1099 500 1154 Octoginta
546 1102 590 1141 et
638 1111 716 1140 sex
765 1111 981 1139 annorum
1029 1102 1123 1139 erat
1164 1096 1333 1139 Abram
1378 1094 1551 1151 quando
1596 1097 1767 1152 peperit
1807 1095 1846 1137 ei
1884 1097 2006 1151 Agar

180 1158 428 1200 Ismaelem.

436 1266 600 1309 Suom
635 1265 716 1308 IV.
748 1289 807 1296 ——-
840 1264 974 1307 VrTAE
1009 1264 1265 1306 ABRAHAMI
1299 1272 1504 1305 s'rAmUM
1539 1270 1748 1305 TERTIUM

643 1385 668 1442 ξ
703 1386 737 1429 Ῑ.
766 1409 825 1416 —-
856 1383 1018 1427 Divim:
1035 1384 1225 1438 foederis
1257 1383 1541 1438 corfirmatc'o.

231 1499 338 1543 GAP.
372 1498 524 1541 XVII.
558 1520 618 1528 ——-
655 1495 669 1522 '¹
699 1496 941 1551 Postquain
973 1506 1077 1536 vere
1106 1491 1352 1550 nonaginta
1386 1496 1430 1534 et
1467 1505 1626 1534 novem
1663 1503 1879 1535 annorum
1909 1507 2006 1536 esse

163 1562 389 1615 -coeperat,
424 1556 631 1614 apparuit
663 1555 702 1598 ei
742 1553 980 1609 Dominus,
1012 1551 1212 1607 dixitque
1243 1551 1299 1593 ad
1333 1563 1435 1593 eum
1473 1567 1481 1594 :
1518 1551 1613 1606 Ego
1648 1551 1768 1594 Deus
1806 1551 2004 1608 omnipo-

175 1623 293 1672 tens3
328 1616 511 1660 ambula
545 1627 694 1659 ceram
727 1626 817 1668 me,
853 1618 898 1656 et
930 1616 1024 1654 esto
1065 1610 1305 1667 perfectus.
1340 1607 1357 1635 ἓ
1380 1609 1637 1664 Ponamque
1677 1610 1826 1653 foedus
1860 1624 2007 1653 meum

176 1675 290 1718 inter
322 1689 392 1718 me
425 1680 469 1718 et
502 1679 567 1730 te,
603 1678 648 1717 et
680 1673 989 1729 multiplicabo
1022 1677 1067 1716 te
1100 1672 1386 1715 vehementer
1419 1670 1564 1714 nimis.
1592 1670 1610 1697 3
1632 1668 1805 1713 Cecidit
1838 1672 2006 1714 Abram

177 1747 338 1790 pronus
372 1733 418 1775 in
452 1733 632 1778 faciem.
668 1733 684 1760 4
711 1732 924 1787 Dixitque
957 1731 999 1775 ei
1034 1733 1153 1774 Deus
1181 1747 1189 1774 2
1222 1732 1317 1787 Ego
1347 1743 1464 1786 sum,
1487 1735 1535 1773 et
1560 1734 1741 1786 pactum
1771 1742 1918 1773 meum
1943 1736 2005 1774 te-

172 1807 295 1848 cum,
315 1793 486 1848 erisque
508 1798 634 1848 pater
654 1792 895 1834 multarum
919 1790 1132 1847 gentium.
1158 1790 1175 1817 5
1196 1791 1289 1833 Nec
1314 1789 1430 1832 ultra
1448 1789 1680 1832 vocabitur
1699 1801 1859 1832 nomen
1881 1794 2006 1832 tuum

177 1851 374 1907 Abl÷am3
412 1852 488 1895 sed
525 1850 821 1908 appellaberis
867 1851 1124 1905 Abrabam3
1165 1849 1268 1905 quia
1311 1854 1483 1905 patrem
1524 1849 1765 1890 multarum
1805 1848 2006 1904 gentium

176 1911 385 1954 constitui
417 1917 474 1954 te.
509 1911 526 1937 6
553 1910 822 1965 Faciamque
858 1915 902 1952 te
940 1922 1134 1952 crescere
1168 1907 1581 1963 vehementissime,
1615 1912 1660 1950 et
1693 1919 1855 1963 ponam
1884 1912 1927 1951 te
1961 1908 2006 1950 in

175 1969 402 2026 gentibus,
426 1983 638 2026 regesque
671 1974 794 2012 exte
819 1969 1125 2025 egredientur„
1151 1967 1166 1994 7
1195 1968 1251 2011 Et
1279 1972 1474 2010 statuam
1500 1972 1680 2023 pactum
1714 1978 1862 2009 meum
1892 1966 2007 2011 inter

175 2042 244 2072 me
278 2034 322 2072 et
352 2034 418 2085 te,
451 2035 496 2072 et
527 2029 644 2072 inter
674 2042 827 2072 semen
859 2034 984 2071 tuum
1017 2033 1118 2084 post
1153 2031 1197 2070 te
1230 2026 1276 2069 in
1310 2025 1670 2082 generationibus
1702 2025 1812 2081 suis,
1837 2026 2005 2069 foedere

174 2089 463 2145 sempiterno,
493 2094 542 2132 ut
568 2088 654 2132 sim
680 2090 800 2131 Deus
829 2093 949 2144 tuus,
973 2093 1018 2131 et
1050 2086 1231 2131 seminis
1256 2086 1322 2128 tui
1347 2091 1446 2142 post
1479 2090 1536 2128 te.
1563 2085 1581 2111 8
1605 2084 1817 2140 Daboque
1847 2084 1930 2127 tibi
1963 2092 2007 2128 et

175 2148 333 2191 semini
362 2154 438 2191 tuo
468 2154 632 2191 terram
655 2147 1027 2205 peregrinationis
1059 2152 1167 2202 tuae,
1196 2159 1373 2189 omnem
1404 2150 1568 2188 terram
1593 2144 1807 2186 Chanaan
1833 2144 1879 2185 in
1909 2155 2006 2200 pos-

174 2207 415 2251 sessionem
442 2213 676 2262 aeternam‚
701 2220 860 2263 eroque
886 2209 1002 2250 Deus
1028 2219 1191 2249 eorum.

233 2266 250 2292 9
268 2266 396 2309 Dixit
413 2266 574 2310 iterum
599 2266 797 2309 Deus-ad
825 2267 1053 2309 Abraham
1077 2282 1086 2310 z
1116 2266 1172 2308 Et
1192 2270 1241 2307 tu
1263 2277 1366 2321 ergo
1390 2264 1610 2308 custodies
1631 2269 1812 2321 pactum
1836 2276 2004 2320 meum,

167 2330 219 2369 ⁴et
238 2339 390 2369 semen
416 2332 541 2369 tuum
567 2331 666 2382 post
690 2331 736 2368 te
759 2325 805 2368 in
831 2323 1190 2381 generat-ionibus
1223 2324 1325 2367 suis.
1358 2324 1394 2350 ¹⁰
1420 2324 1519 2367 Hoc
1548 2329 1615 2366 est
1648 2328 1828 2379 pactum
1859 2334 2006 2365 meum

175 2385 289 2441 quod
323 2385 616 2428 observabitis
657 2385 772 2428 inter
803 2398 874 2428 me
911 2390 955 2428 et
994 2397 1092 2440 vos,
1125 2389 1172 2427 et
1211 2397 1362 2426 semen
1396 2388 1520 2426 tuum
1552 2388 1653 2439 post
1692 2388 1739 2425 'te
1768 2399 1776 2426 ε
1808 2381 2005 2425 Circum-

174 2444 346 2487 cidetur
371 2458 426 2488 ex
450 2445 577 2488 vobis
603 2459 731 2488 omne
757 2444 1080 2498 masculinum3
1113 2442 1147 2469 ¹¹
1172 2448 1216 2486 et
1239 2442 1567 2485 circumcidetis
1594 2454 1772 2484 carnem
1798 2441 2004 2497 praeputii

176 2504 329 2560 vestri,
354 2509 402 2547 ut
431 2504 489 2548 sit
520 2504 566 2546 in
596 2504 774 2560 signum
803 2503 984 2546 foederis
1010 2503 1126 2546 inter
1157 2516 1228 2545 me
1262 2507 1306 2544 et
1334 2515 1425 2546 vos,
1463 2500 1498 2527 ¹⁹2
1525 2501 1685 2544 Infans
1711 2506 1809 2543 octo
1836 2500 2005 2542 dierum

168 2563 516 2607 >circumcidetur
540 2564 586 2606 in
607 2563 755 2618 vobis,
776 2577 903 2605 omne
930 2561 1224 2605 masculinum
1245 2560 1291 2602 in
1317 2560 1677 2616 generationi-bus
1702 2559 1856 2602 vestris
1876 2576 1884 2614 3
1912 2567 2005 2601 tam

177 2623 458 2679 vernaculus,
482 2637 615 2679 quam
648 2622 878 2679 emptitius
912 2620 1262 2675 circumcidetur,
1295 2626 1339 2663 et
1372 2620 1635 2676 quicumque
1664 2628 1753 2661 non
1783 2617 1920 2661 fuerit
1950 2618 2003 2660 de

175 2684 310 2739 stirpe
343 2688 503 2728 vestra.
541 2682 576 2710 ¹3
607 2683 788 2737 Eritque
822 2686 1003 2738 pactum
1032 2692 1180 2723 meum
1213 2679 1259 2721 in
1293 2690 1423 2722 carne
1454 2689 1601 2722 vestra
1634 2678 1679 2720 in
1705 2677 1852 2720 foedus
1878 2683 2003 2720 aeter-

176 2756 294 2786 num.
327 2741 362 2768 14
385 2742 629 2798 Masculus,
657 2741 785 2797 cujus
820 2740 1027 2797 praeputii
1061 2751 1162 2783 caro
1191 2738 1453 2782 circumcisa
1485 2751 1574 2781 non
1599 2737 1758 2792 fuerit,
1785 2736 2006 2779 delebitur

171 2802 326 2844 anima
349 2801 428 2843 illa
452 2801 508 2844 de
533 2801 696 2858 populo
721 2815 798 2843 suo
818 2817 826 2853 ;
859 2800 963 2856 quia
987 2805 1168 2856 pactum
1196 2811 1345 2842 meum
1369 2797 1541 2840 initum
1573 2797 1695 2842 fecit..

235 2861 270 2888 ¹⁵
300 2860 429 2903 Dixit:
453 2874 625 2917 quoque
661 2860 778 2904 Deus
811 2860 867 2902 ad
893 2859 1118 2905 Abraham
1144 2875 1153 2902 :
1191 2856 1314 2902 Sarai
1348 2869 1529 2901 uxorem
1559 2861 1681 2899 tuam
1710 2867 1798 2898 non
1824 2855 2004 2898 vocabis

175 2920 319 2976 Sami,
343 2919 420 2963 sed
447 2921 613 2966 Saram.
645 2920 684 2946 ¹⁶
707 2920 761 2964 Et
783 2919 1046 2962 benedicam
1072 2918 1132 2974 ei,
1157 2922 1201 2961 et
1230 2931 1285 2960 ex
1311 2915 1389 2959 illa
1420 2916 1534 2960 dabo
1554 2915 1643 2958 'tibi
1672 2915 1813 2958 filium
1835 2914 1905 2957 cui
1930 2913 2003 2957 be-

176 2980 430 3023 nedicturus
456 2994 574 3035 sum,
597 2979 768 3035 eritque
797 2978 843 3020 in
876 2978 1099 3034 nationes,
1126 2983 1171 3021 et
1200 2988 1326 3032 reges
1355 2975 1616 3032 populorum
1643 2974 1836 3018 orientur
1856 2985 1913 3016 ex
1937 2987 2002 3018 eo,

177 3038 210 3066 ¹7
237 3038 409 3082 Cecidit
435 3038 659 3083 Abraham
685 3038 730 3081 in
763 3037 930 3080 faciem
963 3049 1108 3093 suam,
1133 3043 1176 3080 et
1201 3036 1318 3091 risit,
1351 3035 1503 3078 dicens
1532 3034 1577 3076 in
1607 3034 1738 3077 corde
1770 3044 1848 3076 suo
1875 3049 1883 3076 :
1920 3031 2003 3076 Pu-

176 3102 301 3142 tasne
323 3098 578 3141 centenario
601 3103 807 3141 nascetur
828 3097 974 3141 filius?
997 3103 1041 3139 et
1067 3099 1172 3139 Sara
1198 3094 1505 3150 nonagenaria
1526 3093 1702 3150 pariet?
1734 3092 1767 3119 ¹¹³
1793 3092 2002 3148 Dixitque

174 3157 232 3200 ad
259 3159 403 3201 Deum
432 3173 440 3201 ε
469 3157 654 3201 Utinam
682 3157 843 3200 Ismael
867 3156 990 3199 vivat
1012 3168 1161 3199 coram
1182 3155 1251 3198 te!
1285 3153 1320 3180 ¹9
1346 3154 1403 3197 Et
1427 3153 1491 3196 ait
1516 3155 1633 3196 Deus
1655 3152 1712 3195 ad
1735 3151 1963 3195 Abraham
1991 3167 1999 3194 :

178 3216 284 3260 Sara
310 3230 419 3259 uxor
444 3221 522 3259 tua
542 3217 685 3273 pariet
710 3216 792 3259 tibi
814 3215 976 3271 filium,
1004 3215 1270 3270 vocabisque
1295 3225 1457 3257 nomen
1480 3213 1576 3269 ejus
1603 3212 1751 3266 Isaac,
1776 3222 1819 3254 et
1842 3210 2001 3253 consti-

177 3280 299 3319 tuam
323 3282 505 3332 pactum
529 3288 677 3319 meum
699 3275 764 3318 illi
794 3275 839 3317 in
861 3274 1009 3318 foedus
1031 3275 1371 3331 sempiternum,
1398 3277 1442 3316 et
1468 3271 1625 3315 semini
1648 3271 1745 3327 ejus
1767 3276 1864 3326 post
1888 3283 2000 3312 eum.

179 3333 216 3361 2⁰
239 3336 376 3391 Super
412 3335 573 3378 Ismael
596 3347 768 3391 quoque
794 3333 1002 3378 exaud-ivi
1036 3340 1108 3389 te3
1145 3346 1268 3388 ecce,
1299 3331 1561 3375 benedicam
1595 3330 1655 3385 ei,
1683 3342 1722 3372 et
1756 3328 1926 3383 augebo
1958 3333 2002 3371 et

179 3394 486 3451 multiplicabo
516 3408 620 3438 eum
649 3393 809 3449 valde3
839 3393 1072 3437 duodecim
1099 3391 1236 3435 duces*
1261 3391 1516 3448 generabit,
1543 3395 1586 3432 et
1610 3388 1777 3432 faciam
1807 3387 1932 3429 illum
1957 3387 2002 3430 in

180 3557 228 3591 14]
252 3557 318 3586 Inf.
343 3558 468 3594 XXIV,
489 3562 533 3587 62.
558 3574 594 3580 -
622 3559 651 3593 4]
677 3558 779 3587 Eccli.
802 3558 922 3590 XLIV,
943 3561 987 3587 20.
1010 3560 1104 3588 nanu,
1132 3559 1178 3579 Π*
1210 3561 1253 3587 17.
1284 3571 1318 3576 -
1343 3554 1372 3588 9]
1391 3556 1466 3582 Act.
1491 3550 1576 3588 V'II,
1601 3556 1626 3581 8.
1648 3567 1683 3572 —
1706 3553 1752 3586 11]
1776 3552 1852 3580 Lev.
1874 3551 1954 3586 XII,
1973 3554 2000 3580 8.

180 3602 260 3630 Luc.
282 3602 328 3638 11,
345 3605 390 3632 21.
409 3604 503 3632 Rom.
519 3605 575 3640 IV,
592 3605 633 3633 11.
650 3618 686 3622 —
705 3603 751 3636 13]
768 3602 832 3630 Ins.
851 3601 981 3634 XVMI,
1000 3607 1032 3626 w
1049 3608 1084 3624 υι,
1101 3609 1196 3630 Μι,
1212 3606 1238 3624 z..

2072 1046 2225 1075 Isuiaelis
2257 1054 2309 1075 na-

2127 1091 2255 1118 tii-itas.

2071 1513 2226 1540 Mutatur
2257 1519 2311 1540 no-

2082 1563 2158 1584 men
2170 1557 2301 1584 Abram.

2087 2279 2294 2310 Praeceptum

2079 2321 2305 2350 circumcisio-

2160 2365 2223 2395 nis.

2069 2866 2176 2894 Filius
2194 2873 2210 2894 e
2232 2866 2310 2893 Sara

2093 2910 2286 2939 nascendus.
