<?xml version="1.0" encoding="UTF-8"?>
<!DOCTYPE html PUBLIC "-//W3C//DTD XHTML 1.0 Transitional//EN"
    "http://www.w3.org/TR/xhtml1/DTD/xhtml1-transitional.dtd">
<html xmlns="http://www.w3.org/1999/xhtml" xml:lang="en" lang="en">
 <head>
  <title>
</title>
<meta http-equiv="Content-Type" content="text/html;charset=utf-8" />
  <meta name='ocr-system' content='tesseract 3.04.00' />
  <meta name='ocr-capabilities' content='ocr_page ocr_carea ocr_par ocr_line ocrx_word'/>
</head>
<body>
  <div class='ocr_page' id='page_1' title='image "./bibliasacrajuxta00fill_0385.png"; bbox 0 0 2456 3861; ppageno 0'>
   <div class='ocr_carea' id='block_1_1' title="bbox 679 94 1891 145">
    <p class='ocr_par' dir='ltr' id='par_1_1' title="bbox 679 94 1891 145">
     <span class='ocr_line' id='line_1_1' title="bbox 679 94 1891 145; baseline 0.002 -7"><span class='ocrx_word' id='word_1_1' title='bbox 679 94 745 138; x_wconf 83' lang='lat' dir='ltr'>IV</span> <span class='ocrx_word' id='word_1_2' title='bbox 780 97 891 139; x_wconf 68' lang='lat' dir='ltr'>um.</span> <span class='ocrx_word' id='word_1_3' title='bbox 925 95 1110 145; x_wconf 83' lang='lat' dir='ltr'>XVIII,</span> <span class='ocrx_word' id='word_1_4' title='bbox 1145 97 1277 140; x_wconf 82' lang='lat'>4-27.</span> <span class='ocrx_word' id='word_1_5' title='bbox 1807 98 1891 140; x_wconf 81' lang='lat'>369</span> 
     </span>
    </p>
   </div>
   <div class='ocr_carea' id='block_1_2' title="bbox 0 265 1898 3448">
    <p class='ocr_par' dir='ltr' id='par_1_2' title="bbox 60 265 1896 908">
     <span class='ocr_line' id='line_1_2' title="bbox 66 265 1891 324; baseline 0.001 -15"><span class='ocrx_word' id='word_1_6' title='bbox 66 265 200 320; x_wconf 85' lang='lat' dir='ltr'>mino,</span> <span class='ocrx_word' id='word_1_7' title='bbox 227 265 354 321; x_wconf 80' lang='lat' dir='ltr'>juxta</span> <span class='ocrx_word' id='word_1_8' title='bbox 373 265 523 308; x_wconf 88' lang='lat' dir='ltr'>omnia</span> <span class='ocrx_word' id='word_1_9' title='bbox 545 279 643 321; x_wconf 84' lang='lat' dir='ltr'>quae</span> <span class='ocrx_word' id='word_1_10' title='bbox 666 265 834 309; x_wconf 79' lang='lat' dir='ltr'>fecerat</span> <span class='ocrx_word' id='word_1_11' title='bbox 858 266 1002 309; x_wconf 85' lang='lat' dir='ltr'>David</span> <span class='ocrx_word' id='word_1_12' title='bbox 1025 272 1149 323; x_wconf 86' lang='lat' dir='ltr'>pater</span> <span class='ocrx_word' id='word_1_13' title='bbox 1166 267 1276 322; x_wconf 87' lang='lat' dir='ltr'>ejus.</span> <span class='ocrx_word' id='word_1_14' title='bbox 1295 266 1312 293; x_wconf 73' lang='lat'>⁴</span> <span class='ocrx_word' id='word_1_15' title='bbox 1333 267 1432 324; x_wconf 90' lang='lat' dir='ltr'>Ipse</span> <span class='ocrx_word' id='word_1_16' title='bbox 1448 265 1682 323; x_wconf 88' lang='lat' dir='ltr'>dissipavit</span> <span class='ocrx_word' id='word_1_17' title='bbox 1704 267 1891 322; x_wconf 84' lang='lat' dir='ltr'>excelsa,</span> 
     </span>
     <span class='ocr_line' id='line_1_3' title="bbox 64 323 1893 382; baseline 0 -15"><span class='ocrx_word' id='word_1_18' title='bbox 64 329 109 368; x_wconf 90' lang='lat' dir='ltr'>et</span> <span class='ocrx_word' id='word_1_19' title='bbox 145 323 355 367; x_wconf 81' lang='lat' dir='ltr'><strong>contrivit</strong></span> <span class='ocrx_word' id='word_1_20' title='bbox 391 329 580 378; x_wconf 86' lang='lat' dir='ltr'>statuas,</span> <span class='ocrx_word' id='word_1_21' title='bbox 613 330 658 368; x_wconf 90' lang='lat' dir='ltr'>et</span> <span class='ocrx_word' id='word_1_22' title='bbox 690 324 879 367; x_wconf 83' lang='lat' dir='ltr'>succidit</span> <span class='ocrx_word' id='word_1_23' title='bbox 916 325 1056 381; x_wconf 82' lang='lat' dir='ltr'>lucos,</span> <span class='ocrx_word' id='word_1_24' title='bbox 1095 325 1404 381; x_wconf 78' lang='lat' dir='ltr'>confregitque</span> <span class='ocrx_word' id='word_1_25' title='bbox 1438 330 1686 382; x_wconf 83' lang='lat' dir='ltr'>serpentem</span> <span class='ocrx_word' id='word_1_26' title='bbox 1720 340 1893 369; x_wconf 74' lang='lat' dir='ltr'>aeneum</span> 
     </span>
     <span class='ocr_line' id='line_1_4' title="bbox 65 383 1891 441; baseline 0.002 -16"><span class='ocrx_word' id='word_1_27' title='bbox 65 396 196 439; x_wconf 89' lang='lat' dir='ltr'>quem</span> <span class='ocrx_word' id='word_1_28' title='bbox 223 383 394 426; x_wconf 79' lang='lat' dir='ltr'>fecerat</span> <span class='ocrx_word' id='word_1_29' title='bbox 419 383 614 438; x_wconf 79' lang='lat' dir='ltr'>Moyses,</span> <span class='ocrx_word' id='word_1_30' title='bbox 640 383 860 438; x_wconf 83' lang='lat' dir='ltr'>siquidem</span> <span class='ocrx_word' id='word_1_31' title='bbox 882 397 1019 439; x_wconf 89' lang='lat' dir='ltr'>usque</span> <span class='ocrx_word' id='word_1_32' title='bbox 1042 384 1099 426; x_wconf 89' lang='lat' dir='ltr'>ad</span> <span class='ocrx_word' id='word_1_33' title='bbox 1127 383 1240 427; x_wconf 89' lang='lat' dir='ltr'>illud</span> <span class='ocrx_word' id='word_1_34' title='bbox 1266 390 1440 441; x_wconf 88' lang='lat' dir='ltr'>tempus</span> <span class='ocrx_word' id='word_1_35' title='bbox 1471 383 1548 427; x_wconf 86' lang='lat' dir='ltr'>filii</span> <span class='ocrx_word' id='word_1_36' title='bbox 1579 385 1717 428; x_wconf 86' lang='lat' dir='ltr'>Israel</span> <span class='ocrx_word' id='word_1_37' title='bbox 1745 384 1891 428; x_wconf 85' lang='lat' dir='ltr'>adole-</span> 
     </span>
     <span class='ocr_line' id='line_1_5' title="bbox 64 441 1892 498; baseline 0.002 -14"><span class='ocrx_word' id='word_1_38' title='bbox 64 441 173 484; x_wconf 86' lang='lat' dir='ltr'>bant</span> <span class='ocrx_word' id='word_1_39' title='bbox 200 441 241 485; x_wconf 89' lang='lat' dir='ltr'>ei</span> <span class='ocrx_word' id='word_1_40' title='bbox 272 441 532 493; x_wconf 82' lang='lat' dir='ltr'>incensum;</span> <span class='ocrx_word' id='word_1_41' title='bbox 565 442 828 497; x_wconf 84' lang='lat' dir='ltr'>vocavitque</span> <span class='ocrx_word' id='word_1_42' title='bbox 860 456 1020 486; x_wconf 88' lang='lat' dir='ltr'>nomeu</span> <span class='ocrx_word' id='word_1_43' title='bbox 1050 443 1146 498; x_wconf 83' lang='lat' dir='ltr'>ejus</span> <span class='ocrx_word' id='word_1_44' title='bbox 1177 443 1418 486; x_wconf 84' lang='lat' dir='ltr'>Nohestan.</span> <span class='ocrx_word' id='word_1_45' title='bbox 1451 443 1469 469; x_wconf 77' lang='lat'><strong>⁵</strong></span> <span class='ocrx_word' id='word_1_46' title='bbox 1491 443 1543 485; x_wconf 92' lang='lat' dir='ltr'>In</span> <span class='ocrx_word' id='word_1_47' title='bbox 1575 443 1766 486; x_wconf 89' lang='lat' dir='ltr'>Domino</span> <span class='ocrx_word' id='word_1_48' title='bbox 1800 444 1892 487; x_wconf 91' lang='lat' dir='ltr'>Deo</span> 
     </span>
     <span class='ocr_line' id='line_1_6' title="bbox 63 499 1894 558; baseline 0.001 -15"><span class='ocrx_word' id='word_1_49' title='bbox 63 500 202 543; x_wconf 84' lang='lat' dir='ltr'>Israel</span> <span class='ocrx_word' id='word_1_50' title='bbox 234 499 453 556; x_wconf 81' lang='lat' dir='ltr'>speravit3</span> <span class='ocrx_word' id='word_1_51' title='bbox 480 500 631 555; x_wconf 83' lang='lat' dir='ltr'>itaque</span> <span class='ocrx_word' id='word_1_52' title='bbox 663 507 762 556; x_wconf 89' lang='lat' dir='ltr'>post</span> <span class='ocrx_word' id='word_1_53' title='bbox 795 514 895 543; x_wconf 91' lang='lat' dir='ltr'>eum</span> <span class='ocrx_word' id='word_1_54' title='bbox 928 514 1015 543; x_wconf 89' lang='lat' dir='ltr'>non</span> <span class='ocrx_word' id='word_1_55' title='bbox 1049 501 1138 543; x_wconf 79' lang='lat' dir='ltr'>fuit</span> <span class='ocrx_word' id='word_1_56' title='bbox 1170 502 1328 543; x_wconf 67' lang='lat' dir='ltr'>similis</span> <span class='ocrx_word' id='word_1_57' title='bbox 1357 502 1396 546; x_wconf 87' lang='lat' dir='ltr'>ei</span> <span class='ocrx_word' id='word_1_58' title='bbox 1431 502 1485 545; x_wconf 92' lang='lat' dir='ltr'>de</span> <span class='ocrx_word' id='word_1_59' title='bbox 1515 502 1684 545; x_wconf 86' lang='lat' dir='ltr'>cunctis</span> <span class='ocrx_word' id='word_1_60' title='bbox 1717 502 1894 558; x_wconf 85' lang='lat' dir='ltr'>regibus</span> 
     </span>
     <span class='ocr_line' id='line_1_7' title="bbox 62 558 1895 617; baseline 0.002 -16"><span class='ocrx_word' id='word_1_61' title='bbox 62 559 204 613; x_wconf 82' lang='lat' dir='ltr'>Juda,</span> <span class='ocrx_word' id='word_1_62' title='bbox 229 558 307 601; x_wconf 88' lang='lat' dir='ltr'>sed</span> <span class='ocrx_word' id='word_1_63' title='bbox 336 571 476 613; x_wconf 86' lang='lat' dir='ltr'>neque</span> <span class='ocrx_word' id='word_1_64' title='bbox 503 558 550 600; x_wconf 87' lang='lat' dir='ltr'>in</span> <span class='ocrx_word' id='word_1_65' title='bbox 580 559 647 600; x_wconf 76' lang='lat' dir='ltr'>his</span> <span class='ocrx_word' id='word_1_66' title='bbox 678 558 751 614; x_wconf 87' lang='lat' dir='ltr'>qui</span> <span class='ocrx_word' id='word_1_67' title='bbox 776 565 880 601; x_wconf 89' lang='lat' dir='ltr'>ante</span> <span class='ocrx_word' id='word_1_68' title='bbox 909 573 1010 602; x_wconf 87' lang='lat' dir='ltr'>eum</span> <span class='ocrx_word' id='word_1_69' title='bbox 1039 560 1233 602; x_wconf 79' lang='lat' dir='ltr'>fuerunt.</span> <span class='ocrx_word' id='word_1_70' title='bbox 1264 561 1282 586; x_wconf 75' lang='lat'><strong>⁶</strong></span> <span class='ocrx_word' id='word_1_71' title='bbox 1308 562 1360 603; x_wconf 74' lang='lat' dir='ltr'>Et</span> <span class='ocrx_word' id='word_1_72' title='bbox 1387 561 1579 604; x_wconf 67' lang='lat' dir='ltr'>adhaesit</span> <span class='ocrx_word' id='word_1_73' title='bbox 1610 561 1821 617; x_wconf 88' lang='lat' dir='ltr'>Domino,</span> <span class='ocrx_word' id='word_1_74' title='bbox 1852 567 1895 605; x_wconf 89' lang='lat' dir='ltr'>et</span> 
     </span>
     <span class='ocr_line' id='line_1_8' title="bbox 60 616 1896 677; baseline 0.001 -17"><span class='ocrx_word' id='word_1_75' title='bbox 60 630 150 660; x_wconf 89' lang='lat' dir='ltr'>non</span> <span class='ocrx_word' id='word_1_76' title='bbox 184 616 366 660; x_wconf 85' lang='lat' dir='ltr'>recessit</span> <span class='ocrx_word' id='word_1_77' title='bbox 400 631 426 659; x_wconf 88' lang='lat' dir='ltr'>a</span> <span class='ocrx_word' id='word_1_78' title='bbox 458 617 660 672; x_wconf 73' lang='lat' dir='ltr'>vestigiis</span> <span class='ocrx_word' id='word_1_79' title='bbox 694 617 815 672; x_wconf 82' lang='lat' dir='ltr'>ejus,</span> <span class='ocrx_word' id='word_1_80' title='bbox 852 617 1050 673; x_wconf 80' lang='lat' dir='ltr'>fecitque</span> <span class='ocrx_word' id='word_1_81' title='bbox 1088 619 1299 661; x_wconf 85' lang='lat' dir='ltr'>mandata</span> <span class='ocrx_word' id='word_1_82' title='bbox 1331 620 1452 675; x_wconf 84' lang='lat' dir='ltr'>ejus,</span> <span class='ocrx_word' id='word_1_83' title='bbox 1491 634 1589 675; x_wconf 86' lang='lat' dir='ltr'>quae</span> <span class='ocrx_word' id='word_1_84' title='bbox 1625 626 1896 677; x_wconf 74' lang='lat' dir='ltr'>praeceperat</span> 
     </span>
     <span class='ocr_line' id='line_1_9' title="bbox 62 674 1895 735; baseline 0.002 -16"><span class='ocrx_word' id='word_1_85' title='bbox 62 675 282 719; x_wconf 85' lang='lat' dir='ltr'>Dominus</span> <span class='ocrx_word' id='word_1_86' title='bbox 311 675 469 732; x_wconf 80' lang='lat' dir='ltr'>Moysi.</span> <span class='ocrx_word' id='word_1_87' title='bbox 496 674 511 701; x_wconf 85' lang='lat'>⁷</span> <span class='ocrx_word' id='word_1_88' title='bbox 532 675 664 718; x_wconf 90' lang='lat' dir='ltr'>Unde</span> <span class='ocrx_word' id='word_1_89' title='bbox 688 681 732 718; x_wconf 91' lang='lat' dir='ltr'>et</span> <span class='ocrx_word' id='word_1_90' title='bbox 757 681 850 718; x_wconf 72' lang='lat' dir='ltr'>erat</span> <span class='ocrx_word' id='word_1_91' title='bbox 887 675 1102 718; x_wconf 85' lang='lat' dir='ltr'>Dominus</span> <span class='ocrx_word' id='word_1_92' title='bbox 1133 690 1234 718; x_wconf 88' lang='lat' dir='ltr'>cum</span> <span class='ocrx_word' id='word_1_93' title='bbox 1260 691 1330 732; x_wconf 93' lang='lat' dir='ltr'>eo,</span> <span class='ocrx_word' id='word_1_94' title='bbox 1362 684 1404 720; x_wconf 89' lang='lat' dir='ltr'>et</span> <span class='ocrx_word' id='word_1_95' title='bbox 1433 679 1476 720; x_wconf 92' lang='lat' dir='ltr'>in</span> <span class='ocrx_word' id='word_1_96' title='bbox 1508 679 1677 722; x_wconf 87' lang='lat' dir='ltr'>cunctis</span> <span class='ocrx_word' id='word_1_97' title='bbox 1706 679 1762 722; x_wconf 90' lang='lat' dir='ltr'>ad</span> <span class='ocrx_word' id='word_1_98' title='bbox 1796 693 1895 735; x_wconf 84' lang='lat' dir='ltr'>quae</span> 
     </span>
     <span class='ocr_line' id='line_1_10' title="bbox 61 734 1894 794; baseline 0.002 -16"><span class='ocrx_word' id='word_1_99' title='bbox 61 734 330 792; x_wconf 88' lang='lat' dir='ltr'>procedebat</span> <span class='ocrx_word' id='word_1_100' title='bbox 350 734 572 790; x_wconf 80' lang='lat' dir='ltr'>sapienter</span> <span class='ocrx_word' id='word_1_101' title='bbox 596 748 642 776; x_wconf 86' lang='lat' dir='ltr'>se</span> <span class='ocrx_word' id='word_1_102' title='bbox 664 734 840 790; x_wconf 83' lang='lat' dir='ltr'>agebat.</span> <span class='ocrx_word' id='word_1_103' title='bbox 868 734 1118 777; x_wconf 85' lang='lat' dir='ltr'>Rebellavit</span> <span class='ocrx_word' id='word_1_104' title='bbox 1144 749 1315 790; x_wconf 82' lang='lat' dir='ltr'>quoque</span> <span class='ocrx_word' id='word_1_105' title='bbox 1338 742 1489 778; x_wconf 82' lang='lat' dir='ltr'>contra</span> <span class='ocrx_word' id='word_1_106' title='bbox 1518 752 1667 792; x_wconf 85' lang='lat' dir='ltr'>regem</span> <span class='ocrx_word' id='word_1_107' title='bbox 1694 739 1894 794; x_wconf 80' lang='lat' dir='ltr'>Assyrio-</span> 
     </span>
     <span class='ocr_line' id='line_1_11' title="bbox 61 792 1896 852; baseline 0.002 -16"><span class='ocrx_word' id='word_1_108' title='bbox 61 808 180 849; x_wconf 88' lang='lat' dir='ltr'>rum,</span> <span class='ocrx_word' id='word_1_109' title='bbox 200 799 246 837; x_wconf 86' lang='lat' dir='ltr'>et</span> <span class='ocrx_word' id='word_1_110' title='bbox 267 807 354 836; x_wconf 92' lang='lat' dir='ltr'>non</span> <span class='ocrx_word' id='word_1_111' title='bbox 383 792 567 836; x_wconf 82' lang='lat' dir='ltr'>servivit</span> <span class='ocrx_word' id='word_1_112' title='bbox 592 793 644 836; x_wconf 89' lang='lat' dir='ltr'>ei.</span> <span class='ocrx_word' id='word_1_113' title='bbox 668 794 685 819; x_wconf 76' lang='lat'>⁸</span> <span class='ocrx_word' id='word_1_114' title='bbox 705 793 806 849; x_wconf 87' lang='lat' dir='ltr'>Ipse</span> <span class='ocrx_word' id='word_1_115' title='bbox 828 793 1043 849; x_wconf 82' lang='lat' dir='ltr'>percussit</span> <span class='ocrx_word' id='word_1_116' title='bbox 1075 793 1359 836; x_wconf 83' lang='lat' dir='ltr'>Philisthaeos</span> <span class='ocrx_word' id='word_1_117' title='bbox 1392 808 1529 850; x_wconf 87' lang='lat' dir='ltr'>usque</span> <span class='ocrx_word' id='word_1_118' title='bbox 1557 796 1613 838; x_wconf 89' lang='lat' dir='ltr'>ad</span> <span class='ocrx_word' id='word_1_119' title='bbox 1640 797 1829 852; x_wconf 82' lang='lat' dir='ltr'>Gazam,</span> <span class='ocrx_word' id='word_1_120' title='bbox 1853 803 1896 840; x_wconf 89' lang='lat' dir='ltr'>et</span> 
     </span>
     <span class='ocr_line' id='line_1_12' title="bbox 62 852 1835 908; baseline 0.002 -14"><span class='ocrx_word' id='word_1_121' title='bbox 62 865 212 895; x_wconf 89' lang='lat' dir='ltr'>omnes</span> <span class='ocrx_word' id='word_1_122' title='bbox 238 852 448 895; x_wconf 85' lang='lat' dir='ltr'>terminos</span> <span class='ocrx_word' id='word_1_123' title='bbox 471 865 642 907; x_wconf 88' lang='lat' dir='ltr'>eorum,</span> <span class='ocrx_word' id='word_1_124' title='bbox 664 866 690 894; x_wconf 88' lang='lat' dir='ltr'>a</span> <span class='ocrx_word' id='word_1_125' title='bbox 711 857 829 895; x_wconf 88' lang='lat' dir='ltr'>turre</span> <span class='ocrx_word' id='word_1_126' title='bbox 852 852 1086 895; x_wconf 90' lang='lat' dir='ltr'>custodum</span> <span class='ocrx_word' id='word_1_127' title='bbox 1111 866 1248 908; x_wconf 88' lang='lat' dir='ltr'>usque</span> <span class='ocrx_word' id='word_1_128' title='bbox 1270 852 1327 895; x_wconf 85' lang='lat' dir='ltr'>ad</span> <span class='ocrx_word' id='word_1_129' title='bbox 1349 853 1578 896; x_wconf 83' lang='lat' dir='ltr'>civitatem</span> <span class='ocrx_word' id='word_1_130' title='bbox 1604 856 1835 898; x_wconf 83' lang='lat' dir='ltr'>munitam.</span> 
     </span>
    </p>

    <p class='ocr_par' dir='ltr' id='par_1_3' title="bbox 58 910 1898 1380">
     <span class='ocr_line' id='line_1_13' title="bbox 120 910 1895 970; baseline 0.002 -16"><span class='ocrx_word' id='word_1_131' title='bbox 120 910 285 954; x_wconf 82' lang='lat' dir='ltr'>⁹Anno</span> <span class='ocrx_word' id='word_1_132' title='bbox 307 915 462 966; x_wconf 88' lang='lat' dir='ltr'>quarto</span> <span class='ocrx_word' id='word_1_133' title='bbox 492 910 608 966; x_wconf 87' lang='lat' dir='ltr'>regis</span> <span class='ocrx_word' id='word_1_134' title='bbox 631 911 855 966; x_wconf 87' lang='lat' dir='ltr'>Ezechiae,</span> <span class='ocrx_word' id='word_1_135' title='bbox 883 911 957 967; x_wconf 92' lang='lat' dir='ltr'>qui</span> <span class='ocrx_word' id='word_1_136' title='bbox 980 916 1073 954; x_wconf 89' lang='lat' dir='ltr'>erat</span> <span class='ocrx_word' id='word_1_137' title='bbox 1103 925 1245 953; x_wconf 89' lang='lat' dir='ltr'>annus</span> <span class='ocrx_word' id='word_1_138' title='bbox 1274 911 1490 968; x_wconf 86' lang='lat' dir='ltr'>septimus</span> <span class='ocrx_word' id='word_1_139' title='bbox 1521 913 1654 969; x_wconf 88' lang='lat' dir='ltr'>Osee,</span> <span class='ocrx_word' id='word_1_140' title='bbox 1686 914 1764 956; x_wconf 90' lang='lat' dir='ltr'>filii</span> <span class='ocrx_word' id='word_1_141' title='bbox 1793 915 1895 970; x_wconf 78' lang='lat' dir='ltr'>Ela,</span> 
     </span>
     <span class='ocr_line' id='line_1_14' title="bbox 59 969 1897 1027; baseline 0.002 -14"><span class='ocrx_word' id='word_1_142' title='bbox 59 970 176 1026; x_wconf 86' lang='lat' dir='ltr'>regis</span> <span class='ocrx_word' id='word_1_143' title='bbox 217 969 380 1025; x_wconf 85' lang='lat' dir='ltr'>Israel,</span> <span class='ocrx_word' id='word_1_144' title='bbox 418 969 620 1012; x_wconf 86' lang='lat' dir='ltr'>ascendit</span> <span class='ocrx_word' id='word_1_145' title='bbox 655 970 957 1026; x_wconf 86' lang='lat' dir='ltr'>Salmanasar,</span> <span class='ocrx_word' id='word_1_146' title='bbox 996 984 1072 1013; x_wconf 80' lang='lat' dir='ltr'>rex</span> <span class='ocrx_word' id='word_1_147' title='bbox 1109 970 1418 1026; x_wconf 86' lang='lat' dir='ltr'>Assyriorum,</span> <span class='ocrx_word' id='word_1_148' title='bbox 1456 971 1502 1013; x_wconf 88' lang='lat' dir='ltr'>in</span> <span class='ocrx_word' id='word_1_149' title='bbox 1547 972 1817 1027; x_wconf 83' lang='lat' dir='ltr'>Samariam,</span> <span class='ocrx_word' id='word_1_150' title='bbox 1854 980 1897 1017; x_wconf 87' lang='lat' dir='ltr'>et</span> 
     </span>
     <span class='ocr_line' id='line_1_15' title="bbox 61 1027 1896 1087; baseline 0.001 -15"><span class='ocrx_word' id='word_1_151' title='bbox 61 1028 336 1086; x_wconf 89' lang='lat' dir='ltr'>oppugnavit</span> <span class='ocrx_word' id='word_1_152' title='bbox 361 1042 480 1084; x_wconf 88' lang='lat' dir='ltr'>eam,</span> <span class='ocrx_word' id='word_1_153' title='bbox 505 1027 541 1055; x_wconf 74' lang='lat'>‘¹⁰</span> <span class='ocrx_word' id='word_1_154' title='bbox 559 1034 602 1071; x_wconf 90' lang='lat' dir='ltr'>et</span> <span class='ocrx_word' id='word_1_155' title='bbox 632 1029 771 1086; x_wconf 90' lang='lat' dir='ltr'>cepit;</span> <span class='ocrx_word' id='word_1_156' title='bbox 805 1043 910 1071; x_wconf 89' lang='lat' dir='ltr'>nam</span> <span class='ocrx_word' id='word_1_157' title='bbox 940 1034 1039 1086; x_wconf 88' lang='lat' dir='ltr'>post</span> <span class='ocrx_word' id='word_1_158' title='bbox 1066 1043 1205 1072; x_wconf 91' lang='lat' dir='ltr'>annos</span> <span class='ocrx_word' id='word_1_159' title='bbox 1235 1033 1342 1086; x_wconf 87' lang='lat' dir='ltr'>tres,</span> <span class='ocrx_word' id='word_1_160' title='bbox 1370 1043 1487 1073; x_wconf 91' lang='lat' dir='ltr'>anno</span> <span class='ocrx_word' id='word_1_161' title='bbox 1515 1035 1638 1074; x_wconf 81' lang='lat' dir='ltr'>sexto</span> <span class='ocrx_word' id='word_1_162' title='bbox 1670 1031 1896 1087; x_wconf 76' lang='lat' dir='ltr'>Ezechiae,</span> 
     </span>
     <span class='ocr_line' id='line_1_16' title="bbox 58 1087 1898 1145; baseline 0.001 -14"><span class='ocrx_word' id='word_1_163' title='bbox 58 1087 106 1131; x_wconf 90' lang='lat' dir='ltr'>id</span> <span class='ocrx_word' id='word_1_164' title='bbox 131 1093 198 1131; x_wconf 84' lang='lat' dir='ltr'>est</span> <span class='ocrx_word' id='word_1_165' title='bbox 229 1101 344 1131; x_wconf 86' lang='lat' dir='ltr'>nono</span> <span class='ocrx_word' id='word_1_166' title='bbox 373 1102 489 1131; x_wconf 90' lang='lat' dir='ltr'>anno</span> <span class='ocrx_word' id='word_1_167' title='bbox 520 1087 651 1143; x_wconf 87' lang='lat' dir='ltr'>Osee,</span> <span class='ocrx_word' id='word_1_168' title='bbox 686 1088 802 1144; x_wconf 85' lang='lat' dir='ltr'>regis</span> <span class='ocrx_word' id='word_1_169' title='bbox 837 1089 994 1143; x_wconf 86' lang='lat' dir='ltr'>Israel,</span> <span class='ocrx_word' id='word_1_170' title='bbox 1026 1094 1156 1145; x_wconf 88' lang='lat' dir='ltr'>capta</span> <span class='ocrx_word' id='word_1_171' title='bbox 1185 1093 1251 1132; x_wconf 87' lang='lat' dir='ltr'>est</span> <span class='ocrx_word' id='word_1_172' title='bbox 1285 1089 1495 1132; x_wconf 85' lang='lat' dir='ltr'>Samaria.</span> <span class='ocrx_word' id='word_1_173' title='bbox 1524 1088 1556 1115; x_wconf 83' lang='lat'>¹¹</span> <span class='ocrx_word' id='word_1_174' title='bbox 1582 1091 1639 1132; x_wconf 87' lang='lat' dir='ltr'>Et</span> <span class='ocrx_word' id='word_1_175' title='bbox 1669 1091 1898 1133; x_wconf 85' lang='lat' dir='ltr'>transtulit</span> 
     </span>
     <span class='ocr_line' id='line_1_17' title="bbox 58 1147 1898 1205; baseline 0.002 -16"><span class='ocrx_word' id='word_1_176' title='bbox 58 1161 136 1190; x_wconf 82' lang='lat' dir='ltr'>rex</span> <span class='ocrx_word' id='word_1_177' title='bbox 155 1147 443 1203; x_wconf 83' lang='lat' dir='ltr'>Assyriorum</span> <span class='ocrx_word' id='word_1_178' title='bbox 468 1147 607 1190; x_wconf 81' lang='lat' dir='ltr'>Israel</span> <span class='ocrx_word' id='word_1_179' title='bbox 632 1147 678 1189; x_wconf 92' lang='lat' dir='ltr'>in</span> <span class='ocrx_word' id='word_1_180' title='bbox 701 1147 928 1204; x_wconf 89' lang='lat' dir='ltr'>Assyrios,</span> <span class='ocrx_word' id='word_1_181' title='bbox 953 1147 1276 1205; x_wconf 83' lang='lat' dir='ltr'>collocavitque</span> <span class='ocrx_word' id='word_1_182' title='bbox 1305 1162 1378 1191; x_wconf 90' lang='lat' dir='ltr'>eos</span> <span class='ocrx_word' id='word_1_183' title='bbox 1399 1148 1446 1190; x_wconf 91' lang='lat' dir='ltr'>in</span> <span class='ocrx_word' id='word_1_184' title='bbox 1468 1148 1588 1191; x_wconf 89' lang='lat' dir='ltr'>Hala</span> <span class='ocrx_word' id='word_1_185' title='bbox 1610 1153 1654 1192; x_wconf 88' lang='lat' dir='ltr'>et</span> <span class='ocrx_word' id='word_1_186' title='bbox 1674 1149 1720 1191; x_wconf 94' lang='lat' dir='ltr'>in</span> <span class='ocrx_word' id='word_1_187' title='bbox 1744 1149 1898 1193; x_wconf 90' lang='lat' dir='ltr'>Habor</span> 
     </span>
     <span class='ocr_line' id='line_1_18' title="bbox 59 1205 1895 1262; baseline 0.002 -14"><span class='ocrx_word' id='word_1_188' title='bbox 59 1205 208 1249; x_wconf 88' lang='lat' dir='ltr'>fluviis</span> <span class='ocrx_word' id='word_1_189' title='bbox 237 1206 412 1261; x_wconf 84' lang='lat' dir='ltr'>Gozan,</span> <span class='ocrx_word' id='word_1_190' title='bbox 433 1205 481 1248; x_wconf 90' lang='lat' dir='ltr'>in</span> <span class='ocrx_word' id='word_1_191' title='bbox 503 1206 760 1249; x_wconf 83' lang='lat' dir='ltr'>civitatibus</span> <span class='ocrx_word' id='word_1_192' title='bbox 791 1206 1043 1262; x_wconf 84' lang='lat' dir='ltr'>Medorum,</span> <span class='ocrx_word' id='word_1_193' title='bbox 1072 1205 1108 1232; x_wconf 70' lang='lat'>¹2</span> <span class='ocrx_word' id='word_1_194' title='bbox 1124 1207 1228 1262; x_wconf 85' lang='lat' dir='ltr'>quia</span> <span class='ocrx_word' id='word_1_195' title='bbox 1253 1221 1341 1250; x_wconf 89' lang='lat' dir='ltr'>non</span> <span class='ocrx_word' id='word_1_196' title='bbox 1368 1207 1606 1250; x_wconf 87' lang='lat' dir='ltr'>audierunt</span> <span class='ocrx_word' id='word_1_197' title='bbox 1626 1222 1781 1251; x_wconf 84' lang='lat' dir='ltr'>vocem</span> <span class='ocrx_word' id='word_1_198' title='bbox 1808 1210 1895 1252; x_wconf 92' lang='lat' dir='ltr'>Do-</span> 
     </span>
     <span class='ocr_line' id='line_1_19' title="bbox 61 1264 1896 1325; baseline 0.002 -18"><span class='ocrx_word' id='word_1_199' title='bbox 61 1264 169 1307; x_wconf 89' lang='lat' dir='ltr'>mini</span> <span class='ocrx_word' id='word_1_200' title='bbox 197 1265 280 1308; x_wconf 91' lang='lat' dir='ltr'>Dei</span> <span class='ocrx_word' id='word_1_201' title='bbox 305 1265 394 1321; x_wconf 91' lang='lat' dir='ltr'>sui,</span> <span class='ocrx_word' id='word_1_202' title='bbox 417 1265 493 1308; x_wconf 91' lang='lat' dir='ltr'>sed</span> <span class='ocrx_word' id='word_1_203' title='bbox 519 1265 819 1322; x_wconf 89' lang='lat' dir='ltr'>praetergressi</span> <span class='ocrx_word' id='word_1_204' title='bbox 850 1271 953 1308; x_wconf 87' lang='lat' dir='ltr'>sunt</span> <span class='ocrx_word' id='word_1_205' title='bbox 978 1270 1160 1322; x_wconf 87' lang='lat' dir='ltr'>pactum</span> <span class='ocrx_word' id='word_1_206' title='bbox 1189 1266 1311 1322; x_wconf 82' lang='lat' dir='ltr'>ejus;</span> <span class='ocrx_word' id='word_1_207' title='bbox 1335 1266 1485 1310; x_wconf 89' lang='lat' dir='ltr'>omnia</span> <span class='ocrx_word' id='word_1_208' title='bbox 1507 1280 1606 1322; x_wconf 88' lang='lat' dir='ltr'>quae</span> <span class='ocrx_word' id='word_1_209' title='bbox 1627 1273 1896 1325; x_wconf 80' lang='lat' dir='ltr'>praeceperat</span> 
     </span>
     <span class='ocr_line' id='line_1_20' title="bbox 60 1323 1513 1380; baseline 0.001 -14"><span class='ocrx_word' id='word_1_210' title='bbox 60 1323 257 1379; x_wconf 89' lang='lat' dir='ltr'>Moyses,</span> <span class='ocrx_word' id='word_1_211' title='bbox 280 1338 431 1367; x_wconf 82' lang='lat' dir='ltr'>servus</span> <span class='ocrx_word' id='word_1_212' title='bbox 457 1323 658 1379; x_wconf 87' lang='lat' dir='ltr'>Domini,</span> <span class='ocrx_word' id='word_1_213' title='bbox 685 1338 773 1367; x_wconf 89' lang='lat' dir='ltr'>non</span> <span class='ocrx_word' id='word_1_214' title='bbox 797 1324 1053 1380; x_wconf 87' lang='lat' dir='ltr'>audierunt,</span> <span class='ocrx_word' id='word_1_215' title='bbox 1073 1339 1214 1380; x_wconf 91' lang='lat' dir='ltr'>neque</span> <span class='ocrx_word' id='word_1_216' title='bbox 1235 1325 1452 1368; x_wconf 81' lang='lat' dir='ltr'>fecerunt.</span> <span class='ocrx_word' id='word_1_217' title='bbox 1508 1336 1513 1342; x_wconf 89' lang='grc'><em>“</em></span> 
     </span>
    </p>

    <p class='ocr_par' dir='ltr' id='par_1_4' title="bbox 55 1382 1896 1910">
     <span class='ocr_line' id='line_1_21' title="bbox 122 1382 1895 1443; baseline 0.003 -19"><span class='ocrx_word' id='word_1_218' title='bbox 122 1382 155 1409; x_wconf 82' lang='lat'>¹³</span> <span class='ocrx_word' id='word_1_219' title='bbox 172 1384 304 1425; x_wconf 88' lang='lat' dir='ltr'>Anno</span> <span class='ocrx_word' id='word_1_220' title='bbox 325 1382 657 1438; x_wconf 87' lang='lat' dir='ltr'>quartodecimo</span> <span class='ocrx_word' id='word_1_221' title='bbox 687 1383 803 1438; x_wconf 86' lang='lat' dir='ltr'>regis</span> <span class='ocrx_word' id='word_1_222' title='bbox 835 1383 1038 1426; x_wconf 79' lang='lat' dir='ltr'>Ezechiae</span> <span class='ocrx_word' id='word_1_223' title='bbox 1071 1384 1273 1426; x_wconf 87' lang='lat' dir='ltr'>ascendit</span> <span class='ocrx_word' id='word_1_224' title='bbox 1304 1385 1622 1441; x_wconf 84' lang='lat' dir='ltr'>Sennacherib,</span> <span class='ocrx_word' id='word_1_225' title='bbox 1653 1401 1730 1429; x_wconf 85' lang='lat' dir='ltr'>rex</span> <span class='ocrx_word' id='word_1_226' title='bbox 1759 1387 1895 1443; x_wconf 79' lang='lat' dir='ltr'>Assy-</span> 
     </span>
     <span class='ocr_line' id='line_1_22' title="bbox 58 1441 1896 1500; baseline 0.002 -16"><span class='ocrx_word' id='word_1_227' title='bbox 58 1441 242 1496; x_wconf 89' lang='lat' dir='ltr'>riorum,</span> <span class='ocrx_word' id='word_1_228' title='bbox 265 1441 322 1484; x_wconf 87' lang='lat' dir='ltr'>ad</span> <span class='ocrx_word' id='word_1_229' title='bbox 352 1441 579 1483; x_wconf 86' lang='lat' dir='ltr'>universas</span> <span class='ocrx_word' id='word_1_230' title='bbox 606 1441 809 1484; x_wconf 85' lang='lat' dir='ltr'>civitates</span> <span class='ocrx_word' id='word_1_231' title='bbox 840 1442 867 1484; x_wconf 89' lang='lat' dir='ltr'>J</span> <span class='ocrx_word' id='word_1_232' title='bbox 874 1441 960 1483; x_wconf 88' lang='lat' dir='ltr'>uda</span> <span class='ocrx_word' id='word_1_233' title='bbox 986 1443 1200 1498; x_wconf 87' lang='lat' dir='ltr'>munitas,</span> <span class='ocrx_word' id='word_1_234' title='bbox 1232 1448 1275 1485; x_wconf 93' lang='lat' dir='ltr'>et</span> <span class='ocrx_word' id='word_1_235' title='bbox 1305 1444 1422 1500; x_wconf 89' lang='lat' dir='ltr'>cepit</span> <span class='ocrx_word' id='word_1_236' title='bbox 1451 1458 1537 1488; x_wconf 75' lang='lat' dir='ltr'>eas,</span> <span class='ocrx_word' id='word_1_237' title='bbox 1560 1444 1595 1470; x_wconf 75' lang='lat'>¹4</span> <span class='ocrx_word' id='word_1_238' title='bbox 1619 1445 1744 1487; x_wconf 88' lang='lat' dir='ltr'>Tunc</span> <span class='ocrx_word' id='word_1_239' title='bbox 1774 1445 1896 1487; x_wconf 84' lang='lat' dir='ltr'>misit</span> 
     </span>
     <span class='ocr_line' id='line_1_23' title="bbox 60 1499 1893 1558; baseline 0.001 -14"><span class='ocrx_word' id='word_1_240' title='bbox 60 1500 293 1555; x_wconf 87' lang='lat' dir='ltr'>Ezechias,</span> <span class='ocrx_word' id='word_1_241' title='bbox 327 1514 405 1543; x_wconf 79' lang='lat' dir='ltr'>rex</span> <span class='ocrx_word' id='word_1_242' title='bbox 434 1499 574 1555; x_wconf 86' lang='lat' dir='ltr'>Juda,</span> <span class='ocrx_word' id='word_1_243' title='bbox 606 1499 784 1542; x_wconf 86' lang='lat' dir='ltr'>nuntios</span> <span class='ocrx_word' id='word_1_244' title='bbox 812 1500 869 1542; x_wconf 88' lang='lat' dir='ltr'>ad</span> <span class='ocrx_word' id='word_1_245' title='bbox 904 1514 1054 1556; x_wconf 88' lang='lat' dir='ltr'>regem</span> <span class='ocrx_word' id='word_1_246' title='bbox 1087 1501 1371 1556; x_wconf 88' lang='lat' dir='ltr'>Assyriorum</span> <span class='ocrx_word' id='word_1_247' title='bbox 1406 1502 1450 1544; x_wconf 87' lang='lat' dir='ltr'>in</span> <span class='ocrx_word' id='word_1_248' title='bbox 1488 1503 1673 1558; x_wconf 84' lang='lat' dir='ltr'>Lachis,</span> <span class='ocrx_word' id='word_1_249' title='bbox 1709 1504 1858 1546; x_wconf 89' lang='lat' dir='ltr'>dicens</span> <span class='ocrx_word' id='word_1_250' title='bbox 1885 1520 1893 1546; x_wconf 75' lang='grc' dir='ltr'>ε</span> 
     </span>
     <span class='ocr_line' id='line_1_24' title="bbox 59 1558 1892 1616; baseline 0.002 -14"><span class='ocrx_word' id='word_1_251' title='bbox 59 1559 272 1613; x_wconf 82' lang='lat' dir='ltr'>Peccavi3</span> <span class='ocrx_word' id='word_1_252' title='bbox 296 1558 451 1601; x_wconf 87' lang='lat' dir='ltr'>recede</span> <span class='ocrx_word' id='word_1_253' title='bbox 471 1573 498 1601; x_wconf 89' lang='lat' dir='ltr'>a</span> <span class='ocrx_word' id='word_1_254' title='bbox 524 1573 614 1614; x_wconf 89' lang='lat' dir='ltr'>me,</span> <span class='ocrx_word' id='word_1_255' title='bbox 639 1564 681 1601; x_wconf 92' lang='lat' dir='ltr'>et</span> <span class='ocrx_word' id='word_1_256' title='bbox 708 1573 837 1602; x_wconf 89' lang='lat' dir='ltr'>omne</span> <span class='ocrx_word' id='word_1_257' title='bbox 859 1559 975 1614; x_wconf 90' lang='lat' dir='ltr'>quod</span> <span class='ocrx_word' id='word_1_258' title='bbox 1004 1559 1265 1616; x_wconf 88' lang='lat' dir='ltr'>imposueris</span> <span class='ocrx_word' id='word_1_259' title='bbox 1293 1561 1402 1603; x_wconf 91' lang='lat' dir='ltr'>mihi</span> <span class='ocrx_word' id='word_1_260' title='bbox 1432 1562 1590 1604; x_wconf 75' lang='lat' dir='ltr'>feram.</span> <span class='ocrx_word' id='word_1_261' title='bbox 1619 1562 1790 1604; x_wconf 83' lang='lat' dir='ltr'>Indixit</span> <span class='ocrx_word' id='word_1_262' title='bbox 1811 1563 1892 1605; x_wconf 91' lang='lat' dir='ltr'>ita-</span> 
     </span>
     <span class='ocr_line' id='line_1_25' title="bbox 58 1617 1894 1676; baseline 0.002 -16"><span class='ocrx_word' id='word_1_263' title='bbox 58 1632 141 1674; x_wconf 92' lang='lat' dir='ltr'>que</span> <span class='ocrx_word' id='word_1_264' title='bbox 160 1632 239 1661; x_wconf 82' lang='lat' dir='ltr'>rex</span> <span class='ocrx_word' id='word_1_265' title='bbox 258 1617 545 1673; x_wconf 86' lang='lat' dir='ltr'>Assyriorum</span> <span class='ocrx_word' id='word_1_266' title='bbox 567 1617 794 1672; x_wconf 79' lang='lat' dir='ltr'>Ezechiae,</span> <span class='ocrx_word' id='word_1_267' title='bbox 824 1617 919 1673; x_wconf 88' lang='lat' dir='ltr'>regi</span> <span class='ocrx_word' id='word_1_268' title='bbox 940 1618 968 1661; x_wconf 88' lang='lat' dir='ltr'>J</span> <span class='ocrx_word' id='word_1_269' title='bbox 974 1618 1093 1673; x_wconf 83' lang='lat' dir='ltr'>udae,</span> <span class='ocrx_word' id='word_1_270' title='bbox 1117 1623 1314 1661; x_wconf 89' lang='lat' dir='ltr'>trecenta</span> <span class='ocrx_word' id='word_1_271' title='bbox 1337 1619 1505 1663; x_wconf 85' lang='lat' dir='ltr'>talenta</span> <span class='ocrx_word' id='word_1_272' title='bbox 1534 1621 1727 1676; x_wconf 85' lang='lat' dir='ltr'>argenti,</span> <span class='ocrx_word' id='word_1_273' title='bbox 1751 1626 1794 1664; x_wconf 90' lang='grc'>61</span> <span class='ocrx_word' id='word_1_274' title='bbox 1819 1622 1894 1664; x_wconf 80' lang='lat' dir='ltr'>tri-</span> 
     </span>
     <span class='ocr_line' id='line_1_26' title="bbox 56 1676 1894 1736; baseline 0.002 -16"><span class='ocrx_word' id='word_1_275' title='bbox 56 1677 182 1732; x_wconf 80' lang='lat' dir='ltr'>ginta</span> <span class='ocrx_word' id='word_1_276' title='bbox 203 1677 373 1720; x_wconf 84' lang='lat' dir='ltr'>talenta</span> <span class='ocrx_word' id='word_1_277' title='bbox 400 1676 511 1720; x_wconf 75' lang='lat' dir='ltr'>auri.</span> <span class='ocrx_word' id='word_1_278' title='bbox 543 1676 579 1703; x_wconf 72' lang='lat'>‘¹5</span> <span class='ocrx_word' id='word_1_279' title='bbox 599 1676 820 1732; x_wconf 88' lang='lat' dir='ltr'>Deditque</span> <span class='ocrx_word' id='word_1_280' title='bbox 849 1677 1064 1720; x_wconf 85' lang='lat' dir='ltr'>Ezechias</span> <span class='ocrx_word' id='word_1_281' title='bbox 1097 1691 1226 1720; x_wconf 87' lang='lat' dir='ltr'>omne</span> <span class='ocrx_word' id='word_1_282' title='bbox 1255 1684 1492 1734; x_wconf 87' lang='lat' dir='ltr'>argentum</span> <span class='ocrx_word' id='word_1_283' title='bbox 1525 1679 1640 1735; x_wconf 90' lang='lat' dir='ltr'>quod</span> <span class='ocrx_word' id='word_1_284' title='bbox 1672 1686 1894 1736; x_wconf 89' lang='lat' dir='ltr'>repertum</span> 
     </span>
     <span class='ocr_line' id='line_1_27' title="bbox 56 1735 1895 1795; baseline 0.002 -17"><span class='ocrx_word' id='word_1_285' title='bbox 56 1735 205 1779; x_wconf 79' lang='lat' dir='ltr'>fuerat</span> <span class='ocrx_word' id='word_1_286' title='bbox 228 1736 276 1778; x_wconf 91' lang='lat' dir='ltr'>in</span> <span class='ocrx_word' id='word_1_287' title='bbox 298 1736 428 1778; x_wconf 88' lang='lat' dir='ltr'>domo</span> <span class='ocrx_word' id='word_1_288' title='bbox 458 1736 642 1779; x_wconf 87' lang='lat' dir='ltr'>Domini</span> <span class='ocrx_word' id='word_1_289' title='bbox 668 1740 712 1779; x_wconf 86' lang='lat' dir='ltr'>et</span> <span class='ocrx_word' id='word_1_290' title='bbox 739 1736 785 1778; x_wconf 88' lang='lat' dir='ltr'>in</span> <span class='ocrx_word' id='word_1_291' title='bbox 811 1736 1028 1779; x_wconf 87' lang='lat' dir='ltr'>thesauris</span> <span class='ocrx_word' id='word_1_292' title='bbox 1058 1736 1188 1792; x_wconf 72' lang='lat' dir='ltr'>regis</span> <span class='ocrx_word' id='word_1_293' title='bbox 1213 1736 1250 1762; x_wconf 68' lang='lat'>¹3</span> <span class='ocrx_word' id='word_1_294' title='bbox 1267 1737 1322 1779; x_wconf 91' lang='lat' dir='ltr'>In</span> <span class='ocrx_word' id='word_1_295' title='bbox 1351 1742 1548 1794; x_wconf 88' lang='lat' dir='ltr'>tempore</span> <span class='ocrx_word' id='word_1_296' title='bbox 1568 1738 1646 1781; x_wconf 93' lang='lat' dir='ltr'>illo</span> <span class='ocrx_word' id='word_1_297' title='bbox 1672 1739 1895 1795; x_wconf 74' lang='lat' dir='ltr'>confregit</span> 
     </span>
     <span class='ocr_line' id='line_1_28' title="bbox 57 1794 1895 1854; baseline 0.002 -16"><span class='ocrx_word' id='word_1_298' title='bbox 57 1795 271 1839; x_wconf 86' lang='lat' dir='ltr'>Ezechias</span> <span class='ocrx_word' id='word_1_299' title='bbox 304 1795 458 1838; x_wconf 86' lang='lat' dir='ltr'>valvas</span> <span class='ocrx_word' id='word_1_300' title='bbox 491 1795 650 1852; x_wconf 89' lang='lat' dir='ltr'>templi</span> <span class='ocrx_word' id='word_1_301' title='bbox 681 1794 882 1851; x_wconf 89' lang='lat' dir='ltr'>Domini,</span> <span class='ocrx_word' id='word_1_302' title='bbox 913 1800 957 1838; x_wconf 91' lang='lat' dir='ltr'>et</span> <span class='ocrx_word' id='word_1_303' title='bbox 985 1795 1175 1838; x_wconf 83' lang='lat' dir='ltr'>laminas</span> <span class='ocrx_word' id='word_1_304' title='bbox 1204 1796 1299 1838; x_wconf 91' lang='lat' dir='ltr'>auri</span> <span class='ocrx_word' id='word_1_305' title='bbox 1331 1810 1439 1852; x_wconf 89' lang='lat' dir='ltr'>quas</span> <span class='ocrx_word' id='word_1_306' title='bbox 1467 1797 1562 1853; x_wconf 89' lang='lat' dir='ltr'>ipse</span> <span class='ocrx_word' id='word_1_307' title='bbox 1588 1797 1817 1854; x_wconf 87' lang='lat' dir='ltr'>affixerat,</span> <span class='ocrx_word' id='word_1_308' title='bbox 1852 1803 1895 1841; x_wconf 90' lang='lat' dir='ltr'>et</span> 
     </span>
     <span class='ocr_line' id='line_1_29' title="bbox 55 1853 710 1910; baseline 0 -14"><span class='ocrx_word' id='word_1_309' title='bbox 55 1853 178 1897; x_wconf 90' lang='lat' dir='ltr'>dedit</span> <span class='ocrx_word' id='word_1_310' title='bbox 199 1869 272 1897; x_wconf 89' lang='lat' dir='ltr'>eas</span> <span class='ocrx_word' id='word_1_311' title='bbox 296 1854 391 1910; x_wconf 86' lang='lat' dir='ltr'>regi</span> <span class='ocrx_word' id='word_1_312' title='bbox 413 1854 710 1910; x_wconf 85' lang='lat' dir='ltr'>Assyriorum.</span> 
     </span>
    </p>

    <p class='ocr_par' dir='ltr' id='par_1_5' title="bbox 53 1913 1894 2265">
     <span class='ocr_line' id='line_1_30' title="bbox 115 1913 1894 1973; baseline 0.002 -18"><span class='ocrx_word' id='word_1_313' title='bbox 115 1913 149 1939; x_wconf 80' lang='lat'>1⁷</span> <span class='ocrx_word' id='word_1_314' title='bbox 167 1913 293 1956; x_wconf 89' lang='lat' dir='ltr'>Misit</span> <span class='ocrx_word' id='word_1_315' title='bbox 320 1919 472 1956; x_wconf 82' lang='lat' dir='ltr'>autem</span> <span class='ocrx_word' id='word_1_316' title='bbox 492 1928 571 1956; x_wconf 88' lang='lat' dir='ltr'>rex</span> <span class='ocrx_word' id='word_1_317' title='bbox 593 1913 877 1970; x_wconf 87' lang='lat' dir='ltr'>Assyriorum</span> <span class='ocrx_word' id='word_1_318' title='bbox 898 1914 1147 1970; x_wconf 88' lang='lat' dir='ltr'>Tharthan,</span> <span class='ocrx_word' id='word_1_319' title='bbox 1175 1919 1217 1957; x_wconf 89' lang='lat' dir='ltr'>et</span> <span class='ocrx_word' id='word_1_320' title='bbox 1241 1914 1470 1971; x_wconf 85' lang='lat' dir='ltr'>Rabsaris,</span> <span class='ocrx_word' id='word_1_321' title='bbox 1494 1921 1537 1959; x_wconf 93' lang='lat' dir='ltr'>et</span> <span class='ocrx_word' id='word_1_322' title='bbox 1561 1916 1812 1973; x_wconf 85' lang='lat' dir='ltr'>Rabsacen,</span> <span class='ocrx_word' id='word_1_323' title='bbox 1840 1917 1894 1960; x_wconf 90' lang='lat' dir='ltr'>de</span> 
     </span>
     <span class='ocr_line' id='line_1_31' title="bbox 55 1972 1894 2031; baseline 0.002 -16"><span class='ocrx_word' id='word_1_324' title='bbox 55 1972 239 2028; x_wconf 85' lang='lat' dir='ltr'>Lachis,</span> <span class='ocrx_word' id='word_1_325' title='bbox 276 1972 334 2015; x_wconf 91' lang='lat' dir='ltr'>ad</span> <span class='ocrx_word' id='word_1_326' title='bbox 371 1987 522 2028; x_wconf 85' lang='lat' dir='ltr'>regem</span> <span class='ocrx_word' id='word_1_327' title='bbox 560 1973 819 2028; x_wconf 89' lang='lat' dir='ltr'>Ezechiam,</span> <span class='ocrx_word' id='word_1_328' title='bbox 859 1988 961 2016; x_wconf 91' lang='lat' dir='ltr'>cum</span> <span class='ocrx_word' id='word_1_329' title='bbox 996 1987 1132 2015; x_wconf 89' lang='lat' dir='ltr'>manu</span> <span class='ocrx_word' id='word_1_330' title='bbox 1165 1973 1335 2029; x_wconf 90' lang='lat' dir='ltr'>valida,</span> <span class='ocrx_word' id='word_1_331' title='bbox 1374 1974 1650 2030; x_wconf 79' lang='lat' dir='ltr'>Jerusalem3</span> <span class='ocrx_word' id='word_1_332' title='bbox 1685 1976 1758 2031; x_wconf 89' lang='lat' dir='ltr'>qui</span> <span class='ocrx_word' id='word_1_333' title='bbox 1792 1990 1894 2019; x_wconf 88' lang='lat' dir='ltr'>cum</span> 
     </span>
     <span class='ocr_line' id='line_1_32' title="bbox 53 2031 1893 2090; baseline 0.002 -16"><span class='ocrx_word' id='word_1_334' title='bbox 53 2031 379 2087; x_wconf 86' lang='lat' dir='ltr'>ascendissent,</span> <span class='ocrx_word' id='word_1_335' title='bbox 397 2037 615 2075; x_wconf 86' lang='lat' dir='ltr'>venerunt</span> <span class='ocrx_word' id='word_1_336' title='bbox 633 2032 902 2087; x_wconf 78' lang='lat' dir='ltr'>Jerusalem,</span> <span class='ocrx_word' id='word_1_337' title='bbox 923 2037 965 2075; x_wconf 91' lang='lat' dir='ltr'>et</span> <span class='ocrx_word' id='word_1_338' title='bbox 987 2037 1204 2075; x_wconf 85' lang='lat' dir='ltr'>steterunt</span> <span class='ocrx_word' id='word_1_339' title='bbox 1223 2032 1353 2088; x_wconf 74' lang='lat' dir='ltr'>juxta</span> <span class='ocrx_word' id='word_1_340' title='bbox 1374 2033 1691 2088; x_wconf 71' lang='lat' dir='ltr'>aquaeductum</span> <span class='ocrx_word' id='word_1_341' title='bbox 1709 2034 1893 2090; x_wconf 73' lang='lat' dir='ltr'>piscinae</span> 
     </span>
     <span class='ocr_line' id='line_1_33' title="bbox 54 2090 1892 2149; baseline 0.001 -15"><span class='ocrx_word' id='word_1_342' title='bbox 54 2090 309 2147; x_wconf 84' lang='lat' dir='ltr'>superioris,</span> <span class='ocrx_word' id='word_1_343' title='bbox 334 2105 434 2146; x_wconf 87' lang='lat' dir='ltr'>quae</span> <span class='ocrx_word' id='word_1_344' title='bbox 453 2091 582 2133; x_wconf 86' lang='lat' dir='ltr'>estin</span> <span class='ocrx_word' id='word_1_345' title='bbox 600 2091 674 2133; x_wconf 76' lang='lat' dir='ltr'>via</span> <span class='ocrx_word' id='word_1_346' title='bbox 692 2091 804 2146; x_wconf 87' lang='lat' dir='ltr'>Agri</span> <span class='ocrx_word' id='word_1_347' title='bbox 830 2091 1041 2146; x_wconf 77' lang='lat' dir='ltr'>fullonis3</span> <span class='ocrx_word' id='word_1_348' title='bbox 1063 2090 1098 2117; x_wconf 78' lang='lat'>1⁸</span> <span class='ocrx_word' id='word_1_349' title='bbox 1120 2097 1478 2147; x_wconf 86' lang='lat' dir='ltr'>vocaveruntque</span> <span class='ocrx_word' id='word_1_350' title='bbox 1495 2107 1659 2148; x_wconf 85' lang='lat' dir='ltr'>regem.</span> <span class='ocrx_word' id='word_1_351' title='bbox 1679 2094 1892 2149; x_wconf 86' lang='lat' dir='ltr'>Egressus</span> 
     </span>
     <span class='ocr_line' id='line_1_34' title="bbox 55 2149 1871 2208; baseline 0.002 -17"><span class='ocrx_word' id='word_1_352' title='bbox 55 2156 120 2192; x_wconf 91' lang='lat' dir='ltr'>est</span> <span class='ocrx_word' id='word_1_353' title='bbox 148 2155 299 2193; x_wconf 90' lang='lat' dir='ltr'>autem</span> <span class='ocrx_word' id='word_1_354' title='bbox 331 2149 388 2192; x_wconf 91' lang='lat' dir='ltr'>ad</span> <span class='ocrx_word' id='word_1_355' title='bbox 423 2164 495 2192; x_wconf 90' lang='lat' dir='ltr'>eos</span> <span class='ocrx_word' id='word_1_356' title='bbox 534 2149 745 2205; x_wconf 90' lang='lat' dir='ltr'>Eliacim,</span> <span class='ocrx_word' id='word_1_357' title='bbox 780 2149 896 2192; x_wconf 89' lang='lat' dir='ltr'>filius</span> <span class='ocrx_word' id='word_1_358' title='bbox 927 2150 1122 2206; x_wconf 86' lang='lat' dir='ltr'>Helciae,</span> <span class='ocrx_word' id='word_1_359' title='bbox 1153 2150 1415 2207; x_wconf 62' lang='lat' dir='ltr'>praepositus</span> <span class='ocrx_word' id='word_1_360' title='bbox 1442 2151 1619 2208; x_wconf 88' lang='lat' dir='ltr'>domus,</span> <span class='ocrx_word' id='word_1_361' title='bbox 1649 2157 1692 2195; x_wconf 90' lang='lat' dir='ltr'>et</span> <span class='ocrx_word' id='word_1_362' title='bbox 1724 2152 1871 2195; x_wconf 90' lang='lat' dir='ltr'>Sobna</span> 
     </span>
     <span class='ocr_line' id='line_1_35' title="bbox 54 2208 1230 2265; baseline 0.003 -15"><span class='ocrx_word' id='word_1_363' title='bbox 54 2208 220 2264; x_wconf 89' lang='lat' dir='ltr'>scriba,</span> <span class='ocrx_word' id='word_1_364' title='bbox 244 2214 286 2252; x_wconf 89' lang='grc'>61</span> <span class='ocrx_word' id='word_1_365' title='bbox 308 2209 336 2251; x_wconf 86' lang='lat' dir='ltr'>J</span> <span class='ocrx_word' id='word_1_366' title='bbox 342 2209 471 2264; x_wconf 87' lang='lat' dir='ltr'>oahe,</span> <span class='ocrx_word' id='word_1_367' title='bbox 494 2208 612 2250; x_wconf 89' lang='lat' dir='ltr'>filius</span> <span class='ocrx_word' id='word_1_368' title='bbox 633 2209 809 2265; x_wconf 88' lang='lat' dir='ltr'>Asaph,</span> <span class='ocrx_word' id='word_1_369' title='bbox 835 2224 861 2251; x_wconf 90' lang='lat' dir='ltr'>a</span> <span class='ocrx_word' id='word_1_370' title='bbox 887 2209 1230 2254; x_wconf 82' lang='lat' dir='ltr'>commentariis,</span> 
     </span>
    </p>

    <p class='ocr_par' dir='ltr' id='par_1_6' title="bbox 0 2267 1891 3151">
     <span class='ocr_line' id='line_1_36' title="bbox 116 2267 1891 2324; baseline 0.002 -14"><span class='ocrx_word' id='word_1_371' title='bbox 116 2267 150 2294; x_wconf 83' lang='lat'>¹⁹</span> <span class='ocrx_word' id='word_1_372' title='bbox 181 2268 395 2323; x_wconf 80' lang='lat' dir='ltr'>Dixitque</span> <span class='ocrx_word' id='word_1_373' title='bbox 425 2267 484 2310; x_wconf 91' lang='lat' dir='ltr'>ad</span> <span class='ocrx_word' id='word_1_374' title='bbox 521 2281 593 2311; x_wconf 89' lang='lat' dir='ltr'>eos</span> <span class='ocrx_word' id='word_1_375' title='bbox 633 2267 854 2324; x_wconf 74' lang='lat' dir='ltr'>Rabsaces</span> <span class='ocrx_word' id='word_1_376' title='bbox 885 2284 894 2311; x_wconf 91' lang='lat'><strong>:</strong></span> <span class='ocrx_word' id='word_1_377' title='bbox 934 2268 1188 2323; x_wconf 87' lang='lat' dir='ltr'>Loquimini</span> <span class='ocrx_word' id='word_1_378' title='bbox 1235 2269 1440 2313; x_wconf 79' lang='lat' dir='ltr'>Ezechiae</span> <span class='ocrx_word' id='word_1_379' title='bbox 1470 2287 1478 2314; x_wconf 91' lang='lat'><strong>:</strong></span> <span class='ocrx_word' id='word_1_380' title='bbox 1517 2271 1631 2313; x_wconf 86' lang='lat' dir='ltr'>Haec</span> <span class='ocrx_word' id='word_1_381' title='bbox 1671 2271 1780 2313; x_wconf 89' lang='lat' dir='ltr'>dicit</span> <span class='ocrx_word' id='word_1_382' title='bbox 1814 2286 1891 2315; x_wconf 68' lang='lat' dir='ltr'>ret&lt;</span> 
     </span>
     <span class='ocr_line' id='line_1_37' title="bbox 54 2326 1890 2384; baseline 0.002 -14"><span class='ocrx_word' id='word_1_383' title='bbox 54 2341 263 2383; x_wconf 84' lang='lat' dir='ltr'>magnus,</span> <span class='ocrx_word' id='word_1_384' title='bbox 297 2341 374 2370; x_wconf 78' lang='lat' dir='ltr'>rex</span> <span class='ocrx_word' id='word_1_385' title='bbox 395 2327 681 2383; x_wconf 82' lang='lat' dir='ltr'>Assyriorum</span> <span class='ocrx_word' id='word_1_386' title='bbox 707 2343 714 2370; x_wconf 94' lang='lat'>:</span> <span class='ocrx_word' id='word_1_387' title='bbox 745 2326 852 2377; x_wconf 80' lang='lat' dir='ltr'>Quae</span> <span class='ocrx_word' id='word_1_388' title='bbox 886 2332 952 2370; x_wconf 90' lang='lat' dir='ltr'>est</span> <span class='ocrx_word' id='word_1_389' title='bbox 978 2326 1065 2369; x_wconf 88' lang='lat' dir='ltr'>ista</span> <span class='ocrx_word' id='word_1_390' title='bbox 1101 2327 1265 2370; x_wconf 86' lang='lat' dir='ltr'>fiducia</span> <span class='ocrx_word' id='word_1_391' title='bbox 1293 2343 1380 2384; x_wconf 88' lang='lat' dir='ltr'>qua</span> <span class='ocrx_word' id='word_1_392' title='bbox 1410 2329 1597 2373; x_wconf 86' lang='lat' dir='ltr'>niteris?</span> <span class='ocrx_word' id='word_1_393' title='bbox 1627 2328 1664 2356; x_wconf 72' lang='lat'>2⁰</span> <span class='ocrx_word' id='word_1_394' title='bbox 1686 2330 1890 2373; x_wconf 79' lang='lat' dir='ltr'>Forsitan</span> 
     </span>
     <span class='ocr_line' id='line_1_38' title="bbox 51 2385 1890 2444; baseline 0.002 -16"><span class='ocrx_word' id='word_1_395' title='bbox 51 2386 176 2429; x_wconf 87' lang='lat' dir='ltr'>inisti</span> <span class='ocrx_word' id='word_1_396' title='bbox 209 2385 446 2429; x_wconf 87' lang='lat' dir='ltr'>consilium</span> <span class='ocrx_word' id='word_1_397' title='bbox 479 2391 527 2427; x_wconf 91' lang='lat' dir='ltr'>ut</span> <span class='ocrx_word' id='word_1_398' title='bbox 555 2400 775 2443; x_wconf 89' lang='lat' dir='ltr'>praepares</span> <span class='ocrx_word' id='word_1_399' title='bbox 804 2391 845 2429; x_wconf 90' lang='lat' dir='ltr'>te</span> <span class='ocrx_word' id='word_1_400' title='bbox 869 2385 926 2428; x_wconf 89' lang='lat' dir='ltr'>ad</span> <span class='ocrx_word' id='word_1_401' title='bbox 959 2385 1177 2443; x_wconf 76' lang='lat' dir='ltr'>praelium.</span> <span class='ocrx_word' id='word_1_402' title='bbox 1205 2388 1259 2429; x_wconf 89' lang='lat' dir='ltr'>In</span> <span class='ocrx_word' id='word_1_403' title='bbox 1288 2401 1376 2443; x_wconf 90' lang='lat' dir='ltr'>quo</span> <span class='ocrx_word' id='word_1_404' title='bbox 1403 2388 1612 2444; x_wconf 85' lang='lat' dir='ltr'>confidis,</span> <span class='ocrx_word' id='word_1_405' title='bbox 1646 2394 1696 2431; x_wconf 82' lang='lat' dir='ltr'>ut</span> <span class='ocrx_word' id='word_1_406' title='bbox 1727 2389 1890 2432; x_wconf 85' lang='lat' dir='ltr'>audeas</span> 
     </span>
     <span class='ocr_line' id='line_1_39' title="bbox 52 2443 1888 2505; baseline 0.002 -17"><span class='ocrx_word' id='word_1_407' title='bbox 52 2444 303 2488; x_wconf 86' lang='lat' dir='ltr'>rebellare?</span> <span class='ocrx_word' id='word_1_408' title='bbox 338 2443 464 2487; x_wconf 67' lang='grc' dir='ltr'>21Α11</span> <span class='ocrx_word' id='word_1_409' title='bbox 502 2459 650 2502; x_wconf 88' lang='lat' dir='ltr'>speras</span> <span class='ocrx_word' id='word_1_410' title='bbox 683 2445 729 2487; x_wconf 90' lang='lat' dir='ltr'>in</span> <span class='ocrx_word' id='word_1_411' title='bbox 763 2445 923 2488; x_wconf 90' lang='lat' dir='ltr'>baculo</span> <span class='ocrx_word' id='word_1_412' title='bbox 955 2445 1198 2488; x_wconf 87' lang='lat' dir='ltr'>arundineo</span> <span class='ocrx_word' id='word_1_413' title='bbox 1232 2451 1364 2502; x_wconf 87' lang='lat' dir='ltr'>atque</span> <span class='ocrx_word' id='word_1_414' title='bbox 1387 2448 1637 2503; x_wconf 81' lang='lat' dir='ltr'>confracto,</span> <span class='ocrx_word' id='word_1_415' title='bbox 1663 2448 1888 2505; x_wconf 86' lang='lat' dir='ltr'>AEgypto,</span> 
     </span>
     <span class='ocr_line' id='line_1_40' title="bbox 53 2503 1890 2563; baseline 0.002 -16"><span class='ocrx_word' id='word_1_416' title='bbox 53 2518 183 2561; x_wconf 85' lang='lat' dir='ltr'>super</span> <span class='ocrx_word' id='word_1_417' title='bbox 203 2519 334 2560; x_wconf 91' lang='lat' dir='ltr'>quem</span> <span class='ocrx_word' id='word_1_418' title='bbox 363 2504 400 2547; x_wconf 90' lang='lat' dir='ltr'>si</span> <span class='ocrx_word' id='word_1_419' title='bbox 427 2504 679 2548; x_wconf 86' lang='lat' dir='ltr'>incubuerit</span> <span class='ocrx_word' id='word_1_420' title='bbox 705 2505 857 2560; x_wconf 90' lang='lat' dir='ltr'>homo,</span> <span class='ocrx_word' id='word_1_421' title='bbox 881 2503 1179 2547; x_wconf 87' lang='lat' dir='ltr'>comminutus</span> <span class='ocrx_word' id='word_1_422' title='bbox 1201 2504 1475 2560; x_wconf 87' lang='lat' dir='ltr'>ingredietur</span> <span class='ocrx_word' id='word_1_423' title='bbox 1497 2520 1678 2548; x_wconf 90' lang='lat' dir='ltr'>manum</span> <span class='ocrx_word' id='word_1_424' title='bbox 1704 2507 1820 2563; x_wconf 75' lang='lat' dir='ltr'>ejus,</span> <span class='ocrx_word' id='word_1_425' title='bbox 1847 2513 1890 2550; x_wconf 97' lang='grc'>61</span> 
     </span>
     <span class='ocr_line' id='line_1_41' title="bbox 53 2563 1889 2621; baseline 0.002 -15"><span class='ocrx_word' id='word_1_426' title='bbox 53 2563 298 2620; x_wconf 70' lang='lat' dir='ltr'>perforabit</span> <span class='ocrx_word' id='word_1_427' title='bbox 327 2563 459 2607; x_wconf 76' lang='lat' dir='ltr'>eam?</span> <span class='ocrx_word' id='word_1_428' title='bbox 487 2563 561 2607; x_wconf 89' lang='lat' dir='ltr'>Sic</span> <span class='ocrx_word' id='word_1_429' title='bbox 590 2569 658 2606; x_wconf 88' lang='lat' dir='ltr'>est</span> <span class='ocrx_word' id='word_1_430' title='bbox 682 2564 877 2619; x_wconf 89' lang='lat' dir='ltr'>Pharao,</span> <span class='ocrx_word' id='word_1_431' title='bbox 907 2577 984 2607; x_wconf 77' lang='lat' dir='ltr'>rex</span> <span class='ocrx_word' id='word_1_432' title='bbox 1009 2563 1218 2620; x_wconf 86' lang='lat' dir='ltr'>AEgypti,</span> <span class='ocrx_word' id='word_1_433' title='bbox 1250 2564 1456 2607; x_wconf 88' lang='lat' dir='ltr'>omnibus</span> <span class='ocrx_word' id='word_1_434' title='bbox 1483 2565 1558 2621; x_wconf 92' lang='lat' dir='ltr'>qui</span> <span class='ocrx_word' id='word_1_435' title='bbox 1589 2565 1816 2609; x_wconf 89' lang='lat' dir='ltr'>confidunt</span> <span class='ocrx_word' id='word_1_436' title='bbox 1842 2566 1889 2609; x_wconf 92' lang='lat' dir='ltr'>in</span> 
     </span>
     <span class='ocr_line' id='line_1_42' title="bbox 53 2621 1886 2681; baseline 0.001 -15"><span class='ocrx_word' id='word_1_437' title='bbox 53 2637 112 2666; x_wconf 86' lang='lat' dir='ltr'>se.</span> <span class='ocrx_word' id='word_1_438' title='bbox 139 2621 178 2648; x_wconf 69' lang='lat'>2⁶²</span> <span class='ocrx_word' id='word_1_439' title='bbox 197 2622 324 2673; x_wconf 84' lang='lat' dir='ltr'>Quod</span> <span class='ocrx_word' id='word_1_440' title='bbox 351 2622 388 2665; x_wconf 90' lang='lat' dir='ltr'>si</span> <span class='ocrx_word' id='word_1_441' title='bbox 419 2622 620 2666; x_wconf 75' lang='lat' dir='ltr'>dixeritis</span> <span class='ocrx_word' id='word_1_442' title='bbox 651 2622 761 2665; x_wconf 88' lang='lat' dir='ltr'>mihi</span> <span class='ocrx_word' id='word_1_443' title='bbox 788 2639 796 2666; x_wconf 94' lang='lat'>:</span> <span class='ocrx_word' id='word_1_444' title='bbox 823 2624 878 2666; x_wconf 93' lang='lat' dir='ltr'>In</span> <span class='ocrx_word' id='word_1_445' title='bbox 906 2622 1096 2666; x_wconf 87' lang='lat' dir='ltr'>Domino</span> <span class='ocrx_word' id='word_1_446' title='bbox 1125 2623 1218 2666; x_wconf 89' lang='lat' dir='ltr'>Deo</span> <span class='ocrx_word' id='word_1_447' title='bbox 1239 2628 1388 2666; x_wconf 89' lang='lat' dir='ltr'>nostro</span> <span class='ocrx_word' id='word_1_448' title='bbox 1413 2624 1626 2668; x_wconf 86' lang='lat' dir='ltr'>habemus</span> <span class='ocrx_word' id='word_1_449' title='bbox 1652 2625 1886 2681; x_wconf 85' lang='lat' dir='ltr'>fiduciam3</span> 
     </span>
     <span class='ocr_line' id='line_1_43' title="bbox 51 2681 1888 2741; baseline 0.001 -16"><span class='ocrx_word' id='word_1_450' title='bbox 51 2695 198 2726; x_wconf 90' lang='lat' dir='ltr'>nonne</span> <span class='ocrx_word' id='word_1_451' title='bbox 216 2681 302 2725; x_wconf 85' lang='lat' dir='ltr'>iste</span> <span class='ocrx_word' id='word_1_452' title='bbox 322 2686 389 2725; x_wconf 89' lang='lat' dir='ltr'>est</span> <span class='ocrx_word' id='word_1_453' title='bbox 411 2681 539 2738; x_wconf 76' lang='lat' dir='ltr'>cujus</span> <span class='ocrx_word' id='word_1_454' title='bbox 561 2682 748 2725; x_wconf 88' lang='lat' dir='ltr'>abstulit</span> <span class='ocrx_word' id='word_1_455' title='bbox 771 2681 984 2725; x_wconf 83' lang='lat' dir='ltr'>Ezechias</span> <span class='ocrx_word' id='word_1_456' title='bbox 1006 2682 1180 2724; x_wconf 80' lang='lat' dir='ltr'>excelsa</span> <span class='ocrx_word' id='word_1_457' title='bbox 1199 2686 1242 2725; x_wconf 91' lang='lat' dir='ltr'>et</span> <span class='ocrx_word' id='word_1_458' title='bbox 1261 2682 1436 2738; x_wconf 87' lang='lat' dir='ltr'>altaria,</span> <span class='ocrx_word' id='word_1_459' title='bbox 1457 2688 1499 2726; x_wconf 88' lang='lat' dir='ltr'>et</span> <span class='ocrx_word' id='word_1_460' title='bbox 1520 2684 1733 2741; x_wconf 73' lang='lat' dir='ltr'>praecepit</span> <span class='ocrx_word' id='word_1_461' title='bbox 1753 2685 1783 2727; x_wconf 89' lang='lat' dir='ltr'>J</span> <span class='ocrx_word' id='word_1_462' title='bbox 1789 2685 1888 2727; x_wconf 75' lang='lat' dir='ltr'>udae</span> 
     </span>
     <span class='ocr_line' id='line_1_44' title="bbox 52 2740 1889 2800; baseline 0.001 -16"><span class='ocrx_word' id='word_1_463' title='bbox 52 2746 96 2784; x_wconf 90' lang='lat' dir='ltr'>et</span> <span class='ocrx_word' id='word_1_464' title='bbox 121 2740 404 2785; x_wconf 76' lang='lat' dir='ltr'>Jerusalem:</span> <span class='ocrx_word' id='word_1_465' title='bbox 432 2742 554 2784; x_wconf 87' lang='lat' dir='ltr'>Ante</span> <span class='ocrx_word' id='word_1_466' title='bbox 581 2741 723 2785; x_wconf 86' lang='lat' dir='ltr'>altare</span> <span class='ocrx_word' id='word_1_467' title='bbox 752 2741 834 2784; x_wconf 86' lang='lat' dir='ltr'>hoc</span> <span class='ocrx_word' id='word_1_468' title='bbox 866 2740 1109 2783; x_wconf 86' lang='lat' dir='ltr'>adorabitis</span> <span class='ocrx_word' id='word_1_469' title='bbox 1141 2741 1188 2783; x_wconf 90' lang='lat' dir='ltr'>in</span> <span class='ocrx_word' id='word_1_470' title='bbox 1214 2741 1497 2786; x_wconf 80' lang='lat' dir='ltr'>Jerusalem?</span> <span class='ocrx_word' id='word_1_471' title='bbox 1531 2741 1568 2769; x_wconf 71' lang='lat'>23</span> <span class='ocrx_word' id='word_1_472' title='bbox 1588 2744 1720 2786; x_wconf 87' lang='lat' dir='ltr'>Nunc</span> <span class='ocrx_word' id='word_1_473' title='bbox 1751 2744 1889 2800; x_wconf 86' lang='lat' dir='ltr'>igitur</span> 
     </span>
     <span class='ocr_line' id='line_1_45' title="bbox 51 2799 1887 2857; baseline 0.002 -15"><span class='ocrx_word' id='word_1_474' title='bbox 51 2800 236 2843; x_wconf 84' lang='lat' dir='ltr'>transite</span> <span class='ocrx_word' id='word_1_475' title='bbox 257 2799 314 2843; x_wconf 86' lang='lat' dir='ltr'>ad</span> <span class='ocrx_word' id='word_1_476' title='bbox 337 2800 568 2843; x_wconf 88' lang='lat' dir='ltr'>dominum</span> <span class='ocrx_word' id='word_1_477' title='bbox 590 2815 758 2856; x_wconf 89' lang='lat' dir='ltr'>meum,</span> <span class='ocrx_word' id='word_1_478' title='bbox 781 2814 932 2856; x_wconf 87' lang='lat' dir='ltr'>regem</span> <span class='ocrx_word' id='word_1_479' title='bbox 956 2799 1260 2857; x_wconf 88' lang='lat' dir='ltr'>Assyriorum,</span> <span class='ocrx_word' id='word_1_480' title='bbox 1288 2806 1331 2844; x_wconf 89' lang='lat' dir='ltr'>et</span> <span class='ocrx_word' id='word_1_481' title='bbox 1356 2801 1471 2844; x_wconf 84' lang='lat' dir='ltr'>dabo</span> <span class='ocrx_word' id='word_1_482' title='bbox 1488 2801 1615 2844; x_wconf 80' lang='lat' dir='ltr'>vobis</span> <span class='ocrx_word' id='word_1_483' title='bbox 1637 2802 1723 2845; x_wconf 89' lang='lat' dir='ltr'>duo</span> <span class='ocrx_word' id='word_1_484' title='bbox 1745 2803 1887 2846; x_wconf 90' lang='lat' dir='ltr'>millia</span> 
     </span>
     <span class='ocr_line' id='line_1_46' title="bbox 0 2858 1886 2917; baseline 0.003 -16"><span class='ocrx_word' id='word_1_485' title='bbox 0 2891 5 2900; x_wconf 94' lang='lat'>.</span> <span class='ocrx_word' id='word_1_486' title='bbox 52 2873 289 2915; x_wconf 88' lang='lat' dir='ltr'>equorum;</span> <span class='ocrx_word' id='word_1_487' title='bbox 317 2864 361 2902; x_wconf 92' lang='lat' dir='ltr'>et</span> <span class='ocrx_word' id='word_1_488' title='bbox 386 2859 536 2903; x_wconf 84' lang='lat' dir='ltr'>videte</span> <span class='ocrx_word' id='word_1_489' title='bbox 559 2874 617 2903; x_wconf 89' lang='lat' dir='ltr'>an</span> <span class='ocrx_word' id='word_1_490' title='bbox 643 2860 805 2904; x_wconf 86' lang='lat' dir='ltr'>habere</span> <span class='ocrx_word' id='word_1_491' title='bbox 833 2858 1019 2902; x_wconf 86' lang='lat' dir='ltr'>valeatis</span> <span class='ocrx_word' id='word_1_492' title='bbox 1047 2873 1299 2903; x_wconf 87' lang='lat' dir='ltr'>ascensores</span> <span class='ocrx_word' id='word_1_493' title='bbox 1329 2874 1492 2903; x_wconf 87' lang='lat' dir='ltr'>eorum.</span> <span class='ocrx_word' id='word_1_494' title='bbox 1520 2859 1556 2887; x_wconf 67' lang='lat'>24</span> <span class='ocrx_word' id='word_1_495' title='bbox 1578 2862 1636 2904; x_wconf 90' lang='lat' dir='ltr'>Et</span> <span class='ocrx_word' id='word_1_496' title='bbox 1668 2862 1886 2917; x_wconf 87' lang='lat' dir='ltr'>quomodo</span> 
     </span>
     <span class='ocr_line' id='line_1_47' title="bbox 50 2918 1885 2975; baseline 0.002 -14"><span class='ocrx_word' id='word_1_497' title='bbox 50 2918 234 2975; x_wconf 86' lang='lat' dir='ltr'>potestis</span> <span class='ocrx_word' id='word_1_498' title='bbox 253 2918 458 2963; x_wconf 84' lang='lat' dir='ltr'>resistere</span> <span class='ocrx_word' id='word_1_499' title='bbox 477 2924 582 2962; x_wconf 88' lang='lat' dir='ltr'>ante</span> <span class='ocrx_word' id='word_1_500' title='bbox 602 2934 741 2962; x_wconf 90' lang='lat' dir='ltr'>unum</span> <span class='ocrx_word' id='word_1_501' title='bbox 766 2924 990 2975; x_wconf 85' lang='lat' dir='ltr'>satrapam</span> <span class='ocrx_word' id='word_1_502' title='bbox 1012 2918 1065 2961; x_wconf 91' lang='lat' dir='ltr'>de</span> <span class='ocrx_word' id='word_1_503' title='bbox 1090 2919 1232 2962; x_wconf 84' lang='lat' dir='ltr'>servis</span> <span class='ocrx_word' id='word_1_504' title='bbox 1253 2919 1421 2962; x_wconf 90' lang='lat' dir='ltr'>domini</span> <span class='ocrx_word' id='word_1_505' title='bbox 1448 2920 1534 2963; x_wconf 86' lang='lat' dir='ltr'>mei</span> <span class='ocrx_word' id='word_1_506' title='bbox 1556 2920 1753 2964; x_wconf 88' lang='lat' dir='ltr'>minimis</span> <span class='ocrx_word' id='word_1_507' title='bbox 1767 2921 1789 2965; x_wconf 83' lang='lat'>‘?</span> <span class='ocrx_word' id='word_1_508' title='bbox 1815 2922 1885 2964; x_wconf 91' lang='lat' dir='ltr'>An</span> 
     </span>
     <span class='ocr_line' id='line_1_48' title="bbox 50 2976 1886 3035; baseline 0.001 -15"><span class='ocrx_word' id='word_1_509' title='bbox 50 2976 261 3020; x_wconf 86' lang='lat' dir='ltr'>fiduciam</span> <span class='ocrx_word' id='word_1_510' title='bbox 294 2978 431 3021; x_wconf 86' lang='lat' dir='ltr'>habes</span> <span class='ocrx_word' id='word_1_511' title='bbox 462 2977 510 3020; x_wconf 91' lang='lat' dir='ltr'>in</span> <span class='ocrx_word' id='word_1_512' title='bbox 542 2979 743 3035; x_wconf 85' lang='lat' dir='ltr'>AEgypto</span> <span class='ocrx_word' id='word_1_513' title='bbox 773 2983 949 3035; x_wconf 90' lang='lat' dir='ltr'>propter</span> <span class='ocrx_word' id='word_1_514' title='bbox 982 2991 1132 3020; x_wconf 87' lang='lat' dir='ltr'>currus</span> <span class='ocrx_word' id='word_1_515' title='bbox 1169 2983 1212 3021; x_wconf 89' lang='lat' dir='ltr'>et</span> <span class='ocrx_word' id='word_1_516' title='bbox 1248 2979 1450 3034; x_wconf 85' lang='lat' dir='ltr'>equites?</span> <span class='ocrx_word' id='word_1_517' title='bbox 1480 2978 1516 3006; x_wconf 78' lang='lat'>&#39;²⁵</span> <span class='ocrx_word' id='word_1_518' title='bbox 1535 2980 1762 3035; x_wconf 89' lang='lat' dir='ltr'>Numquid</span> <span class='ocrx_word' id='word_1_519' title='bbox 1791 2980 1886 3023; x_wconf 88' lang='lat' dir='ltr'>sine</span> 
     </span>
     <span class='ocr_line' id='line_1_49' title="bbox 53 3036 1885 3082; baseline 0.002 -4"><span class='ocrx_word' id='word_1_520' title='bbox 53 3036 234 3079; x_wconf 82' lang='lat' dir='ltr'>Domini</span> <span class='ocrx_word' id='word_1_521' title='bbox 263 3037 492 3080; x_wconf 85' lang='lat' dir='ltr'>voluntate</span> <span class='ocrx_word' id='word_1_522' title='bbox 521 3037 701 3081; x_wconf 86' lang='lat' dir='ltr'>ascendi</span> <span class='ocrx_word' id='word_1_523' title='bbox 730 3037 787 3080; x_wconf 89' lang='lat' dir='ltr'>ad</span> <span class='ocrx_word' id='word_1_524' title='bbox 817 3037 964 3080; x_wconf 91' lang='lat' dir='ltr'>locum</span> <span class='ocrx_word' id='word_1_525' title='bbox 991 3036 1126 3079; x_wconf 87' lang='lat' dir='ltr'>istum</span> <span class='ocrx_word' id='word_1_526' title='bbox 1155 3043 1206 3080; x_wconf 90' lang='grc'>111</span> <span class='ocrx_word' id='word_1_527' title='bbox 1234 3037 1468 3081; x_wconf 86' lang='lat' dir='ltr'>demolirer</span> <span class='ocrx_word' id='word_1_528' title='bbox 1497 3039 1632 3082; x_wconf 83' lang='lat' dir='ltr'>eum?</span> <span class='ocrx_word' id='word_1_529' title='bbox 1668 3039 1885 3082; x_wconf 89' lang='lat' dir='ltr'>Dominus</span> 
     </span>
     <span class='ocr_line' id='line_1_50' title="bbox 51 3093 1426 3151; baseline 0.003 -15"><span class='ocrx_word' id='word_1_530' title='bbox 51 3093 167 3137; x_wconf 81' lang='lat' dir='ltr'>dixit</span> <span class='ocrx_word' id='word_1_531' title='bbox 191 3095 302 3138; x_wconf 87' lang='lat' dir='ltr'>mihi</span> <span class='ocrx_word' id='word_1_532' title='bbox 324 3112 334 3140; x_wconf 72' lang='grc' dir='ltr'><strong><em>ε</em></strong></span> <span class='ocrx_word' id='word_1_533' title='bbox 357 3096 562 3139; x_wconf 82' lang='lat' dir='ltr'>Ascende</span> <span class='ocrx_word' id='word_1_534' title='bbox 583 3097 640 3139; x_wconf 88' lang='lat' dir='ltr'>ad</span> <span class='ocrx_word' id='word_1_535' title='bbox 662 3102 825 3140; x_wconf 88' lang='lat' dir='ltr'>terram</span> <span class='ocrx_word' id='word_1_536' title='bbox 850 3096 986 3151; x_wconf 90' lang='lat' dir='ltr'>hanc,</span> <span class='ocrx_word' id='word_1_537' title='bbox 1012 3101 1056 3139; x_wconf 87' lang='lat' dir='ltr'>et</span> <span class='ocrx_word' id='word_1_538' title='bbox 1078 3095 1290 3140; x_wconf 89' lang='lat' dir='ltr'>demolire</span> <span class='ocrx_word' id='word_1_539' title='bbox 1315 3111 1426 3141; x_wconf 88' lang='lat' dir='ltr'>eam.</span> 
     </span>
    </p>

    <p class='ocr_par' dir='ltr' id='par_1_7' title="bbox 50 3152 1883 3448">
     <span class='ocr_line' id='line_1_51' title="bbox 110 3152 1882 3212; baseline 0.002 -16"><span class='ocrx_word' id='word_1_540' title='bbox 110 3152 147 3180; x_wconf 70' lang='lat'>²⁶</span> <span class='ocrx_word' id='word_1_541' title='bbox 166 3154 386 3198; x_wconf 82' lang='lat' dir='ltr'>Dixerunt</span> <span class='ocrx_word' id='word_1_542' title='bbox 406 3160 557 3199; x_wconf 88' lang='lat' dir='ltr'>autem</span> <span class='ocrx_word' id='word_1_543' title='bbox 580 3155 791 3211; x_wconf 89' lang='lat' dir='ltr'>Eliacim,</span> <span class='ocrx_word' id='word_1_544' title='bbox 814 3155 930 3197; x_wconf 89' lang='lat' dir='ltr'>filius</span> <span class='ocrx_word' id='word_1_545' title='bbox 954 3154 1147 3212; x_wconf 84' lang='lat' dir='ltr'>Helciae,</span> <span class='ocrx_word' id='word_1_546' title='bbox 1171 3161 1214 3199; x_wconf 91' lang='lat' dir='ltr'>et</span> <span class='ocrx_word' id='word_1_547' title='bbox 1236 3156 1402 3212; x_wconf 89' lang='lat' dir='ltr'>Sobna,</span> <span class='ocrx_word' id='word_1_548' title='bbox 1427 3162 1470 3200; x_wconf 87' lang='lat' dir='ltr'>et</span> <span class='ocrx_word' id='word_1_549' title='bbox 1488 3157 1643 3212; x_wconf 88' lang='lat' dir='ltr'>Joahe,</span> <span class='ocrx_word' id='word_1_550' title='bbox 1666 3157 1853 3200; x_wconf 89' lang='lat' dir='ltr'>Rabsaci</span> <span class='ocrx_word' id='word_1_551' title='bbox 1873 3172 1882 3199; x_wconf 72' lang='grc' dir='ltr'><em>τ</em></span> 
     </span>
     <span class='ocr_line' id='line_1_52' title="bbox 51 3213 1882 3272; baseline 0.002 -16"><span class='ocrx_word' id='word_1_552' title='bbox 51 3213 290 3256; x_wconf 68' lang='lat' dir='ltr'>Preoemur</span> <span class='ocrx_word' id='word_1_553' title='bbox 318 3219 367 3257; x_wconf 90' lang='lat' dir='ltr'>ut</span> <span class='ocrx_word' id='word_1_554' title='bbox 394 3214 588 3270; x_wconf 86' lang='lat' dir='ltr'>loquaris</span> <span class='ocrx_word' id='word_1_555' title='bbox 618 3215 766 3271; x_wconf 88' lang='lat' dir='ltr'>nobis,</span> <span class='ocrx_word' id='word_1_556' title='bbox 797 3213 934 3257; x_wconf 82' lang='lat' dir='ltr'>servis</span> <span class='ocrx_word' id='word_1_557' title='bbox 967 3213 1076 3270; x_wconf 86' lang='lat' dir='ltr'>tuis,</span> <span class='ocrx_word' id='word_1_558' title='bbox 1111 3215 1304 3272; x_wconf 88' lang='lat' dir='ltr'>syriace,</span> <span class='ocrx_word' id='word_1_559' title='bbox 1339 3216 1558 3272; x_wconf 89' lang='lat' dir='ltr'>siquidem</span> <span class='ocrx_word' id='word_1_560' title='bbox 1588 3216 1882 3271; x_wconf 79' lang='lat' dir='ltr'>intelligimus</span> 
     </span>
     <span class='ocr_line' id='line_1_53' title="bbox 50 3270 1883 3331; baseline 0.002 -17"><span class='ocrx_word' id='word_1_561' title='bbox 50 3270 165 3314; x_wconf 90' lang='lat' dir='ltr'>hanc</span> <span class='ocrx_word' id='word_1_562' title='bbox 197 3271 420 3329; x_wconf 85' lang='lat' dir='ltr'>linguam,</span> <span class='ocrx_word' id='word_1_563' title='bbox 455 3279 499 3316; x_wconf 88' lang='lat' dir='ltr'>et</span> <span class='ocrx_word' id='word_1_564' title='bbox 530 3288 619 3317; x_wconf 90' lang='lat' dir='ltr'>non</span> <span class='ocrx_word' id='word_1_565' title='bbox 655 3273 847 3330; x_wconf 88' lang='lat' dir='ltr'>loquaris</span> <span class='ocrx_word' id='word_1_566' title='bbox 879 3272 1008 3316; x_wconf 89' lang='lat' dir='ltr'>nobis</span> <span class='ocrx_word' id='word_1_567' title='bbox 1039 3273 1237 3330; x_wconf 85' lang='lat' dir='ltr'>judaice,</span> <span class='ocrx_word' id='word_1_568' title='bbox 1270 3274 1480 3318; x_wconf 80' lang='lat' dir='ltr'>audiente</span> <span class='ocrx_word' id='word_1_569' title='bbox 1511 3275 1672 3331; x_wconf 88' lang='lat' dir='ltr'>populo</span> <span class='ocrx_word' id='word_1_570' title='bbox 1709 3274 1782 3330; x_wconf 91' lang='lat' dir='ltr'>qui</span> <span class='ocrx_word' id='word_1_571' title='bbox 1816 3271 1883 3317; x_wconf 82' lang='lat' dir='ltr'>est</span> 
     </span>
     <span class='ocr_line' id='line_1_54' title="bbox 50 3331 1879 3390; baseline 0.002 -17"><span class='ocrx_word' id='word_1_572' title='bbox 50 3341 180 3387; x_wconf 85' lang='lat' dir='ltr'>super</span> <span class='ocrx_word' id='word_1_573' title='bbox 202 3346 390 3375; x_wconf 89' lang='lat' dir='ltr'>murum.</span> <span class='ocrx_word' id='word_1_574' title='bbox 417 3331 452 3358; x_wconf 74' lang='lat'>⁹²⁷</span> <span class='ocrx_word' id='word_1_575' title='bbox 473 3333 803 3390; x_wconf 83' lang='lat' dir='ltr'>Responditque</span> <span class='ocrx_word' id='word_1_576' title='bbox 823 3332 885 3375; x_wconf 90' lang='lat' dir='ltr'>eis</span> <span class='ocrx_word' id='word_1_577' title='bbox 909 3332 1151 3387; x_wconf 73' lang='lat' dir='ltr'>Rabsaces,</span> <span class='ocrx_word' id='word_1_578' title='bbox 1177 3333 1329 3377; x_wconf 90' lang='lat' dir='ltr'>dicens</span> <span class='ocrx_word' id='word_1_579' title='bbox 1351 3350 1360 3377; x_wconf 93' lang='lat'><strong>:</strong></span> <span class='ocrx_word' id='word_1_580' title='bbox 1390 3333 1618 3389; x_wconf 87' lang='lat' dir='ltr'>Numquid</span> <span class='ocrx_word' id='word_1_581' title='bbox 1650 3333 1707 3376; x_wconf 91' lang='lat' dir='ltr'>ad</span> <span class='ocrx_word' id='word_1_582' title='bbox 1741 3333 1879 3376; x_wconf 86' lang='lat' dir='ltr'>dorni—</span> 
     </span>
     <span class='ocr_line' id='line_1_55' title="bbox 50 3390 1881 3448; baseline 0.002 -17"><span class='ocrx_word' id='word_1_583' title='bbox 50 3401 158 3432; x_wconf 89' lang='lat' dir='ltr'>num</span> <span class='ocrx_word' id='word_1_584' title='bbox 178 3395 306 3433; x_wconf 84' lang='lat' dir='ltr'>tuum</span> <span class='ocrx_word' id='word_1_585' title='bbox 325 3396 373 3434; x_wconf 86' lang='lat' dir='ltr'>et</span> <span class='ocrx_word' id='word_1_586' title='bbox 392 3391 451 3434; x_wconf 89' lang='lat' dir='ltr'>ad</span> <span class='ocrx_word' id='word_1_587' title='bbox 474 3396 517 3435; x_wconf 88' lang='lat' dir='ltr'>te</span> <span class='ocrx_word' id='word_1_588' title='bbox 545 3392 668 3435; x_wconf 88' lang='lat' dir='ltr'>misit</span> <span class='ocrx_word' id='word_1_589' title='bbox 692 3406 762 3435; x_wconf 89' lang='lat' dir='ltr'>me</span> <span class='ocrx_word' id='word_1_590' title='bbox 784 3390 989 3434; x_wconf 89' lang='lat' dir='ltr'>dominus</span> <span class='ocrx_word' id='word_1_591' title='bbox 1017 3405 1154 3448; x_wconf 84' lang='lat' dir='ltr'>meus,</span> <span class='ocrx_word' id='word_1_592' title='bbox 1166 3397 1215 3435; x_wconf 90' lang='lat' dir='ltr'>ut</span> <span class='ocrx_word' id='word_1_593' title='bbox 1243 3392 1442 3448; x_wconf 89' lang='lat' dir='ltr'>loquerer</span> <span class='ocrx_word' id='word_1_594' title='bbox 1462 3405 1682 3436; x_wconf 87' lang='lat' dir='ltr'>sermones</span> <span class='ocrx_word' id='word_1_595' title='bbox 1707 3391 1806 3448; x_wconf 89' lang='lat' dir='ltr'>hos,</span> <span class='ocrx_word' id='word_1_596' title='bbox 1837 3397 1881 3435; x_wconf 88' lang='lat' dir='ltr'>et</span> 
     </span>
    </p>
   </div>
   <div class='ocr_carea' id='block_1_3' title="bbox 49 3547 1879 3626">
    <p class='ocr_par' dir='ltr' id='par_1_8' title="bbox 49 3547 1879 3626">
     <span class='ocr_line' id='line_1_56' title="bbox 49 3547 1879 3619; baseline 0.003 -44"><span class='ocrx_word' id='word_1_597' title='bbox 49 3547 203 3619; x_wconf 47' lang='lat' dir='ltr'>{ijxugxf</span> <span class='ocrx_word' id='word_1_598' title='bbox 221 3549 317 3584; x_wconf 87' lang='lat' dir='ltr'>XXI,</span> <span class='ocrx_word' id='word_1_599' title='bbox 332 3551 409 3578; x_wconf 81' lang='grc'>9.-</span> <span class='ocrx_word' id='word_1_600' title='bbox 430 3550 477 3583; x_wconf 93' lang='grc'>10]</span> <span class='ocrx_word' id='word_1_601' title='bbox 504 3550 581 3584; x_wconf 82' lang='lat' dir='ltr'>Sup.</span> <span class='ocrx_word' id='word_1_602' title='bbox 600 3551 720 3586; x_wconf 88' lang='lat' dir='ltr'>XVII,</span> <span class='ocrx_word' id='word_1_603' title='bbox 736 3553 763 3578; x_wconf 83' lang='lat'>6.</span> <span class='ocrx_word' id='word_1_604' title='bbox 790 3550 867 3578; x_wconf 84' lang='lat' dir='ltr'>Tob.</span> <span class='ocrx_word' id='word_1_605' title='bbox 888 3551 913 3584; x_wconf 91' lang='lat' dir='ltr'>I,</span> <span class='ocrx_word' id='word_1_606' title='bbox 931 3551 1007 3578; x_wconf 81' lang='lat'>2.—</span> <span class='ocrx_word' id='word_1_607' title='bbox 1027 3551 1074 3584; x_wconf 85' lang='lat'>13]</span> <span class='ocrx_word' id='word_1_608' title='bbox 1099 3552 1131 3579; x_wconf 91' lang='lat'>11</span> <span class='ocrx_word' id='word_1_609' title='bbox 1152 3552 1223 3579; x_wconf 85' lang='lat' dir='ltr'>Par.</span> <span class='ocrx_word' id='word_1_610' title='bbox 1244 3551 1396 3586; x_wconf 80' lang='lat' dir='ltr'>XXXII,</span> <span class='ocrx_word' id='word_1_611' title='bbox 1417 3553 1441 3579; x_wconf 93' lang='lat'>1.</span> <span class='ocrx_word' id='word_1_612' title='bbox 1463 3549 1565 3579; x_wconf 85' lang='lat' dir='ltr'>Eccli.</span> <span class='ocrx_word' id='word_1_613' title='bbox 1584 3551 1751 3587; x_wconf 87' lang='lat' dir='ltr'>XLVIII,</span> <span class='ocrx_word' id='word_1_614' title='bbox 1767 3553 1811 3581; x_wconf 83' lang='lat'>20.</span> <span class='ocrx_word' id='word_1_615' title='bbox 1835 3553 1879 3581; x_wconf 79' lang='lat' dir='ltr'>Is.</span> 
     </span>
     <span class='ocr_line' id='line_1_57' title="bbox 207 3593 1662 3626; baseline -0.008 -8"><span class='ocrx_word' id='word_1_616' title='bbox 207 3593 254 3626; x_wconf 86' lang='lat'>,1.</span> <span class='ocrx_word' id='word_1_617' title='bbox 1563 3618 1565 3621; x_wconf 22' lang='grc' dir='ltr'><strong><em>ι</em></strong></span> <span class='ocrx_word' id='word_1_618' title='bbox 1658 3602 1662 3607; x_wconf 95' lang='grc'><em>.</em></span> 
     </span>
    </p>
   </div>
   <div class='ocr_carea' id='block_1_4' title="bbox 1963 921 2202 1083">
    <p class='ocr_par' dir='ltr' id='par_1_9' title="bbox 1963 921 2202 1083">
     <span class='ocr_line' id='line_1_58' title="bbox 1996 921 2177 955; baseline -0.006 -5"><span class='ocrx_word' id='word_1_619' title='bbox 1996 921 2177 955; x_wconf 83' lang='lat' dir='ltr'>Repetitur</span> 
     </span>
     <span class='ocr_line' id='line_1_59' title="bbox 1980 966 2187 994; baseline 0.005 -1"><span class='ocrx_word' id='word_1_620' title='bbox 1980 966 2128 994; x_wconf 81' lang='lat' dir='ltr'>narratio</span> <span class='ocrx_word' id='word_1_621' title='bbox 2146 967 2187 994; x_wconf 88' lang='lat' dir='ltr'>de</span> 
     </span>
     <span class='ocr_line' id='line_1_60' title="bbox 1963 1009 2202 1044; baseline 0 -6"><span class='ocrx_word' id='word_1_622' title='bbox 1963 1009 2094 1038; x_wconf 75' lang='lat' dir='ltr'>excidio</span> <span class='ocrx_word' id='word_1_623' title='bbox 2107 1009 2202 1044; x_wconf 75' lang='lat' dir='ltr'>regni</span> 
     </span>
     <span class='ocr_line' id='line_1_61' title="bbox 2026 1054 2140 1083; baseline 0 -1"><span class='ocrx_word' id='word_1_624' title='bbox 2026 1054 2140 1083; x_wconf 66' lang='lat' dir='ltr'>Israel.</span> 
     </span>
    </p>
   </div>
   <div class='ocr_carea' id='block_1_5' title="bbox 1967 1391 2194 1642">
    <p class='ocr_par' dir='ltr' id='par_1_10' title="bbox 1967 1391 2194 1642">
     <span class='ocr_line' id='line_1_62' title="bbox 1967 1391 2194 1420; baseline -0.004 0"><span class='ocrx_word' id='word_1_625' title='bbox 1967 1391 2194 1420; x_wconf 72' lang='lat' dir='ltr'>Sennacherib</span> 
     </span>
     <span class='ocr_line' id='line_1_63' title="bbox 1975 1435 2189 1464; baseline 0 -1"><span class='ocrx_word' id='word_1_626' title='bbox 1975 1435 2189 1464; x_wconf 76' lang='lat' dir='ltr'>invadentem</span> 
     </span>
     <span class='ocr_line' id='line_1_64' title="bbox 2005 1480 2157 1508; baseline 0.007 -1"><span class='ocrx_word' id='word_1_627' title='bbox 2005 1481 2025 1508; x_wconf 81' lang='lat' dir='ltr'>J</span> <span class='ocrx_word' id='word_1_628' title='bbox 2031 1480 2157 1508; x_wconf 83' lang='lat' dir='ltr'>udaeam</span> 
     </span>
     <span class='ocr_line' id='line_1_65' title="bbox 2004 1524 2164 1552; baseline 0 0"><span class='ocrx_word' id='word_1_629' title='bbox 2004 1524 2164 1552; x_wconf 81' lang='lat' dir='ltr'>Ezechias</span> 
     </span>
     <span class='ocr_line' id='line_1_66' title="bbox 1977 1570 2182 1602; baseline 0.01 -6"><span class='ocrx_word' id='word_1_630' title='bbox 1977 1570 2109 1602; x_wconf 87' lang='lat' dir='ltr'>placare</span> <span class='ocrx_word' id='word_1_631' title='bbox 2131 1577 2182 1598; x_wconf 89' lang='lat' dir='ltr'>co-</span> 
     </span>
     <span class='ocr_line' id='line_1_67' title="bbox 2023 1617 2134 1642; baseline 0 -1"><span class='ocrx_word' id='word_1_632' title='bbox 2023 1617 2134 1642; x_wconf 59' lang='lat' dir='ltr'>nature</span> 
     </span>
    </p>
   </div>
   <div class='ocr_carea' id='block_1_6' title="bbox 1958 1923 2199 2088">
    <p class='ocr_par' dir='ltr' id='par_1_11' title="bbox 1958 1923 2199 2088">
     <span class='ocr_line' id='line_1_68' title="bbox 1977 1923 2181 1955; baseline 0 -5"><span class='ocrx_word' id='word_1_633' title='bbox 1977 1923 2181 1955; x_wconf 79' lang='lat' dir='ltr'>Legatorum</span> 
     </span>
     <span class='ocr_line' id='line_1_69' title="bbox 1969 1966 2186 1999; baseline 0 -5"><span class='ocrx_word' id='word_1_634' title='bbox 1969 1966 2186 1999; x_wconf 69' lang='lat' dir='ltr'>Assyrmrum</span> 
     </span>
     <span class='ocr_line' id='line_1_70' title="bbox 1958 2010 2199 2039; baseline 0.004 -1"><span class='ocrx_word' id='word_1_635' title='bbox 1958 2010 2056 2038; x_wconf 81' lang='lat' dir='ltr'>minae</span> <span class='ocrx_word' id='word_1_636' title='bbox 2077 2013 2111 2038; x_wconf 89' lang='lat' dir='ltr'>et</span> <span class='ocrx_word' id='word_1_637' title='bbox 2133 2011 2199 2039; x_wconf 90' lang='lat' dir='ltr'>bla-</span> 
     </span>
     <span class='ocr_line' id='line_1_71' title="bbox 1996 2054 2164 2088; baseline 0.012 -6"><span class='ocrx_word' id='word_1_638' title='bbox 1996 2054 2164 2088; x_wconf 78' lang='lat' dir='ltr'>sphemiae.</span> 
     </span>
    </p>
   </div>
   <div class='ocr_carea' id='block_1_7' title="bbox 2394 7 2426 598">
    <p class='ocr_par' dir='ltr' id='par_1_12' title="bbox 2394 7 2426 598">
     <span class='ocr_line' id='line_1_72' title="bbox 2394 7 2426 598; textangle 90"><span class='ocrx_word' id='word_1_639' title='bbox 2399 459 2426 598; x_wconf 49' lang='grc' dir='ltr'>,οὖα-</span> <span class='ocrx_word' id='word_1_640' title='bbox 2394 221 2424 473; x_wconf 43' lang='lat' dir='ltr'>„affixam-”5</span> <span class='ocrx_word' id='word_1_641' title='bbox 2394 63 2422 265; x_wconf 36' lang='grc' dir='ltr'>’,ψει-*ἐτη</span> <span class='ocrx_word' id='word_1_642' title='bbox 2408 7 2410 10; x_wconf 37' lang='lat' dir='ltr'>v</span> 
     </span>
    </p>
   </div>
   <div class='ocr_carea' id='block_1_8' title="bbox 2396 597 2428 936">
    <p class='ocr_par' dir='ltr' id='par_1_13' title="bbox 2396 597 2428 936">
     <span class='ocr_line' id='line_1_73' title="bbox 2396 597 2428 936; textangle 90"><span class='ocrx_word' id='word_1_643' title='bbox 2412 921 2419 936; x_wconf 58' lang='grc' dir='ltr'><strong><em>τ</em></strong></span> <span class='ocrx_word' id='word_1_644' title='bbox 2396 888 2420 914; x_wconf 52' lang='lat'>*⁴2</span> <span class='ocrx_word' id='word_1_645' title='bbox 2404 844 2420 883; x_wconf 51' lang='grc' dir='ltr'>τὲ</span> <span class='ocrx_word' id='word_1_646' title='bbox 2404 695 2428 839; x_wconf 48' lang='lat' dir='ltr'>Tru-*3:⁴44*</span> <span class='ocrx_word' id='word_1_647' title='bbox 2398 597 2425 690; x_wconf 45' lang='grc' dir='ltr'>ῑ-ῖῖςὸῡ</span> 
     </span>
    </p>
   </div>
   <div class='ocr_carea' id='block_1_9' title="bbox 2398 2132 2444 3456">
    <p class='ocr_par' dir='ltr' id='par_1_14' title="bbox 2398 2132 2444 3456">
     <span class='ocr_line' id='line_1_74' title="bbox 2402 2132 2424 2158; baseline 0.045 -12"><span class='ocrx_word' id='word_1_648' title='bbox 2402 2132 2424 2158; x_wconf 48' lang='grc'>111</span> 
     </span>
     <span class='ocr_line' id='line_1_75' title="bbox 2398 2174 2424 2203; baseline 0 -24"><span class='ocrx_word' id='word_1_649' title='bbox 2398 2174 2424 2203; x_wconf 61' lang='grc'>,</span> 
     </span>
     <span class='ocr_line' id='line_1_76' title="bbox 2398 2252 2424 2277; baseline -0.074 0"><span class='ocrx_word' id='word_1_650' title='bbox 2398 2252 2424 2277; x_wconf 60' lang='grc'>1.</span> 
     </span>
     <span class='ocr_line' id='line_1_77' title="bbox 2399 2286 2425 2302; baseline 0 0"><span class='ocrx_word' id='word_1_651' title='bbox 2399 2286 2401 2295; x_wconf 68' lang='lat'><strong>¹</strong></span> <span class='ocrx_word' id='word_1_652' title='bbox 2422 2290 2425 2302; x_wconf 72' lang='grc' dir='ltr'><strong><em>τ</em></strong></span> 
     </span>
     <span class='ocr_line' id='line_1_78' title="bbox 2418 2307 2435 2338; baseline 0 0"><span class='ocrx_word' id='word_1_653' title='bbox 2418 2307 2435 2338; x_wconf 46' lang='grc'>111</span> 
     </span>
     <span class='ocr_line' id='line_1_79' title="bbox 2400 2390 2434 2445; baseline 0.059 -40"><span class='ocrx_word' id='word_1_654' title='bbox 2400 2390 2434 2445; x_wconf 37' lang='lat'>*³0</span> 
     </span>
     <span class='ocr_line' id='line_1_80' title="bbox 2400 2466 2427 2491; baseline 0 -5"><span class='ocrx_word' id='word_1_655' title='bbox 2400 2466 2427 2491; x_wconf 55' lang='lat'>2⁴¹</span> 
     </span>
     <span class='ocr_line' id='line_1_81' title="bbox 2409 2500 2434 2518; baseline 0 8"><span class='ocrx_word' id='word_1_656' title='bbox 2409 2500 2434 2518; x_wconf 79' lang='grc'>···</span> 
     </span>
     <span class='ocr_line' id='line_1_82' title="bbox 2399 2619 2427 2643; baseline -0.036 0"><span class='ocrx_word' id='word_1_657' title='bbox 2399 2619 2427 2643; x_wconf 57' lang='lat' dir='ltr'>a:</span> 
     </span>
     <span class='ocr_line' id='line_1_83' title="bbox 2401 2647 2435 2675; baseline 0.059 -14"><span class='ocrx_word' id='word_1_658' title='bbox 2401 2647 2435 2675; x_wconf 42' lang='lat'>‘01</span> 
     </span>
     <span class='ocr_line' id='line_1_84' title="bbox 2399 2671 2436 2722; baseline 0.054 -9"><span class='ocrx_word' id='word_1_659' title='bbox 2399 2671 2436 2722; x_wconf 64' lang='lat'>32,</span> 
     </span>
     <span class='ocr_line' id='line_1_85' title="bbox 2420 2737 2435 2768; baseline 0.056 -11.833"><span class='ocrx_word' id='word_1_660' title='bbox 2420 2737 2435 2768; x_wconf 47' lang='lat'>¹4„</span> 
     </span>
     <span class='ocr_line' id='line_1_86' title="bbox 2402 2769 2427 2796; baseline 0 -20"><span class='ocrx_word' id='word_1_661' title='bbox 2402 2769 2427 2796; x_wconf 47' lang='lat'>4,</span> 
     </span>
     <span class='ocr_line' id='line_1_87' title="bbox 2399 2796 2428 2835; baseline 0 0"><span class='ocrx_word' id='word_1_662' title='bbox 2399 2796 2428 2835; x_wconf 72' lang='grc'>’1</span> 
     </span>
     <span class='ocr_line' id='line_1_88' title="bbox 2401 2850 2437 2861; baseline 0 0"><span class='ocrx_word' id='word_1_663' title='bbox 2401 2850 2403 2858; x_wconf 67' lang='lat'><strong><em>¹</em></strong></span> <span class='ocrx_word' id='word_1_664' title='bbox 2434 2857 2437 2861; x_wconf 76' lang='grc' dir='ltr'>ι</span> 
     </span>
     <span class='ocr_line' id='line_1_89' title="bbox 2410 2838 2444 2922; baseline 0 -18"><span class='ocrx_word' id='word_1_665' title='bbox 2410 2838 2444 2922; x_wconf 52' lang='lat' dir='ltr'>zi:</span> 
     </span>
     <span class='ocr_line' id='line_1_90' title="bbox 2420 2925 2439 2962; baseline 0 0"><span class='ocrx_word' id='word_1_666' title='bbox 2420 2925 2439 2962; x_wconf 68' lang='grc' dir='ltr'>Γ-</span> 
     </span>
     <span class='ocr_line' id='line_1_91' title="bbox 2399 2956 2439 3012; baseline 0.05 -30"><span class='ocrx_word' id='word_1_667' title='bbox 2399 2956 2439 3012; x_wconf 54' lang='lat' dir='ltr'>&#39;ji</span> 
     </span>
     <span class='ocr_line' id='line_1_92' title="bbox 2422 3006 2439 3038; baseline 0 -14"><span class='ocrx_word' id='word_1_668' title='bbox 2422 3006 2439 3038; x_wconf 46' lang='lat'>4¹}</span> 
     </span>
     <span class='ocr_line' id='line_1_93' title="bbox 2422 3039 2430 3071; baseline 0 -2"><span class='ocrx_word' id='word_1_669' title='bbox 2422 3039 2430 3071; x_wconf 63' lang='grc'>1</span> 
     </span>
     <span class='ocr_line' id='line_1_94' title="bbox 2398 3074 2430 3130; baseline 0.063 -2"><span class='ocrx_word' id='word_1_670' title='bbox 2398 3074 2430 3130; x_wconf 69' lang='grc'>,1</span> 
     </span>
     <span class='ocr_line' id='line_1_95' title="bbox 2399 3131 2430 3203; baseline 0 0"><span class='ocrx_word' id='word_1_671' title='bbox 2399 3131 2430 3203; x_wconf 69' lang='lat' dir='ltr'>l</span> 
     </span>
     <span class='ocr_line' id='line_1_96' title="bbox 2408 3175 2413 3188; baseline 0 0"><span class='ocrx_word' id='word_1_672' title='bbox 2408 3175 2413 3188; x_wconf 57' lang='lat' dir='ltr'>b</span> 
     </span>
     <span class='ocr_line' id='line_1_97' title="bbox 2399 3335 2430 3368; baseline 0 0"><span class='ocrx_word' id='word_1_673' title='bbox 2399 3335 2430 3368; x_wconf 73' lang='grc'>.,</span> 
     </span>
     <span class='ocr_line' id='line_1_98' title="bbox 2410 3370 2430 3456; baseline 0.1 -2"><span class='ocrx_word' id='word_1_674' title='bbox 2410 3370 2430 3456; x_wconf 66' lang='lat' dir='ltr'>l</span> 
     </span>
    </p>
   </div>
   <div class='ocr_carea' id='block_1_10' title="bbox 2390 0 2456 3861">
    <p class='ocr_par' dir='ltr' id='par_1_15' title="bbox 2390 0 2456 3861">
     <span class='ocr_line' id='line_1_99' title="bbox 2390 0 2456 3861; baseline 0 0"><span class='ocrx_word' id='word_1_675' title='bbox 2390 0 2456 3861; x_wconf 95' lang='lat' dir='ltr'> </span> 
     </span>
    </p>
   </div>
   <div class='ocr_carea' id='block_1_11' title="bbox 2422 3628 2449 3818">
    <p class='ocr_par' dir='ltr' id='par_1_16' title="bbox 2422 3628 2449 3818">
     <span class='ocr_line' id='line_1_100' title="bbox 2422 3628 2449 3818; textangle 90"><span class='ocrx_word' id='word_1_676' title='bbox 2422 3773 2441 3818; x_wconf 57' lang='lat'>‘²&#39;-</span> <span class='ocrx_word' id='word_1_677' title='bbox 2435 3628 2449 3739; x_wconf 50' lang='lat'>2:3221</span> 
     </span>
    </p>
   </div>
   <div class='ocr_carea' id='block_1_12' title="bbox 2434 3103 2447 3326">
    <p class='ocr_par' dir='ltr' id='par_1_17' title="bbox 2434 3103 2447 3326">
     <span class='ocr_line' id='line_1_101' title="bbox 2434 3103 2447 3326; textangle 90"><span class='ocrx_word' id='word_1_678' title='bbox 2435 3247 2447 3326; x_wconf 58' lang='lat' dir='ltr'>-⁴··&lt;¹z·*</span> <span class='ocrx_word' id='word_1_679' title='bbox 2438 3223 2446 3232; x_wconf 37' lang='grc' dir='ltr'>γ’</span> <span class='ocrx_word' id='word_1_680' title='bbox 2434 3103 2446 3211; x_wconf 38' lang='lat' dir='ltr'>&amp;vl—&#39;n-</span> 
     </span>
    </p>
   </div>
   <div class='ocr_carea' id='block_1_13' title="bbox 2435 3397 2448 3630">
    <p class='ocr_par' dir='ltr' id='par_1_18' title="bbox 2435 3397 2448 3630">
     <span class='ocr_line' id='line_1_102' title="bbox 2435 3397 2448 3630; textangle 90"><span class='ocrx_word' id='word_1_681' title='bbox 2435 3550 2448 3630; x_wconf 34' lang='lat'>5:2⁴5:</span> <span class='ocrx_word' id='word_1_682' title='bbox 2436 3493 2448 3543; x_wconf 41' lang='lat'>³5&amp;</span> <span class='ocrx_word' id='word_1_683' title='bbox 2436 3458 2447 3485; x_wconf 52' lang='grc' dir='ltr'>ς’</span> <span class='ocrx_word' id='word_1_684' title='bbox 2446 3432 2447 3438; x_wconf 34' lang='lat' dir='ltr'>n</span> <span class='ocrx_word' id='word_1_685' title='bbox 2438 3397 2447 3421; x_wconf 52' lang='grc' dir='ltr'>ς]</span> 
     </span>
    </p>
   </div>
  </div>
 </body>
</html>
