2423 3861
614 144 717 187 JER.
753 143 1000 197 XXXVII,
1034 144 1060 186 5
1092 167 1149 176 --
1182 141 1457 195 XXXVIII,
1490 142 1531 185 7.
1903 143 1986 184 887

161 316 340 373 populi;
375 331 460 359 non
487 316 605 360 enim
632 314 843 357 miserant
876 329 974 357 eum
1004 314 1049 356 in
1080 313 1325 356 custodiam
1356 311 1556 355 carceris.
1587 311 1733 367 Igitur
1767 312 1985 354 exercitus

163 375 404 418 Pharaonis
427 390 627 431 egressus
649 379 715 416 est
737 373 790 415 de
812 374 1032 429 AEgypto,
1057 378 1100 415 et
1123 372 1354 415 audientes
1376 370 1597 425 Chaldaei,
1620 369 1693 427 qui
1720 370 1985 430 obsidebant

159 434 430 489 Jerusalem,
456 433 763 490 hujuscemodi
790 431 1016 486 nuntium,
1043 436 1317 474 recesserunt
1341 430 1398 473 ab
1416 430 1678 473 Jerusalem.
1698 429 1715 455 5
1735 430 1790 471 Et
1813 429 1984 471 factum

158 498 225 535 est
250 493 435 536 verbum
473 492 651 535 Domini
686 492 741 534 ad
776 491 1018 534 Jeremiam
1049 490 1330 546 prophetam,
1359 489 1538 532 dicens:
1573 490 1590 515 ⁶
1617 489 1728 531 Haec
1754 487 1864 531 dicit
1899 489 1983 530 Do-

160 552 326 607 minus,
352 553 471 595 Deus
500 552 668 596 Israel:
695 551 766 595 Sic
793 549 950 592 dicetis
980 548 1073 604 regi
1101 549 1239 604 Juda,
1264 548 1337 603 qui
1370 548 1490 590 misit
1516 562 1593 590 vos
1618 547 1674 590 ad
1707 561 1775 590 me
1800 547 1984 589 interro-

157 610 356 665 gandum
380 628 388 654 ε
414 612 530 653 Ecce
560 611 778 654 exercitus
807 608 1068 662 Pharaonis,
1095 607 1168 663 qni
1200 621 1400 662 egressus
1427 613 1491 650 est
1514 606 1639 649 vobis
1672 606 1718 649 in
1747 605 1983 661 auxilium,

158 676 402 712 revertetur
426 670 471 711 in
498 674 661 712 terram
686 683 810 712 suam
837 667 879 709 in
908 668 1182 722 [Egyptunn
1214 665 1228 691 ⁷
1248 671 1292 708 et
1324 666 1496 709 redient
1526 665 1748 720 Chaldaei,
1781 671 1823 708 et
1849 664 1984 708 bella-

161 726 270 770 bunt
287 734 441 771 contra
459 728 690 771 civitatem
708 728 834 783 hanc,
855 732 900 770 et
918 726 1096 781 capient
1114 739 1224 778 cam,
1245 731 1289 767 et
1306 725 1577 768 succendent
1595 739 1692 766 cam
1710 723 1818 779 igni.
1838 724 1855 750 8
1872 724 1984 768 Haec

158 786 267 829 dicit
292 787 532 830 Dominus:
560 787 707 830 Nolite
730 786 932 842 decipere
957 784 1129 826 animas
1147 790 1327 838 vestras,
1348 783 1546 826 dicentes
1568 800 1576 827 :
1598 784 1764 826 Euntes
1782 783 1983 838 abibunt,

158 851 201 887 et
234 845 443 888 recedent
476 860 500 887 a
539 846 665 888 nobis
699 845 926 898 Chaldaei3
961 842 1066 898 quia
1098 856 1185 884 non
1219 842 1419 885 abibunt.
1454 843 1471 868 ⁹
1494 842 1580 885 Sed
1614 842 1649 884 si
1685 841 1985 898 percusseritis

159 917 333 946 omnem
353 904 597 947 exercitum
620 904 929 947 Chaldaeorum
953 902 1025 957 qui
1053 901 1311 957 praeliantur
1331 901 1567 944 adversum
1590 915 1686 955 vos,
1711 907 1755 943 et
1785 900 1985 943 derelicti

158 962 325 1004 fuerint
358 977 412 1005 ex
447 963 508 1005 eis
542 963 679 1018 aliqui
711 962 956 1017 vulnerati,
991 960 1154 1016 singuli
1193 959 1247 1003 de
1284 959 1473 1002 tentorio
1506 974 1584 1003 suo
1618 965 1908 1014 consurgent,
1943 964 1986 1001 et

156 1019 396 1063 incendent
430 1021 660 1064 civitatem
695 1022 809 1064 hanc
842 1021 950 1077 igni.

218 1078 251 1105 ¹⁰
281 1081 397 1135 Ergo
429 1094 528 1123 cum
562 1081 812 1124 recessisset
844 1081 1063 1123 exercitus
1097 1079 1408 1123 Chaldaeorum
1433 1079 1490 1122 ab
1512 1078 1782 1133 Jerusalem,
1810 1083 1987 1135 propter

155 1139 399 1181 exercitum
431 1140 692 1195 Pharaonis,
728 1139 756 1166 ¹¹
789 1154 989 1194 egressus
1029 1144 1095 1182 est
1129 1138 1346 1181 Jeremias
1375 1138 1428 1181 de
1459 1137 1708 1181 Jerusalem
1742 1143 1789 1180 ut
1822 1137 1905 1180 iret
1939 1137 1986 1179 in

156 1203 318 1240 terram
357 1198 623 1254 Benjamin,
655 1205 698 1241 et
731 1198 951 1241 divideret
987 1198 1048 1240 ibi
1087 1197 1404 1254 possessionem
1446 1197 1491 1239 in
1530 1203 1768 1253 conspectu
1805 1197 1983 1240 civium.

159 1255 192 1281 ¹2
214 1257 412 1312 Cumque
449 1258 722 1313 pervenisset
751 1257 806 1299 ad
837 1263 1008 1313 portam
1046 1255 1305 1312 Benjamin,
1340 1262 1434 1299 erat
1471 1256 1531 1298 ibi
1567 1261 1712 1298 custos
1745 1262 1883 1312 portae
1908 1270 1986 1312 per

155 1315 296 1370 vices,
324 1316 502 1359 nomine
530 1317 555 1359 J
563 1317 694 1372 erias,
722 1316 838 1358 filius
864 1316 1086 1370 Selemiae,
1111 1315 1191 1357 filii
1214 1315 1458 1370 Hananiae,
1478 1320 1522 1358 et
1543 1315 1836 1371 apprehendit
1861 1316 1888 1358 J
1895 1329 1984 1358 ere-

157 1374 291 1416 miam
324 1375 608 1431 prophetam,
640 1375 790 1419 dicens
815 1392 823 1418 :
851 1375 922 1417 Ad
948 1375 1182 1417 Chaldaeos
1207 1374 1423 1430 profugis.
1451 1374 1484 1401 ¹3
1510 1375 1568 1416 Et
1600 1374 1828 1430 respondit
1861 1375 1983 1417 Jere-

155 1432 266 1475 mias
284 1450 292 1476 :
314 1434 495 1476 Falsum
517 1438 604 1489 est,
627 1448 713 1477 non
738 1434 866 1488 fugio
888 1433 945 1476 ad
968 1433 1216 1476 Chaldaeos.
1242 1434 1298 1475 Et
1320 1447 1407 1475 non
1429 1432 1602 1475 audivit
1623 1448 1745 1488 eum,
1768 1433 1843 1476 sed
1867 1447 1983 1476 com-

154 1492 390 1547 prehendit
419 1492 565 1536 Jerias
591 1492 854 1546 Jeremiam,
880 1497 923 1534 ct
948 1492 1136 1534 adduxit
1162 1506 1261 1534 eum
1290 1492 1346 1534 ad
1374 1492 1620 1548 principes3
1648 1491 1679 1517 ¹⁴
1698 1493 1984 1547 quamobrem

153 1550 253 1592 irati
287 1550 510 1606 principes
543 1556 696 1593 contra
725 1550 988 1605 Jeremiam,
1025 1565 1190 1593 caesum
1224 1564 1324 1592 eum
1350 1550 1564 1593 miseruut
1594 1550 1638 1592 in
1665 1565 1885 1594 carcerem
1912 1551 1984 1606 qui

153 1614 247 1652 erat
278 1609 325 1651 in
358 1609 490 1652 domo
521 1609 750 1652 Jonathan
797 1608 978 1662 scribae3
1006 1609 1100 1664 ipse
1122 1609 1242 1652 enim
1266 1609 1528 1664 praepositus
1555 1614 1648 1652 erat
1680 1624 1810 1665 super
1839 1624 1984 1653 carce-

153 1681 258 1710 rem.
277 1667 312 1694 15
330 1668 489 1723 Itaque
504 1668 728 1722 ingressus
750 1673 816 1710 est
831 1667 1049 1710 Jeremias
1077 1668 1124 1710 in
1154 1667 1334 1710 domum
1363 1667 1449 1710 laci
1476 1672 1519 1711 et
1543 1667 1590 1710 in
1616 1668 1914 1723 ergastulum3
1943 1675 1986 1711 et

152 1726 267 1768 sedit
292 1726 354 1768 ibi
382 1727 410 1769 J
415 1727 602 1770 eremias
625 1729 780 1770 diebus
806 1726 971 1770 multis.

215 1785 248 1812 ¹⁶
266 1786 451 1828 Mittens
475 1790 627 1829 autem
652 1785 859 1830 Sedecias
880 1800 972 1841 rex,
998 1786 1103 1829 tulit
1124 1800 1250 1841 eum;
1275 1792 1318 1829 et
1343 1786 1636 1842 interrogavit
1657 1802 1759 1830 eum
1785 1787 1830 1830 in
1857 1787 1986 1830 domo

152 1859 230 1887 sua
254 1844 537 1901 abscondite,
564 1850 609 1888 et
642 1844 757 1888 dixit
782 1861 791 1889 :
826 1845 1018 1887 Putasne
1052 1850 1119 1888 est
1151 1860 1294 1888 sermo
1326 1860 1352 1888 a
1383 1845 1604 1889 Domino?
1632 1847 1690 1889 Et.
1723 1846 1837 1889 dixit
1862 1847 1985 1889 Jere-

152 1904 291 1948 mias:
317 1905 421 1959 Est3
454 1909 517 1960 et,
545 1904 635 1948 ait:
663 1905 717 1947 In
747 1918 905 1947 manus
930 1904 1047 1960 regis
1075 1904 1318 1960 Babylonis
1344 1905 1545 1948 traderis.
1573 1904 1606 1930 ‘¹⁷
1631 1907 1689 1948 Et
1717 1906 1833 1948 dixit
1863 1906 1890 1949 J
1896 1920 1984 1949 ere-

153 1963 264 2006 mias
296 1963 353 2005 ad
383 1977 534 2018 regem
563 1963 826 2007 Sedeciam:
860 1963 974 2014 Quid
1004 1964 1187 2020 peccavi
1217 1963 1320 2019 tibi,
1355 1969 1400 2007 et
1432 1964 1570 2006 servis
1604 1965 1711 2019 tuis,
1746 1971 1790 2007 et
1824 1965 1984 2021 populo

153 2027 248 2077 tuo,
272 2021 374 2077 quia
397 2022 557 2065 misisti
584 2037 654 2065 me
679 2023 726 2064 in
753 2022 934 2065 domum
955 2023 1173 2066 carceris?
1200 2022 1233 2049 ¹3
1253 2023 1342 2067 Ubi
1365 2029 1468 2066 sunt
1493 2024 1720 2079 prophetae
1740 2023 1887 2079 vestri,
1911 2024 1985 2079 qui

152 2081 480 2137 prophetabant
503 2081 628 2124 vobis
655 2087 699 2125 et
725 2081 934 2124 dicebant
957 2097 965 2126 τ
994 2082 1095 2124 Non
1118 2082 1268 2125 veniet
1292 2097 1370 2125 rex
1398 2082 1640 2138 Babylonis
1666 2097 1796 2139 super
1817 2097 1915 2138 vos,
1942 2090 1986 2126 et

152 2153 281 2196 super
305 2145 469 2183 terram
494 2141 640 2184 hanc?
669 2140 703 2166 ¹9
724 2141 854 2183 Nunc
880 2155 983 2196 ergo
1016 2141 1144 2195 audi,
1176 2141 1376 2196 obsecro,
1410 2141 1587 2184 domine
1618 2141 1678 2183 mi
1706 2156 1783 2184 rex
1806 2158 1814 2185 :
1837 2142 1986 2185 valeat

154 2198 408 2254 deprecatio
434 2213 533 2242 mea
565 2199 610 2241 in
637 2205 874 2255 conspectu
899 2204 994 2255 tuo,
1018 2205 1062 2242 et
1086 2214 1140 2242 ne
1163 2215 1233 2243 me
1258 2200 1459 2243 remittas
1485 2200 1530 2242 in
1553 2200 1732 2243 domum
1758 2201 1985 2243 Jonatha11

155 2257 332 2311 scribae,
353 2272 406 2300 ne
427 2259 588 2300 moriar
603 2258 681 2301 ibi.
701 2257 738 2284 2⁰
752 2258 971 2314 Praecepit
992 2272 1095 2314 ergo
1114 2273 1191 2301 rex
1210 2258 1415 2302 Sedecias
1434 2264 1481 2301 ut
1503 2259 1749 2302 traderetur
1767 2260 1794 2302 J
1800 2259 1985 2303 eremias

154 2316 199 2359 iu
225 2316 446 2359 vestibulo
469 2317 668 2373 carceris,
697 2322 740 2360 et
761 2317 939 2360 daretur
961 2317 1000 2360 ei
1023 2322 1138 2359 torta
1160 2317 1288 2373 panis
1307 2318 1517 2373 quotidie,
1538 2323 1724 2375 excepto
1742 2318 1983 2375 pulmento,

155 2375 294 2418 donec
329 2381 692 2419 consumerentur
725 2390 876 2419 omnes
909 2390 1046 2432 panes
1083 2375 1136 2419 de
1171 2376 1378 2431 civitate3
1415 2381 1459 2419 et
1491 2378 1655 2419 mansit
1689 2378 1907 2420 Jeremias
1939 2378 1986 2420 in

155 2434 376 2477 vestibulo
398 2435 598 2479 carceris.

213 2493 320 2537 CAP.
344 2495 613 2540 XXXVIII.
636 2522 696 2526 —
718 2495 935 2538 ¹Audivit
959 2501 1109 2538 autem
1133 2495 1387 2551 Saphatias,
1414 2495 1529 2538 filius
1552 2496 1758 2552 Mathan,
1779 2502 1822 2539 et
1845 2496 1986 2540 Crede-

154 2552 256 2608 lias,
280 2552 397 2595 filius
425 2554 630 2608 Phassur,
658 2559 702 2597 et
723 2555 752 2597 J
756 2554 909 2609 uchal,
929 2554 1048 2611 filius
1071 2554 1295 2610 Selemiae,
1319 2559 1363 2597 et
1389 2555 1593 2609 Phassur,
1616 2554 1733 2597 filius
1758 2554 1985 2611 Melchiae,

154 2626 377 2655 sermones
400 2626 508 2667 quos
537 2613 564 2656 J
569 2613 756 2656 eremias
781 2613 1042 2668 loquebatur
1067 2613 1122 2656 ad
1154 2627 1328 2656 omnem
1358 2613 1590 2670 populum,
1618 2613 1769 2657 dicens
1795 2631 1804 2657 z
1833 2613 1850 2639 ²
1872 2615 1986 2657 Haec

155 2668 266 2714 dicit
290 2671 507 2714 Dominus
529 2688 537 2715 :
564 2672 837 2727 Quicumque
863 2672 1076 2715 manserit
1099 2672 1146 2715 in
1173 2672 1355 2715 civitate
1379 2673 1483 2728 hac,
1515 2672 1726 2715 morietur
1750 2673 1920 2728 gladio,
1945 2679 1988 2716 et

154 2730 298 2786 fame,
323 2735 367 2774 et
395 2737 542 2787 peste3
568 2731 641 2786 qui
667 2738 817 2774 autem
844 2731 1092 2787 profugerit
1117 2731 1174 2773 ad
1204 2730 1458 2785 Chaldaeos,
1485 2731 1627 2786 vivet,
1656 2737 1700 2774 et
1729 2732 1812 2775 erit
1836 2732 1988 2775 anima

155 2789 254 2845 ejus
283 2804 431 2846 sospes
465 2796 510 2833 et
535 2790 704 2834 vivens.
731 2790 749 2816 3
768 2791 881 2833 Haec
912 2789 1021 2832 dicit
1056 2789 1303 2833 Dominus:
1331 2790 1567 2833 Tradendo
1601 2791 1798 2834 tradetur
1828 2791 1987 2834 civitas

153 2849 250 2892 haec
272 2848 319 2891 in
341 2864 477 2892 manu
500 2849 718 2893 exercitus
740 2849 856 2905 regis
881 2848 1137 2905 Babylonis,
1158 2853 1202 2891 et
1224 2850 1370 2905 capiet
1393 2863 1504 2892 eam.
1524 2849 1541 2875 4
1560 2851 1618 2892 Et
1640 2849 1848 2892 dixerunt
1868 2850 1987 2906 prin-

155 2908 274 2964 cipes
299 2908 419 2964 regi:
450 2910 675 2964 Rogamus
701 2914 749 2951 ut
770 2908 999 2951 occidatur
1023 2908 1155 2950 homo
1179 2907 1288 2963 iste3
1317 2908 1371 2951 de
1395 2908 1614 2951 industria
1641 2909 1759 2951 enim
1785 2908 1988 2952 dissolvit

156 2981 312 3010 manus
346 2967 542 3011 virorum
575 2967 839 3011 bellantium
873 2966 947 3022 qui
980 2972 1286 3010 remanserunt
1317 2967 1365 3009 in
1399 2967 1582 3011 civitate
1615 2968 1719 3023 hac,
1754 2974 1799 3012 et
1831 2983 1988 3011 manus

155 3025 348 3069 universi
374 3027 540 3083 populi,
567 3027 750 3083 loquens
771 3027 828 3069 ad
851 3040 922 3069 eos
945 3025 1073 3081 juxta
1092 3025 1227 3069 verba
1248 3026 1343 3070 haec
1363 3044 1372 3081 3
1397 3026 1616 3082 siquidem
1638 3027 1769 3070 homo
1793 3027 1878 3070 iste
1900 3041 1989 3070 non

155 3085 315 3140 quaerit
341 3100 498 3142 pacem
520 3086 682 3143 populo
708 3085 823 3140 huic,
848 3085 923 3128 sed
947 3085 1127 3128 malum.
1150 3085 1167 3111 5
1187 3086 1243 3127 Et
1268 3085 1382 3128 dixit
1406 3100 1483 3128 rex
1502 3086 1735 3130 Sedeeias:
1759 3088 1875 3129 Ecce
1893 3086 1988 3142 ipse

154 3143 199 3185 in
226 3144 432 3187 manibus
455 3145 611 3188 vestris
635 3149 723 3199 est,
755 3159 837 3187 nec
864 3143 982 3187 enim
1007 3144 1078 3186 fas
1109 3149 1173 3187 est
1202 3158 1353 3200 regem
1379 3145 1504 3188 vobis
1537 3145 1779 3201 quidquam
1809 3160 1986 3202 negare.

154 3202 406 3246 6Tulerunt
431 3218 536 3260 ergo
566 3204 831 3258 Jeremiam,
864 3208 908 3245 et
940 3203 1222 3259 projecerunt
1256 3217 1357 3246 eum
1390 3203 1437 3246 in
1466 3203 1615 3247 lacum
1648 3205 1874 3259 Melchiae,
1910 3204 1988 3247 filii

154 3261 394 3317 Amelech,
414 3263 488 3318 qui
507 3268 602 3306 erat
619 3263 665 3305 in
684 3262 904 3306 vestibulo
928 3262 1114 3305 carceris
1131 3280 1139 3317 ;
1160 3268 1204 3305 et
1221 3263 1521 3306 submiserunt
1540 3265 1567 3307 J
1572 3264 1783 3307 eremiam
1805 3264 1989 3306 funibus

154 3320 202 3362 in
224 3321 393 3377 lacum,
418 3321 465 3364 in
491 3336 576 3378 quo
598 3336 686 3365 non
709 3327 804 3364 erat
828 3335 963 3376 aqua,
985 3321 1064 3364 sed
1085 3321 1252 3377 lutum;
1277 3321 1508 3365 descendit
1532 3323 1681 3378 itaque
1705 3323 1732 3365 J
1737 3322 1922 3365 eremias
1942 3322 1990 3364 in

157 3393 347 3423 coenum.

217 3437 437 3482 ⁷Audivit
457 3445 609 3484 autem
634 3439 940 3483 Abdemelech
967 3438 1196 3497 AEthiops,
1215 3441 1283 3483 vir
1305 3441 1544 3495 eunuchus,
1574 3440 1648 3496 qui
1670 3445 1764 3483 erat
1787 3440 1833 3482 in
1859 3440 1990 3484 domo

157 3496 286 3552 regis,
306 3498 422 3553 quod
444 3499 670 3542 misissent
692 3499 720 3541 J
725 3497 936 3541 eremiam
961 3497 1008 3539 in
1029 3496 1189 3542 lacum.
1213 3500 1346 3542 Porro
1367 3514 1446 3543 rex
1467 3499 1650 3542 sedebat
1666 3499 1713 3541 in
1731 3504 1856 3555 porta
1876 3499 1990 3542 Ben-

158 3639 188 3671 2]
208 3639 285 3671 Sup.
304 3639 398 3675 XXI,
416 3643 442 3669 ἲ.

2092 1085 2254 1115 Jeremias

2050 1130 2244 1158 detruditur
2258 1129 2292 1157 in

2070 1181 2238 1202 carcerem
2256 1181 2275 1201 a

2063 1217 2282 1251 principibus.

2089 1800 2255 1830 Educitur

2081 1852 2102 1874 a
2117 1843 2264 1873 sedecia.

2089 2509 2256 2541 Propheta

2097 2551 2248 2581 mittitur

2086 2594 2120 2623 in
2137 2595 2258 2625 lacum.

2076 3446 2276 3473 Inter-ventu

2064 3489 2287 3517 Abdemelech

2075 3531 2282 3561 extrahitur.
