<?xml version="1.0" encoding="UTF-8"?>
<!DOCTYPE html PUBLIC "-//W3C//DTD XHTML 1.0 Transitional//EN"
    "http://www.w3.org/TR/xhtml1/DTD/xhtml1-transitional.dtd">
<html xmlns="http://www.w3.org/1999/xhtml" xml:lang="en" lang="en">
 <head>
  <title>
</title>
<meta http-equiv="Content-Type" content="text/html;charset=utf-8" />
  <meta name='ocr-system' content='tesseract 3.04.00' />
  <meta name='ocr-capabilities' content='ocr_page ocr_carea ocr_par ocr_line ocrx_word'/>
</head>
<body>
  <div class='ocr_page' id='page_1' title='image "./bibliasacrajuxta00fill_0011.png"; bbox 0 0 2353 3829; ppageno 0'>
   <div class='ocr_carea' id='block_1_1' title="bbox 216 148 1926 418">
    <p class='ocr_par' dir='ltr' id='par_1_1' title="bbox 216 148 1926 418">
     <span class='ocr_line' id='line_1_1' title="bbox 216 148 1926 418; baseline 0 3411"><span class='ocrx_word' id='word_1_1' title='bbox 216 148 1926 418; x_wconf 95' lang='lat' dir='ltr'> </span> 
     </span>
    </p>
   </div>
   <div class='ocr_carea' id='block_1_2' title="bbox 662 1020 1493 1114">
    <p class='ocr_par' dir='ltr' id='par_1_2' title="bbox 662 1020 1493 1114">
     <span class='ocr_line' id='line_1_2' title="bbox 662 1020 1493 1114; baseline 0 -2"><span class='ocrx_word' id='word_1_2' title='bbox 662 1020 1493 1114; x_wconf 87' lang='lat' dir='ltr'><strong>INTRODUCTIO</strong></span> 
     </span>
    </p>
   </div>
   <div class='ocr_carea' id='block_1_3' title="bbox 162 1664 1999 3606">
    <p class='ocr_par' dir='ltr' id='par_1_3' title="bbox 163 1664 1994 1890">
     <span class='ocr_line' id='line_1_3' title="bbox 233 1664 1994 1727; baseline 0 -14"><span class='ocrx_word' id='word_1_3' title='bbox 233 1666 271 1713; x_wconf 90' lang='grc' dir='ltr'>Ι.</span> <span class='ocrx_word' id='word_1_4' title='bbox 309 1666 513 1713; x_wconf 81' lang='lat' dir='ltr'>Novam</span> <span class='ocrx_word' id='word_1_5' title='bbox 539 1665 675 1712; x_wconf 86' lang='lat' dir='ltr'>hanc</span> <span class='ocrx_word' id='word_1_6' title='bbox 702 1665 989 1713; x_wconf 76' lang='lat' dir='ltr'>editionem</span> <span class='ocrx_word' id='word_1_7' title='bbox 1016 1664 1198 1712; x_wconf 78' lang='lat' dir='ltr'>Bibliae</span> <span class='ocrx_word' id='word_1_8' title='bbox 1226 1678 1391 1711; x_wconf 75' lang='lat' dir='ltr'>sacrae</span> <span class='ocrx_word' id='word_1_9' title='bbox 1418 1678 1479 1711; x_wconf 92' lang='lat' dir='ltr'>eo</span> <span class='ocrx_word' id='word_1_10' title='bbox 1507 1664 1725 1712; x_wconf 88' lang='lat' dir='ltr'>consilio</span> <span class='ocrx_word' id='word_1_11' title='bbox 1754 1665 1994 1727; x_wconf 82' lang='lat' dir='ltr'>divulga-</span> 
     </span>
     <span class='ocr_line' id='line_1_4' title="bbox 163 1745 1994 1808; baseline 0 -14"><span class='ocrx_word' id='word_1_12' title='bbox 163 1761 302 1808; x_wconf 87' lang='lat' dir='ltr'>mus,</span> <span class='ocrx_word' id='word_1_13' title='bbox 325 1752 399 1807; x_wconf 85' lang='lat' dir='ltr'>ut,</span> <span class='ocrx_word' id='word_1_14' title='bbox 422 1760 603 1794; x_wconf 88' lang='lat' dir='ltr'>rerum</span> <span class='ocrx_word' id='word_1_15' title='bbox 630 1745 998 1808; x_wconf 87' lang='lat' dir='ltr'>partitionibus</span> <span class='ocrx_word' id='word_1_16' title='bbox 1019 1745 1203 1808; x_wconf 81' lang='lat' dir='ltr'>logicis</span> <span class='ocrx_word' id='word_1_17' title='bbox 1227 1750 1277 1793; x_wconf 89' lang='lat' dir='ltr'>et</span> <span class='ocrx_word' id='word_1_18' title='bbox 1301 1750 1477 1793; x_wconf 80' lang='lat' dir='ltr'>textus</span> <span class='ocrx_word' id='word_1_19' title='bbox 1499 1745 1696 1808; x_wconf 79' lang='lat' dir='ltr'>analysi</span> <span class='ocrx_word' id='word_1_20' title='bbox 1724 1745 1994 1808; x_wconf 86' lang='lat' dir='ltr'>continua,</span> 
     </span>
     <span class='ocr_line' id='line_1_5' title="bbox 166 1827 1805 1890; baseline 0 -15"><span class='ocrx_word' id='word_1_21' title='bbox 166 1829 466 1876; x_wconf 78' lang='lat' dir='ltr'>divinarum</span> <span class='ocrx_word' id='word_1_22' title='bbox 493 1827 887 1890; x_wconf 82' lang='lat' dir='ltr'>Scripturarum</span> <span class='ocrx_word' id='word_1_23' title='bbox 912 1827 1067 1875; x_wconf 90' lang='lat' dir='ltr'>lectio</span> <span class='ocrx_word' id='word_1_24' title='bbox 1093 1827 1293 1875; x_wconf 76' lang='lat' dir='ltr'>facilior</span> <span class='ocrx_word' id='word_1_25' title='bbox 1318 1827 1406 1874; x_wconf 85' lang='lat' dir='ltr'>fiat</span> <span class='ocrx_word' id='word_1_26' title='bbox 1431 1831 1588 1888; x_wconf 91' lang='lat' dir='ltr'>atque</span> <span class='ocrx_word' id='word_1_27' title='bbox 1615 1827 1805 1875; x_wconf 90' lang='lat' dir='ltr'>utilior.</span> 
     </span>
    </p>

    <p class='ocr_par' dir='ltr' id='par_1_4' title="bbox 162 1908 1999 2624">
     <span class='ocr_line' id='line_1_6' title="bbox 232 1908 1993 1972; baseline 0.001 -15"><span class='ocrx_word' id='word_1_28' title='bbox 232 1910 290 1957; x_wconf 89' lang='lat' dir='ltr'>In</span> <span class='ocrx_word' id='word_1_29' title='bbox 324 1910 591 1972; x_wconf 87' lang='lat' dir='ltr'>plerisque</span> <span class='ocrx_word' id='word_1_30' title='bbox 619 1910 761 1957; x_wconf 90' lang='lat' dir='ltr'>enim</span> <span class='ocrx_word' id='word_1_31' title='bbox 795 1909 1086 1958; x_wconf 85' lang='lat' dir='ltr'>Bibliorum</span> <span class='ocrx_word' id='word_1_32' title='bbox 1113 1908 1434 1957; x_wconf 73' lang='lat' dir='ltr'>editionibus</span> <span class='ocrx_word' id='word_1_33' title='bbox 1467 1910 1725 1957; x_wconf 89' lang='lat' dir='ltr'>hactenus</span> <span class='ocrx_word' id='word_1_34' title='bbox 1759 1910 1993 1972; x_wconf 77' lang='lat' dir='ltr'>emissis,</span> 
     </span>
     <span class='ocr_line' id='line_1_7' title="bbox 165 1991 1999 2053; baseline 0.001 -14"><span class='ocrx_word' id='word_1_35' title='bbox 165 1991 451 2039; x_wconf 86' lang='lat' dir='ltr'>summaria</span> <span class='ocrx_word' id='word_1_36' title='bbox 485 1992 744 2053; x_wconf 87' lang='lat' dir='ltr'>capitibus</span> <span class='ocrx_word' id='word_1_37' title='bbox 785 1991 1096 2053; x_wconf 84' lang='lat' dir='ltr'>praeposita,</span> <span class='ocrx_word' id='word_1_38' title='bbox 1134 2005 1257 2039; x_wconf 90' lang='lat' dir='ltr'>cum</span> <span class='ocrx_word' id='word_1_39' title='bbox 1291 2005 1434 2053; x_wconf 87' lang='lat' dir='ltr'>saepe</span> <span class='ocrx_word' id='word_1_40' title='bbox 1470 1991 1574 2038; x_wconf 85' lang='lat' dir='ltr'>sint</span> <span class='ocrx_word' id='word_1_41' title='bbox 1607 1991 1915 2053; x_wconf 85' lang='lat' dir='ltr'>imperfecta</span> <span class='ocrx_word' id='word_1_42' title='bbox 1948 1997 1999 2040; x_wconf 89' lang='lat' dir='ltr'>et</span> 
     </span>
     <span class='ocr_line' id='line_1_8' title="bbox 163 2073 1998 2136; baseline 0.001 -16"><span class='ocrx_word' id='word_1_43' title='bbox 163 2088 323 2135; x_wconf 77' lang='lat' dir='ltr'>vaga,</span> <span class='ocrx_word' id='word_1_44' title='bbox 360 2087 547 2121; x_wconf 88' lang='lat' dir='ltr'>eorum</span> <span class='ocrx_word' id='word_1_45' title='bbox 581 2088 703 2135; x_wconf 89' lang='lat' dir='ltr'>quae</span> <span class='ocrx_word' id='word_1_46' title='bbox 736 2074 789 2121; x_wconf 92' lang='lat' dir='ltr'>in</span> <span class='ocrx_word' id='word_1_47' title='bbox 824 2087 1151 2136; x_wconf 90' lang='lat' dir='ltr'>unoquoque</span> <span class='ocrx_word' id='word_1_48' title='bbox 1185 2073 1354 2135; x_wconf 90' lang='lat' dir='ltr'>capite</span> <span class='ocrx_word' id='word_1_49' title='bbox 1383 2074 1721 2121; x_wconf 89' lang='lat' dir='ltr'>continentur</span> <span class='ocrx_word' id='word_1_50' title='bbox 1751 2074 1998 2122; x_wconf 87' lang='lat' dir='ltr'>informa-</span> 
     </span>
     <span class='ocr_line' id='line_1_9' title="bbox 164 2155 1996 2217; baseline 0.001 -15"><span class='ocrx_word' id='word_1_51' title='bbox 164 2155 364 2203; x_wconf 85' lang='lat' dir='ltr'>tionem</span> <span class='ocrx_word' id='word_1_52' title='bbox 386 2160 687 2203; x_wconf 75' lang='lat' dir='ltr'>accuratam</span> <span class='ocrx_word' id='word_1_53' title='bbox 705 2169 813 2203; x_wconf 90' lang='lat' dir='ltr'>non</span> <span class='ocrx_word' id='word_1_54' title='bbox 835 2156 1094 2217; x_wconf 79' lang='lat' dir='ltr'>praebent,</span> <span class='ocrx_word' id='word_1_55' title='bbox 1116 2169 1175 2203; x_wconf 89' lang='lat' dir='ltr'>ac</span> <span class='ocrx_word' id='word_1_56' title='bbox 1198 2155 1421 2217; x_wconf 80' lang='lat' dir='ltr'>proinde</span> <span class='ocrx_word' id='word_1_57' title='bbox 1440 2169 1629 2217; x_wconf 87' lang='lat' dir='ltr'>parum</span> <span class='ocrx_word' id='word_1_58' title='bbox 1653 2156 1996 2203; x_wconf 83' lang='lat' dir='ltr'>emolumenti</span> 
     </span>
     <span class='ocr_line' id='line_1_10' title="bbox 164 2235 1998 2299; baseline 0.001 -16"><span class='ocrx_word' id='word_1_59' title='bbox 164 2235 415 2296; x_wconf 76' lang='lat' dir='ltr'>afferunt3</span> <span class='ocrx_word' id='word_1_60' title='bbox 446 2250 546 2284; x_wconf 92' lang='lat' dir='ltr'>nec</span> <span class='ocrx_word' id='word_1_61' title='bbox 580 2251 706 2285; x_wconf 89' lang='lat' dir='ltr'>sane</span> <span class='ocrx_word' id='word_1_62' title='bbox 739 2237 935 2285; x_wconf 88' lang='lat' dir='ltr'>mirum</span> <span class='ocrx_word' id='word_1_63' title='bbox 973 2240 1051 2285; x_wconf 90' lang='lat' dir='ltr'>est</span> <span class='ocrx_word' id='word_1_64' title='bbox 1086 2237 1130 2284; x_wconf 89' lang='lat' dir='ltr'>si</span> <span class='ocrx_word' id='word_1_65' title='bbox 1165 2251 1193 2284; x_wconf 92' lang='lat' dir='ltr'>a</span> <span class='ocrx_word' id='word_1_66' title='bbox 1225 2237 1433 2298; x_wconf 78' lang='lat' dir='ltr'>legente</span> <span class='ocrx_word' id='word_1_67' title='bbox 1466 2242 1555 2285; x_wconf 89' lang='lat' dir='ltr'>aut</span> <span class='ocrx_word' id='word_1_68' title='bbox 1589 2237 1805 2285; x_wconf 90' lang='lat' dir='ltr'>omnino</span> <span class='ocrx_word' id='word_1_69' title='bbox 1834 2238 1998 2299; x_wconf 79' lang='lat' dir='ltr'>negli-</span> 
     </span>
     <span class='ocr_line' id='line_1_11' title="bbox 163 2318 1997 2381; baseline 0.001 -16"><span class='ocrx_word' id='word_1_70' title='bbox 163 2322 381 2379; x_wconf 76' lang='lat' dir='ltr'>guntur,</span> <span class='ocrx_word' id='word_1_71' title='bbox 411 2322 500 2366; x_wconf 89' lang='lat' dir='ltr'>aut</span> <span class='ocrx_word' id='word_1_72' title='bbox 524 2318 610 2365; x_wconf 83' lang='lat' dir='ltr'>vix</span> <span class='ocrx_word' id='word_1_73' title='bbox 644 2318 923 2380; x_wconf 79' lang='lat' dir='ltr'>fugacibus</span> <span class='ocrx_word' id='word_1_74' title='bbox 952 2318 1119 2367; x_wconf 91' lang='lat' dir='ltr'>oculis</span> <span class='ocrx_word' id='word_1_75' title='bbox 1146 2319 1496 2380; x_wconf 81' lang='lat' dir='ltr'>attinguntur.</span> <span class='ocrx_word' id='word_1_76' title='bbox 1526 2319 1678 2374; x_wconf 84' lang='lat' dir='ltr'>Adde</span> <span class='ocrx_word' id='word_1_77' title='bbox 1713 2319 1855 2380; x_wconf 90' lang='lat' dir='ltr'>quod</span> <span class='ocrx_word' id='word_1_78' title='bbox 1886 2319 1997 2381; x_wconf 87' lang='lat' dir='ltr'>ipsa</span> 
     </span>
     <span class='ocr_line' id='line_1_12' title="bbox 164 2399 1996 2462; baseline 0.002 -17"><span class='ocrx_word' id='word_1_79' title='bbox 164 2399 463 2447; x_wconf 78' lang='lat' dir='ltr'>distributio</span> <span class='ocrx_word' id='word_1_80' title='bbox 505 2399 559 2446; x_wconf 90' lang='lat' dir='ltr'>in</span> <span class='ocrx_word' id='word_1_81' title='bbox 603 2400 797 2461; x_wconf 89' lang='lat' dir='ltr'>capita,</span> <span class='ocrx_word' id='word_1_82' title='bbox 839 2400 1051 2462; x_wconf 90' lang='lat' dir='ltr'>qualem</span> <span class='ocrx_word' id='word_1_83' title='bbox 1096 2415 1125 2447; x_wconf 90' lang='lat' dir='ltr'>a</span> <span class='ocrx_word' id='word_1_84' title='bbox 1165 2400 1456 2462; x_wconf 86' lang='lat' dir='ltr'>majoribus</span> <span class='ocrx_word' id='word_1_85' title='bbox 1500 2400 1830 2462; x_wconf 78' lang='lat' dir='ltr'>accepimuS,</span> <span class='ocrx_word' id='word_1_86' title='bbox 1874 2414 1996 2449; x_wconf 87' lang='lat' dir='ltr'>cum</span> 
     </span>
     <span class='ocr_line' id='line_1_13' title="bbox 163 2481 1997 2543; baseline 0.001 -17"><span class='ocrx_word' id='word_1_87' title='bbox 163 2481 420 2529; x_wconf 83' lang='lat' dir='ltr'>mendose</span> <span class='ocrx_word' id='word_1_88' title='bbox 454 2481 722 2529; x_wconf 84' lang='lat' dir='ltr'>interdum</span> <span class='ocrx_word' id='word_1_89' title='bbox 757 2481 957 2543; x_wconf 82' lang='lat' dir='ltr'>digesta</span> <span class='ocrx_word' id='word_1_90' title='bbox 990 2481 1173 2541; x_wconf 86' lang='lat' dir='ltr'>fuerit,</span> <span class='ocrx_word' id='word_1_91' title='bbox 1202 2481 1479 2543; x_wconf 75' lang='lat' dir='ltr'>aliquoties</span> <span class='ocrx_word' id='word_1_92' title='bbox 1513 2486 1674 2529; x_wconf 88' lang='lat' dir='ltr'>rectae</span> <span class='ocrx_word' id='word_1_93' title='bbox 1708 2495 1889 2528; x_wconf 90' lang='lat' dir='ltr'>rerum</span> <span class='ocrx_word' id='word_1_94' title='bbox 1919 2481 1997 2528; x_wconf 90' lang='lat' dir='ltr'>in-</span> 
     </span>
     <span class='ocr_line' id='line_1_14' title="bbox 162 2562 941 2624; baseline 0.003 -16"><span class='ocrx_word' id='word_1_95' title='bbox 162 2562 468 2624; x_wconf 75' lang='lat' dir='ltr'>telligentiae</span> <span class='ocrx_word' id='word_1_96' title='bbox 495 2563 738 2611; x_wconf 89' lang='lat' dir='ltr'>nonnihil</span> <span class='ocrx_word' id='word_1_97' title='bbox 765 2563 941 2611; x_wconf 85' lang='lat' dir='ltr'>officit.</span> 
     </span>
    </p>

    <p class='ocr_par' dir='ltr' id='par_1_5' title="bbox 162 2644 1996 3363">
     <span class='ocr_line' id='line_1_15' title="bbox 232 2644 1994 2709; baseline 0.002 -18"><span class='ocrx_word' id='word_1_98' title='bbox 232 2644 563 2707; x_wconf 84' lang='lat' dir='ltr'>Quapropter</span> <span class='ocrx_word' id='word_1_99' title='bbox 588 2645 1005 2694; x_wconf 80' lang='lat' dir='ltr'>existimavimus</span> <span class='ocrx_word' id='word_1_100' title='bbox 1040 2661 1226 2694; x_wconf 90' lang='lat' dir='ltr'>omnes</span> <span class='ocrx_word' id='word_1_101' title='bbox 1258 2647 1576 2708; x_wconf 75' lang='lat' dir='ltr'>generaliter</span> <span class='ocrx_word' id='word_1_102' title='bbox 1603 2646 1994 2709; x_wconf 68' lang='lat' dir='ltr'>scripturarum</span> 
     </span>
     <span class='ocr_line' id='line_1_16' title="bbox 163 2726 1991 2790; baseline 0.001 -16"><span class='ocrx_word' id='word_1_103' title='bbox 163 2726 387 2774; x_wconf 83' lang='lat' dir='ltr'>lectores</span> <span class='ocrx_word' id='word_1_104' title='bbox 402 2765 414 2789; x_wconf 94' lang='lat'>,</span> <span class='ocrx_word' id='word_1_105' title='bbox 439 2741 498 2774; x_wconf 85' lang='lat' dir='ltr'>ac</span> <span class='ocrx_word' id='word_1_106' title='bbox 521 2727 819 2788; x_wconf 85' lang='lat' dir='ltr'>praesertim</span> <span class='ocrx_word' id='word_1_107' title='bbox 841 2727 1040 2775; x_wconf 86' lang='lat' dir='ltr'>tirones</span> <span class='ocrx_word' id='word_1_108' title='bbox 1063 2728 1153 2790; x_wconf 92' lang='lat' dir='ltr'>qui</span> <span class='ocrx_word' id='word_1_109' title='bbox 1173 2729 1238 2776; x_wconf 87' lang='lat' dir='ltr'>ad</span> <span class='ocrx_word' id='word_1_110' title='bbox 1265 2728 1430 2776; x_wconf 87' lang='lat' dir='ltr'>Biblia</span> <span class='ocrx_word' id='word_1_111' title='bbox 1451 2728 1685 2790; x_wconf 87' lang='lat' dir='ltr'>primum</span> <span class='ocrx_word' id='word_1_112' title='bbox 1708 2729 1991 2789; x_wconf 86' lang='lat' dir='ltr'>accedunt,</span> 
     </span>
     <span class='ocr_line' id='line_1_17' title="bbox 163 2808 1996 2873; baseline 0.001 -18"><span class='ocrx_word' id='word_1_113' title='bbox 163 2808 392 2856; x_wconf 87' lang='lat' dir='ltr'>multum</span> <span class='ocrx_word' id='word_1_114' title='bbox 414 2809 679 2857; x_wconf 88' lang='lat' dir='ltr'>commodi</span> <span class='ocrx_word' id='word_1_115' title='bbox 703 2814 754 2857; x_wconf 92' lang='lat' dir='ltr'>et</span> <span class='ocrx_word' id='word_1_116' title='bbox 775 2809 980 2857; x_wconf 82' lang='lat' dir='ltr'>fructus</span> <span class='ocrx_word' id='word_1_117' title='bbox 1005 2816 1352 2872; x_wconf 87' lang='lat' dir='ltr'>percepturos</span> <span class='ocrx_word' id='word_1_118' title='bbox 1374 2825 1519 2873; x_wconf 87' lang='lat' dir='ltr'>esse,</span> <span class='ocrx_word' id='word_1_119' title='bbox 1542 2811 1584 2858; x_wconf 91' lang='lat' dir='ltr'>si</span> <span class='ocrx_word' id='word_1_120' title='bbox 1611 2811 1665 2858; x_wconf 93' lang='lat' dir='ltr'>in</span> <span class='ocrx_word' id='word_1_121' title='bbox 1691 2810 1996 2873; x_wconf 89' lang='lat' dir='ltr'>quotidiana</span> 
     </span>
     <span class='ocr_line' id='line_1_18' title="bbox 163 2890 1995 2954; baseline 0.002 -17"><span class='ocrx_word' id='word_1_122' title='bbox 163 2894 468 2938; x_wconf 84' lang='lat' dir='ltr'>sanctorum</span> <span class='ocrx_word' id='word_1_123' title='bbox 505 2890 785 2939; x_wconf 89' lang='lat' dir='ltr'>Librorum</span> <span class='ocrx_word' id='word_1_124' title='bbox 822 2891 1047 2940; x_wconf 90' lang='lat' dir='ltr'>lectione</span> <span class='ocrx_word' id='word_1_125' title='bbox 1084 2892 1442 2954; x_wconf 81' lang='lat' dir='ltr'>dirigerentur</span> <span class='ocrx_word' id='word_1_126' title='bbox 1476 2892 1827 2940; x_wconf 85' lang='lat' dir='ltr'>divisionibus</span> <span class='ocrx_word' id='word_1_127' title='bbox 1867 2893 1995 2940; x_wconf 86' lang='lat' dir='ltr'>sub-</span> 
     </span>
     <span class='ocr_line' id='line_1_19' title="bbox 164 2971 1991 3036; baseline 0.002 -19"><span class='ocrx_word' id='word_1_128' title='bbox 164 2971 622 3034; x_wconf 75' lang='lat' dir='ltr'>divisionibusque</span> <span class='ocrx_word' id='word_1_129' title='bbox 642 2972 845 3034; x_wconf 80' lang='lat' dir='ltr'>logicis,</span> <span class='ocrx_word' id='word_1_130' title='bbox 868 2977 1025 3035; x_wconf 90' lang='lat' dir='ltr'>atque</span> <span class='ocrx_word' id='word_1_131' title='bbox 1050 2974 1199 3021; x_wconf 90' lang='lat' dir='ltr'>brevi</span> <span class='ocrx_word' id='word_1_132' title='bbox 1223 2978 1274 3021; x_wconf 84' lang='lat' dir='ltr'>et</span> <span class='ocrx_word' id='word_1_133' title='bbox 1295 2979 1552 3035; x_wconf 86' lang='lat' dir='ltr'>perpetua</span> <span class='ocrx_word' id='word_1_134' title='bbox 1573 2979 1749 3022; x_wconf 79' lang='lat' dir='ltr'>textus</span> <span class='ocrx_word' id='word_1_135' title='bbox 1774 2974 1991 3036; x_wconf 86' lang='lat' dir='ltr'>analysi,</span> 
     </span>
     <span class='ocr_line' id='line_1_20' title="bbox 164 3054 1994 3118; baseline 0.001 -17"><span class='ocrx_word' id='word_1_136' title='bbox 164 3055 359 3115; x_wconf 89' lang='lat' dir='ltr'>quibus</span> <span class='ocrx_word' id='word_1_137' title='bbox 385 3054 720 3102; x_wconf 87' lang='lat' dir='ltr'>continenter</span> <span class='ocrx_word' id='word_1_138' title='bbox 745 3069 868 3102; x_wconf 91' lang='lat' dir='ltr'>cum</span> <span class='ocrx_word' id='word_1_139' title='bbox 901 3069 1186 3117; x_wconf 85' lang='lat' dir='ltr'>processus</span> <span class='ocrx_word' id='word_1_140' title='bbox 1221 3061 1563 3118; x_wconf 80' lang='lat' dir='ltr'>eventorum,</span> <span class='ocrx_word' id='word_1_141' title='bbox 1592 3060 1702 3104; x_wconf 89' lang='lat' dir='ltr'>tum</span> <span class='ocrx_word' id='word_1_142' title='bbox 1734 3056 1994 3118; x_wconf 81' lang='lat' dir='ltr'>colligatio</span> 
     </span>
     <span class='ocr_line' id='line_1_21' title="bbox 162 3135 1995 3199; baseline 0.002 -18"><span class='ocrx_word' id='word_1_143' title='bbox 162 3135 426 3183; x_wconf 87' lang='lat' dir='ltr'>rationum</span> <span class='ocrx_word' id='word_1_144' title='bbox 460 3136 868 3199; x_wconf 86' lang='lat' dir='ltr'>illustrarentur,</span> <span class='ocrx_word' id='word_1_145' title='bbox 898 3151 958 3185; x_wconf 89' lang='lat' dir='ltr'>ac</span> <span class='ocrx_word' id='word_1_146' title='bbox 985 3137 1135 3198; x_wconf 87' lang='lat' dir='ltr'>quasi</span> <span class='ocrx_word' id='word_1_147' title='bbox 1161 3151 1272 3199; x_wconf 76' lang='lat' dir='ltr'>prae</span> <span class='ocrx_word' id='word_1_148' title='bbox 1299 3138 1465 3186; x_wconf 87' lang='lat' dir='ltr'>oculis</span> <span class='ocrx_word' id='word_1_149' title='bbox 1491 3143 1835 3199; x_wconf 88' lang='lat' dir='ltr'>ponerentur.</span> <span class='ocrx_word' id='word_1_150' title='bbox 1868 3138 1995 3186; x_wconf 86' lang='lat' dir='ltr'>Haec</span> 
     </span>
     <span class='ocr_line' id='line_1_22' title="bbox 165 3217 1996 3281; baseline 0.002 -17"><span class='ocrx_word' id='word_1_151' title='bbox 165 3217 517 3278; x_wconf 76' lang='lat' dir='ltr'>cogitantibus</span> <span class='ocrx_word' id='word_1_152' title='bbox 550 3217 730 3281; x_wconf 89' lang='lat' dir='ltr'>nobis,</span> <span class='ocrx_word' id='word_1_153' title='bbox 760 3218 999 3279; x_wconf 85' lang='lat' dir='ltr'>praeclari</span> <span class='ocrx_word' id='word_1_154' title='bbox 1035 3219 1160 3281; x_wconf 88' lang='lat' dir='ltr'>viri,</span> <span class='ocrx_word' id='word_1_155' title='bbox 1191 3219 1464 3267; x_wconf 84' lang='lat' dir='ltr'>benevolis</span> <span class='ocrx_word' id='word_1_156' title='bbox 1498 3219 1877 3280; x_wconf 82' lang='lat' dir='ltr'>incitamentiS,</span> <span class='ocrx_word' id='word_1_157' title='bbox 1907 3219 1996 3266; x_wconf 90' lang='lat' dir='ltr'>ad-</span> 
     </span>
     <span class='ocr_line' id='line_1_23' title="bbox 168 3297 1940 3363; baseline 0.002 -18"><span class='ocrx_word' id='word_1_158' title='bbox 168 3297 414 3347; x_wconf 87' lang='lat' dir='ltr'>diderunt</span> <span class='ocrx_word' id='word_1_159' title='bbox 441 3299 816 3347; x_wconf 87' lang='lat' dir='ltr'>confidentiam</span> <span class='ocrx_word' id='word_1_160' title='bbox 843 3304 894 3347; x_wconf 92' lang='lat' dir='ltr'>et</span> <span class='ocrx_word' id='word_1_161' title='bbox 919 3300 1239 3348; x_wconf 82' lang='lat' dir='ltr'>alacritatem</span> <span class='ocrx_word' id='word_1_162' title='bbox 1267 3301 1597 3363; x_wconf 84' lang='lat' dir='ltr'>propositum</span> <span class='ocrx_word' id='word_1_163' title='bbox 1624 3301 1940 3363; x_wconf 83' lang='lat' dir='ltr'>exequendi.</span> 
     </span>
    </p>

    <p class='ocr_par' dir='ltr' id='par_1_6' title="bbox 233 3379 1753 3444">
     <span class='ocr_line' id='line_1_24' title="bbox 233 3379 1753 3444; baseline 0.002 -17"><span class='ocrx_word' id='word_1_164' title='bbox 233 3379 298 3427; x_wconf 89' lang='lat' dir='ltr'>II.</span> <span class='ocrx_word' id='word_1_165' title='bbox 342 3379 492 3438; x_wconf 87' lang='lat' dir='ltr'>Quod</span> <span class='ocrx_word' id='word_1_166' title='bbox 519 3386 576 3429; x_wconf 89' lang='lat' dir='ltr'>ut</span> <span class='ocrx_word' id='word_1_167' title='bbox 602 3381 990 3444; x_wconf 87' lang='lat' dir='ltr'>obtineremus,</span> <span class='ocrx_word' id='word_1_168' title='bbox 1027 3383 1269 3444; x_wconf 86' lang='lat' dir='ltr'>sequenti</span> <span class='ocrx_word' id='word_1_169' title='bbox 1297 3383 1379 3429; x_wconf 87' lang='lat' dir='ltr'>via</span> <span class='ocrx_word' id='word_1_170' title='bbox 1408 3383 1753 3431; x_wconf 89' lang='lat' dir='ltr'>incessimus:</span> 
     </span>
    </p>

    <p class='ocr_par' dir='ltr' id='par_1_7' title="bbox 168 3460 1991 3606">
     <span class='ocr_line' id='line_1_25' title="bbox 231 3460 1986 3526; baseline 0.003 -19"><span class='ocrx_word' id='word_1_171' title='bbox 231 3460 284 3507; x_wconf 71' lang='lat'>1⁰</span> <span class='ocrx_word' id='word_1_172' title='bbox 310 3462 616 3524; x_wconf 61' lang='lat' dir='ltr'>Praecipuas</span> <span class='ocrx_word' id='word_1_173' title='bbox 635 3463 943 3526; x_wconf 79' lang='lat' dir='ltr'>divisioneS,</span> <span class='ocrx_word' id='word_1_174' title='bbox 966 3464 1160 3526; x_wconf 90' lang='lat' dir='ltr'>quibus</span> <span class='ocrx_word' id='word_1_175' title='bbox 1183 3469 1307 3512; x_wconf 87' lang='lat' dir='ltr'>sunt</span> <span class='ocrx_word' id='word_1_176' title='bbox 1332 3464 1587 3512; x_wconf 88' lang='lat' dir='ltr'>vocabula</span> <span class='ocrx_word' id='word_1_177' title='bbox 1607 3479 1614 3512; x_wconf 90' lang='lat'><strong>:</strong></span> <span class='ocrx_word' id='word_1_178' title='bbox 1641 3464 1792 3517; x_wconf 73' lang='lat' dir='ltr'>Pars,</span> <span class='ocrx_word' id='word_1_179' title='bbox 1815 3464 1986 3521; x_wconf 73' lang='lat' dir='ltr'>scotie,</span> 
     </span>
     <span class='ocr_line' id='line_1_26' title="bbox 168 3542 1991 3606; baseline 0.003 -19"><span class='ocrx_word' id='word_1_180' title='bbox 168 3542 563 3606; x_wconf 55' lang='lat' dir='ltr'>parayraphu&amp;</span> <span class='ocrx_word' id='word_1_181' title='bbox 589 3549 710 3606; x_wconf 75' lang='lat' dir='ltr'>etc,</span> <span class='ocrx_word' id='word_1_182' title='bbox 732 3545 868 3592; x_wconf 86' lang='lat' dir='ltr'>intra</span> <span class='ocrx_word' id='word_1_183' title='bbox 888 3545 1058 3606; x_wconf 84' lang='lat' dir='ltr'>ipsam</span> <span class='ocrx_word' id='word_1_184' title='bbox 1084 3550 1258 3593; x_wconf 83' lang='lat' dir='ltr'>textus</span> <span class='ocrx_word' id='word_1_185' title='bbox 1283 3546 1476 3593; x_wconf 88' lang='lat' dir='ltr'>seriem</span> <span class='ocrx_word' id='word_1_186' title='bbox 1500 3546 1807 3606; x_wconf 65' lang='lat' dir='ltr'>posuimus,</span> <span class='ocrx_word' id='word_1_187' title='bbox 1829 3545 1991 3593; x_wconf 89' lang='lat' dir='ltr'>titulis</span> 
     </span>
    </p>
   </div>
   <div class='ocr_carea' id='block_1_4' title="bbox 2119 1685 2249 1757">
    <p class='ocr_par' dir='ltr' id='par_1_8' title="bbox 2119 1685 2249 1757">
     <span class='ocr_line' id='line_1_27' title="bbox 2119 1685 2247 1718; baseline 0 -6"><span class='ocrx_word' id='word_1_188' title='bbox 2119 1685 2247 1718; x_wconf 73' lang='lat' dir='ltr'>scopus</span> 
     </span>
     <span class='ocr_line' id='line_1_28' title="bbox 2122 1729 2249 1757; baseline 0.016 -2"><span class='ocrx_word' id='word_1_189' title='bbox 2122 1729 2249 1757; x_wconf 83' lang='lat' dir='ltr'>noster.</span> 
     </span>
    </p>
   </div>
   <div class='ocr_carea' id='block_1_5' title="bbox 2085 3392 2275 3421">
    <p class='ocr_par' dir='ltr' id='par_1_9' title="bbox 2085 3392 2275 3421">
     <span class='ocr_line' id='line_1_29' title="bbox 2085 3392 2275 3421; baseline 0 -1"><span class='ocrx_word' id='word_1_190' title='bbox 2085 3392 2275 3421; x_wconf 70' lang='lat' dir='ltr'>Methodue.</span> 
     </span>
    </p>
   </div>
  </div>
 </body>
</html>
