2423 3861
615 166 762 207 licem.
790 162 1020 215 XXXIII,
1052 161 1104 202 13
1129 184 1189 192 —
1221 156 1435 208 XXXIV,
1467 157 1506 198 2.

442 336 487 371 et
508 327 727 370 convertit
754 325 852 368 illos
877 341 903 366 a
928 322 1211 380 separatione
1235 321 1444 378 ipsorum.

327 393 362 419 ¹3
383 390 515 442 Quasi
542 389 685 431 lutum
712 385 836 442 figuli
861 385 907 428 in
929 396 1063 426 manu
1087 382 1246 438 ipsius,

443 449 662 506 plasmare
688 444 798 487 illud
826 449 868 486 ct
893 442 1138 498 disponere.

325 510 362 536 Μ
383 510 546 552 Omnes
572 506 655 548 vizo
680 504 775 559 ejus
801 501 1045 545 secundnm
1071 497 1406 555 dispositionem
1431 495 1552 551 ejus3

444 567 506 610 sic
528 566 659 608 homo
684 564 730 606 in
758 576 892 604 manu
916 560 1037 602 illius
1059 558 1131 613 qui
1155 571 1199 600 se
1222 556 1352 610 fecit,

443 632 487 669 et
512 624 663 668 reddet
689 621 754 664 illi
782 618 1027 663 secundum
1048 615 1269 672 judiciuin
1295 628 1435 656 suum.

326 687 362 713 ¹5
383 687 547 730 Contra
569 682 737 725 malum
763 680 928 721 bonum
954 681 1039 730 est,
1066 680 1110 717 et
1135 678 1286 717 contra
1313 678 1499 714 mortem
1524 669 1644 725 vita3

444 744 507 787 sic
530 748 573 785 et
598 746 749 784 contra
772 737 918 779 virum
939 735 1108 790 justum
1132 736 1348 788 peccator.

388 805 445 846 Et
468 803 532 844 sic
554 801 723 843 intuere
748 796 793 838 in
818 793 966 837 onmia
993 806 1122 848 opera
1149 789 1391 843 Altissimi,

447 862 532 904 duo
554 865 597 902 et
619 857 727 910 duo,
750 860 793 898 et
820 866 957 896 unum
982 856 1134 894 contra
1164 862 1314 891 unum.

327 922 364 948 ⁴³⁵
387 922 443 963 Et
468 932 550 974 ego
576 915 842 959 novissimus
868 909 1102 966 evigilavi,

445 984 488 1022 et
513 975 636 1033 quasi
664 974 736 1029 qui
763 971 936 1027 colligit
961 969 1113 1012 acinos
1142 972 1240 1025 post
1268 964 1625 1008 vindemiatores.

330 1039 363 1067 ¹⁷
386 1039 440 1081 In
466 1033 776 1080 benedictione
803 1030 887 1074 Dei
911 1034 955 1073 et
976 1029 1069 1085 ipse
1095 1026 1290 1083 speravi,

448 1102 491 1140 et
516 1094 640 1151 quasi
668 1091 741 1148 qui
768 1089 1014 1133 vindemiat
1039 1085 1205 1143 replevi
1228 1083 1431 1128 torcular.

330 1158 365 1185 ¹⁸
389 1154 611 1212 Respicite
634 1150 843 1208 quoniam
867 1161 956 1191 non
981 1146 1091 1189 mihi
1117 1144 1198 1188 soli
1221 1142 1440 1197 laboravi,

448 1215 524 1258 sed
549 1211 752 1256 omnibus
779 1205 1111 1264 exquirentibus
1138 1202 1434 1260 disciplinam.

330 1277 366 1304 ¹0
387 1274 555 1319 Audite
582 1285 671 1326 me,
699 1272 930 1324 magnates
957 1270 1000 1308 et
1026 1278 1177 1308 omnes
1202 1261 1379 1320 populi,

449 1340 492 1378 et
513 1337 701 1376 rectores
727 1327 947 1381 ecclesiae,
975 1324 1155 1368 auribus
1180 1321 1406 1379 percipite.

329 1395 368 1422 ‘20
391 1393 506 1438 Filio
529 1397 571 1435 et
597 1387 791 1442 mulieri,
815 1385 945 1428 fratri
972 1390 1015 1428 et
1036 1383 1201 1436 amico,

448 1466 536 1495 non
559 1450 634 1492 des
657 1450 924 1504 potestatem
949 1457 1079 1499 super
1103 1447 1146 1484 te
1170 1441 1217 1483 in
1244 1440 1335 1482 vita
1357 1444 1458 1494 tua,

392 1518 435 1556 et
459 1524 547 1554 non
574 1506 746 1551 dederis
767 1505 845 1548 alii
869 1502 1191 1560 possessionem
1217 1505 1362 1553 tuam,

449 1584 504 1613 ne
526 1569 643 1611 forte
668 1565 883 1622 poeniteat
903 1568 968 1618 te,
992 1567 1036 1605 et
1061 1558 1308 1616 depreceris
1330 1572 1406 1614 pro
1429 1557 1531 1599 illis.

333 1632 368 1660 ⁶2¹
392 1633 511 1675 Dum
532 1627 678 1670 adhuc
704 1637 884 1680 superes
904 1627 949 1666 et
972 1620 1162 1677 aspiras,

449 1702 538 1732 non
566 1682 826 1729 immutabit
851 1687 895 1725 te
920 1679 1063 1723 omnis
1090 1692 1204 1722 caro.

334 1749 371 1777 ‘2⁹2
390 1748 551 1792 Melius
577 1750 644 1788 est
669 1743 788 1787 enim
812 1746 861 1784 ut
882 1739 962 1783 filii
985 1739 1049 1782 tui
1071 1743 1114 1781 te
1137 1742 1315 1793 rogent,

455 1820 586 1863 quam
611 1811 654 1846 te
679 1802 901 1858 respicere
920 1799 968 1842 in
993 1811 1151 1840 manus
1172 1796 1364 1840 filiorum
1390 1799 1579 1837 tuorum.
1639 1807 1641 1809 ·

335 1868 372 1894 ‘2²³'
396 1869 451 1911 In
474 1864 677 1909 omnibus
703 1860 908 1918 operibus
929 1858 1018 1900 tuis
1040 1855 1299 1913 praecellens
1325 1859 1432 1897 esto.

394 1926 430 1952 ‘24
451 1927 518 1968 Ne
545 1922 717 1967 dederis
742 1918 965 1962 maculam
986 1917 1032 1959 in
1058 1915 1200 1972 gloria
1222 1919 1312 1957 tua.

396 1986 450 2028 In
469 1984 540 2027 die
559 1978 954 2026 consummationis
973 1976 1146 2020 dierum
1165 1974 1270 2018 vitae
1288 1978 1393 2028 tuae,
1410 1971 1512 2015 etin
1531 1976 1728 2026 tempore
1746 1966 1891 2012 exitus
1909 1964 1989 2021 tui,

455 2042 669 2086 distribue
692 2038 987 2082 hereditatem
1011 2041 1148 2078 tuam.

337 2104 374 2130 “²5
395 2102 593 2156 Cibaria,
617 2105 661 2143 et
681 2099 829 2154 virga,
854 2102 898 2140 et
922 2110 1032 2139 onus
1053 2094 1204 2149 asin03

454 2160 602 2218 panis,
627 2163 670 2202 et
695 2156 953 2213 disciplina,
979 2159 1024 2197 et
1044 2168 1153 2210 opus
1178 2166 1316 2196 servo.

337 2222 375 2248 ‘2⁶
397 2223 613 2278 Operatur
636 2218 683 2260 in
709 2215 968 2271 disciplina,
995 2218 1039 2256 et
1065 2211 1224 2268 quaerit
1247 2210 1545 2265 requiescere3

456 2280 558 2322 laxa
585 2290 743 2320 manus
766 2275 855 2329 illi,
883 2279 926 2316 et
947 2271 1105 2329 quaerit
1129 2270 1395 2313 libertatem.

337 2341 373 2366 ‘²7
397 2341 566 2395 Jugum
593 2343 635 2379 et
657 2336 799 2378 lorum
826 2338 1013 2376 curvant
1039 2331 1203 2374 collum
1229 2329 1409 2382 durum,

459 2404 502 2442 et
527 2410 704 2441 servum
728 2393 950 2437 inclinant
976 2390 1251 2448 operationes
1277 2386 1484 2430 assiduae.

339 2458 375 2485 *20'
396 2459 531 2502 Servo
556 2453 776 2498 malevolo
798 2458 966 2496 tortura
992 2455 1036 2493 et
1058 2447 1291 2505 compedes
1309 2464 1317 2501 ;

458 2517 585 2559 mitte
605 2514 735 2557 illum
758 2512 805 2555 in
828 2510 1152 2569 operationem,
1178 2521 1233 2549 ne
1254 2509 1407 2559 vacet3

400 2577 436 2603 '29
458 2575 646 2619 multam
668 2573 787 2617 enim
813 2570 1034 2614 malitiam
1056 2566 1206 2610 docuit
1228 2564 1440 2609 otiositas.

339 2637 378 2664 3⁰
398 2638 452 2680 In
479 2649 608 2692 opera
635 2631 855 2676 constitue
877 2644 1004 2683 eum3

459 2695 522 2738 sic
548 2692 666 2736 enim
689 2690 902 2734 condecet
926 2688 1069 2731 illum.

400 2753 525 2806 Quod
550 2752 587 2795 si
608 2765 697 2794 non
722 2747 992 2803 obaudierit,
1021 2760 1155 2789 curva
1180 2744 1310 2788 illum
1336 2739 1644 2798 compedibus,

462 2819 506 2856 et
530 2826 618 2855 non
643 2809 888 2866 amplifices
913 2820 1045 2864 super
1067 2818 1241 2848 omnem
1267 2815 1470 2855 carnem;

460 2885 614 2915 verum
639 2869 735 2912 sine
759 2867 929 2924 judicio
955 2865 1067 2909 nihil
1092 2863 1236 2906 facias
1262 2875 1410 2918 grave.

341 2932 377 2960 3¹
402 2931 446 2976 Si
472 2935 538 2975 est
566 2929 648 2973 tibi
674 2925 1012 2980 servus'ffidelis,
1039 2924 1098 2967 sit
1122 2922 1203 2965 tibi
1230 2920 1354 2977 quasi
1376 2920 1526 2962 anima
1548 2922 1648 2973 tua;

463 2989 587 3047 quasi
612 2988 801 3031 fratrem
825 2986 889 3029 sic
915 2999 1016 3029 eum
1042 2987 1204 3035 tracta,

462 3048 671 3106 quoniam
694 3047 741 3089 in
763 3045 980 3101 sanguine
1001 3042 1166 3086 animae
1191 3038 1456 3096 comparasti
1478 3037 1620 3081 illum.

343 3109 381 3138 3²
400 3110 447 3154 Si
470 3107 637 3152 laeseris
664 3120 763 3149 eum
788 3105 974 3160 injuste,

461 3168 508 3210 in
534 3167 693 3222 fugam
719 3168 1022 3217 convertetur-3

347 3227 385 3256 33
403 3232 448 3273 et
472 3227 508 3270 si
532 3225 748 3269 extollens
776 3222 1049 3275 discesserit,

465 3300 595 3342 quem
620 3297 792 3340 quaeras
818 3287 861 3325 et
886 3282 933 3324 in
958 3295 1044 3336 qua
1065 3279 1138 3321 via
1163 3291 1334 3334 quaeras
1358 3275 1487 3319 illum
1512 3272 1670 3317 nescis.

224 3350 335 3395 CAP.
360 3346 578 3391 XXXIV.
604 3370 662 3375 —
688 3342 701 3369 ¹
720 3343 851 3385 Vana
876 3355 975 3397 spes
1001 3345 1044 3382 et
1066 3336 1350 3380 mendacium
1375 3334 1470 3378 viro
1492 3333 1743 3385 insensat03

464 3409 507 3448 et
528 3402 701 3447 somnia
727 3401 947 3445 extollunt
970 3396 1286 3454 imprudentes.

363 3465 382 3494 2
401 3463 535 3518 Quasi
561 3462 634 3518 qui
661 3459 955 3517 apprehendit
979 3456 1184 3500 umbram
1206 3459 1250 3499 et
1273 3452 1551 3511 persequitur
1576 3452 1777 3501 ventum,

465 3522 529 3566 sic
551 3526 594 3565 et
620 3520 693 3577 qui
718 3517 911 3576 attendit
935 3516 992 3559 ad
1013 3514 1108 3558 visa
1130 3512 1378 3559 mendacia.

183 3677 231 3710 13]
251 3677 346 3705 Rom.
363 3675 430 3710 IX,
446 3676 492 3702 21.
506 3688 542 3694 -
558 3673 608 3706 18]
625 3673 704 3705 Sup.
721 3670 849 3705 XXIV,
866 3670 909 3697 47.
926 3682 961 3687 -
975 3666 1024 3699 31]
1037 3665 1116 3697 sup.
1130 3663 1216 3699 VII,
1233 3665 1277 3692 23.

1890 153 1969 195 771

2047 906 2175 932 Auctor
2207 901 2286 932 libri

2059 948 2175 976 laudat
2192 953 2276 979 opus

2115 998 2223 1019 suum.

2052 1375 2139 1402 Ante
2149 1375 2291 1401 mortem

2099 1417 2186 1446 nihil
2203 1418 2244 1445 de

2077 1461 2266 1490 hereditate

2078 1506 2272 1535 cedendum.

2119 2079 2238 2108 Modus

2120 2130 2237 2152 servos

2089 2166 2266 2196 tractandi.

2117 3325 2258 3354 vanitas

2077 3376 2291 3400 somniorum
