2456 3861
739 135 846 177 σιω.
880 134 995 188 xn,
1030 135 1055 176 4
1087 160 1145 166 -
1176 133 1319 188 xm,
1355 135 1421 176 12.
1907 134 1991 177 237

171 305 315 348 minus
346 304 390 347 in
425 319 582 347 manus
615 318 749 350 meas.
780 304 893 354 Quid
924 303 1163 347 commerui
1197 308 1244 346 ut
1273 303 1507 346 adversum
1537 317 1606 346 me
1641 303 1916 359 consurgatis
1948 303 1995 346 in

170 363 405 420 praelium?
429 362 445 389 ⁴
473 363 654 407 Vocatis
676 363 823 418 itaque
848 362 905 405 ad
934 377 979 406 se
1012 363 1183 406 cunctis
1213 362 1318 405 viris
1350 361 1544 417 Galaad,
1580 361 1810 418 pugnabat
1843 367 1996 405 contra

171 421 408 478 Ephraim;
434 427 826 478 percusseruntque
850 422 932 464 viri
955 421 1128 466 Galaad
1153 421 1378 478 Ephraim,
1403 421 1505 477 quia
1527 420 1700 464 dixerat
1724 436 1734 464 ι
1761 420 1996 476 Fugitivus

169 485 237 524 est
262 481 435 524 Galaad
463 481 516 524 de
544 480 777 537 Ephraim,
804 485 848 524 et
873 480 1082 523 habitat
1071 495 1116 522 m
1144 480 1289 524 medio
1312 479 1525 536 Ephraim
1550 484 1594 523 et
1619 479 1838 524 Manasse.
1871 479 1888 506 ⁵
1914 479 1996 522 Oc-

170 545 528 596 cupaveruntque
563 538 814 584 Galaaditae
848 539 963 581 vada
996 539 1226 594 Jordanis,
1260 553 1337 595 per
1365 553 1463 594 quae
1499 538 1711 595 Ephraim
1745 552 1997 582 reversurus

169 603 289 641 erat·
281 612 502 654 ‚cumque
535 598 729 641 venisset
762 597 818 640 ad
848 612 899 641 ea
925 597 977 640 de
1010 597 1222 653 Ephraim
1253 597 1681 653 1111n1ero,f11giens,
1708 602 1839 653 atque
1863 596 1997 639 dixis-

169 662 271 700 set:
296 657 487 700 Obsecro
509 663 557 700 ut
586 670 655 699 me
690 656 876 699 transire
910 655 1200 712 permittatis,
1236 655 1444 698 dicebant
1469 655 1508 698 ei
1543 656 1829 700 Galaaditae:
1859 656 1995 698 Num-

169 715 274 771 quid
301 716 596 772 Ephrathaeus
617 714 696 758 es?
722 728 807 770 quo
833 715 1006 757 dicente
1033 729 1043 758 x
1070 714 1169 756 Non
1204 728 1320 769 sum,
1347 714 1364 740 ⁶
1389 714 1724 770 interrogabant
1749 729 1847 758 eum
1877 731 1885 758 :
1915 714 1998 756 Dic

170 789 313 830 ergo:
341 774 624 841 Scibboleth,
651 773 766 829 quod
793 773 1108 829 interpretatur
1132 772 1268 828 spica.
1292 772 1374 822 Qui
1399 772 1725 828 respondebat:
1753 773 1996 828 sibboleth,

169 834 326 876 eadem
349 833 497 876 littera
522 832 691 889 spicam
716 832 963 888 exprimere
990 844 1077 873 non
1102 831 1270 873 valens.
1307 830 1552 886 Statimque
1585 833 1908 888 apprehensum
1929 832 1998 887 ju-

168 891 409 948 gulabant
398 906 443 934 1n
458 892 553 948 ipso
567 890 776 934 Jordanis
791 890 993 933 transitu.
1014 890 1072 931 Et
1086 888 1366 932 ceciderunt
1355 903 1400 931 ln
1415 888 1492 931 illo
1505 893 1701 945 tempore
1717 891 1770 934 de
1786 890 1999 947 Ephraim

169 950 466 1006 quadraginta
492 950 578 994 duo
603 949 759 994 millia.
1701 976 1707 980 ·

227 1009 242 1035 ⁷
265 1009 496 1052 Jud1cav1t
518 1008 666 1064 itaque
688 1008 852 1065 Jephte
879 1007 1138 1052 Galaadites
1165 1008 1304 1052 Israel
1333 1022 1411 1052 sex
1431 1006 1585 1062 annis3
1618 1012 1662 1051 et
1694 1012 1890 1051 mortuus
1911 1013 1999 1064 est,

169 1081 220 1110 ac
241 1067 439 1125 sepultus
459 1067 506 1111 in
532 1067 713 1111 civitate
735 1082 814 1110 sua
837 1066 1024 1111 Galaad.

635 1192 658 1245 ς
684 1190 745 1233 11.
767 1215 826 1223 -
845 1162 1050 1243 Abesan,
1075 1189 1275 1232 Amazon
1296 1195 1336 1233 et
1358 1189 1532 1233 Abdon.

226 1304 243 1332 ⁸
267 1305 371 1348 Post
396 1304 514 1348 hunc
543 1304 765 1360 judicavit
796 1305 934 1347 Israel
962 1304 1142 1348 Abesan
1176 1304 1229 1348 de
1265 1303 1542 1347 Bethlehem.
1577 1304 1595 1330 9
1620 1303 1702 1355 Qui
1730 1304 1887 1347 habuit
1923 1304 1999 1348 tri-

168 1364 294 1420 ginta
319 1363 452 1419 filios‚
479 1369 524 1406 et
547 1364 734 1407 totidem
756 1363 890 1419 filias,
917 1378 1024 1420 quas
1049 1363 1258 1407 emittens
1284 1363 1426 1418 foras,
1448 1362 1618 1406 maritis
1645 1363 1786 1419 dedit,
1814 1368 1858 1406 et
1883 1363 1999 1420 ejus-

169 1423 270 1466 dem
295 1422 465 1466 numeri
492 1422 593 1465 filiis
617 1422 706 1465 suis
731 1423 905 1478 accepit
931 1436 1108 1477 uxores,
1142 1421 1426 1465 introducens
1461 1421 1507 1464 in
1530 1421 1708 1466 domum
1742 1437 1881 1466 suam.
1916 1423 1999 1473 Qui

168 1487 339 1583 septem
368 1480 496 1523 annis
527 1481 748 1537 judicavit
781 1481 942 1537 Israel,
977 1480 1012 1507 ¹⁰
1037 1487 1320 1537 mortuusque
1354 1485 1444 1537 est,
1479 1495 1531 1523 ac
1563 1481 1761 1538 sepultus
1794 1481 1841 1524 in
1865 1482 1998 1525 Beth-

185 1541 325 1584 ehem.

228 1599 259 1625 ¹¹
288 1599 368 1642 Cui
389 1598 601 1643 successit
626 1598 822 1642 Ahialon
847 1598 1152 1653 zabulonites,
1183 1604 1228 1643 et
1252 1599 1472 1655 judicavit
1498 1597 1637 1642 Israel
1664 1599 1816 1642 decem
1841 1600 1969 1643 annis
1991 1618 1999 1655 ;

169 1657 204 1684 ¹⁵²
228 1663 510 1715 mortuusque
532 1663 619 1715 est,
642 1673 694 1701 ac
716 1659 913 1715 sepultus
935 1658 980 1700 in
1002 1657 1213 1702 Zabulon.

227 1717 263 1744 ¹3
288 1718 394 1761 Post
417 1718 535 1761 hunc
559 1717 782 1773 judicavit
805 1717 945 1761 Israel
972 1717 1155 1772 Abdon‚
1184 1717 1300 1761 filius
1330 1717 1454 1773 Illel,
1481 1716 1838 1762 Pharathonites.
1864 1717 1901 1744 ¹4
1918 1719 1999 1770 Qui

165 1775 322 1819 habuit
350 1776 645 1832 quadraginta
674 1776 807 1832 filios,
838 1782 882 1820 et
918 1776 1104 1832 triginta
1135 1789 1192 1819 ex
1217 1777 1279 1820 eis
1312 1782 1515 1834 nepotes,
1550 1777 1842 1820 ascendentes
1871 1792 2001 1834 super

166 1836 451 1892 septuaginta
483 1835 626 1892 pullos
662 1835 899 1879 asinarum.
941 1836 999 1878 Et
1041 1835 1264 1891 judicavit
1302 1836 1442 1880 Israel
1479 1841 1578 1880 octo
1618 1836 1769 1892 annis,
1814 1836 1850 1863 ¹5
1887 1851 1998 1879 mor-

165 1898 352 1950 tuusque
375 1900 462 1951 est,
485 1908 537 1938 ac
559 1895 757 1952 sepultus
782 1895 828 1938 in
855 1895 1112 1938 Pharathon
1138 1900 1266 1939 terrae
1291 1895 1524 1952 Ephraim,
1554 1895 1600 1937 in
1624 1900 1773 1938 monte
1799 1895 1998 1939 Amalec.

735 2019 758 2072 ἓ
783 2017 872 2061 III.
894 2043 953 2049 —
973 2017 1202 2061 Samsonis
1225 2017 1424 2060 historia.

226 2132 332 2176 CAP.
366 2132 501 2176 XIII.
529 2158 590 2165 —
621 2131 634 2158 ¹
661 2133 934 2189 Rursumque
970 2131 1049 2175 filii
1081 2131 1220 2175 Israel
1252 2131 1457 2175 fecerunt
1490 2131 1657 2174 malum
1682 2131 1728 2173 in
1763 2137 2001 2188 conspectu

167 2191 370 2247 Domini,
392 2190 467 2246 qui
491 2191 677 2234 tradidit
702 2205 775 2234 eos
799 2191 846 2233 in
867 2205 1025 2234 manus
1052 2191 1420 2234 Philisthinorum
1445 2190 1742 2247 quadraginta
1767 2190 1910 2236 annis.

226 2248 243 2275 2
268 2250 377 2292 Erat
403 2255 553 2293 autem
578 2249 759 2305 quidam
785 2250 852 2293 vir
874 2251 927 2293 de
950 2251 1106 2306 Saraa,
1132 2255 1177 2293 et
1211 2250 1264 2293 de
1298 2249 1433 2306 stirpe
1466 2251 1587 2306 Dan,
1614 2249 1792 2292 nomine
1817 2251 1997 2305 Manue,

167 2308 335 2352 habens
357 2323 540 2352 uxorem
561 2309 772 2353 sterilem.
794 2308 812 2335 3
834 2309 914 2352 Cui
936 2309 1142 2366 apparuit
1163 2309 1347 2365 angelus
1371 2308 1564 2364 Domini,
1588 2313 1633 2352 et
1651 2308 1766 2352 dixit
1791 2309 1847 2351 ad
1870 2323 1970 2352 eam
1990 2327 1998 2354 ;

166 2368 336 2411 Sterilis
362 2382 408 2411 es
433 2372 478 2411 et
502 2368 668 2424 absque
701 2367 852 2412 liberis
874 2386 882 2424 3
908 2368 986 2412 sed
1016 2368 1240 2425 concipies
1269 2373 1313 2412 et
1345 2367 1487 2424 paries
1520 2368 1687 2423 filium3
1717 2367 1735 2394 4
1760 2382 1868 2411 cave
1897 2382 2000 2424 ergo

166 2441 221 2470 ne
242 2426 370 2470 bibas
398 2427 552 2470 vinum
584 2441 637 2470 ac
666 2427 874 2483 siceram,
906 2441 987 2471 nec
1017 2427 1295 2470 immundum
1327 2426 1568 2483 quidquam
1601 2427 1826 2483 comedas,
1858 2427 1874 2453 ⁵
1900 2427 2001 2482 quia

166 2485 390 2542 concipies
418 2492 463 2530 et
496 2486 641 2543 paries
670 2487 830 2542 filium,
870 2487 997 2543 cujus
1027 2500 1114 2530 non
1142 2491 1300 2542 tanget
1333 2492 1466 2543 caput
1498 2486 1741 2540 novacula,
1774 2486 1856 2529 erit
1882 2485 1998 2529 enim

167 2559 393 2588 nazaraeus
419 2546 503 2589 Dei
524 2546 581 2589 ab
604 2546 800 2589 infantia
825 2560 904 2589 sua
925 2551 970 2589 et
995 2559 1050 2588 ex
1075 2545 1229 2588 matris
1254 2549 1398 2601 utero,
1423 2549 1466 2588 et
1489 2545 1582 2601 ipse
1608 2544 1791 2602 incipiet
1813 2544 2000 2587 liberare

167 2604 307 2647 Israel
329 2605 382 2648 de
408 2620 543 2649 manu
569 2605 951 2651 Philisthinorum.

226 2664 243 2690 ⁶
268 2665 373 2714 Quae
396 2665 495 2708 cum
519 2665 715 2708 venisset
737 2665 793 2708 ad
816 2665 1024 2708 maritum
1046 2679 1193 2719 suum,
1222 2664 1336 2707 dixit
1361 2664 1401 2707 ei
1432 2681 1441 2709 ι
1464 2664 1545 2707 Vir
1568 2663 1652 2707 Dei
1677 2663 1802 2706 venit
1827 2663 1883 2706 ad
1905 2678 1997 2719 me,

167 2723 335 2767 habens
358 2724 532 2767 vultum
553 2724 832 2781 angelicum,
856 2725 1066 2768 terribilis
1088 2723 1234 2767 nimis.
1259 2724 1397 2775 Quem
1416 2738 1516 2767 cum
1538 2722 1882 2778 interrogassem
1903 2723 1999 2778 quis

167 2787 302 2838 esset,
343 2788 388 2826 et
421 2783 536 2826 unde
573 2783 789 2839 venisset,
825 2792 868 2827 et
904 2798 988 2840 quo
1026 2782 1204 2826 nomine
1234 2788 1485 2839 vocaretur,
1517 2781 1660 2825 noluit
1687 2781 1798 2824 mihi
1824 2781 1999 2836 dicere,

166 2841 182 2868 ⁷
204 2841 281 2884 sed
303 2842 385 2885 hoc
406 2842 669 2909 respondit:
696 2845 812 2886 Ecce
839 2843 1060 2900 concipies
1083 2847 1126 2885 et
1150 2841 1295 2898 paries
1327 2841 1493 2897 filium,
1530 2855 1637 2884 cave
1667 2855 1723 2884 ne
1753 2840 1907 2883 vinum
1931 2840 1996 2882 bi-

166 2900 265 2956 bas,
288 2915 371 2944 nec
404 2901 611 2958 siceram,
638 2907 683 2945 et
711 2916 766 2945 ne
799 2902 947 2957 aliquo
980 2902 1171 2945 vescaris
1196 2901 1451 2957 immundo3
1476 2901 1558 2944 e1it
1584 2900 1703 2943 enim
1731 2914 1841 2956 puer
1869 2913 1999 2942 naza-

165 2936 278 3002 raeu⁷s
306 2960 389 3003 Dei
418 2960 474 3003 ab
508 2937 705 3004 infa⁷ntia
737 2976 836 3017 sua,
873 2975 929 3004 ex
963 2966 1087 3004 utero
1123 2960 1277 3003 matris
1314 2974 1405 3003 suae
1439 2974 1574 3016 usque
1608 2959 1666 3002 ad
1699 2959 1817 3002 diem
1846 2958 1999 3002 mortis

166 3032 270 3064 suae.
295 3019 312 3045 8
336 3019 490 3063 Oravit
511 3020 660 3076 itaque
687 3022 849 3064 Manue
877 3021 1138 3075 Dominum,
1166 3025 1210 3063 et
1235 3020 1299 3062 ait
1328 3036 1336 3063 :
1370 3019 1581 3074 Obsecro,
1618 3018 1828 3074 Domine,
1862 3022 1910 3060 ut
1933 3017 2000 3060 vir

167 3078 269 3134 Dei,
294 3093 425 3146 quem
448 3079 630 3135 misisti,
656 3081 808 3123 veniat
830 3080 1009 3136 iterum,
1036 3085 1080 3123 et
1101 3080 1259 3123 doceat
1283 3093 1361 3123 nos
1387 3078 1492 3135 quid
1511 3078 1750 3121 debeamus
1771 3077 1922 3120 facere
1946 3076 1998 3119 de

165 3151 301 3193 puero
326 3138 400 3193 qui
433 3139 681 3182 nasciturus
711 3145 790 3183 est.
822 3139 839 3165 9
865 3139 1194 3195 Exaudivitque
1230 3138 1445 3182 Dominus
1469 3137 1781 3194 deprecantem
1810 3136 1993 3190 Manue,

167 3203 212 3241 et
235 3198 441 3265 apparuit
461 3212 633 3242 rursum
654 3200 840 3255 angelus
863 3198 946 3242 Dei
967 3198 1093 3241 uxori
1119 3199 1216 3255 ejus
1241 3197 1415 3241 sedenti
1443 3197 1488 3239 in
1511 3210 1630 3253 agino
1656 3197 1816 3238 Manue
1849 3201 1998 3237 autem

167 3257 350 3300 maritus
373 3257 413 3313 ej
423 3272 470 3300 us
495 3272 584 3300 non
609 3264 703 3301 erat
725 3272 825 3301 cum
850 3272 915 3301 ea.
939 3258 1066 3314 Quae,
1093 3272 1194 3301 cum
1218 3257 1402 3300 vidisset
1424 3256 1654 3312 angelum,
1682 3254 1717 3281 10
1740 3253 1995 3307 festinavit,

167 3322 211 3359 et
236 3317 428 3359 cucurrit
448 3316 506 3360 ad
531 3317 675 3360 virum
697 3331 844 3372 suum,
871 3317 1182 3372 nuntiavitque
1205 3317 1266 3373 ei,
1291 3316 1442 3359 dicens
1473 3332 1481 3359 :
1519 3315 1635 3357 Ecce
1661 3312 1865 3369 apparuit
1887 3288 1997 3354 mihi

167 3375 254 3431 vir,
289 3390 419 3432 quem
451 3381 555 3419 ante
588 3376 801 3422 videram
838 3375 871 3402 1¹
895 3376 977 3460 Qui
1009 3377 1218 3432 surrexit,
1252 3381 1296 3419 et
1328 3380 1502 3418 secutus
1533 3379 1599 3417 est
1631 3386 1812 3415 uxoxem
1842 3385 1993 3425 suam3

166 3435 434 3490 veniensque
459 3435 515 3478 ad
540 3435 704 3491 vir,um
729 3436 843 3479 dixit
867 3435 907 3478 ei
939 3436 1041 3478 :Tu
1066 3450 1112 3480 es
1137 3436 1211 3492 qui
1236 3435 1407 3478 locutus
1430 3448 1475 3477 es
1500 3431 1704 3475 mulie1i‘?
1726 3431 1783 3472 Et
1808 3430 1882 3472 ille
1907 3443 1996 3472 res

167 3493 362 3548 pondit:
391 3495 489 3550 Ego
510 3509 620 3538 sum.
645 3494 681 3521 ¹²
707 3495 787 3540 Cui
810 3496 972 3538 Manue
1003 3510 1011 3539 :
1041 3494 1244 3550 Quando,
1268 3493 1432 3550 inquit,
1459 3505 1600 3535 sermo
1626 3496 1726 3532 tuus
1751 3488 1888 3532 fuerit
1920 3502 1995 3531 ex-

171 3640 198 3673 1]
217 3640 294 3672 Sup.
308 3641 348 3676 X,
362 3644 388 3671 ¹5.
406 3656 440 3662 -
453 3642 483 3676 3]
502 3641 579 3671 Gen.
594 3642 686 3678 XVI,
709 3644 753 3670 11.
776 3642 792 3669 1
810 3641 892 3674 Reg.
908 3641 936 3675 1,
953 3642 997 3668 20.
1020 3639 1098 3667 Luc.
1115 3639 1142 3673 1,
1155 3640 1198 3666 31.
1223 3653 1259 3658 —
1272 3639 1302 3672 4]
1319 3639 1416 3666 Num.
1434 3637 1493 3671 VI,
1510 3639 1582 3665 3-4.

2109 1018 2262 1049 Moritur.

2119 1320 2251 1347 Abesan

2130 1361 2245 1396 judex.

2110 1602 2260 1632 Ahialon.

2122 1727 2249 1756 Abdon.

2103 2151 2130 2178 N
2133 2149 2272 2178 ativitas

2096 2193 2275 2223 samsonis.
