2423 3861
147 1115 213 1141 Cau
219 1121 262 1141 sae

116 1156 290 1184 malorum.

111 1949 303 1978 Piscatores

85 1996 121 2022 et
144 1997 326 2022 venatores

142 2039 161 2066 J
167 2037 271 2065 udaeis

99 2082 244 2111 insidian
251 2086 310 2110 tes.

121 2722 296 2750 Plectetur

114 2765 311 2792 Judaeorum

88 2807 275 2836 obstinatio
296 2807 329 2836 in

111 2851 310 2880 idololatria.

97 3418 143 3446 De
161 3417 283 3447 fiducia
303 3418 334 3446 in

122 3460 317 3489 hominibus

126 3507 160 3533 et
179 3504 212 3533 in
231 3506 309 3533 Deo.

392 99 476 141 864
961 96 1064 137 JEP..
1099 95 1232 145 XVI,
1267 95 1294 135 4
1326 120 1384 124 —
1415 94 1574 136 XVII.
1610 96 1649 135 Γ).

392 270 529 326 stirpe
560 274 664 311 sunt.
688 266 781 309 nati
815 265 860 306 in
894 269 1009 306 terra
1034 265 1118 305 hac
1148 279 1158 305 :
1185 261 1202 288 1
1226 262 1444 305 Mortibus
1470 262 1816 316 aegrotationum
1838 264 2109 319 morientur,
2137 278 2224 307 non

392 329 672 386 plangentur,
714 331 757 368 et
797 337 885 365 non
925 322 1218 378 sepelientur3
1260 321 1308 362 in
1349 320 1679 376 sterquilinium
1718 334 1848 377 super
1883 321 2054 365 faciem
2093 329 2224 366 terrae

393 393 547 439 erunt3
584 392 627 428 et
660 383 811 439 gladio
843 387 888 425 et
920 381 1045 424 fame
1078 385 1407 435 consumentur,
1436 386 1479 422 et
1501 379 1584 422 erit
1612 379 1804 422 cadaver
1828 393 1981 422 eorum
2003 381 2051 423 in
2077 396 2227 426 escam

393 444 649 489 volatilibus
683 441 781 484 caeli
815 445 861 484 et
891 440 1047 483 bestiis
1073 445 1215 483 terrae.
1242 439 1260 466 5
1279 440 1394 481 Haec
1421 439 1540 481 6111111
1567 438 1676 481 dicit
1703 438 1925 482 Dominus
1951 455 1962 482 :
1988 439 2057 482 Ne
2078 441 2229 496 ingre-

393 505 527 547 diaris
559 503 740 545 domum
775 499 990 555 convivii,
1025 513 1167 554 neque
1200 498 1340 541 vadas
1373 498 1429 541 ad
1463 497 1791 554 plangendum,
1818 511 1961 553 neque
1987 499 2225 543 consoleris

392 577 484 617 eos,
512 561 613 617 quia
639 559 812 608 abstuli,
831 573 986 616 pacem
1015 573 1159 601 meam
1192 573 1218 600 a
1244 557 1407 615 populo
1434 557 1540 612 isto,
1576 556 1685 599 dicit
1712 557 1952 612 Dominus,
1980 557 2224 602 misericor-

392 622 511 664 diam
537 626 580 663 et
608 619 926 662 miserationes.
953 618 970 644 ⁶
989 619 1047 660 Et
1072 618 1316 660 morientur
1341 616 1533 673 grandes
1558 621 1603 659 et
1631 615 1758 672 parvi
1781 616 1829 658 in
1854 620 1972 659 terra
1993 616 2111 673 ista;
2138 631 2228 665 non

391 680 662 736 sepelientur
694 692 837 734 neque
870 677 1162 735 plangentur;
1200 683 1243 719 et
1276 691 1364 719 non
1398 690 1445 719 se
1476 675 1698 730 incident,
1724 689 1867 731 neque
1893 675 2126 718 calvitium
2153 676 2232 725 fiet

390 753 467 795 pro
504 739 580 782 eis.
623 738 637 764 7
665 739 722 780 Et
758 752 847 780 non
887 737 1101 792 frangent
1140 736 1257 779 inter
1295 750 1366 779 eos
1409 734 1581 790 lugenti
1619 744 1782 791 panem
1815 734 1871 777 ad
1906 735 2226 779 consolandum

390 813 521 855 super
553 803 748 852 mortuo,
784 802 827 840 et
859 811 947 839 non
982 796 1154 839 dabunt
1186 795 1248 838 eis
1282 800 1439 851 potum
1473 793 1625 837 calicis
1655 793 1713 836 ad
1748 794 2071 838 consolandum
2098 808 2234 852 super
2275 829 2282 842 .

390 866 515 914 patre
539 871 619 900 suo
645 862 688 900 et
714 862 869 899 matre,
893 855 910 882 8
931 857 988 898 Et
1014 855 1197 898 domum
1224 854 1420 897 convivii
1447 868 1534 897 non
1560 853 1853 909 ingrediaris,
1876 859 1926 896 ut-
1950 853 2106 897 sedeas
2127 868 2231 897 cum
2263 859 2271 872 ⁰

391 918 474 972 eis,
505 922 548 960 et
582 916 810 971 comedas,
842 922 886 958 et
915 915 1071 969 bibas;
1108 914 1125 940 9
1143 914 1248 970 qnia
1272 914 1368 956 haec
1399 913 1510 956 dicit
1539 912 1757 956 Dominus
1783 913 2082 969 exercituum,
2109 914 2232 957 Deus

390 977 530 1020 Israel
564 993 574 1020 t
609 977 725 1019 Ecce
759 989 840 1031 ego
873 975 1079 1017 auferam
1112 974 1166 1016 de
1197 974 1294 1016 loco
1326 973 1434 1028 isto,
1468 972 1517 1014 in
1546 972 1686 1015 oculis
1719 972 1877 1016 vestris
1915 978 1959 1016 et
1993 973 2040 1015 in
2073 973 2229 1017 diebus

390 1036 570 1092 vestris,
592 1050 747 1078 vocem
772 1034 926 1090 gaudii
958 1039 1002 1077 et
1030 1048 1186 1076 vocem
1213 1032 1406 1088 laetitiae,
1435 1046 1592 1075 vocem
1617 1032 1767 1088 sponsi
1794 1036 1838 1075 et
1863 1047 2019 1076 vocem
2040 1047 2242 1090 sponsae.·

450 1095 486 1122 10
512 1097 569 1138 Et
599 1109 699 1138 cum
728 1093 1064 1136 annuntiaveris
1097 1092 1262 1149 populo
1294 1092 1399 1134 huic
1439 1091 1589 1134 omnia
1624 1092 1761 1134 verba
1798 1092 1917 1148 haec,
1954 1097 1999 1135 et
2036 1092 2232 1136 dixerint

390 1155 469 1198 tibi
506 1172 515 1199 :
549 1155 691 1205 Quare
716 1154 889 1196 locutus
915 1159 981 1196 est
1012 1152 1229 1195 Dominus
1255 1166 1386 1209 super
1410 1165 1490 1194 nos
1520 1165 1651 1194 omne
1679 1151 1848 1193 malum
1873 1151 2041 1207 grande
2070 1151 2228 1195 istud?

391 1229 490 1270 quae
530 1214 743 1270 iniquitas
784 1212 972 1256 nostra?
1014 1217 1057 1255 et
1098 1212 1214 1268 quod
1257 1217 1493 1269 peccatum
1534 1215 1757 1266 nostrum,
1793 1211 1909 1266 quod
1943 1211 2228 1267 peccavimus

392 1273 584 1317 Domino
627 1275 720 1316 Deo
757 1272 940 1315 nostro?
982 1271 1015 1297 11
1044 1272 1164 1315 dices
1200 1271 1258 1314 ad
1292 1285 1364 1314 eos
1405 1288 1413 1315 :
1448 1270 1559 1320 Quia
1605 1270 1936 1326 dereliquerunt
1973 1285 2044 1313 me
2083 1275 2230 1326 patres

391 1334 547 1388 vestri,
581 1333 644 1375 ait
680 1332 925 1386 Dominus3
958 1337 1002 1374 et
1034 1331 1240 1374 abierunt
1264 1335 1365 1387 post
1392 1330 1495 1373 deos
1521 1330 1710 1384 alienos,
1737 1335 1781 1372 et
1807 1329 2054 1373 servierunt
2079 1329 2162 1385 eis,
2187 1333 2233 1373 et

390 1393 688 1436 adoraverunt
713 1406 806 1447 eos,
835 1397 877 1435 et
903 1406 973 1434 me
1000 1391 1348 1446 dereliquerunt,
1380 1396 1423 1434 et
1456 1390 1602 1446 legem
1627 1403 1774 1432 meam
1799 1404 1884 1432 non
1914 1389 2231 1432 custodierunt.

392 1451 428 1478 ‘¹2
446 1452 531 1496 Sed
557 1457 601 1495 et
625 1466 704 1495 vos
729 1451 857 1508 pejus
889 1450 1056 1507 operati
1083 1450 1189 1492 estis
1223 1465 1357 1505 quam
1384 1454 1531 1506 patres
1559 1448 1693 1491 vestri
1717 1466 1726 1503 ς
1755 1463 1857 1492 ecce
1884 1449 2002 1491 enim
2028 1447 2231 1491 ambulat

391 1511 692 1568 unusquisque
730 1516 830 1567 post
863 1511 1132 1566 pravitatem
1172 1509 1315 1552 cordis
1350 1509 1417 1553 sui
1448 1509 1576 1563 mali,
1608 1514 1657 1550 ut
1691 1523 1762 1551 1116
1794 1523 1883 1551 11011
1915 1508 2083 1551 audiat.
2119 1507 2156 1534 13
2174 1508 2232 1550 Et

391 1571 572 1627 ejiciam
597 1585 674 1614 vos
701 1570 755 1613 de
780 1575 895 1612 terra
920 1570 1004 1612 hac
1032 1569 1080 1611 in
1104 1574 1266 1612 terram
1289 1583 1421 1624 quam
1447 1567 1685 1624 ignoratis,
1717 1582 1794 1610 vos
1820 1572 1863 1610 et
1892 1572 2040 1624 patres
2065 1567 2228 1621 vestri;

393 1631 663 1679 etservietis
684 1629 748 1672 ibi
775 1629 859 1671 diis
885 1629 1066 1678 alienis,
1098 1628 1168 1671 die
1194 1643 1246 1670 ac
1274 1633 1424 1682 nocte,
1457 1627 1530 1682 qui
1560 1641 1649 1674 non
1674 1626 1846 1668 dabunt
1871 1626 1998 1669 vobis
2019 1626 2232 1682 requiem.

393 1690 429 1716 11
455 1691 693 1747 Propterea
727 1703 829 1732 ecce
865 1688 956 1731 dies·
990 1687 1197 1744 veniunt,
1238 1687 1348 1730 dicit
1382 1686 1622 1741 Dominus,
1657 1691 1701 1728 et
1737 1700 1826 1729 non
1861 1685 2032 1728 dicetur
2064 1686 2181 1728 ultra-
2222 1703 2232 1729 ;

394 1750 522 1793 Vivit
552 1749 770 1792 Dominus
801 1748 874 1804 qui
908 1747 1063 1791 eduxit
1092 1747 1204 1789 filios
1240 1746 1380 1789 Israel
1412 1746 1465 1789 de
1498 1751 1614 1788 terra
1647 1745 1852 1801 AEgypti,
1889 1745 1924 1771 '¹5
1945 1745 2021 1788 sed
2061 1761 2070 1788 z
2105 1745 2232 1787 Vivit

394 1809 613 1852 Dominus
633 1808 705 1864 qui
724 1807 879 1850 eduxit
897 1807 1010 1850 filios
1029 1806 1169 1849 Israel
1188 1806 1243 1849 de
1264 1812 1380 1849 terra
1399 1804 1640 1861 aquilonis,
1661 1810 1704 1847 et
1722 1805 1775 1847 de
1797 1804 2015 1857 universis
2032 1804 2158 1847 terris
2175 1803 2232 1847 ad

395 1883 502 1924 quas
524 1869 635 1924 ejeci
656 1882 749 1921 eOS,
770 1874 813 1910 et
835 1867 1046 1910 reducam
1065 1881 1137 1910 eos
1160 1866 1203 1908 in
1227 1872 1389 1909 terram
1407 1879 1548 1920 suam,
1569 1878 1703 1919 quam
1726 1863 1827 1906 dedi
1847 1863 2049 1920 patribus
2069 1877 2232 1907 eorum.

455 1928 491 1954 ’16
509 1929 626 1971 Ecce
648 1941 730 1983 ego
759 1926 936 1969 mittam
962 1926 1203 1983 piscatores
1239 1925 1424 1981 multos,
1457 1924 1567 1967 dicit
1602 1923 1843 1978 Dominus,
1870 1928 1915 1966 et
1943 1921 2235 1979 piscabuntur

393 2002 496 2042 eos3
530 1993 573 2030 et
606 1992 705 2044 post
738 1987 834 2029 haec
869 1986 1044 2028 mittam
1080 1986 1142 2028 eis
1180 1984 1345 2027 multos
1379 1989 1629 2038 venatores,
1672 1988 1715 2026 et-
1748 1982 2031 2026 venabuntur
2067 1996 2140 2025 eos
2178 1981 2238 2025 de

394 2047 512 2090 omni
540 2051 701 2103 moute,
726 2052 769 2090 et
795 2045 848 2088 de
876 2045 994 2088 omni
1019 2045 1144 2100 colle,
1170 2050 1214 2088 et
1241 2044 1293 2087 de
1320 2043 1521 2087 cavernis
1544 2047 1783 2099 petrarum.
1811 2041 1846 2067 17
1865 2041 1978 2092 Quia
2004 2041 2120 2084 oculi
2146 2041 2232 2085 mei

393 2121 522 2164 super
549 2120 699 2149 omnes
725 2106 820 2148 vias
851 2119 1026 2159 eorum3
1055 2118 1143 2147 non
1170 2109 1273 2147 sunt
1299 2102 1577 2146 absconditae
1601 2116 1628 2144 a
1653 2101 1773 2145 facie
1803 2115 1922 2156 mea,
1958 2105 2001 2144 et
2026 2115 2114 2143 non
2142 2100 2234 2143 fuit

394 2166 616 2210 occultata
641 2165 855 2221 iniquitas
882 2179 1034 2208 eorum
1059 2164 1116 2206 ab
1145 2163 1283 2207 oculis
1311 2162 1435 2206 meis.
1464 2161 1499 2188 ¹8
1519 2163 1577 2205 Et
1601 2161 1787 2205 reddam
1813 2160 2006 2218 primum
2033 2159 2232 2217 duplices

392 2225 672 2282 iniquitates,
707 2230 750 2269 et
783 2230 968 2282 peccata
1003 2239 1181 2279 eorum3
1211 2223 1313 2279 quia
1348 2221 1768 2266 contaminaverunt
1805 2226 1970 2264 terram
2006 2234 2152 2263 meam
2187 2219 2234 2262 in

394 2285 639 2329 morticinis
664 2284 883 2328 idolorum
910 2298 1111 2339 suorum,
1149 2289 1193 2327 et
1224 2281 1635 2325 abominationibus
1669 2280 1760 2323 suis
1783 2279 2086 2337 impleverunt
2111 2279 2234 2322 here-

395 2345 582 2388 ditatem
608 2359 767 2388 meam.
798 2343 832 2370 19
852 2344 1064 2397 Domine,
1094 2342 1314 2385 fortitudo
1341 2356 1461 2397 mea,
1489 2346 1532 2384 et
1563 2341 1698 2384 robur
1723 2354 1894 2395 meum,
1929 2345 1973 2382 et
2004 2338 2235 2394 refugium

395 2419 543 2457 meum
575 2405 621 2447 in
656 2405 726 2447 die
761 2403 1083 2458 tribulationis,
1123 2402 1180 2445 ad
1214 2408 1258 2445 te
1293 2407 1447 2457 gentes
1480 2401 1663 2444 venient
1692 2400 1749 2442 ab
1775 2398 1985 2443 extremis
2011 2404 2160 2453 terrae,
2191 2402 2235 2441 et

395 2464 544 2507 dicent
576 2481 586 2508 :
613 2465 727 2507 Vere
761 2463 1046 2506 mendacium
1081 2462 1372 2520 possederunt
1397 2465 1545 2518 patres
1570 2459 1731 2514 nostri,
1765 2458 2015 2515 vanitatem
2039 2471 2139 2512 quae
2171 2456 2233 2499 eis

394 2538 482 2567 nou
515 2523 697 2580 profuit.
732 2521 769 2549 2⁰
795 2522 1024 2578 Numquid
1060 2521 1201 2565 faciet
1233 2521 1318 2563 sibi
1353 2521 1486 2563 homo
1520 2519 1645 2574 deos,
1675 2524 1718 2562 et
1750 2517 1836 2575 ipsi
1871 2531 1956 2560 non
1995 2520 2098 2559 sunt
2135 2514 2233 2558 dii?

396 2582 428 2609 2¹
453 2583 625 2627 Idcirco
652 2597 755 2626 ecce
781 2597 863 2639 ego
890 2582 1123 2626 ostendam
1150 2580 1213 2624 eis
1238 2594 1315 2637 per
1340 2580 1487 2623 vicem
1519 2579 1656 2634 hanc,
1683 2577 1925 2621 ostendam
1957 2575 2019 2619 eis
2052 2589 2235 2618 manum

396 2657 562 2697 meam,
590 2648 634 2686 et
661 2642 872 2685 virtutem
900 2656 1068 2697 meam,
1096 2647 1139 2684 et
1166 2640 1310 2683 scient
1336 2639 1440 2695 quia
1466 2653 1628 2682 nomen
1655 2637 1766 2680 mihi
1794 2636 2026 2680 Dominus.
2086 2647 2090 2653 ·

455 2702 562 2746 CAP.
592 2703 748 2745 XVII.
781 2727 841 2734 —-
874 2700 887 2727 1
916 2701 1158 2744 Peccatum
1193 2699 1314 2743 Juda
1349 2698 1563 2755 scriptum
1598 2703 1664 2740 est
1697 2696 1814 2753 stylo
1847 2695 1992 2739 ferreo
2015 2694 2062 2737 111
2091 2708 2236 2750 ungue

395 2763 706 2818 adamantino,
741 2765 973 2804 exaratum
1011 2774 1142 2817 super
1176 2758 1463 2802 latitudinem
1499 2757 1644 2800 cordis
1677 2770 1850 2810 eorum,
1885 2760 1929 2798 et
1958 2753 2003 2796 in
2030 2753 2235 2796 cornibus

395 2822 571 2864 ararum
605 2836 770 2864 eorum.
804 2819 822 2846 2
848 2820 961 2863 Cum
993 2819 1212 2863 recordati
1248 2817 1418 2861 fuerint
1451 2817 1531 2860 filii
1565 2831 1716 2860 eorum
1747 2828 1925 2858 ararum
1957 2826 2157 2868 suarum,
2193 2817 2235 2856 et

397 2881 597 2924 lucorum
651 2895 853 2934 suorum,
910 2880 1221 2935 lignorumque
1271 2876 1599 2932 frondentium,
1656 2875 1703 2918 in
1752 2873 1977 2917 montibus
2026 2871 2235 2928 excelsis,

397 2940 732 2983 3sacrificantes
765 2940 812 2982 in
844 2954 951 2995 agro
979 2956 987 2983 :
1013 2938 1328 2981 fortitudinem
1363 2942 1508 2991 tuam,
1541 2940 1584 2979 et
1618 2947 1770 2978 omnes
1801 2933 2030 2975 thesauros
2056 2937 2156 2974 tuos
2187 2930 2235 2974 in

398 2999 691 3055 direptionem
726 2999 862 3055 dabo,
897 2998 1073 3042 excelsa
1102 3004 1175 3040 tua
1201 3003 1380 3054 propter
1406 3002 1591 3053 peccata
1618 2994 1664 3036 in
1699 2991 1917 3036 universis
1944 2991 2106 3033 finibus
2133 2989 2235 3033 tuis.

397 3059 413 3084 4
441 3060 497 3101 Et
530 3058 789 3113 relinqueris
823 3058 917 3101 sola
954 3058 1010 3101 ab
1044 3057 1294 3101 hereditate
1328 3062 1426 3111 tua,
1469 3068 1603 3111 quam
1638 3053 1739 3097 dedi
1778 3051 1883 3103 tibi,
1920 3055 1963 3094 et
1996 3049 2160 3093 servire
2193 3054 2237 3092 te

397 3118 566 3160 faciam
598 3118 793 3159 inimicis
820 3118 907 3159 tuis
940 3118 986 3160 in
1014 3122 1128 3160 terra
1156 3131 1289 3172 quarn
1314 3116 1514 3171 ignoras,
1544 3112 1753 3169 quoniam
1786 3110 1937 3165 ignem
1963 3107 2236 3152 succendisti

397 3178 443 3220 111
466 3177 617 3220 furore
643 3190 761 3231 meo,
788 3191 925 3232 usque
949 3176 993 3219 in
1023 3183 1238 3219 aeteruum
1263 3175 1451 3218 ardebit.

822 3300 844 3351 ξ
871 3298 949 3339 iv.
974 3324 1030 3328 —
1061 3298 1213 3341 Caum
1241 3304 1330 3340 tum
1355 3296 1494 3348 emilii,
1522 3293 1807 3354 tumtsalutis
1836 3321 1838 3323 »

459 3417 476 3441 ²3
503 3416 615 3458 Haec
647 3414 757 3457 dicit
793 3413 1009 3456 Dominus
1042 3429 1051 3458 z
1084 3413 1353 3457 Maledictus
1385 3413 1517 3455 homo
1550 3409 1623 3465 qui
1659 3408 1842 3451 confidit
1876 3408 1921 3449 111
1955 3406 2155 3459 homine,
2191 3410 2235 3448 et

402 3474 525 3530 ponit
552 3487 730 3516 carnem
760 3472 988 3515 brachium
1013 3486 1161 3521 suum,
1189 3478 1232 3515 et
1257 3487 1281 3514 a
1313 3470 1502 3514 Domino
1528 3467 1695 3512 recedit
1722 3481 1794 3510 cor
1825 3466 1935 3523 ejus.
1959 3466 1976 3491 ὅ
1997 3465 2093 3508 Erit
2115 3463 2234 3508 enim

404 3621 452 3653 10]
467 3620 544 3652 Snp.
559 3620 598 3653 V,
617 3622 658 3647 19.
670 3635 704 3638 ——
722 3620 765 3652 12]
782 3619 858 3653 Sul».
870 3617 947 3650 VII,
962 3618 1050 3644 26.-
1064 3615 1093 3648 5]
1117 3616 1157 3642 Is.
1174 3614 1282 3648 XXX,
1296 3617 1311 3640 2
1326 3616 1359 3641 et
1379 3613 1506 3647 XXXI,
1523 3616 1545 3642 1.
1563 3613 1627 3642 Ins.
1642 3613 1803 3648 XLVIII,
1818 3614 1838 3640 7.
1851 3625 1887 3632 —
1899 3611 1931 3645 e]
1948 3610 2014 3640 Inf,
2032 3607 2232 3644 ravum&
