2423 3861
150 1261 244 1289 Libri

128 1305 265 1334 titulus.

127 1507 258 1535 Thema.

116 1695 273 1725 Omnium

71 1745 184 1768 rerum
215 1740 315 1769 vicis-

108 1784 224 1813 situdo
242 1789 276 1814 et

122 1829 268 1859 vanitas.

114 2605 255 2634 'vanitas

100 2649 276 2682 sapientiae

78 2700 115 2721 ac
134 2693 296 2723 scientiae..

69 3296 207 3325 Vanitas
229 3297 309 3326 deli-

95 3340 223 3369 ciarum
240 3345 275 3369 et

84 3383 292 3415 divitiarum.

747 657 1876 770 ECCLESIASTES

513 886 636 938 QUI
679 886 770 928 AB
814 886 1156 931 HEBRAEIS
1197 887 1587 932 COHELETH
1628 886 2107 931 APPELLATUR

1140 1064 1372 1087 —vjjjf-im*-qi
1382 1071 1477 1074 ἡ..-

725 1268 866 1299 ERBA
897 1256 1204 1311 Ecclesiastae,
1239 1256 1321 1299 filii
1356 1256 1526 1313 David,
1561 1257 1679 1314 regis
1710 1258 1975 1301 Jerusalem.

1185 1379 1482 1422 Psorocus

587 1528 600 1543 Α
811 1495 828 1522 ‘2
849 1496 1039 1539 Vanitas
1069 1496 1338 1551 vanitatum,
1364 1495 1478 1538 dixit
1505 1495 1829 1548 Ecclesiastes;
1857 1495 2034 1539 vanitas
2060 1497 2236 1540 vanita-

380 1562 497 1608 tum,
518 1562 562 1600 et
582 1556 732 1601 onmia
753 1556 944 1599 vanitas.
964 1556 982 1582 3
1003 1555 1117 1604 Quid
1140 1555 1275 1597 habet
1301 1555 1493 1610 amplius
1518 1555 1648 1598 homo
1674 1555 1726 1598 de
1748 1556 1956 1598 universo
1980 1555 2129 1599 labere
2156 1571 2236 1600 suo

381 1629 465 1670 quo
489 1616 664 1661 laborat
688 1616 770 1660 sub
797 1615 922 1659 sole?

440 1675 456 1701 4
487 1676 730 1720 Generatio
761 1675 982 1732 praeterit,
1014 1680 1059 1718 et
1092 1674 1322 1730 generatio
1355 1673 1566 1729 advenit,
1594 1679 1713 1717 terra
1746 1679 1898 1718 autem
1931 1675 1979 1718 in
2018 1680 2234 1719 aeternum

380 1740 482 1779 stat.
518 1736 534 1762 5
561 1736 711 1780 Oritur
736 1735 801 1779 sol
834 1739 879 1778 et
912 1734 1098 1791 occidit,
1127 1739 1170 1777 et
1203 1733 1261 1776 ad
1286 1734 1434 1777 locum
1468 1749 1597 1776 suum
1629 1734 1891 1789 revertitur;
1926 1735 2077 1791 ibique
2105 1750 2231 1779 rena-

380 1808 526 1850 scens,
548 1795 565 1822 6
586 1801 718 1852 gyrat
743 1810 821 1852 per
846 1793 1100 1844 meridiem,
1122 1799 1166 1836 et
1188 1793 1383 1836 flectitur
1405 1793 1463 1836 ad
1484 1793 1753 1848 aquilonem.
1782 1794 1999 1837 Lustrans
2024 1794 2233 1838 universa

379 1854 425 1896 in
448 1855 636 1898 circuitu
661 1854 808 1912 pergit
834 1853 1035 1910 spiritus,
1065 1859 1108 1896 et
1130 1852 1175 1894 in
1203 1852 1390 1896 circulos
1415 1867 1515 1896 suos
1540 1853 1788 1898 revertitur.
1815 1852 1830 1879 ⁷
1852 1853 2013 1897 Omnia
2045 1853 2232 1897 flumina

379 1913 548 1957 intrant
577 1914 623 1956 in
649 1929 790 1969 mare,
818 1918 862 1956 et
895 1927 1016 1956 mare
1049 1927 1138 1955 non
1170 1912 1418 1967 redundat,
1447 1912 1504 1954 ad
1530 1911 1678 1955 locum
1707 1912 1826 1956 unde
1853 1918 2020 1957 exeunt
2044 1912 2232 1956 flumina

377 1980 658 2017 revertuntur
679 1979 728 2017 ut
757 1974 922 2016 iterum
944 1971 1099 2015 fluant.
1120 1972 1136 1998 ὃ
1160 1972 1345 2015 Cunctae
1369 1986 1438 2014 res
1465 1971 1677 2015 difficiles
1695 1989 1703 2027 3
1722 1987 1811 2016 non
1833 1978 1982 2029 potest
2003 1988 2076 2017 eas
2101 1973 2232 2017 homo

378 2033 601 2089 explicare
623 2047 837 2077 sermone.
867 2033 967 2076 Non
993 2037 1217 2075 saturatur
1244 2031 1397 2075 oculus
1423 2031 1543 2087 visu,
1571 2046 1653 2075 nec
1679 2032 1797 2075 auris
1823 2032 1982 2076 auditu
2003 2033 2229 2090 impletur.

377 2091 394 2118 9
412 2093 524 2144 Quid
556 2098 624 2136 est
646 2093 761 2150 quod
784 2092 906 2136 fuit?
925 2092 1074 2148 ipsum
1097 2091 1213 2147 quod
1235 2091 1441 2134 futurum
1463 2096 1543 2134 est.
1565 2091 1680 2142 Quid
1709 2097 1777 2134 est
1799 2092 1916 2148 quod
1934 2092 2109 2135 factum
2131 2092 2230 2136 est?

376 2151 522 2208 ipsum
548 2153 665 2209 quod
698 2152 961 2209 faciendum
988 2156 1066 2195 est.
1092 2151 1128 2178 ¹0
1154 2151 1280 2194 Nihil
1305 2151 1387 2194 sub
1413 2150 1505 2194 sole
1530 2165 1717 2207 novum,
1745 2166 1826 2195 1100
1852 2152 1975 2195 valet
1997 2152 2232 2208 quisquam

377 2211 524 2256 dicere
542 2229 550 2256 :
567 2214 683 2255 Ecce
698 2213 781 2256 1100
795 2226 949 2255 recens
964 2217 1030 2255 est
1046 2229 1055 2267 3
1072 2211 1167 2268 jam
1183 2211 1303 2254 enim
1317 2210 1548 2267 praecessit
1561 2210 1608 2253 in
1624 2211 1802 2254 saeculis
1813 2226 1912 2268 quae
1927 2212 2112 2255 fuerunt
2125 2216 2233 2255 ante

375 2285 467 2314 nos.
494 2271 521 2297 ¹¹
548 2272 648 2315 Non
676 2278 741 2315 est
771 2271 967 2329 priorum
993 2271 1233 2326 memoria3
1262 2271 1339 2313 sed
1364 2285 1447 2313 nec
1473 2285 1625 2313 eorum
1651 2270 1832 2326 quidem
1856 2286 1955 2327 quae
1982 2277 2137 2328 postea
2158 2270 2231 2314 fu-

375 2334 473 2373 tura
500 2338 602 2374 sunt
628 2332 712 2375 erit
733 2330 983 2375 recordatio
1009 2330 1127 2387 apud
1159 2345 1231 2373 eos
1259 2330 1333 2386 qui
1359 2329 1500 2372 futuri
1526 2335 1629 2372 sunt
1651 2330 1697 2372 in
1724 2331 1981 2374 novissimo.

595 2461 759 2505 SEcrio
792 2461 830 2504 I.
855 2487 915 2492 —
947 2461 1274 2503 Eccmzsms'rAE
1309 2471 1627 2503 EXPERIENTIA
1663 2472 1719 2502 Er
1755 2473 2009 2504 CONJEsSIO

438 2584 470 2610 ¹⁶2
492 2586 587 2641 Ego
630 2585 946 2640 Ecclesiastes,
985 2584 1055 2626 fui
1092 2599 1169 2627 rex
1208 2584 1349 2627 Israel
1386 2584 1433 2626 in
1475 2583 1753 2639 Jerusalem3
1804 2584 1835 2609 ¹³⁵
1858 2590 1900 2627 et
1938 2583 2145 2640 proposui
2181 2583 2228 2626 in

374 2644 524 2688 animo
557 2659 655 2688 meo
685 2659 882 2701 quaerere
917 2649 960 2687 et
989 2644 1262 2699 investigare
1295 2643 1520 2700 sapienter
1554 2643 1608 2686 de
1642 2643 1847 2686 omnibus
1878 2658 1978 2699 quae
2011 2643 2125 2685 fiunt
2145 2642 2227 2685 sub

373 2704 478 2748 sole.
505 2705 638 2748 Hanc
662 2703 1000 2760 occupationem
1025 2703 1266 2761 pessimam
1302 2703 1426 2746 dedit
1462 2705 1582 2746 Deus
1612 2702 1715 2746 filiis
1742 2702 1997 2758 hominum,
2023 2707 2073 2745 ut
2098 2716 2227 2745 occu-

372 2769 585 2820 parentur
604 2764 651 2806 in
674 2778 737 2808 ea.
767 2763 801 2789 14
824 2763 930 2806 Vidi
958 2768 1119 2806 cuncta
1139 2777 1237 2819 (111εο
1259 2763 1373 2806 fiunt
1390 2763 1471 2806 sub
1491 2763 1604 2819 sole,
1628 2767 1673 2806 et
1695 2776 1797 2806 0000
1818 2762 2027 2805 universa
2047 2761 2225 2804 vanitas

374 2829 419 2866 et
444 2822 622 2867 afflictio
646 2823 839 2880 spiritus.
870 2823 905 2850 ¹5
920 2822 1121 2866 Perversi
1149 2822 1337 2865 difficile
1364 2822 1666 2878 corriguntur,
1694 2827 1738 2865 et
1762 2821 2000 2865 stultorum
2025 2820 2226 2864 infinitus

375 2888 442 2926 est
466 2897 688 2926 numerus.
716 2883 752 2910 ¹6
774 2884 968 2927 Locutus
995 2897 1093 2925 sum
1115 2881 1161 2924 in
1188 2881 1318 2925 corde
1338 2897 1458 2938 meo,
1480 2882 1634 2925 dicens
1656 2899 1665 2926 ε
1685 2883 1802 2924 Εο00
1825 2895 2014 2937 magnus
2034 2880 2226 2924 effectus

320 2991 326 2997 ,
372 2956 490 2998 sum,
517 2948 563 2986 et
586 2942 794 2999 praecessi
820 2957 972 2986 omnes
994 2941 1215 2998 sapientia
1239 2941 1313 2997 qui
1348 2942 1532 2985 fuerunt
1565 2946 1670 2985 ante
1695 2955 1765 2984 me
1799 2940 1845 2983 in
1871 2940 2153 2996 Jerusalem3
2182 2946 2226 2984 et

373 3016 497 3045 mens
532 3016 629 3045 mea
664 3002 969 3058 contemplata
998 3006 1065 3044 est
1106 3001 1249 3043 multa
1286 3002 1531 3058 sapienter,
1563 3006 1608 3044 et
1646 3000 1796 3044 didici.
1833 2999 1867 3026 ¹7
1905 3000 2109 3056 Dedique
2152 3014 2228 3043 cor

372 3075 521 3104 meum
547 3067 597 3104 ut
622 3063 779 3105 scirem
808 3061 1093 3118 prudentiam
1126 3065 1260 3116 atque
1291 3061 1562 3115 doctrinam,
1599 3073 1853 3115 erroresque
1886 3064 1931 3103 et
1955 3059 2223 3113 stultitiam,

373 3127 418 3164 et
441 3120 606 3177 agnovi
631 3121 746 3176 quod
771 3121 817 3163 in
844 3121 914 3164 his
936 3135 1107 3177 quoque
1142 3124 1259 3163 esset
1288 3120 1413 3164 labor
1439 3126 1482 3164 et
1515 3120 1697 3163 afflictio
1728 3119 1939 3175 spiritus:
1966 3119 2003 3146 ¹⁸
2029 3134 2079 3163 eo
2106 3119 2223 3175 quod

373 3179 417 3222 in
440 3181 581 3223 multa
606 3180 827 3237 sapientia
851 3179 994 3223 multa
1019 3180 1077 3223 sit-
1097 3179 1375 3236 indignati03
1405 3185 1450 3224 et
1483 3179 1558 3236 qui
1580 3179 1706 3222 addit
1741 3178 1998 3235 scientiam,
2021 3178 2150 3221 addit
2179 3183 2225 3222 et

373 3239 584 3285 laborem.

434 3299 540 3353 CAP.
563 3299 626 3342 II.
647 3325 707 3332 —
734 3299 745 3324 ¹
774 3300 880 3342 Dixi
914 3315 993 3356 ego
1024 3300 1069 3343 iu
1101 3300 1231 3344 corde
1261 3314 1360 3344 meo
1393 3317 1402 3344 ε
1436 3299 1634 3354 Vadam,
1667 3303 1712 3342 et
1744 3299 1925 3342 affluam
1960 3298 2153 3355 deliciis,
2178 3303 2223 3341 et

373 3358 498 3401 fruar
532 3358 684 3413 bonis,
724 3363 769 3402 et
794 3358 885 3401 vidi
925 3360 1040 3415 quod
1077 3361 1161 3402 1100
1195 3374 1365 3416 (1110(1110
1401 3364 1515 3403 esset
1548 3358 1740 3402 vanitas.
1775 3358 1792 3384 “²
1825 3359 1981 3402 Risum
2014 3357 2221 3415 reputavi

373 3431 581 3473 errorem,
610 3423 654 3461 et
676 3418 838 3474 gaudio
862 3418 954 3460 dixi
983 3436 990 3463 :
1020 3419 1132 3469 Quid
1161 3419 1328 3462 frustra
1355 3418 1603 3475 deciperis?
1630 3418 1647 3444 3
1665 3418 1874 3474 Cogitavi
1895 3419 1941 3461 in
1965 3418 2095 3461 corde
2121 3431 2219 3460 meo

373 3476 627 3520 abstrahere
652 3493 679 3520 a
704 3477 807 3520 vino
841 3492 1019 3522 carnem
1049 3493 1215 3533 meam,
1247 3483 1295 3520 ut
1325 3478 1526 3522 animum
1561 3492 1707 3521 meum
1741 3478 2034 3521 transferrem
2063 3476 2121 3520 ad
2151 3491 2218 3519 sa-

372 3535 609 3591 pientiam,
637 3537 970 3593 devitaremque
1000 3537 1260 3592 stultitiam,
1295 3538 1436 3580 donec
1469 3537 1668 3581 viderem
1694 3538 1800 3594 quid
1830 3541 1946 3581 esset
1971 3537 2080 3580 utile
2111 3535 2216 3579 filiis

372 3595 621 3651 hominum,
645 3610 729 3652 quo
754 3596 878 3639 facto
898 3609 1007 3653 opus
1029 3600 1095 3637 est
1120 3597 1200 3639 sub
1223 3595 1314 3638 sole
1334 3610 1515 3639 numero
1541 3597 1711 3641 dierum
1733 3598 1838 3641 vitae
1864 3612 1969 3642 suae.
1997 3595 2015 3623 4
2038 3593 2215 3651 Magni-
