2423 3861
135 1192 273 1221 Littera*

94 1236 255 1265 Antiochi
271 1238 311 1265 ad

114 1280 291 1310 Simonem.

132 2186 263 2219 Trypho

111 2229 289 2259 obsidetur

122 2273 155 2303 in
177 2275 273 2302 Dora.

96 2727 215 2762 Legati
232 2730 296 2757 Ro-

95 2779 181 2800 mam
203 2772 299 2802 missi

78 2818 220 2845 redeunt
241 2825 315 2846 cum

121 2861 277 2894 epistolis

131 2907 266 2935 audaeos

90 2951 319 2980 commendan—

144 2993 247 3025 tibus.

407 114 517 156 1072
927 111 945 151 Ι
981 110 1133 152 Mica.
1169 110 1294 163 XIV,
1332 111 1389 151 44
1421 136 1479 140 —
1510 111 1609 165 XV,
1644 112 1714 153 23.

401 282 587 337 sanctis,
615 287 656 324 et
687 287 733 323 ut
763 279 970 322 audiatur
994 278 1051 319 ab
1076 278 1301 333 omnibus,
1329 283 1373 320 et
1402 279 1652 321 scribantur
1676 279 1723 321 in
1749 281 1926 324 nomine
1955 282 2052 338 ejus
2081 298 2238 328 omnes-

400 340 743 396 conscriptiones
766 339 811 379 in
840 337 1040 392 regione,
1068 342 1111 379 et
1136 345 1185 378 ut
1214 337 1438 392 operiatur
1462 352 1655 394 purpura
1678 344 1721 381 et
1742 353 1872 394 auro,
1897 339 1933 366 ‘¹4
1951 346 1994 383 et
2022 356 2077 386 ne
2098 343 2234 387 liceat

399 399 479 442 ulli
505 414 558 442 ex
584 398 763 454 populo,
789 402 832 438 et
859 410 913 438 ex
939 395 1262 450 sacerdotibus,
1286 395 1457 438 irritum
1485 397 1635 440 facere
1664 397 1834 453 aliquid
1859 398 2038 457 horum,
2065 407 2109 445 et
2129 417 2233 446 con-

399 459 613 501 tradicere
646 456 713 498 his
744 469 842 510 quae
869 455 924 497 ab
959 468 1009 497 00
1039 454 1258 509 dicuntur,
1292 460 1369 497 aut
1399 469 1644 499 convocare
1678 462 1947 500 conventum
1973 458 2022 501 in
2052 461 2233 517 regione

397 517 489 560 sine
527 516 641 572 ipso,
678 520 719 557 et
753 514 903 557 vestiri
936 528 1148 570 purpura,
1184 519 1227 556 et
1263 513 1329 556 uti
1362 514 1499 557 fibula
1534 529 1694 571 aurea3
1725 515 1762 542 45
1788 516 1862 572 qui
1891 522 2042 561 autem
2073 519 2233 564 fecerit

398 581 519 618 extra
543 576 657 629 haec,
684 578 761 616 aut
782 573 956 615 irritum
982 573 1141 616 fecerit
1165 572 1335 629 aliquid
1361 573 1539 630 horum,
1568 589 1668 618 reus
1694 575 1790 618 erit.
1817 575 1854 602 46
1881 577 1938 619 Et
1964 578 2233 634 complacuit

397 633 512 676 omni
551 632 712 689 populo
750 637 943 676 statuere
979 632 1228 688 Simonem,
1264 638 1308 675 et
1343 633 1494 677 facere
1527 634 1772 677 secundum
1807 636 1942 678 verba
1977 636 2078 680 ista.
2112 637 2148 664 4⁷
2176 640 2234 682 Et

395 693 586 749 suscepit
610 692 774 747 Simon,
794 696 838 735 et
858 691 1029 748 placuit
1051 692 1090 735 ei
1113 696 1161 735 ut
1181 706 1356 735 summo
1377 693 1623 737 sacerdotio
1645 693 1921 751 fungeretur,
1941 701 1985 739 et
2007 702 2122 740 esset
2143 697 2233 742 dux

394 758 436 794 et
461 751 665 808 princeps
691 751 837 807 gentis
860 751 1121 794 Judaeorum
1147 756 1191 795 et
1212 751 1514 809 sacerdotum,
1542 758 1586 796 et
1611 759 1822 810 praeesset
1845 754 2064 799 omnibus.
2156 756 2160 760 ’

452 810 488 836 4³³
508 812 564 853 Et
589 811 855 868 scripturam
880 810 1015 853 istam
1045 810 1253 854 dixerunt
1279 825 1441 868 ponere
1464 812 1512 855 in
1541 812 1706 855 tabulis
1732 813 1876 870 aereis,
1904 819 1947 857 et
1971 828 2134 870 ponere
2161 831 2233 860 eas

391 871 436 912 in
462 870 660 926 peribolo
686 876 960 926 sanctorum,
983 870 1030 912 in
1052 870 1149 913 1000
1172 870 1360 925 celebri;
1386 870 1423 897 49
1441 871 1696 929 exemplum
1722 876 1872 916 autem
1896 887 2047 916 eorum
2071 889 2233 932 ponere

390 929 436 972 in
465 929 639 986 aerario,
663 935 710 972 ut
736 929 901 973 habeat
923 929 1095 986 Simon,
1124 935 1167 973 et
1192 929 1274 972 filii
1299 930 1408 986 ejus.

647 1053 671 1110 ξ
707 1053 795 1096 ΠΙ.
818 1079 877 1085 -
898 1053 1147 1097 Antiochus
1167 1053 1335 1097 Sidetas
1361 1059 1401 1096 et
1423 1052 1577 1097 Simon
1585 1072 1605 1109 5
1628 1069 1744 1097 mors
1768 1054 1974 1099 Simoni-3.

450 1170 557 1214 CAP.
595 1170 695 1212 XV.
721 1195 780 1202 -—
813 1168 825 1194 ¹
856 1171 913 1213 Et
947 1169 1069 1213 misit
1101 1185 1178 1213 rex
1212 1169 1484 1225 Antiochus,
1515 1169 1631 1212 filius
1664 1170 1900 1226 Demetrii,
1933 1171 2144 1226 epistolas
2175 1172 2232 1215 ab

387 1228 544 1272 insulis
571 1229 705 1271 maris
728 1229 918 1281 Simoni,
945 1228 1164 1272 sacerdoti
1188 1233 1232 1272 et
1257 1228 1447 1286 principi
1469 1228 1616 1284 gentis
1644 1228 1927 1283 Judaeorum,
1946 1235 1990 1272 et
2011 1230 2231 1274 universae

388 1288 537 1344 genti,
565 1286 583 1313 ⁶²
601 1293 644 1331 et
666 1294 792 1331 erant
814 1288 1092 1332 continentes
1117 1289 1235 1331 hunc
1258 1288 1466 1332 modum:
1489 1289 1583 1331 Rex
1605 1287 1857 1331 Antiochus
1879 1288 2069 1346 Simoni,
2089 1303 2232 1334 sacer·

389 1347 481 1390 doti
507 1362 668 1404 magno
700 1353 743 1391 et
771 1348 897 1404 genti
926 1348 1206 1404 Judaeorum,
1233 1347 1439 1391 salutem.
1462 1347 1480 1374 3
1506 1347 1725 1398 Quoniam
1756 1347 1939 1403 quidem
1972 1348 2232 1405 pestilentes

388 1406 673 1451 obtinuerunt
699 1422 887 1463 regnum
912 1412 1091 1465 patrum
1114 1412 1385 1463 nostrorum,
1409 1407 1510 1450 volo
1533 1411 1685 1450 autem
1709 1407 1940 1451 vindicare
1960 1422 2170 1466 regnum,
2190 1415 2233 1453 et

386 1466 617 1510 restituere
642 1466 755 1510 illud
778 1467 892 1510 sicut
915 1472 1010 1511 erat
1038 1473 1196 1523 antea,
1222 1472 1267 1510 et
1292 1466 1482 1510 electam
1511 1466 1601 1511 feci
1628 1466 1964 1511 multitudinem
1990 1468 2230 1525 exercitus,

388 1531 431 1569 et
459 1526 549 1569 feci
576 1540 712 1570 naves
733 1526 931 1570 bellicas.
961 1526 978 1553 4
997 1527 1110 1570 Volo
1141 1532 1290 1570 autem
1320 1526 1558 1583 procedere
1587 1540 1666 1582 per
1689 1526 1938 1584 regionem,
1966 1531 2016 1570 ut
2043 1528 2233 1572 ulciscar

387 1585 432 1628 in
462 1600 534 1629 eos
565 1585 639 1641 qui
669 1592 954 1643 corruperunt
989 1586 1217 1642 regionem
1250 1591 1467 1641 nostram,
1496 1591 1540 1628 et
1570 1585 1643 1641 qui
1679 1585 1994 1630 desolaverunt
2026 1587 2230 1632 civitates

388 1645 551 1688 multas
583 1645 630 1687 in
666 1659 804 1701 regno
837 1660 948 1689 meo.
985 1646 1002 1672 5
1031 1646 1163 1688 Nunc
1201 1659 1304 1701 ergo
1341 1649 1488 1688 statuo
1526 1644 1611 1687 tibi
1648 1659 1800 1688 omnes
1837 1645 2086 1690 oblationes
2123 1661 2228 1703 quas

386 1704 650 1747 remiserunt
672 1704 754 1747 tibi
776 1710 881 1748 ante
904 1720 973 1749 me
999 1719 1150 1748 omnes
1172 1719 1317 1760 reges,
1339 1709 1382 1747 et
1405 1719 1694 1760 quaecumque
1718 1704 1808 1747 alia
1832 1705 1946 1748 dona
1967 1706 2230 1750 remiserunt

387 1763 495 1819 tibi3
523 1763 540 1790 6
558 1769 602 1807 et
627 1764 835 1820 permitto
860 1764 942 1808 tibi
972 1765 1124 1808 facere
1154 1778 1460 1821 percussuram
1482 1763 1647 1821 proprii
1670 1764 1953 1807 numismatis
1974 1765 2019 1807 in
2050 1765 2230 1822 regione

386 1831 487 1877 tua;
523 1823 538 1850 7
565 1824 816 1867 <Jerusalem
845 1830 995 1868 autem
1027 1830 1231 1867 sanctam
1265 1838 1379 1879 esse,
1407 1829 1450 1866 et
1480 1823 1688 1879 liberam,
1722 1829 1765 1866 et
1795 1823 1944 1867 omnia
1973 1839 2097 1867 arma
2132 1839 2230 1881 quae

385 1882 609 1925 fabricata
643 1889 764 1939 sunt,
792 1890 836 1928 et
865 1884 1073 1940 praesidia
1110 1898 1207 1940 quae
1238 1883 1547 1937 construxisti,
1579 1897 1677 1938 quae
1708 1888 1853 1938 tenes,
1889 1889 2101 1926 maneant
2133 1884 2229 1928 tibi.

386 1942 403 1968 8
422 1943 479 1985 Et
510 1956 638 1986 omne
672 1943 873 1986 debitum
901 1944 1038 1999 regis,
1067 1949 1111 1987 et
1137 1958 1235 1999 quae
1267 1943 1421 1985 futura
1452 1947 1556 1985 sunt
1588 1942 1703 1998 regi,
1736 1956 1791 1985 ex
1823 1942 1907 1986 hoc
1937 1948 1981 1985 et
2011 1943 2059 1985 in
2088 1948 2231 1987 totum

386 2006 561 2059 tempus
598 2002 884 2046 remittuntur
917 2003 1012 2046 tibi.
1048 2003 1066 2029 9
1091 2003 1203 2046 Cum
1241 2007 1394 2045 autem
1424 2001 1747 2045 obtinuerimus
1786 2016 1974 2058 regnum
2007 2008 2226 2060 nostrum,

385 2061 732 2116 glorificabimus
758 2067 822 2117 te,
851 2068 893 2105 et
919 2068 1099 2118 gentem
1125 2068 1271 2117 tuam,
1294 2067 1338 2105 et
1362 2061 1581 2118 templum
1603 2060 1744 2116 gloria
1771 2076 1957 2118 magna,
1977 2062 2040 2105 ita
2063 2067 2112 2105 ut
2137 2077 2228 2106 ma—

386 2119 624 2164 nifestetur
649 2121 791 2177 gloria
817 2127 963 2165 vestra
989 2122 1035 2165 in
1063 2122 1271 2165 universa
1293 2126 1423 2164 terra.

446 2179 481 2206 ¹⁰
509 2181 640 2223 Anno
683 2181 924 2224 centesimo
969 2181 1300 2238 septuagesimo
1342 2186 1497 2237 quarto
1537 2181 1647 2225 exiit
1687 2181 1938 2225 Antiochus
1978 2181 2024 2224 in
2065 2187 2228 2226 terram

383 2245 560 2296 patrum
591 2255 789 2297 suorum,
826 2246 869 2284 et
903 2246 1207 2284 convenerunt
1236 2241 1293 2284 ad
1328 2255 1429 2284 eum
1460 2255 1612 2284 omnes
1647 2240 1888 2297 exercitus,
1921 2241 1986 2284 ita
2018 2246 2068 2284 ut
2096 2242 2228 2299 pauci

384 2299 527 2343 relicti
562 2305 708 2343 essent
741 2314 841 2343 cum
873 2301 1125 2358 Tryphone.
1157 2300 1192 2327 ¹¹
1224 2301 1282 2344 Et
1314 2300 1542 2343 insecutus
1569 2306 1634 2343 est
1661 2315 1762 2343 eum
1787 2300 2038 2344 Antiochus
2060 2316 2137 2345 rex
2148 2337 2158 2358 ,
2185 2307 2228 2346 et

383 2358 507 2402 venit
540 2360 707 2403 Doram
739 2360 920 2416 fugiens
958 2375 1035 2417 per
1067 2359 1365 2415 maritimam3
1403 2359 1440 2385 ¹2
1457 2360 1627 2403 sciebat
1657 2360 1775 2403 enim
1809 2361 1926 2416 quod
1957 2366 2227 2417 congregata

384 2424 486 2461 sunt
515 2419 633 2462 mala
661 2419 709 2462 in
739 2433 859 2476 eum,
891 2425 934 2464 et
966 2419 1145 2476 reliquit
1177 2434 1280 2463 eum
1314 2419 1548 2463 exercitus.
1581 2419 1617 2446 13
1643 2421 1700 2462 Et
1729 2420 1947 2477 applicuit
1975 2419 2226 2464 Antiochus

384 2493 513 2534 super
535 2479 701 2522 Doram
727 2493 828 2522 cum
851 2484 1030 2523 centum
1047 2479 1211 2536 viginti
1235 2479 1434 2522 millibus
1452 2478 1648 2522 virorum
1674 2479 2040 2535 belligeratorum
2062 2484 2106 2522 et
2127 2483 2226 2524 octo

384 2537 581 2581 millibus
604 2538 828 2594 equitum3
857 2538 893 2565 ¹4
911 2544 956 2583 et
986 2539 1190 2582 circuivit
1216 2538 1469 2595 civitatem,
1497 2544 1541 2581 et
1566 2552 1702 2582 naves
1727 2553 1753 2581 a
1779 2538 1891 2581 mari
1916 2544 2222 2593 accesserunt3

384 2602 427 2640 et
452 2597 677 2640 vexabant
707 2597 937 2642 civitatem
967 2613 993 2641 a
1020 2604 1134 2642 terra
1160 2603 1204 2642 et
1232 2598 1364 2654 mari,
1393 2601 1436 2640 et
1466 2597 1692 2641 neminem
1718 2597 1925 2641 sinebant
1954 2597 2130 2654 ingredi
2153 2598 2226 2642 vel

384 2656 546 2712 egredi.

449 2716 483 2743 ¹5
508 2718 645 2761 Venit
677 2725 828 2763 autem
861 2719 1130 2775 Numenius,
1169 2726 1212 2763 et
1245 2719 1319 2776 qui
1353 2734 1451 2762 cum
1491 2733 1541 2762 00
1579 2718 1783 2774 fuerant,
1817 2718 1874 2761 ab
1912 2717 2019 2761 urbe
2058 2718 2222 2773 Roma,

382 2776 599 2820 habentes
622 2778 832 2834 epistolas
853 2778 1034 2834 regibus
1059 2784 1102 2822 et
1127 2778 1383 2835 regionibus
1405 2778 1606 2835 scriptas,
1630 2777 1677 2819 in
1699 2777 1859 2833 quibus
1882 2776 2224 2821 continebantur

383 2836 507 2879 haec:
540 2836 576 2863 16
595 2837 778 2894 Lucius,
806 2838 959 2881 consul
996 2839 1316 2894 Romanorum,
1348 2837 1592 2881 Ptolemaeo
1625 2837 1740 2892 regi,
1768 2837 1972 2880 salutem.
2000 2835 2035 2862 ¹⁷
2062 2835 2221 2891 Legati

384 2895 412 2937 J
418 2895 643 2939 udaeorum
662 2903 880 2940 venerunt
905 2898 960 2940 ad
984 2912 1063 2941 nos
1085 2897 1219 2940 amici
1241 2897 1402 2953 nostri,
1429 2902 1693 2940 renovantes
1719 2896 1952 2953 pristinam
1975 2893 2222 2937 amicitiam

385 2958 428 2996 et
452 2955 732 3012 societatem,
752 2956 875 2999 missi
894 2972 920 3000 a
943 2957 1140 3013 Simone,
1164 2956 1364 3014 principe
1386 2956 1686 3012 sacerdotum,
1706 2962 1749 2999 et
1767 2955 1927 3012 populo
1946 2954 1975 2997 J
1981 2953 2220 2997 udaeorum.

385 3012 420 3039 ¹⁸
438 3013 699 3057 Attulerunt
723 3022 873 3059 autem
899 3021 943 3060 et
969 3016 1176 3074 clypeum
1201 3031 1383 3060 aureum
1414 3030 1618 3058 mnarum
1648 3015 1785 3058 mille.
1809 3014 1845 3040 19
1867 3013 2042 3056 Placuit
2071 3012 2222 3069 itaque

384 3072 510 3115 nobis
547 3073 737 3117 scribere
773 3075 952 3131 regibus
982 3081 1026 3119 et
1054 3075 1331 3132 regionibus,
1357 3080 1406 3119 ut
1439 3089 1528 3118 non
1562 3074 1759 3118 inferant
1783 3072 1874 3115 illis
1903 3072 2044 3129 mala,
2078 3085 2222 3128 neque

383 3130 648 3188 impugnent
670 3146 763 3187 eos,
795 3139 838 3176 et
864 3134 1070 3179 civitates
1092 3149 1263 3191 eorum,
1291 3140 1334 3179 et
1366 3135 1570 3191 regiones
1601 3147 1775 3187 eorum;
1804 3138 1847 3175 et
1873 3137 1922 3174 ut
1951 3146 2038 3175 non
2070 3132 2222 3174 ferant

383 3190 602 3233 auxilium
624 3192 925 3248 pugnantibus
950 3194 1161 3238 adversus
1183 3209 1270 3238 eos.
1289 3194 1327 3221 ‘2⁰
1346 3194 1503 3238 Visum
1528 3198 1678 3236 autem
1701 3196 1766 3234 est
1788 3191 1916 3234 nobis
1939 3191 2140 3248 accipere
2162 3191 2218 3234 ab

385 3249 446 3293 eis
472 3250 692 3307 clypeum.
719 3249 753 3276 2¹
775 3251 821 3294 Si
847 3252 920 3307 qui
944 3266 1048 3309 ergo
1077 3254 1336 3309 pestilentes
1364 3254 1627 3309 refugerunt
1652 3251 1706 3294 de
1728 3250 1908 3306 regione
1939 3250 2135 3306 ipsorum
2161 3249 2218 3293 ad

383 3323 480 3364 vos,
504 3309 667 3353 tradite
689 3323 762 3353 eos
787 3310 977 3367 Simoni,
996 3312 1187 3369 principi
1207 3313 1508 3367 sacerdotum,
1532 3316 1579 3354 ut
1598 3309 1794 3353 vindicet
1812 3309 1858 3352 in
1881 3323 1953 3352 eos
1972 3309 2216 3352 secundum

383 3366 528 3423 legem
550 3383 690 3413 suam.

444 3425 479 3451 2²
505 3430 619 3472 Haec
649 3432 804 3475 eadem
834 3431 999 3489 scripta
1032 3439 1135 3476 sunt
1167 3434 1393 3477 Demetrio
1418 3433 1532 3490 regi,
1560 3437 1604 3475 et
1629 3431 1804 3486 Attalo,
1829 3436 1872 3473 et
1897 3429 2146 3485 Ariarathi,
2173 3434 2215 3472 et

385 3487 561 3543 Arsaci,
584 3488 621 3516 23
639 3495 682 3533 et
705 3490 753 3533 in
779 3505 932 3535 omnes
955 3491 1182 3547 regiones,
1207 3498 1249 3534 et
1274 3494 1542 3549 Lampsaco,
1563 3495 1606 3534 et
1632 3489 1879 3546 SpartiatiS,
1899 3494 1943 3532 et
1967 3488 2013 3532 in
2039 3488 2213 3543 Delum,

385 3551 430 3588 et
453 3545 498 3588 in
523 3548 759 3606 Myndum,
787 3555 831 3594 et
853 3550 900 3593 in
931 3550 1187 3606 Sicyonem,
1215 3557 1256 3593 et
1281 3552 1327 3593 in
1351 3551 1546 3606 Cariam,
1575 3555 1618 3593 et
1641 3548 1688 3591 in
1715 3549 1917 3605 Samum,
1945 3553 1988 3592 et
2011 3548 2058 3591 in
2085 3549 2212 3592 Pam—

385 3603 605 3661 phyliam,
629 3614 670 3650 et
698 3608 745 3651 in
772 3609 977 3667 Lyciam,
1005 3614 1048 3653 et
1069 3609 1111 3651 in
1138 3609 1493 3665 Alicarnassum,
1516 3614 1556 3652 et
1581 3608 1628 3651 in
1655 3609 1763 3663 Coo,
1788 3613 1831 3651 et
1851 3608 1898 3651 in
1921 3607 2074 3665 Siden,
2100 3611 2145 3650 et
2167 3606 2213 3649 in
