2456 3861
157 467 273 495 Mathu
279 468 356 495 sala.

178 702 330 731 Lamech.

133 1308 296 1337 Filiorum
316 1309 372 1336 Dei

135 1362 208 1381 cum
229 1347 374 1381 'filiabus

167 1399 340 1426 hominum

159 1441 356 1471 commixtio

175 1487 330 1520 pessima.

157 1723 210 1750 Ira
231 1722 356 1750 divina.

141 2629 272 2656 Titulus
290 2628 378 2657 libri.

157 2693 213 2721 Dei
235 2694 368 2721 manda<

144 2744 212 2765 tum
239 2738 278 2765 de
306 2745 382 2765 arca

153 2783 368 2810 exstruenda.

441 168 465 208 6
1056 166 1171 209 em.
1207 165 1260 220 v,
1295 166 1351 207 24
1376 192 1435 196 -
1467 165 1554 209 vt.
1592 166 1658 207 18.

442 337 629 379 Henoeh
662 336 849 379 trecenti
877 335 1113 390 sexaginta
1146 334 1336 389 quinque
1366 333 1486 378 anni.
1514 332 1549 358 Ἡ
1568 331 1919 388 Ambulavitque
1944 347 2045 377 eum
2080 336 2195 391 Deo,
2226 339 2271 377 et

441 408 528 438 non
554 395 779 451 apparuit,
802 394 905 450 quia
930 394 1031 436 tulit
1052 407 1155 435 eum
1178 393 1311 435 Deus.

498 453 535 481 ⁹5
555 454 678 497 Vixit
709 468 879 510 quoque
912 451 1166 495 Mathusala
1196 456 1374 493 eentum
1410 451 1640 508 octoginta
1667 456 1840 508 septem
1868 451 2018 508 amnis,
2049 458 2094 495 et
2119 453 2272 510 genuit

442 514 651 557 Lamech.
686 512 722 540 ”²⁶
747 515 797 555 Et
834 512 948 554 vixit
976 510 1233 553 Mathusala
1270 516 1504 567 postquam
1537 510 1692 566 genuit
1726 511 1942 566 Lamech,
1976 511 2273 569 septingentis

441 573 668 628 octoginta
702 572 870 614 duobus
903 570 1052 624 annis,
1083 574 1129 613 et
1158 570 1314 626 genuit
1345 570 1460 612 filios
1489 576 1537 613 et
1561 570 1689 615 filias.
1713 569 1748 596 2⁷
1769 569 1827 612 Et
1851 570 1965 613 facti
1991 576 2093 614 sunt
2123 586 2273 616 omnes

441 632 533 674 dies
556 630 809 674 Mathusala
834 628 1049 686 nongenti
1071 629 1308 685 sexaginta
1333 643 1493 672 novem
1516 629 1643 685 anni,
1666 633 1712 672 et
1735 634 1934 673 mortuus
1955 634 2035 675 est.

500 690 535 716 '2³
556 690 680 732 Vixit
702 696 852 732 autem
871 689 1067 732 Lamech
1087 694 1266 732 centum
1286 689 1514 745 octoginta
1533 689 1703 735 duobus
1720 689 1863 745 annis,
1884 694 1927 732 et
1948 690 2102 745 genuit
2120 690 2273 747 filium,

440 750 476 775 ⁵³9
489 749 753 805 vocavitque
776 763 936 791 nomen
961 748 1060 804 ejus
1086 749 1202 802 Noe,
1229 748 1380 791 dicens
1404 765 1413 791 :
1436 749 1528 791 Iste
1558 748 1858 791 consolabitur
1879 763 1959 791 nos
1988 749 2044 791 ab
2072 749 2277 805 operibus

440 814 483 851 et
504 808 730 851 laboribus
751 823 963 850 manuum
986 813 1255 863 nostra-rum,
1275 808 1320 850 in
1340 813 1459 851 terra
1478 808 1548 851 cui
1569 807 1805 851 maledixit
1828 808 2058 852 Dominus.
2079 808 2116 835 3⁰
2131 809 2168 851 V
2174 808 2276 851 ixit-

439 882 520 923 que
545 868 761 923 Lamech,
787 872 1023 924 postquam
1044 867 1199 923 genuit
1222 868 1337 923 Noe,
1360 867 1618 923 quingentis
1641 867 1889 922 nonaginta
1908 867 2102 923 quinque
2125 867 2275 924 annis,

439 932 482 970 et
507 927 662 983 genuit
685 926 798 969 filios
823 932 870 969 et
896 927 1021 970 filias.
1049 926 1083 953 3¹
1106 927 1163 969 Et
1185 926 1299 969 faeti
1316 932 1427 969 sunt
1452 940 1604 970 omnes
1633 926 1729 969 dies
1757 927 1973 982 Lamech,
2001 927 2275 983 septingenti

438 986 723 1043 septuaginta
751 993 921 1043 septem
953 986 1079 1041 anni,
1110 990 1155 1029 et
1183 991 1380 1028 mortuus
1409 993 1488 1029 est.
1524 986 1618 1029 Noe
1648 990 1772 1041 vero,
1804 999 1904 1028 eum
1933 986 2276 1042 quingentorum

439 1052 554 1089 esset
573 1059 812 1102 annorum,
842 1045 996 1101 genuit
1020 1045 1144 1100 Sem,
1171 1044 1332 1101 Cham,
1360 1050 1404 1088 et
1424 1046 1453 1088 J
1459 1045 1639 1102 apheth.

441 1176 464 1232 ξ
491 1175 553 1219 ΙΙ.
573 1201 632 1207 -
654 1175 742 1218 Dea·
766 1174 1002 1217 consilium
1023 1174 1074 1217 de
1095 1174 1290 1217 delendis
1315 1167 1571 1216 hominibas‘
1585 1180 1769 1230 propter
1795 1174 1974 1216 illoram
1995 1175 2275 1229 pravitatem.

499 1297 604 1340 CAP.
629 1298 708 1340 VI.
727 1323 787 1330 -—
808 1296 820 1322 1
843 1297 1038 1352 Cumque
1066 1295 1305 1352 coepissent
1326 1295 1529 1339 homines
1555 1295 1846 1352 multiplicari
1869 1310 2000 1352 super
2024 1300 2209 1351 terram,
2235 1300 2279 1339 et

443 1357 553 1399 filias
572 1361 898 1412 procreassent,
923 1355 940 1380 ‘²
954 1355 1159 1398 videntes
1176 1355 1257 1397 filii
1278 1354 1362 1398 Dei
1380 1355 1493 1397 filias
1516 1354 1746 1397 hominum
1765 1355 1880 1410 quod
1903 1359 2050 1397 essent
2067 1354 2278 1411 pulchrae,

441 1421 706 1472 aeceperunt
731 1415 815 1458 sibi
837 1429 994 1458 uxores
1021 1429 1076 1458 ex
1098 1414 1314 1470 omnibus,
1339 1428 1447 1470 quas
1470 1415 1712 1470 elegerant.
1731 1414 1749 1440 3
1769 1413 1981 1469 Dixitque
2006 1415 2153 1457 Deus:
2178 1415 2281 1457 Non

440 1475 719 1531 permanebit
741 1475 920 1531 spiritus
946 1488 1070 1517 meus
1096 1474 1142 1515 in
1167 1473 1346 1516 homine
1369 1473 1413 1515 in
1442 1478 1677 1529 aeternum,
1702 1473 1805 1529 quia
1827 1487 1928 1516 caro
1950 1478 2042 1528 est,
2066 1478 2281 1528 eruntque
2305 1496 2308 1499 ⁴
2363 1520 2370 1528 ,

442 1534 534 1577 dies
556 1534 675 1577 illius
698 1540 877 1577 centum
902 1533 1066 1589 viginti
1092 1547 1321 1578 annorum.
1347 1532 1364 1559 4
1384 1532 1601 1588 Gigantes
1632 1538 1782 1575 autem
1808 1538 1933 1575 erant
1960 1546 2090 1588 super
2116 1537 2280 1575 terram

445 1594 485 1635 in
509 1593 664 1636 diebus
686 1593 786 1638 illis.
816 1594 1057 1648 Postquam
1084 1592 1202 1635 enim
1229 1592 1417 1648 ingressi
1450 1597 1554 1635 sunt
1579 1592 1659 1634 filii
1687 1592 1771 1635 Dei
1797 1592 1853 1634 ad
1879 1591 1993 1634 filias
2026 1591 2279 1647 hominum,

442 1653 617 1708 illaeque
641 1658 908 1709 genuerunt,
932 1652 1007 1695 isti
1032 1657 1135 1694 sunt
1159 1657 1364 1708 potentes
1390 1666 1416 1694 a
1437 1651 1600 1694 saeoulo
1625 1651 1709 1693 viri
1735 1651 1912 1694 famosi.

500 1711 517 1738 5
535 1712 704 1755 Videns
737 1718 886 1754 autem
918 1713 1037 1755 Deus
1067 1711 1182 1766 quod
1212 1711 1354 1754 multa
1383 1710 1558 1754 malitia
1586 1709 1818 1754 hominum
1850 1716 1968 1753 esset
1997 1710 2043 1753 in
2071 1715 2211 1766 terra,
2238 1716 2282 1754 et

443 1777 603 1814 cuncta
626 1771 838 1828 cogitatio
861 1770 1005 1814 cordis
1026 1770 1202 1813 intenta
1224 1776 1340 1813 esset
1367 1770 1421 1813 ad
1447 1770 1616 1812 malum
1641 1769 1762 1812 omni
1795 1775 2014 1826 tempore,
2039 1769 2056 1796 ⁶
2074 1769 2283 1825 poenituit

441 1845 541 1873 eum
567 1831 682 1886 quod
712 1830 938 1874 hominem
959 1829 1144 1873 fecisset
1170 1829 1216 1872 in
1237 1835 1367 1873 terra.
1395 1830 1451 1872 Et
1476 1834 1622 1872 taetus
1644 1829 1794 1872 dolore
1817 1829 1960 1872 cordis
1994 1828 2280 1885 intrinsecus,

442 1889 456 1915 7
476 1890 666 1945 Delebo,
694 1889 858 1946 inquit,
883 1889 1130 1945 hominem,
1155 1903 1286 1945 quem
1312 1888 1482 1944 creavi,
1510 1903 1537 1931 a
1557 1889 1677 1931 fac-ie
1699 1894 1850 1944 terrae,
1867 1888 1923 1931 ab
1946 1888 2124 1931 homine
2147 1902 2281 1943 usque

442 1948 498 1991 ad
524 1949 794 2002 animantia,
820 1964 848 1992 a
868 1948 1017 2005 reptili
1047 1963 1182 2005 usque
1208 1948 1266 1991 ad
1293 1948 1494 1991 volucres
1517 1948 1640 2003 eaeli3
1664 1947 1854 2004 poenitet
1875 1947 1994 1990 enim
2020 1962 2089 1990 me
2119 1946 2280 1990 fecisse
2307 1970 2310 1973 >

443 2022 527 2055 eos,
551 2009 568 2036 8
588 2010 681 2052 Noe
706 2023 810 2052 vero
832 2008 1004 2051 invenit
1029 2008 1223 2064 gratiam
1245 2022 1394 2051 coram
1419 2007 1623 2051 Domino.

1157 2206 1415 2260 LIBER
1467 2205 1563 2259 ΙΙΙ

950 2358 1569 2398 GENERATIONES
1627 2357 1778 2397 Non

1011 2500 1035 2556 ξ
1071 2501 1106 2543 Ι.
1130 2525 1190 2533 -—
1222 2500 1404 2542 Diluvii
1428 2499 1717 2554 proeporatio.

504 2615 522 2642 9
541 2617 625 2658 Hae
651 2620 754 2659 sunt
780 2616 1088 2671 generationes
1115 2616 1222 2658 Noe.

506 2675 601 2718 Noe
627 2675 695 2717 vir
715 2676 860 2730 justus
889 2681 1021 2731 atque
1053 2675 1282 2731 perfectus
1308 2673 1404 2716 *fuit
1438 2672 1485 2715 in
1514 2669 1876 2728 generationibus
1905 2671 2017 2722 suis,
2053 2685 2154 2714 cum
2188 2672 2285 2715 Deo
2309 2695 2313 2700 ¹

447 2734 709 2777 ambulavit.
731 2733 767 2760 ¹⁰
785 2734 843 2776 Et
864 2733 1019 2788 genuit
1038 2740 1125 2776 tres
1146 2733 1280 2787 filios,
1300 2733 1423 2787 Sem,
1445 2732 1605 2786 eham,
1626 2736 1669 2773 et
1691 2729 1903 2785 Japheth.
1928 2729 2284 2787 ¹¹Gorrupta·es-t

447 2799 596 2836 autem
622 2798 737 2836 terra
764 2807 910 2835 coram
940 2794 1053 2847 Deo,
1074 2799 1118 2835 et
1138 2792 1309 2848 repleta
1327 2797 1393 2833 est
1416 2790 1665 2846 iniquitate.
1686 2789 1725 2815 ¹²*
1740 2789 1936 2844 Cumque
1955 2789 2141 2832 vidisset
2163 2791 2284 2833 Deus

449 2858 611 2896 terram
641 2866 734 2895 esse
764 2857 1016 2908 corruptam
1048 2851 1221 2907 (omnis
1250 2850 1412 2906 quippe
1443 2864 1545 2892 earo
1578 2853 1831 2905 corruperat
1852 2848 1974 2890 viam
1999 2862 2124 2891 suam
2153 2862 2284 2905 super
2310 2866 2313 2868 ·

449 2914 657 2967 terram),
685 2911 721 2938 '¹3
739 2911 853 2953 dixit
876 2911 934 2953 ad
956 2911 1051 2953 Noe
1075 2926 1083 2954 :
1110 2909 1234 2953 Finis
1258 2909 1476 2951 universae
1504 2908 1648 2951 earnis
1673 2906 1795 2951 venit
1818 2921 1966 2950 coram
1988 2921 2083 2959 me;
2111 2907 2283 2963 repleta

449 2976 516 3014 est
541 2977 657 3014 terra
681 2970 964 3025 iniquitaten
986 2969 1104 3013 facie
1128 2983 1298 3024 eorum,
1316 2973 1362 3011 et
1382 2981 1466 3024 ego
1491 2967 1746 3023 disperdam
1766 2979 1839 3009 eos
1866 2980 1963 3009 cum
1987 2969 2116 3011 terra.
2137 2966 2174 2992 ¹4
2193 2967 2285 3009 Fac

450 3030 531 3073 tibi
561 3044 709 3072 arcam
744 3029 796 3072 de
823 3029 957 3085 lignis
979 3028 1188 3083 levigatis
1209 3045 1217 3081 3
1245 3027 1578 3070 mansiunculas
1604 3027 1648 3069 in
1669 3039 1773 3069 area
1801 3025 1943 3069 facies
1959 3061 1968 3078 ,
1996 3032 2041 3069 et
2065 3025 2284 3069 bitumine

450 3089 580 3132 linies
606 3089 870 3132 intrinsecus
899 3093 943 3131 et
975 3088 1264 3132 extrinsecus.
1290 3086 1325 3113 ¹5
1341 3087 1403 3129 Et
1428 3086 1491 3130 sic
1516 3086 1658 3129 facies
1680 3099 1778 3129 eam
1802 3100 1810 3127 :
1835 3089 2131 3128 trecentorum
2161 3084 2282 3127 eubi-

454 3154 594 3191 torum
616 3148 700 3191 erit
732 3147 964 3204 longitudo
992 3161 1127 3200 areae,
1151 3146 1476 3202 quinquaginta
1502 3145 1749 3188 cubitorum
1782 3143 1998 3200 latitudo,
2024 3149 2069 3187 et
2097 3142 2284 3200 triginta

453 3207 702 3250 cubitorum
723 3206 913 3249 altitudo
941 3206 1073 3251 illius.
1092 3206 1135 3232 ‘¹⁶
1155 3207 1418 3249 Fenestram
1448 3205 1493 3247 in
1523 3219 1626 3247 arca
1659 3203 1819 3257 facies,
1852 3209 1895 3246 et
1925 3203 1971 3245 in
2002 3202 2151 3246 cubito
2182 3216 2283 3246 eon-

453 3266 695 3309 summabis
723 3266 1025 3309 summitatem
1060 3265 1182 3321 ejus3
1219 3265 1379 3308 ostium
1408 3270 1557 3307 autem
1591 3277 1704 3306 arcae
1730 3276 1866 3318 pones
1889 3276 1944 3305 ex
1972 3262 2134 3316 latere,
2161 3261 2284 3304 deor-

455 3339 570 3380 sum,
612 3325 864 3380 coenacula,
900 3330 944 3368 et
977 3324 1162 3379 tristega
1201 3324 1343 3367 facies
1379 3323 1425 3366 in
1458 3337 1522 3367 ea.
1560 3322 1593 3348 '¹⁷
1621 3323 1738 3365 Eece
1775 3335 1858 3376 ego
1894 3321 2115 3364 adducam
2146 3333 2285 3375 aquas

458 3384 611 3426 diluvii
640 3398 770 3440 super
795 3390 977 3439 terram,
1004 3389 1052 3427 ut
1073 3383 1338 3426 interficiam
1363 3396 1539 3425 omnem
1556 3394 1764 3435 carnem„
1791 3380 1837 3422 in
1865 3379 2156 3435 qua-spiritus
2176 3378 2283 3421 vitae

457 3449 524 3485 est
547 3444 697 3486 subter
722 3443 893 3486 caelum.
915 3444 1134 3487 Universa
1156 3457 1251 3498 quae
1277 3442 1323 3485 in
1343 3448 1462 3485 terra
1478 3446 1953 3495 sunt,consumentur.
1974 3437 2009 3465 ¹8
2027 3438 2282 3493 Ponamque

456 3501 602 3544 foedus
631 3517 777 3544 meum
810 3508 984 3556 tecum;
1018 3507 1061 3545 et
1094 3501 1355 3557 ingredieris
1385 3514 1534 3542 arcam
1566 3503 1711 3554 tu„et
1739 3497 1819 3539 filii
1851 3497 1937 3553 tui,
1967 3509 2076 3539 uxor
2107 3501 2204 3552 tua,
2237 3500 2282 3540 et

462 3668 510 3700 24]
530 3666 632 3695 Eccli.
654 3667 772 3701 XLIV,
793 3670 833 3694 16.
849 3667 951 3695 Hebr.
972 3667 1019 3694 XI
1032 3688 1039 3701 ,
1057 3669 1082 3694 5.
1097 3681 1131 3685 —
1146 3666 1175 3699 5]
1199 3665 1262 3693 Inf.
1281 3664 1387 3699 VIII,
1408 3665 1453 3690 21.
1471 3661 1593 3689 matth.
1613 3659 1683 3694 XV,
1703 3661 1745 3687 19.
1762 3673 1798 3678 —
1815 3659 1844 3692 9]
1859 3656 1961 3686 Eccli.
1979 3656 2100 3691 XLIV,
2117 3658 2159 3684 17.
