2391 3861
841 642 1251 696 EPISTOLA

243 795 637 891 BEATI
714 794 1101 890 PAULI
1176 791 1846 891 APOSTOLI

749 983 859 1046 AD
915 981 1337 1046 ROMANOS

817 1288 1270 1344 PROLOGUS

358 1474 364 1476 >
394 1483 403 1504 Α,
446 1464 613 1507 AULUS,
640 1466 791 1494 servus
815 1452 841 1494 J
847 1465 922 1494 esu
945 1450 1128 1504 Christi,
1148 1454 1329 1493 vocatus
1354 1449 1601 1506 apostolus,
1630 1454 1887 1506 segregatus
1913 1449 1958 1492 in

373 1537 424 1568 ἦ·
477 1510 757 1565 evangelium
787 1510 881 1563 Dei,
909 1509 926 1535 *2
944 1509 1059 1565 quod
1085 1515 1188 1551 ante
1215 1508 1476 1565 promiserat
1501 1523 1577 1564 per
1598 1509 1833 1565 prophetas
1858 1522 1957 1552 suos

360 1559 369 1571 ⁸
475 1569 521 1610 in
553 1569 789 1625 Scripturis
823 1568 1008 1623 sanctis,
1043 1568 1060 1593 3
1086 1568 1139 1610 de
1173 1568 1287 1610 Filio
1317 1581 1416 1621 suo,
1452 1567 1525 1622 qui
1555 1567 1704 1610 factus
1737 1573 1802 1610 est
1835 1568 1874 1611 ei
1904 1582 1958 1611 ex

474 1627 642 1671 semine
675 1627 842 1682 David,
870 1627 1114 1670 secundum
1148 1640 1349 1679 oarnem3
1381 1625 1398 1651 4
1417 1626 1490 1681 qui
1525 1626 1864 1682 praedestinatus
1894 1633 1958 1670 est

475 1686 616 1729 Filius
646 1686 730 1729 Dei
757 1687 803 1728 in
832 1685 1015 1741 virtute,
1051 1685 1295 1728 secundum
1327 1685 1531 1741 spiritum
1568 1685 1954 1739 sanctificationis,

129 1762 183 1791 ex
217 1747 535 1791 resurrectione
579 1751 853 1789 mortuorum
886 1746 994 1788 Jesu
1033 1745 1219 1800 Christi,
1258 1743 1437 1786 Domini
1476 1743 1633 1798 nostri,
1668 1744 1684 1769 5
1717 1758 1793 1800 per
1831 1759 1957 1800 quem

129 1807 379 1864 accepimus
404 1806 595 1863 gratiam
618 1810 660 1849 et
682 1804 1001 1862 apostolatum,
1029 1804 1085 1847 ad
1109 1803 1406 1848 obediendum
1429 1802 1530 1846 fidei
1555 1802 1601 1844 in
1628 1803 1832 1846 omnibus
1854 1817 1958 1859 gen-

129 1865 268 1920 tibus,
303 1881 378 1923 pro
414 1865 590 1908 nomine
629 1865 749 1920 ejus3
785 1864 802 1890 6
826 1863 872 1905 in
906 1864 1063 1919 quibus
1102 1864 1206 1907 estis
1244 1869 1287 1908 et
1323 1876 1400 1905 vos
1430 1861 1577 1904 vocati
1615 1863 1724 1905 ‹Jesu
1757 1862 1920 1906 Christi
1949 1881 1957 1907 ε

129 1924 143 1950 ⁷
163 1926 366 1968 omnibus
393 1924 467 1981 qui
496 1930 599 1967 sunt
632 1925 805 1979 Romae,
833 1924 1006 1967 dilectis
1042 1924 1145 1980 Dei,
1173 1923 1343 1967 vocatis
1373 1921 1552 1964 sanctis.
1582 1921 1738 1964 Gratia
1766 1921 1891 1964 vobis
1916 1930 1958 1965 et

129 1998 214 2040 pax
238 2000 264 2027 a
287 1986 401 2040 Deo,
430 1985 560 2027 Patre
583 1988 751 2040 nostro,
776 1990 819 2027 et
843 1983 1032 2026 Domino
1060 1984 1087 2026 J
1092 1998 1166 2027 esu
1190 1983 1377 2027 Christo.

188 2044 204 2070 8
227 2045 426 2087 Primum
452 2043 630 2100 quidem
656 2043 822 2099 gratias
854 2057 937 2099 ago
974 2044 1067 2086 Deo
1094 2058 1189 2086 meo
1223 2057 1299 2099 per
1326 2044 1353 2087 J
1358 2058 1481 2087 esum
1507 2043 1731 2088 Christum
1765 2059 1842 2101 pro
1869 2060 1958 2088 om-

129 2103 257 2146 nibus
290 2103 437 2159 vobis,
474 2103 576 2159 quia
609 2102 715 2146 fides
742 2108 888 2146 vestra
925 2102 1216 2145 annuntiatur
1246 2101 1293 2144 in
1326 2103 1528 2146 universo
1564 2103 1742 2148 mundo.
1774 2104 1790 2130 9
1815 2104 1958 2147 Testis

129 2162 245 2205 enim
272 2162 381 2205 mihi
416 2167 483 2206 est
517 2164 656 2217 Deus,
684 2162 754 2204 cui
785 2162 926 2206 servio
960 2161 1006 2204 in
1038 2161 1196 2219 spiritu
1232 2177 1328 2206 meo
1361 2162 1406 2204 in
1440 2162 1672 2218 evangelio
1703 2162 1808 2205 Filii
1838 2163 1954 2219 ejus,

130 2221 245 2277 quod
278 2222 373 2265 sine
406 2221 732 2266 intermissione
763 2221 1022 2265 memoriam
1052 2221 1186 2264 vestri
1219 2221 1341 2264 facio
1368 2220 1403 2247 '¹⁰
1421 2236 1592 2278 semper
1616 2222 1661 2264 in
1688 2222 1958 2265 orationibus

131 2281 239 2324 meis
266 2281 521 2337 obsecrans,
548 2280 585 2323 si
616 2295 699 2336 quo
731 2281 860 2324 modo
888 2281 1069 2324 tandem
1101 2280 1341 2336 aliquando
1374 2295 1631 2337 prosperum
1658 2281 1742 2324 iter
1769 2281 1958 2324 habeam

129 2339 175 2382 in
198 2340 425 2383 voluntate
450 2341 531 2384 Dei
560 2341 766 2384 veniendi
793 2340 849 2383 ad
872 2355 963 2384 vos,
993 2339 1025 2366 ¹¹
1048 2340 1259 2383 Desidero
1281 2340 1401 2383 enim
1423 2340 1572 2383 videre
1594 2355 1690 2393 vos,
1718 2345 1766 2382 ut
1790 2340 1958 2396 aliquid

130 2399 360 2455 impertiar
386 2400 509 2443 vobis
543 2400 699 2456 gratiae
731 2399 996 2456 spiritualis,
1018 2400 1075 2442 ad
1107 2399 1428 2442 confirmandos
1455 2413 1556 2454 vos;
1590 2399 1622 2425 ¹2
1642 2400 1687 2442 id
1714 2405 1799 2456 est,
1826 2400 1959 2442 simul

131 2459 345 2501 consolari
369 2459 413 2501 in
440 2460 579 2516 vobis,
603 2474 679 2516 per
702 2474 798 2503 eam
824 2473 922 2514 quae
947 2459 1141 2502 invicem
1167 2463 1245 2513 est,
1273 2458 1404 2502 fidem
1423 2464 1617 2502 vestram
1642 2464 1774 2514 atque
1799 2474 1957 2502 meam.

133 2517 166 2543 ¹3
184 2518 296 2561 Nolo
318 2526 467 2562 autem
490 2533 567 2562 vos
593 2519 817 2575 ignorare,
843 2519 1024 2573 frat-res,
1049 2518 1152 2574 quia
1174 2532 1293 2574 saepe
1318 2518 1524 2575 proposui
1551 2518 1700 2561 venire
1720 2518 1778 2560 ad
1806 2532 1893 2574 VOS,
1917 2524 1960 2562 et

130 2577 375 2634 prohibitus
401 2593 497 2621 sum
527 2592 664 2633 usque
699 2578 867 2633 adhuc,
894 2583 942 2620 ut
974 2578 1168 2633 aliquem
1202 2577 1400 2620 fructum
1433 2577 1622 2620 habeam
1659 2583 1701 2620 et
1733 2577 1780 2619 in
1812 2577 1957 2633 vobis,

131 2636 245 2678 siout
273 2642 316 2680 et
347 2637 393 2679 in
429 2637 584 2681 ceteris
619 2637 841 2694 gentibus.
870 2636 905 2662 ¹4
924 2637 1092 2681 Graeois
1126 2651 1177 2679 ao
1210 2636 1436 2692 Barbaris,
1472 2636 1746 2693 sapientibus
1780 2641 1824 2680 et
1854 2636 1959 2679 insi-

131 2695 352 2750 pientibus
387 2696 559 2739 debitor
591 2712 701 2740 sum.
727 2696 761 2722 ¹5
788 2697 880 2752 Ita,
911 2696 1026 2752 quod
1055 2696 1101 2739 in
1133 2710 1225 2751 me,
1258 2702 1512 2752 promptum
1542 2701 1608 2739 est
1637 2700 1680 2739 θῖ
1709 2696 1855 2752 vobis,
1887 2696 1960 2752 qui

133 2755 284 2797 Romae
312 2755 437 2810 estis,
465 2756 782 2812 evangelizare.

194 2813 226 2839 ¹⁶
244 2814 343 2856 Non
371 2815 489 2857 enim
512 2816 720 2858 erubesco
743 2816 1054 2872 evangelium:
1073 2817 1210 2859 virtus
1230 2817 1347 2859 enim
1372 2816 1453 2859 Dei
1477 2822 1542 2859 est
1560 2816 1606 2858 in
1623 2817 1814 2860 salutem
1840 2817 1960 2859 omni

131 2873 347 2928 credenti,
377 2873 537 2916 Judaeo
563 2874 776 2930 primum,
804 2882 847 2918 et
874 2877 1044 2920 Graeoo.
1073 2875 1105 2901 ¹⁷
1125 2875 1311 2918 Justitia
1340 2875 1458 2918 enim
1486 2875 1567 2919 Dei
1593 2875 1640 2918 in
1665 2890 1715 2919 eo
1741 2875 1962 2919 revelatur

129 2944 183 2973 ex
206 2931 292 2975 fide
316 2932 362 2975 in
386 2932 539 2988 fidem,
566 2932 681 2976 siout
706 2933 920 2990 scriptum
942 2940 1008 2978 est
1033 2950 1042 2978 z
1065 2935 1219 2977 Justus
1246 2939 1395 2977 autem
1418 2948 1473 2977 ex
1495 2935 1581 2978 fide
1605 2934 1730 2977 vivit.

496 3062 703 3117 PARS
754 3062 1046 3133 PRIOR,
1101 3062 1597 3119 DOGMATICA

245 3181 319 3219 DE
357 3180 824 3220 JUSTIFICATIONE
864 3181 974 3218 PER
1014 3181 1190 3219 FmEM
1231 3182 1291 3220 IN
1330 3182 1510 3222 JESUM
1554 3182 1849 3223 CHRISTUM

360 3281 522 3324 SEorro
557 3281 677 3323 1.-
711 3281 995 3324 NEoEssrrAs
1029 3293 1085 3323 Er
1118 3293 1308 3325 NATURA
1339 3294 1732 3326 JUSTIFIOATIONIS

458 3382 481 3439 ξ
515 3382 550 3426 1.
578 3408 637 3415 ——
673 3382 827 3426 Omnes
860 3381 1053 3426 homines
1085 3385 1279 3440 indissent
1299 3385 1631 3441 justificatione.

194 3469 228 3495 ¹8
250 3470 486 3512 Revelatur
511 3470 629 3513 enim
650 3471 714 3513 ira
739 3470 819 3514 Dei
848 3470 900 3514 de
923 3471 1043 3527 caelo,
1067 3486 1196 3528 super
1213 3487 1390 3516 omnem
1414 3473 1689 3529 impietatem
1713 3478 1755 3515 et
1780 3472 1957 3529 injusti-

133 3528 242 3570 tiam
269 3528 496 3571 hominum
531 3543 679 3572 eorum
714 3530 788 3585 qui
825 3529 1057 3574 veritatem
1092 3531 1173 3574 Dei
1206 3531 1252 3573 in
1286 3530 1507 3587 injustitia
1540 3531 1768 3586 detinent,
1796 3530 1831 3557 ¹9
1856 3532 1956 3589 quia

134 3658 163 3690 1]
184 3657 638 3693 Act.X111‚2.—-17]Hab.
660 3658 706 3693 11,
723 3661 748 3686 4.
766 3658 834 3686 Gal.
854 3659 920 3694 111,
940 3662 978 3688 ιι.
1000 3660 1101 3688 Hem:
1118 3660 1218 3695 xrs.

2059 1468 2234 1499 SalutatIO.

2088 2056 2210 2085 Aditus

2054 2107 2164 2128 causae
2179 2107 2236 2133 per

2034 2143 2261 2176 captationem

2049 2189 2246 2217 benevolen-

2115 2232 2178 2261 tiae·

2088 2827 2210 2855 Thema

2035 2870 2254 2899 tractandum.

2039 3486 2246 3518 paganorum

2067 3529 2165 3561 culpa
2185 3534 2217 3556 et

2049 3571 2241 3606 castigatio.
