2423 3861
112 2092 144 2117 30
168 2090 212 2117 De
229 2096 308 2122 rege

157 2133 258 2166 meio

114 2178 293 2211 aquilonis.

402 119 488 162 990
1113 118 1232 160 DAN.
1266 119 1355 171 XI,
1391 120 1415 160 7
1429 119 1525 161 -35.

401 287 521 342 ejus3
559 294 601 330 et
633 287 831 328 tradetur
859 286 978 341 ipsa,
1005 290 1050 328 et
1079 285 1153 341 qui
1178 285 1464 328 adduxerunt
1489 300 1588 329 eam
1619 287 1925 331 adolescentes
1952 289 2067 346 ejus,
2096 295 2139 333 et
2164 289 2240 346 qui

402 346 715 389 confortabant
752 359 851 387 eam
883 344 930 386 in
963 345 1249 401 temporibus.
1281 344 1295 370 7
1320 346 1377 387 Et
1409 345 1546 388 stabit
1583 345 1637 388 de
1670 346 1870 401 germine
1906 348 2108 391 radicum
2141 349 2240 406 ejus

400 405 641 461 plantati03
667 409 710 446 et
741 403 889 446 veniet
915 418 1017 445 cum
1043 404 1264 459 exercitu,
1296 409 1339 447 et
1370 404 1646 460 ingredietur
1671 405 1949 461 provinciam
1973 407 2090 462 regis
2115 408 2240 463 aqui-

399 463 530 518 lonis,
559 468 602 505 et
626 462 834 505 abutetur
859 462 943 518 eis,
970 467 1015 505 et
1040 463 1273 519 obtinebit.
1293 463 1310 489 8
1328 464 1517 520 Insuper
1543 469 1586 507 et
1612 464 1716 507 deos
1743 478 1906 521 eorum,
1931 469 1975 508 et
2000 466 2239 523 sculptilia,

398 537 504 564 vasa
529 535 701 577 quoque
735 522 927 578 pretiosa
959 522 1134 578 argenti
1168 527 1211 565 et
1236 523 1352 578 auri,
1381 523 1560 579 captiva
1594 523 1727 567 ducet
1759 523 1805 566 in
1830 525 2113 582 AEgyptum3
2147 525 2241 583 ipse

397 580 661 637 praevalebit
685 581 897 624 adversus
922 595 1073 637 regem
1098 581 1334 637 aquilonis.
1360 581 1378 608 9
1396 583 1453 625 Et
1477 582 1664 626 intrabit
1693 583 1739 625 in
1770 597 1958 639 regnum
1982 598 2059 627 rex
2081 585 2239 642 austri,

397 646 439 682 et
460 645 706 683 revertetur
729 640 787 683 ad
813 645 977 684 terram
1002 655 1143 684 suam.
2169 695 2173 698 ἱ

457 699 492 725 10
511 699 615 742 Filii
638 705 789 743 autem
812 700 909 756 ejus
935 701 1294 757 provocabuntur
1320 707 1362 745 et
1388 702 1726 759 congregabunt
1755 703 2092 748 multitudinem
2117 719 2241 748 exer-

397 759 567 802 cituum
597 759 914 816 plurimorum;
947 765 991 803 et
1015 760 1166 804 veniet
1196 776 1458 818 properans,
1489 767 1533 805 et
1557 762 1807 818 inundans,
1841 767 1884 806 et
1912 768 2171 821 revertetur,
2199 768 2242 807 et

383 819 707 875 concitabitur,
735 824 779 862 et
801 819 1112 875 congredietur
1134 835 1235 863 cum
1260 821 1415 865 robore
1443 821 1553 878 ejus.
1574 821 1606 847 11
1629 824 1686 864 Et
1711 828 1977 879 provocatus
2001 838 2079 867 rex
2100 823 2242 867 austri

396 878 660 934 egredietur,
680 883 723 922 et
748 879 970 935 pugnabit
994 879 1206 923 adversus
1231 895 1383 936 regem
1405 881 1651 937 aquilonis3
1677 888 1720 925 et
1742 883 2014 939 praeparabit
2038 883 2240 926 multitu—

396 938 546 981 dinem
572 937 779 994 nimiam,
804 943 846 981 et
872 938 1051 982 dabitur
1076 940 1318 983 multitudo
1343 940 1390 983 in
1416 955 1551 983 manu
1577 941 1689 997 ejus.
1720 940 1754 967 19
1780 943 1837 984 Et
1863 941 2010 999 capiet
2040 943 2241 986 multitu-

396 997 566 1053 dinem,
594 1003 637 1040 et
661 997 934 1041 exaltabitur
960 1012 1033 1041 cor
1063 998 1183 1055 ejus;
1212 1005 1256 1042 et
1282 999 1466 1055 dejiciet
1496 1000 1637 1043 multa
1664 1000 1827 1056 millia,
1854 1002 1932 1044 sed
1957 1017 2046 1045 non
2072 1017 2241 1060 praeva-

394 1056 518 1100 lebit.
558 1057 594 1083 13
634 1057 927 1101 Convertetur
964 1058 1081 1101 enim
1120 1073 1196 1102 rex
1234 1058 1479 1115 aquilonis,
1519 1065 1562 1103 et
1599 1060 1869 1117 praeparabit
1906 1061 2242 1106 multitudinem

395 1116 536 1159 multo
566 1117 785 1173 majorem
818 1132 952 1173 quam
985 1118 1135 1174 prius3
1173 1123 1216 1162 et
1243 1119 1290 1161 in
1328 1120 1415 1162 fine
1451 1125 1703 1176 temporum
1739 1135 2065 1178 annorumque,
2091 1122 2242 1165 veniet

393 1191 634 1233 properans
661 1191 762 1219 cum
785 1178 983 1220 exercitu
1009 1192 1172 1234 magno
1195 1184 1240 1222 et
1265 1179 1421 1236 opibus
1448 1179 1611 1223 nimiis.
1640 1179 1675 1206 11
1695 1181 1751 1222 Et
1775 1180 1822 1222 in
1848 1181 2121 1238 temporibus
2151 1181 2242 1224 illis

395 1236 524 1278 multi
551 1242 819 1292 consurgent
844 1237 1057 1280 adversus
1082 1252 1234 1294 regem
1258 1239 1422 1294 austri3
1448 1239 1527 1281 filii
1551 1253 1724 1296 quoque
1746 1240 2139 1297 praevaricatorum
2165 1255 2242 1298 po-

394 1295 487 1351 puli
521 1296 587 1338 tui
617 1297 888 1340 extollentur
920 1303 969 1340 ut
1001 1297 1220 1354 impleant
1244 1298 1489 1354 visionem,
1518 1304 1561 1342 et
1592 1304 1811 1343 corruent.
1839 1300 1875 1326 ¹5
1898 1300 1955 1343 Et
1980 1300 2131 1344 veniet
2164 1315 2243 1344 rex

393 1355 635 1410 aquilonis,
662 1361 704 1399 et
732 1356 1028 1413 comportabit
1052 1372 1286 1414 aggerem,
1311 1363 1354 1401 et
1377 1359 1523 1415 capiet
1545 1359 1676 1402 urbes
1698 1359 2046 1416 munitissimas,
2076 1365 2118 1404 et
2143 1361 2241 1404 bra-

394 1414 493 1457 chia
519 1415 657 1458 austri
684 1430 772 1459 non
798 1416 1101 1473 sustinebunt,
1130 1423 1173 1461 et
1195 1424 1464 1474 consurgent
1490 1419 1621 1461 electi
1649 1419 1745 1474 ejus
1772 1419 1828 1462 ad
1855 1419 2172 1477 resistendum,
2199 1425 2242 1464 et

393 1488 480 1517 non
504 1475 586 1517 erit
611 1475 843 1518 fortitudo.
873 1476 907 1502 16
934 1478 991 1519 Et
1016 1477 1158 1520 faciet
1183 1478 1366 1521 veniens
1392 1492 1524 1535 super
1554 1493 1655 1521 eum
1681 1479 1811 1535 juxta
1837 1479 2056 1535 placitum
2089 1494 2240 1537 suum,

393 1540 437 1577 et
459 1548 546 1576 non
574 1535 656 1578 erit
678 1535 752 1590 qui
778 1541 863 1578 stet
886 1541 1040 1579 contra
1065 1537 1233 1580 faciem
1260 1537 1381 1593 ejus3
1410 1543 1453 1581 et
1482 1538 1619 1580 stabit
1639 1539 1687 1580 in
1713 1544 1829 1581 terra
1855 1539 2047 1596 inclyta,
2072 1544 2116 1583 et
2138 1554 2241 1583 con-

393 1599 591 1636 sumetur
619 1594 666 1636 in
697 1609 831 1637 manu
858 1596 968 1650 ejus.
997 1595 1030 1621 17
1059 1597 1116 1638 Et
1149 1602 1286 1653 ponet
1317 1597 1485 1640 faciem
1510 1611 1637 1640 suam
1665 1602 1714 1640 ut
1738 1598 1891 1641 veniat
1915 1599 1973 1641 ad
1999 1599 2242 1643 tenendum

394 1653 650 1696 universum
679 1668 866 1709 regnum
901 1655 1017 1711 ejus,
1054 1661 1096 1698 et
1128 1661 1249 1698 recta
1283 1656 1424 1699 faciet
1458 1671 1558 1699 cum
1593 1672 1672 1712 eo;
1709 1662 1752 1700 et
1789 1657 1929 1700 filiam
1966 1658 2242 1701 feminarum

396 1712 520 1755 dabit
550 1713 609 1768 ei,
637 1718 685 1755 ut
712 1719 883 1757 evertat
907 1714 1045 1770 illud3
1078 1719 1122 1758 et
1151 1729 1238 1758 non
1273 1716 1432 1771 stabit,
1467 1730 1548 1759 nec
1581 1717 1703 1760 illius
1734 1717 1829 1760 erit.
1859 1716 1894 1743 18
1920 1718 1978 1760 Et
2012 1724 2242 1762 convertet

394 1772 561 1815 faciem
585 1787 712 1815 suam
736 1773 793 1816 ad
827 1773 1015 1830 insulas,
1051 1780 1094 1817 et
1127 1775 1275 1831 capiet
1309 1776 1498 1832 multas,
1536 1782 1579 1819 et
1613 1790 1784 1819 cessare
1817 1776 1958 1820 faciet
1992 1777 2242 1835 principem

395 1831 616 1888 opprobrii
650 1832 738 1888 sui,
769 1839 813 1876 et
845 1834 1131 1890 opprobrium
1165 1835 1262 1890 ejus
1301 1840 1582 1878 convertetur
1619 1835 1663 1877 in
1702 1850 1817 1879 eum.
1855 1835 1890 1862 19
1920 1836 1979 1878 Et
2013 1842 2242 1880 convertet

393 1891 561 1934 faciem
593 1906 720 1934 suam
749 1892 806 1935 ad
835 1892 1073 1949 imperium
1106 1898 1234 1936 terrae
1268 1908 1381 1950 suae,
1415 1900 1458 1937 et
1490 1894 1732 1951 impinget,
1769 1900 1814 1938 et
1847 1900 2041 1951 corruet,
2077 1900 2120 1940 et
2153 1911 2242 1940 non

394 1951 656 1995 invenietur.
681 1950 718 1978 90
736 1953 793 1995 Et
825 1952 963 1995 stabit
990 1953 1036 1995 in
1062 1952 1159 1996 loco
1187 1953 1282 2009 ejus
1313 1954 1557 1997 vilissimus
1584 1959 1629 1997 et
1660 1954 1874 2011 indignus
1902 1955 2059 1999 decore
2092 1956 2239 2013 regi03

394 2016 437 2053 et
464 2010 508 2052 in
535 2012 688 2067 paucis
711 2011 866 2054 diebus
890 2017 1153 2068 conteretur,
1180 2027 1269 2056 non
1291 2013 1337 2055 in
1363 2013 1534 2069 furore,
1562 2028 1643 2057 nec
1668 2014 1714 2056 in
1737 2015 1904 2071 praelio.

452 2070 484 2096 91
507 2071 564 2112 Et
589 2071 726 2113 stabit
746 2071 792 2113 in
815 2071 912 2114 loco
939 2072 1036 2128 ejus
1062 2072 1320 2129 despectus,
1343 2078 1386 2116 et
1411 2088 1499 2116 non
1525 2074 1746 2117 tribuetur
1772 2075 1810 2117 ei
1838 2075 1977 2118 honor
1997 2076 2171 2132 regius3
2197 2081 2242 2120 et

393 2130 542 2173 veniet
568 2130 703 2186 clam,
727 2136 770 2173 et
796 2131 1018 2174 obtinebit
1038 2146 1227 2188 regnum
1252 2132 1298 2175 in
1320 2132 1642 2177 fraudulentia.
1662 2133 1699 2159 99
1715 2134 1773 2176 Et
1795 2134 1979 2178 brachia
1997 2136 2240 2192 pugnantis

392 2190 769 2246 expugnabuntur
805 2206 831 2233 a
868 2191 988 2234 facie
1027 2191 1145 2248 ejus,
1184 2198 1228 2235 et
1265 2197 1576 2248 conterentur,
1615 2193 1797 2251 insuper
1834 2199 1877 2237 et
1914 2195 2005 2237 dux
2042 2195 2239 2242 foederis.

392 2248 428 2275 93
450 2250 508 2292 Et
533 2255 632 2306 post
656 2250 899 2307 amicitias,
932 2265 1033 2293 cum
1067 2265 1116 2294 eo
1145 2252 1289 2295 faciet
1319 2252 1495 2308 dolum3
1524 2258 1567 2296 et
1599 2253 1833 2310 ascendet,
1861 2258 1905 2297 et
1937 2255 2166 2311 superabit
2193 2255 2241 2299 in

392 2309 566 2352 modico
596 2310 773 2367 populo.
801 2309 837 2336 94
863 2312 921 2353 Et
953 2310 1235 2355 abundantes
1262 2316 1306 2355 et
1339 2312 1495 2356 uberes
1526 2313 1656 2356 urbes
1686 2313 1987 2370 ingredietur,
2024 2319 2067 2357 et
2099 2315 2241 2359 faciet

392 2384 490 2425 quae
520 2384 608 2411 non
637 2370 843 2413 fecerunt
872 2375 1020 2427 patres
1051 2371 1173 2427 ejus,
1201 2376 1244 2415 et
1273 2377 1421 2429 patres
1453 2376 1631 2429 patrum
1661 2372 1791 2429 ejus:
1825 2373 2025 2430 rapinas,
2057 2379 2101 2418 et
2127 2389 2239 2431 prae-

393 2429 516 2485 dam,
540 2434 584 2471 et
610 2429 790 2472 divitias
817 2444 967 2473 eorum
994 2430 1251 2488 dissipabit,
1276 2438 1319 2474 et
1349 2437 1504 2475 contra
1529 2432 1805 2476 firmissimas
1833 2433 2128 2489 cogitationes
2155 2434 2241 2477 ini-

393 2488 481 2543 bit,
504 2494 554 2531 et
578 2489 661 2532 hoc
686 2504 823 2545 usque
848 2490 905 2533 ad
931 2495 1120 2548 tempus.
1144 2489 1180 2518 95
1199 2493 1256 2534 Et
1279 2491 1578 2535 concitabitur
1603 2492 1822 2535 fortitudo
1847 2493 1944 2549 ejus
1970 2498 2014 2536 et
2039 2507 2113 2537 cor
2140 2493 2239 2551 ejus

392 2548 627 2591 adversum
651 2563 802 2605 regem
827 2550 965 2592 austri
990 2550 1037 2592 in
1063 2551 1261 2594 exercitu
1286 2566 1475 2607 magn03
1504 2556 1548 2595 et
1573 2566 1651 2595 rex
1679 2552 1816 2594 aust-ri
1844 2552 2157 2608 provocabitur
2181 2553 2241 2597 ad

392 2608 561 2651 bellum
582 2608 734 2650 multis
756 2609 938 2652 auxiliis
964 2615 1008 2653 et
1028 2610 1222 2653 fortibus
1248 2610 1381 2654 nimis
1400 2629 1409 2667 ς
1436 2616 1479 2654 et
1500 2625 1588 2654 non
1610 2611 1814 2666 stabunt,
1836 2612 1939 2668 quia
1960 2612 2140 2656 inibunt
2160 2613 2238 2657 ad-

393 2681 543 2710 versus
569 2682 671 2710 eum
701 2668 900 2713 consilia.
925 2668 962 2695 96
988 2670 1046 2712 Et
1076 2670 1360 2714 comedentes
1393 2685 1556 2727 panem
1589 2685 1691 2714 cum
1722 2685 1793 2726 eo,
1826 2676 2057 2715 conterent
2088 2672 2237 2730 illum,

393 2727 701 2783 exercitusque
740 2728 836 2783 ejus
874 2729 1164 2786 opprimetur,
1205 2735 1247 2773 et
1284 2730 1447 2774 cadent
1483 2730 1711 2774 interfecti
1746 2730 1939 2787 plurimi.
1975 2730 2010 2758 97
2038 2733 2239 2775 Duorum

395 2801 565 2843 quoque
591 2801 747 2843 regum
773 2802 846 2830 cor
876 2789 959 2831 erit
984 2794 1031 2832 ut
1062 2789 1377 2846 malefaciant,
1405 2795 1449 2833 et
1473 2790 1531 2833 ad
1558 2805 1760 2834 mensam
1786 2805 1923 2833 unam
1954 2790 2238 2834 mendacium

394 2846 652 2902 loquentur3
677 2851 721 2890 et
742 2861 830 2890 non
853 2849 1105 2905 proficient,
1130 2850 1233 2905 quia
1258 2850 1404 2892 adhuc
1427 2849 1526 2893 finis
1552 2849 1599 2892 in
1622 2850 1742 2893 aliud
1769 2855 1958 2907 tempus.

453 2905 490 2932 98
509 2906 567 2948 Et
596 2912 840 2950 revertetur
863 2908 910 2950 in
933 2912 1097 2951 terram
1122 2923 1250 2952 suam
1277 2923 1379 2952 cum
1405 2910 1562 2966 opibus
1587 2909 1765 2964 multis3
1796 2914 1840 2952 et
1866 2923 1940 2952 cor
1958 2909 2054 2965 ejus
2081 2910 2236 2954 adver-

395 2980 491 3008 sum
527 2970 847 3009 testamentum
883 2972 1114 3023 sanctum,
1157 2973 1200 3012 et
1236 2968 1400 3025 faciet,
1439 2974 1482 3012 et
1523 2973 1768 3012 revertetur
1807 2968 1853 3010 in
1895 2972 2057 3011 terram
2095 2984 2236 3013 suam.

395 3023 432 3050 29
458 3026 632 3068 Statuto
665 3030 862 3083 tempore
894 3032 1150 3083 revertetur,
1183 3032 1226 3071 et
1254 3028 1405 3072 veniet
1436 3028 1493 3071 ad
1527 3033 1751 3081 austrum3
1789 3033 1832 3071 et
1864 3042 1953 3071 non
1988 3028 2070 3071 erit
2103 3028 2237 3086 priori

395 3083 540 3126 simile
569 3084 872 3129 novissimum.
896 3085 933 3112 30
951 3087 1009 3130 Et
1030 3087 1211 3130 venient
1240 3102 1372 3145 super
1397 3102 1497 3132 eum
1520 3088 1672 3131 trieres
1699 3093 1744 3130 et
1770 3087 1984 3143 Romani3
2013 3093 2057 3131 et
2082 3102 2236 3145 percu-

396 3143 541 3198 tietur,
574 3148 616 3186 et
647 3150 903 3202 revertetur,
939 3152 982 3189 et
1013 3147 1325 3203 indignabitur
1357 3153 1512 3190 contra
1541 3151 1860 3191 testamentum
1894 3147 2158 3204 sanctuarii,
2193 3152 2238 3191 et

395 3203 561 3258 faciet3
586 3208 937 3261 reverteturque,
965 3211 1010 3249 et
1035 3207 1253 3262 cogitabit
1279 3207 1515 3250 adversum
1540 3220 1613 3249 eos
1639 3205 1712 3261 qui
1740 3205 2071 3263 dereliquerunt
2101 3212 2236 3251 testa-

397 3268 597 3305 mentum
622 3264 877 3319 sanctuarii.
901 3265 934 3291 3¹
956 3266 1014 3308 Et
1042 3265 1226 3308 brachia
1252 3281 1308 3310 ex
1333 3280 1382 3310 eo
1408 3267 1610 3321 stabunt,
1639 3270 1683 3308 et
1708 3265 1907 3322 polluent
1933 3265 2235 3309 sanctuarium

396 3321 700 3376 fortitudinis,
732 3328 775 3365 et
807 3324 1013 3367 auferent
1045 3325 1153 3382 juge
1182 3325 1470 3382 sacrificium,
1497 3330 1541 3368 et
1570 3324 1743 3367 dabunt
1774 3325 2155 3369 abominationem
2188 3326 2234 3368 in

398 3380 732 3425 desolationem.
759 3380 796 3408 39
821 3382 879 3424 Et
902 3383 1029 3440 impii
1059 3384 1104 3427 in
1134 3390 1453 3428 testamentum
1481 3383 1757 3428 simulabunt
1791 3384 2120 3440 fraudulenter3
2158 3400 2235 3443 po-

397 3440 528 3496 pulus
550 3446 699 3485 autem
721 3441 864 3485 sciens
883 3443 1027 3485 Deum
1048 3458 1189 3500 suum,
1218 3444 1451 3499 obtinebit,
1479 3448 1524 3486 et
1547 3443 1700 3487 faciet.
1720 3444 1756 3470 33
1775 3446 1832 3487 Et
1858 3444 1976 3487 docti
2003 3444 2049 3487 in
2071 3445 2234 3502 populo

399 3499 622 3543 docebunt
642 3501 879 3557 plurimos,
905 3507 948 3545 et
968 3508 1097 3546 ruent
1120 3504 1166 3545 in
1189 3503 1362 3559 gladio,
1381 3507 1424 3546 et
1447 3503 1494 3545 in
1520 3502 1721 3558 flamma,
1745 3509 1790 3547 et
1813 3504 1860 3546 in
1882 3503 2164 3561 captivitate,
2190 3510 2234 3548 et

399 3558 443 3600 in
472 3560 627 3616 rapina
654 3560 836 3604 dierum.
863 3560 900 3587 34
918 3560 1116 3617 Cumque
1147 3562 1412 3618 corruerint,
1443 3562 1795 3606 sublevabuntur
1827 3563 1994 3606 auxilio
2025 3563 2231 3620 parvulo,

401 3623 442 3661 et
466 3619 809 3676 applicabuntur
834 3620 896 3664 eis
919 3620 1097 3678 plurimi
1124 3620 1445 3664 fraudulenter.
1469 3620 1505 3647 35
1525 3622 1582 3665 Et
1601 3622 1654 3665 de
1677 3622 1860 3665 eruditis
1885 3626 2034 3679 ruent,
2058 3627 2106 3666 ut
2129 3636 2232 3668 con-
