2391 3861
827 104 901 148 III
936 106 1074 148 Esou.
1110 104 1152 160 Ι,
1187 105 1240 148 34
1273 130 1331 137 -
1364 103 1433 159 ΙΙ,
1471 104 1537 148 18.
2181 107 2232 149 3*

124 287 228 325 gesta
252 284 360 316 actus
384 283 518 323 Josiae,
539 286 578 316 et
603 284 684 323 ejus
705 284 844 323 gloria,
868 286 906 316 et
927 284 1141 318 intellectus
1167 284 1247 322 elus
1270 283 1308 315 in
1330 284 1408 322 lege
1435 282 1580 316 Domini
1607 292 1614 315 :
1637 291 1792 323 quaequo
1812 286 1915 324 gesta
1937 286 2025 318 sunt
2047 283 2095 319 ab
2114 292 2175 323 ee,
2194 287 2232 318 et

123 344 207 376 quoe
233 343 308 368 non
332 337 474 375 scripta
493 338 583 368 sunt
606 337 644 367 in
670 336 763 368 libro
790 343 917 376 regum
946 336 1058 368 lsrael
1079 342 1114 368 et
1142 335 1262 368 Judae.

176 379 210 407 ³⁴
233 388 281 420 Bt
306 391 546 425 assumentes,
570 387 634 426 qui
658 390 766 420 erant
787 395 833 419 ex
857 394 978 426 gente.
1004 387 1234 424 secheniam,
1262 386 1379 420 illium
1412 385 1541 426 Josiae,
1569 385 1848 419 constituerunt
1876 395 1998 427 regem
2023 395 2091 429 pro
2117 388 2234 429 Josia‚

123 442 232 479 patre
269 447 357 476 suo,
385 447 468 472 cum
501 441 597 471 esset
627 447 810 472 annorum
840 439 999 477 triginta
1037 438 1160 472 trium.
1191 430 1228 457 ³5
1254 438 1301 472 Et
1329 438 1503 477 regnavit
1530 445 1640 478 super
1669 438 1780 470 Israel
1813 440 1999 471 mensibus
2027 441 2157 474 tribus.
2187 440 2235 474 Et

125 491 267 524 amovit
299 498 384 523 enm
418 498 483 522 rex
516 490 689 530 AEgypti,
717 498 762 522 ne
792 496 965 529 regnaret
994 491 1032 523 in
1063 491 1320 530 ,lei-onolymis.
1354 482 1391 509 ³⁴⁵
1419 490 1465 522 Et
1494 491 1691 523 mulctavit
1727 495 1873 529 gentem
1909 492 2056 531 argenti
2094 492 2236 525 talenta

124 546 286 581 eentum,
310 546 350 574 et
372 541 456 574 auri
487 543 673 574 talentum
698 550 828 574 unum.
856 534 891 559 ³⁷
916 541 963 574 Et
991 543 1188 575 constituit
1207 550 1272 574 rex
1295 542 1445 581 AEgyptl
1472 541 1626 581 Joaeim,
1650 541 1807 575 fratrem
1830 541 1952 582 ipsius.
1980 550 2101 580 regem
2127 544 2237 579 Judae

122 596 162 627 et
184 594 420 631 Jerusalem;
447 584 483 612 38
500 597 540 624 ct
565 593 742 631 alligavit
764 594 1009 632 magistratus
1038 594 1200 633 Joacim,
1233 596 1270 626 et
1301 593 1532 632 Zuracelem,
1557 594 1714 626 fratrem
1737 586 1866 635 suum,
1893 597 1932 628 et
1959 596 2237 635 apprehendens

125 644 274 678 reduxit
295 644 333 676 in
354 644 570 682 AEgyptum.

175 687 212 715 39
230 697 424 727 Annorum
448 699 529 727 erat
553 693 700 727 Joaoim
730 693 864 733 viginti
881 695 1063 734 quinque,
1087 703 1168 727 cum
1191 704 1347 734 regnare
1371 697 1542 735 coepisset
1567 698 1604 729 in
1629 700 1732 730 terra
1757 697 1858 730 Juda
1878 700 1916 731 et
1937 699 2172 738 Jerusalem;
2198 699 2237 731 et

124 746 212 780 fecit
235 748 375 779 malum
393 747 432 779 in
457 748 656 786 conspectu
689 745 848 778 Domini.
871 738 908 764 40
929 747 1013 778 Pon-t
1040 748 1137 779 hunc
1158 751 1281 779 autem
1310 748 1477 780 ascendit
1499 748 1850 785 Nabuchmionosnr.
1875 758 1939 782 rex
1969 750 2178 790 Babylonis,
2198 751 2238 783 et

123 799 280 838 alligans
307 806 392 831 eum
418 799 457 830 in
482 805 579 831 aereo
604 799 764 836 vinculo,
790 797 964 837 perduxit
988 797 1024 829 in
1047 797 1312 838 Babyloniam3
1343 790 1375 816 41
1395 802 1434 831 et
1458 807 1564 831 sacra
1589 808 1676 832 vasa
1707 801 1850 834 Dommi
1872 801 2015 842 accepit
2044 802 2235 835 Nabucho-

122 851 293 889 donosor,
317 854 357 882 et
376 849 487 890 tulit,
511 854 551 882 et
571 849 804 883 consecravit
827 849 866 882 in
890 851 1028 889 templo
1053 858 1118 883 suo
1143 852 1182 882 in
1208 850 1423 889 Babylonia.
1451 841 1487 868 4²
1503 850 1600 883 Nam
1626 851 1671 883 de
1696 851 1931 886 immunditia
1958 853 2059 885 illius
2081 856 2121 886 et
2148 853 2237 886 irre—

125 902 327 942 ligiositate
349 902 530 941 scriptum
555 907 614 934 est
636 901 675 934 in
706 902 802 934 libro
826 903 1037 940 temporum
1063 910 1204 941 regum.

176 945 214 973 43
243 954 291 986 Et
323 955 498 994 regnavit
525 954 706 993 Joaeliin,
736 953 832 986 filius
865 955 962 993 elus,
992 962 1061 992 pro
1089 962 1140 987 e0.
1168 957 1258 986 sum
1289 957 1416 987 autem
1446 955 1677 986 constitutus
1706 960 1801 987 esset
1828 964 1916 995 rex,
1943 958 2026 990 erat
2053 964 2238 989 annorum

124 1007 248 1039 decem
280 1008 318 1038 et
350 1011 447 1038 octo.
476 997 510 1023 44
538 1006 719 1044 Regnavit
748 1009 872 1038 autem
906 1013 1047 1038 menses
1079 1008 1155 1038 tres
1179 1009 1216 1038 et
1245 1005 1318 1038 dies
1352 1006 1474 1039 decem
1505 1007 1543 1038 in
1573 1006 1798 1046 Jerusalem,
1832 1012 1868 1040 et
1901 1007 1990 1042 fecit
2022 1008 2161 1041 malum
2197 1008 2237 1040 in

123 1062 321 1098 conspectu
346 1057 506 1090 Domini.
531 1049 569 1076 ‘⁶5
588 1058 635 1090 Et
659 1060 741 1097 post
773 1065 912 1090 annum
940 1059 1094 1092 mittens
1123 1057 1478 1096 Nabuchodonosor,
1505 1058 1788 1098 transmigravit
1817 1067 1899 1092 eum
1928 1059 1965 1092 in
1996 1059 2238 1100 Babyloniam

123 1110 233 1142 simul
257 1118 341 1142 cum
365 1109 479 1141 sacris
505 1110 601 1141 vasis
631 1109 784 1143 nomini.

175 1153 212 1180 ⁴⁶
235 1161 285 1193 Et
308 1161 504 1194 constitnit
525 1161 708 1194 sedeciam
733 1169 858 1201 regem
881 1162 905 1194 J
910 1162 983 1195 uda
1005 1164 1044 1196 et
1067 1162 1289 1202 Jerusalem,
1313 1171 1395 1194 cum
1417 1163 1514 1194 esset
1535 1170 1723 1195 annorum
1750 1162 1883 1201 viginti
1908 1163 2043 1203 unium
2067 1164 2240 1204 regnavit

124 1216 250 1245 autem
280 1214 388 1245 annis
411 1214 592 1246 undecim.
620 1205 656 1230 ⁴⁷
676 1214 724 1245 Et
754 1214 844 1246 feeit
878 1215 1017 1246 malum
1047 1214 1083 1245 in
1114 1219 1310 1253 conspectu
1346 1211 1510 1254 Domini,
1543 1218 1582 1247 et
1605 1222 1680 1247 non
1711 1218 1770 1247 est
1797 1215 1939 1247 veritus
1962 1224 1984 1247 a
2009 1215 2131 1248 verbis
2156 1223 2240 1254 quae

70 1268 72 1270 ’
125 1265 225 1297 dicta
242 1267 331 1297 sunt
357 1266 404 1297 ab
432 1266 599 1297 ¹Ieremia
621 1266 802 1304 propheta
821 1274 866 1298 ex
889 1274 952 1298 ore
982 1266 1150 1305 Domini3
1176 1259 1214 1284 48
1231 1270 1269 1299 et
1294 1267 1492 1304 adjuratus
1521 1275 1542 1298 a
1567 1275 1650 1305 rege
1672 1267 2023 1305 Nabuchodonosor,
2048 1275 2241 1306 perjurans

125 1316 316 1357 discessit;
342 1320 379 1349 et
405 1317 580 1349 indurata
606 1319 747 1350 cervice
774 1326 839 1349 sua
868 1320 906 1349 et
931 1319 1038 1350 corde
1062 1327 1146 1357 suo,
1169 1323 1420 1357 transgressus
1443 1320 1501 1350 e›t
1520 1319 1687 1357 legitima
1716 1319 1866 1350 Domini
1899 1320 1960 1351 Dei
1989 1320 2112 1351 lsrael.
2142 1310 2179 1337 49
2194 1319 2242 1351 Et

124 1370 235 1401 duces
260 1371 386 1409 populi
416 1370 562 1401 Domini
585 1370 703 1401 multa
723 1369 846 1408 inque
873 1372 1084 1409 gesserunt,
1112 1373 1150 1402 et
1175 1371 1284 1409 impie
1308 1373 1466 1408 egerunt
1489 1378 1598 1409 super
1622 1379 1746 1403 omnes
1768 1371 2024 1402 immunditias
2046 1371 2242 1410 gentium;

115 1423 163 1453 -et
191 1422 410 1461 polluerunt
438 1422 619 1460 templum
646 1422 793 1453 Domini
825 1422 924 1460 quod
951 1428 1120 1454 sanctum
1146 1426 1230 1455 erat
1254 1423 1293 1455 in
1322 1422 1576 1462 Je1·0soly1nis.
1605 1414 1641 1441 5⁰
1661 1423 1706 1455 Et
1731 1422 1830 1455 misit
1856 1424 1954 1455 Deus
1974 1430 2122 1463 patrum
2148 1424 2243 1462 ipso-

125 1481 208 1505 rum
230 1481 296 1513 per
319 1474 493 1512 angelum
519 1481 628 1505 suum
653 1481 827 1506 revocare
849 1482 930 1511 eos.
957 1478 1109 1513 propter
1133 1475 1230 1513 quod
1254 1477 1426 1514 parceret
1452 1475 1546 1514 11118,
1573 1478 1613 1507 et
1641 1476 1881 1507 tabernaculo
1901 1483 1979 1508 suo.
2007 1466 2038 1494 51
2055 1475 2130 1515 Ipsi
2156 1484 2243 1508 vero

125 1525 410 1557 subsannabant
444 1525 483 1557 in
515 1524 657 1564 angelis
687 1525 779 1565 suis,
811 1529 850 1558 et
877 1535 950 1565 qua
984 1527 1041 1558 die
1073 1527 1219 1559 lorinus
1252 1531 1308 1559 est
1341 1526 1535 1564 Dominus,
1565 1534 1673 1559 erant
1705 1527 1904 1560 illudentes
1935 1527 2126 1567 prophetis
2153 1529 2242 1567 ejus.

127 1568 163 1594 5²
183 1576 252 1614 Qui
273 1585 389 1615 usque
410 1577 457 1608 ad
487 1577 719 1609 iracundiam
744 1578 952 1609 concitatus
978 1581 1034 1610 est
1064 1586 1174 1617 super
1197 1583 1346 1617 gentem
1370 1586 1496 1618 suam,
1526 1583 1679 1618 propter
1706 1578 2025 1619 irreligiositatem
2052 1588 2177 1620 suam,
2206 1582 2244 1612 et

124 1629 300 1668 praeeepit
324 1629 521 1661 ascendere
545 1637 648 1667 reges
669 1629 937 1661 Chabiaeorum.

177 1671 213 1697 53
232 1679 280 1711 Hi
305 1680 519 1712 occiderunt
543 1681 696 1719 juvenes
720 1689 846 1712 eorum
877 1681 913 1712 in
944 1681 1086 1721 gladio,
1112 1681 1151 1713 in
1176 1682 1333 1714 circuitu
1357 1682 1476 1714 saneti
1502 1682 1632 1722 templi
1656 1691 1801 1720 eorum,
1832 1685 1869 1715 et
1900 1691 1974 1716 non
1999 1687 2244 1724 pepercerunt

124 1731 270 1771 iuveni,
291 1734 330 1764 et
356 1733 454 1771 seni,
475 1737 514 1764 et
542 1732 696 1771 virgini,
721 1734 759 1764 et
787 1733 1033 1771 adnleseent=;
1065 1725 1099 1751 54
1121 1734 1184 1765 sed
1210 1742 1336 1767 omnes
1358 1733 1491 1766 traditi
1516 1739 1605 1766 >unt
1626 1735 1663 1766 in
1688 1742 1819 1766 nianus
1844 1735 2028 1774 ipsorum;
2056 1744 2093 1768 et
2121 1738 2245 1769 omnia

116 1791 230 1815 sacra
255 1792 345 1815 vasa
377 1783 540 1823 Domini,
573 1788 611 1816 et
639 1785 780 1822 regales
803 1785 1002 1824 apothecas
1030 1788 1279 1822 resumentes,
1310 1787 1481 1818 tulerunt
1510 1787 1550 1818 in
1575 1786 1815 1825 Babyloniam
1831 1796 1839 1825 ;
1870 1778 1906 1804 55
1923 1789 1962 1818 et
1998 1790 2245 1822 incenderunt

124 1836 279 1868 domum
301 1835 462 1875 Domini,
487 1838 525 1868 et
550 1836 798 1868 demolierunt
817 1845 941 1869 muros
962 1836 1186 1875 Jerusalem,
1206 1840 1247 1869 et
1264 1843 1388 1870 turres
1408 1840 1488 1875 ejus
1513 1836 1759 1871 incenderunt
1780 1838 1872 1876 igue,
1898 1828 1933 1856 56
1950 1841 1988 1871 et
2011 1847 2066 1871 cor
2082 1848 2242 1872 summa-

125 1891 264 1920 verunt
286 1887 411 1920 omnia
434 1888 636 1920 honorifica
658 1890 755 1928 ejus,
788 1890 827 1921 et
859 1890 907 1920 ad
932 1888 1090 1922 nihilum
1119 1890 1362 1928 redegerunt,
1391 1890 1429 1922 et
1459 1890 1619 1928 reliquos
1648 1898 1670 1922 a
1699 1890 1822 1929 gladio
1848 1890 2037 1923 duxerunt
2064 1890 2103 1924 in
2128 1893 2244 1932 Baby-

125 1940 259 1972 lonem.
294 1931 329 1958 5⁷
356 1940 406 1971 Et
433 1944 544 1972 erant
575 1939 673 1972 servi
701 1940 803 1973 illius
841 1949 958 1979 usque
982 1941 1070 1974 dum
1100 1946 1302 1980 regnarent
1327 1942 1468 1980 Persae,
1501 1942 1543 1973 in
1571 1942 1774 1980 repletione
1798 1942 1902 1975 verbi
1930 1943 2076 1976 Domini
2107 1944 2148 1977 in
2182 1952 2246 1977 ore

124 1990 298 2024 Jeremiae
327 2002 336 2025 :
362 1984 397 2010 5⁸
419 1999 609 2031 quousque
635 1992 790 2031 benigne
814 1995 942 2032 ageret
965 1995 1067 2026 terra
1091 1993 1251 2027 sabbata
1274 2002 1359 2034 sua,
1384 1993 1485 2027 omni
1508 1997 1673 2032 tempore
1698 1993 1915 2026 desertionis
1942 2002 2019 2028 suae
2042 1995 2245 2030 sabbatiza-

126 2043 194 2084 vit,
219 2043 259 2076 in
287 2043 534 2083 applicatione
561 2052 747 2077 annorum
775 2045 1026 2084 septuaginta.

1040 2145 1239 2187 Suo-1¹10
1282 2144 1336 2186 II

1138 2244 1237 2300 §L

176 2350 266 2385 off.
292 2351 340 2383 II.
363 2366 406 2370 —
433 2343 447 2368 1
465 2353 658 2391 Regnante
684 2351 802 2394 cyro,
827 2361 913 2392 rege
941 2353 1160 2398 Persarum,
1188 2353 1226 2385 in
1253 2353 1569 2386 consummatione
1592 2354 1696 2386 verbi
1720 2354 1866 2388 Domini
1899 2356 1937 2387 in
1966 2363 2028 2388 ore
2056 2355 2245 2396 Jeremiae,

130 2395 353 2435 2suseitavit
386 2404 566 2436 Dominus
599 2404 774 2444 spiritum
806 2406 910 2445 Cyri,
938 2406 1035 2445 regis
1063 2406 1281 2445 Persarum,
1307 2409 1344 2437 et
1372 2406 1595 2445 praedicavit
1627 2406 1665 2438 in
1695 2410 1776 2438 toto
1808 2415 1923 2444 regno
1954 2415 2019 2439 suo
2044 2407 2154 2438 simul
2181 2415 2246 2447 per

126 2457 366 2495 scripturam,
393 2447 409 2474 3
425 2456 551 2489 dicens
575 2467 585 2490 ε
605 2457 695 2489 Haec
715 2457 806 2489 <licit
828 2457 955 2497 Cyrus,
980 2466 1046 2490 rex
1069 2459 1262 2490 Persai-um
1285 2468 1293 2490 ε
1318 2461 1371 2490 Me
1387 2457 1586 2490 constituit
1610 2466 1734 2498 regem
1756 2459 1837 2490 orbi
1859 2462 2045 2492 terrarum
2065 2458 2246 2491 Dominus

128 2508 264 2547 Israel,
291 2508 474 2541 Dominus
506 2509 691 2549 excelsus,
716 2501 734 2527 4
750 2511 788 2542 et
813 2510 1039 2549 significavit
1064 2510 1155 2543 mihi
1184 2510 1372 2542 aedlficare
1400 2511 1553 2543 domum
1579 2511 1649 2543 sibi
1681 2510 1720 2542 in
1751 2511 1980 2551 Jerusalem,
2011 2519 2094 2550 quae
2120 2513 2180 2543 est
2206 2511 2244 2543 in

124 2559 272 2593 Judaea.
300 2551 317 2578 5
333 2559 371 2593 Si
396 2562 478 2600 quis
505 2565 564 2595 est
588 2569 635 2594 ex
659 2569 793 2602 genere
818 2566 963 2603 vestro,
989 2562 1166 2595 Dominus
1190 2562 1306 2602 ipsius
1330 2563 1509 2595 ascendat
1535 2571 1618 2595 cum
1644 2571 1689 2596 eu
1716 2562 1755 2596 in
1776 2563 1994 2596 Jerusalem.
2021 2553 2037 2580 ⁶
2054 2563 2245 2601 Quotquot

128 2620 214 2651 ergo
239 2612 335 2645 ciroe
360 2613 441 2645 loca
465 2613 663 2654 habitant,
688 2615 868 2653 adjuvent
892 2623 952 2648 eos
978 2614 1042 2653 qui
1070 2615 1216 2648 suntin
1242 2616 1323 2647 loco
1347 2615 1445 2654 ipso,
1473 2614 1513 2647 in
1543 2623 1636 2649 auro
1657 2619 1696 2647 et
1719 2619 1888 2654 argento,
1913 2607 1929 2632 7
1951 2617 1989 2647 in
2010 2615 2243 2653 dationibus,

127 2671 211 2696 cum
239 2666 344 2703 equis
367 2666 406 2698 et
429 2666 617 2706 jumentiS,
638 2673 799 2705 cumque
819 2667 904 2699 aliis
923 2675 1008 2706 qnae
1036 2668 1238 2700 secundum
1263 2670 1351 2699 vota
1370 2671 1609 2707 apponuntur
1634 2668 1673 2699 in
1701 2668 1818 2700 aedem
1850 2667 1995 2700 Domini
2020 2675 2102 2707 quae
2126 2670 2183 2700 est
2205 2667 2244 2700 in

126 2715 344 2749 Jerusalem.

180 2760 197 2784 ²3
216 2768 264 2800 Et
284 2770 429 2802 stantes
445 2769 629 2810 principes
653 2771 834 2808 tribuum,
859 2779 1051 2810 pagorum,
1075 2772 1116 2804 et
1139 2771 1163 2804 J
1167 2772 1294 2810 udaeae,
1314 2780 1360 2804 ex
1384 2772 1487 2806 tribu
1511 2772 1720 2812 Beniamin,
1743 2774 1782 2804 et
1801 2773 2028 2812 sacerdotes,
2053 2773 2090 2804 et
2107 2771 2243 2811 levitae,

128 2828 218 2859 quos
242 2820 423 2853 excitavit
447 2822 625 2855 Dominus
655 2823 853 2855 ascendere
873 2826 910 2855 et
936 2823 1118 2855 aedificare
1146 2824 1295 2855 domum
1319 2824 1468 2858 Domini
1491 2833 1576 2864 quae
1600 2820 1655 2856 est
1679 2824 1719 2856 in
1745 2825 1963 2865 Jerusalem,
1988 2826 2026 2856 et
2049 2825 2244 2863 quierant

128 2873 168 2904 in
193 2872 351 2905 circuitu
376 2881 521 2914 eorum,
544 2865 560 2892 9
579 2875 809 2914 adjuverunt
836 2874 875 2907 in
903 2876 1002 2908 omni
1027 2884 1118 2908 auro
1141 2878 1180 2907 et
1209 2879 1367 2915 argento
1391 2877 1491 2916 ejus,
1516 2879 1554 2909 et
1578 2877 1775 2916 jumentis,
1804 2879 1841 2908 et
1869 2877 1965 2908 votis
1990 2877 2244 2916 compluribus

127 2924 236 2958 multi
264 2933 423 2964 quorum
452 2934 579 2960 sensus
608 2928 797 2960 excitatus
827 2930 895 2960 est.
924 2918 957 2945 '¹⁰
975 2928 1024 2961 Et
1054 2928 1171 2967 Cyrus
1202 2936 1269 2960 rex
1301 2928 1459 2969 protulit
1487 2937 1576 2961 vasa
1599 2937 1706 2961 sacra
1732 2928 1899 2966 Domini,
1932 2937 2016 2968 quae
2048 2928 2244 2961 transtulit

127 2976 482 3017 Nabuchodonosor,
501 2987 569 3012 rex
595 2978 802 3019 Babylonis,
820 2987 865 3012 ex
885 2979 1102 3020 Jerusalem,
1126 2981 1166 3012 et
1181 2980 1410 3013 consecravit
1429 2989 1472 3013 ea
1495 2981 1595 3013 idolo
1615 2989 1701 3019 su03
1723 2971 1751 2997 11
1771 2987 1810 3012 et
1834 2981 2024 3020 proferens
2050 2988 2091 3012 ea
2113 2981 2242 3020 Cyrus,

127 3036 194 3061 rex
217 3029 433 3069 Per-arum,
460 3031 622 3063 tradidit
644 3031 878 3070 Mithridate,
895 3033 960 3071 qui
979 3035 1061 3064 erat
1085 3040 1192 3072 super
1218 3034 1410 3066 the-suros
1431 3032 1555 3073 ipsius.
1578 3025 1610 3052 22
1634 3033 1703 3065 Per
1722 3033 1822 3065 hunc
1846 3040 1968 3064 autem
1992 3031 2134 3064 tradita
2155 3034 2243 3064 sunt

130 3079 405 3119 Samma-aro,
434 3083 584 3121 praesldi
613 3083 636 3115 J
641 3083 768 3116 udaeae.
797 3074 831 3101 13
853 3083 998 3117 Horum
1019 3088 1147 3117 autem
1175 3083 1236 3117 hic
1259 3092 1436 3118 numerus
1457 3096 1465 3118 :
1496 3084 1687 3117 Libatoria
1712 3090 1891 3124 argentea
1916 3085 1989 3120 duo
2014 3083 2129 3116 millia
2152 3092 2239 3124 qua·

127 3132 197 3164 dri·
214 3140 344 3174 genta,
375 3133 527 3167 athisoae
555 3138 742 3174 argenteae
773 3135 948 3177 triginta,
971 3136 1107 3176 phialae
1137 3144 1261 3169 aureae
1293 3137 1470 3178 triginta,
1495 3138 1586 3170 item
1610 3140 1798 3176 argenteas
1827 3137 1900 3169 duo
1927 3136 2044 3168 millia
2067 3138 2240 3174 qua-irin-

130 3188 271 3224 gentae,
301 3189 340 3218 et
372 3187 444 3217 alia
472 3194 561 3219 vasa
594 3187 707 3219 mille.
741 3179 772 3205 14
797 3187 932 3221 Omnia
962 3195 1089 3222 autem
1118 3197 1206 3221 vasa
1236 3197 1348 3221 aurea
1378 3193 1418 3222 et
1450 3192 1649 3230 argentea,
1678 3189 1839 3228 quinque
1876 3189 1939 3220 mil
1958 3190 1993 3220 ia
2023 3181 2242 3227 octingenta

129 3236 335 3275 sexaginta.
362 3229 395 3256 15
416 3238 464 3270 Et
481 3242 698 3271 enumerata
725 3241 816 3272 sunt
841 3239 1097 3273 Salmanasaro
1122 3241 1231 3273 simul
1255 3249 1340 3275 cum
1360 3241 1417 3275 1118
1432 3241 1497 3281 qui
1514 3250 1560 3274 ex
1579 3241 1802 3281 captivitate
1826 3240 2041 3280 Babyloniae
2061 3242 2241 3273 venerant

129 3288 168 3321 in
189 3288 470 3329 ⁴ierosolymam.
818 3311 820 3313 ·

182 3329 214 3356 ¹⁶
236 3340 279 3372 In
307 3342 525 3375 Artaxerxis
545 3344 682 3383 autem,
696 3343 792 3382 regis
808 3344 1020 3384 Persarum,
1037 3345 1276 3385 temporibus,
1295 3345 1523 3385 scripserunt
1540 3345 1575 3377 ei
1592 3345 1636 3378 de
1655 3345 1714 3376 his
1730 3344 1798 3382 qui
1815 3344 2039 3377 habitabant
2053 3344 2090 3377 in
2106 3345 2130 3377 J
2133 3345 2242 3377 ndaea

131 3394 170 3424 et
196 3391 424 3434 Jermaiem,
452 3395 669 3434 Baisamus,
697 3397 735 3428 et
759 3395 1019 3435 Mithridatus,
1041 3401 1080 3430 et
1108 3397 1307 3436 sabellius,
1330 3399 1369 3429 et
1397 3397 1614 3436 Rathimus,
1639 3395 1874 3436 Baltliemus,
1894 3396 2074 3429 Sameltus
2096 3397 2239 3437 scriba,

131 3445 169 3475 et
192 3443 323 3483 reliqui
345 3444 560 3480 habitantes
583 3446 621 3479 in
650 3447 838 3486 Samaria,
861 3449 901 3480 et
923 3447 1055 3481 ceteris
1075 3449 1182 3488 locis,
1209 3449 1414 3488 subjectam
1439 3449 1633 3488 epistolam
1657 3447 1736 3487 regi
1767 3450 1966 3480 Artaxerxi
1985 3458 1994 3482 ι
2016 3439 2047 3466 17
2067 3449 2107 3481 D·
2125 3448 2240 3488 mine,

130 3495 234 3535 pueri
257 3496 317 3528 tui
341 3497 540 3532 Rathimus
564 3500 611 3532 ab
634 3500 905 3537 accidentibus,
929 3501 968 3532 et
991 3499 1171 3534 Sabellius
1193 3500 1335 3540 scriba,
1367 3504 1406 3533 et
1435 3500 1567 3540 reliqui
1586 3502 1700 3532 curiae
1724 3506 1801 3532 tuae
1824 3500 1964 3539 judices
1985 3501 2022 3532 in
2043 3500 2239 3540 Coelesyria

129 3550 168 3580 et
192 3547 376 3582 Phoenice.
402 3540 435 3568 ¹⁸
454 3551 502 3584 Et
528 3559 627 3585 nnnc
651 3556 785 3584 notum
807 3552 857 3585 sit
894 3553 1043 3584 domino
1067 3554 1165 3593 regi,
1192 3552 1370 3591 quoniam
1398 3552 1422 3584 J
1428 3552 1523 3585 udaei
1546 3552 1610 3592 qui
1636 3553 1885 3585 ascenderunt
1910 3562 1931 3584 a
1958 3553 2057 3585 iobis
2082 3554 2126 3584 ad
2157 3560 2239 3592 nos,

123 3596 318 3634 ‘venientes
341 3600 382 3634 in
401 3601 619 3644 Jerusalem,
643 3604 838 3637 civitatem
867 3604 1038 3643 refugam
1064 3607 1101 3637 et
1127 3607 1335 3644 pessimam,
1362 3604 1553 3637 aedificant
1577 3605 1708 3636 furnos
1731 3605 1824 3645 eine,
1844 3607 1883 3637 et
1903 3607 2078 3637 statuunt
2103 3612 2239 3644 muros,
