2456 3861
234 473 377 502 Pseudo-

215 518 386 550 prophetae

201 561 403 595 promittunt

209 605 394 635 victoriam.

211 1477 391 1510 Prophetia

223 1521 377 1550 Michaeae.

222 3432 380 3466 syrorum

219 3476 365 3505 victoria
375 3498 381 3512 ‚

178 3526 268 3549 mors
294 3521 417 3550 Achab.

487 175 572 217 346
1109 173 1184 215 111
1222 173 1331 214 nm.
1367 174 1525 228 xxn,
1563 174 1695 216 6-31.

488 344 551 385 110
588 349 629 386 et
659 354 735 397 tu,
774 342 961 398 populus
1000 356 1123 384 meus
1157 347 1200 384 et
1237 342 1425 397 populus
1458 347 1558 384 tuus
1599 357 1737 385 unum
1769 347 1900 398 sunt,
1936 349 1981 387 et
2005 345 2174 401 equites
2211 347 2314 404 mei,

489 402 655 457 equites
682 401 758 443 tui.

549 460 761 515 Dixitque
794 459 1013 516 Josaphat
1043 459 1099 502 ad
1128 474 1280 516 regem
1311 460 1448 503 Israel
1481 478 1490 505 ε
1525 461 1701 517 Quaere,
1731 475 1803 504 oro
1825 466 1889 517 te,
1916 461 2047 505 hodie
2073 477 2320 508 sermonem

490 518 683 562 Domini.
711 519 728 545 6
746 519 1050 574 Congregavit
1083 533 1186 575 ergo
1215 534 1293 562 rex
1319 519 1457 562 Israel
1485 521 1743 577 prophetas,
1771 521 2120 576 quadringentos
2148 522 2322 567 circiter

487 578 623 634 viros,
658 583 702 621 et
734 577 798 621 ait
829 578 885 620 ad
921 592 992 621 eos
1025 595 1033 622 :
1068 578 1139 621 Ire
1169 579 1307 622 debeo
1339 579 1387 621 111
1421 580 1827 624 Ramoth-Galaad
1860 580 1918 623 ad
1947 580 2232 637 bellandum,
2265 596 2322 625 an

487 637 751 692 quiescere?
779 637 861 687 Qui
886 637 1210 693 responderunt
1239 655 1248 682 :
1274 638 1500 694 Ascende,
1524 644 1567 682 et
1593 639 1719 681 dabit
1745 653 1844 682 eam
1872 639 2090 683 Dominus
2115 639 2161 683 in
2185 656 2322 684 manu

487 696 615 752 regis
643 696 657 722 7
679 696 805 739 Dixit
834 701 984 739 autem
1009 697 1229 754 Josaphat
1252 715 1260 743 :
1288 699 1387 741 Non
1421 703 1486 741 est
1519 698 1591 741 1110
1616 699 1834 755 propheta
1865 698 2046 742 Domini
2077 699 2321 756 quispiam,

486 761 534 798 ut
560 755 882 811 interrogemus
904 770 982 812 per
1004 757 1139 801 eum?
1167 757 1183 783 8
1206 759 1263 800 Et
1289 758 1352 800 ait
1375 772 1454 800 rex
1479 758 1618 800 Israel
1640 757 1697 800 ad
1723 758 1943 814 <iosaphat
1969 775 1977 802 :
2006 758 2239 802 Remansit
2255 759 2323 802 vir

485 829 598 858 unus
623 829 700 871 per
725 829 857 871 quem
890 830 1122 872 possumus
1151 816 1424 873 interrogare
1451 817 1721 872 Dominum,
1750 817 1827 860 sed
1859 831 1940 873 ego
1967 817 2039 860 odi
2070 832 2193 873 eum,
2219 817 2322 874 quia

486 888 574 917 non
599 875 836 931 prophetat
861 875 970 917 mihi
993 875 1174 930 bonum,
1201 876 1277 919 sed
1304 876 1484 932 malum,
1507 876 1735 932 Michaeas,
1765 876 1882 919 filius
1904 877 2067 920 Jemla.
2092 876 2171 920 Cui
2195 877 2324 920 Josa-

485 934 595 990 phat
632 933 696 977 ait
733 951 742 978 ε
781 935 849 977 Νο
875 934 1068 990 loquaris
1101 935 1185 992 ita,
1223 950 1315 979 rex.
1354 935 1371 962 9
1398 936 1590 978 Vocavit
1631 950 1735 992 ergo
1772 951 1850 979 rex
1886 936 2027 979 Israel
2069 936 2323 979 eunuchum

486 993 737 1050 quemdam,
766 998 810 1037 et
840 994 954 1037 dixit
980 994 1018 1037 ei
1047 1011 1055 1038 :
1085 995 1267 1038 Festina
1292 995 1512 1038 adducere
1536 995 1789 1051 Michaeam,
1813 995 1955 1038 filium
1982 995 2144 1039 Jemla.
2174 994 2209 1021 ¹⁰
2228 997 2324 1039 Rex

485 1058 636 1096 autem
663 1053 803 1097 Israel
830 1058 874 1096 et
904 1054 932 1096 J
938 1054 1143 1110 osaphat,
1170 1069 1248 1097 rex
1274 1056 1302 1097 J
1307 1054 1414 1110 uda,
1442 1054 1657 1097 sedebant
1682 1055 1982 1110 unusquisque
2008 1054 2056 1097 in
2086 1054 2196 1098 solio
2222 1069 2323 1110 suo,

487 1112 639 1155 vestiti
677 1112 798 1155 cultu
835 1112 977 1168 regio,
1016 1113 1063 1155 in
1095 1128 1198 1156 area
1230 1113 1361 1169 juxta
1396 1113 1557 1156 ostium
1590 1118 1730 1169 portae
1770 1114 2010 1169 Samariae,
2047 1119 2090 1157 et
2127 1114 2321 1157 universi

486 1172 712 1228 prophetae
742 1172 1070 1228 prophetabant
1102 1173 1148 1215 in
1184 1178 1424 1229 conspectu
1458 1186 1621 1215 eorum.
1651 1172 1683 1198 ¹¹
1705 1173 1832 1216 Fecit
1866 1187 2038 1228 quoque
2071 1173 2157 1216 sibi
2190 1173 2321 1217 Sede-

487 1230 599 1286 cias,
626 1230 742 1273 filius
776 1231 1038 1287 Chanaana,
1067 1246 1230 1275 cornua
1263 1232 1430 1288 ferrea,
1459 1236 1502 1275 et
1534 1232 1597 1274 ait
1628 1249 1635 1276 :
1665 1233 1778 1275 Haec
1813 1232 1922 1275 dicit
1953 1233 2170 1275 Dominus
2201 1249 2210 1277 z
2237 1232 2326 1276 His

486 1290 726 1333 ventilabis
760 1290 934 1346 Syriam
973 1291 1113 1334 donec
1151 1291 1299 1334 deleas
1341 1306 1453 1335 eam.
1494 1290 1530 1317 ¹2
1560 1293 1811 1347 Omnesque
1853 1292 2080 1349 prophetae
2118 1290 2323 1335 similiter

487 1349 833 1407 prophetabant,
865 1350 1065 1393 dicentes
1091 1368 1099 1394 :
1123 1351 1328 1394 Ascende
1353 1351 1400 1393 in
1428 1351 1848 1406 Ramoth-Galaad,
1880 1355 1924 1394 et
1956 1351 2070 1394 vade
2092 1365 2319 1408 prospere,

487 1415 529 1451 et
552 1409 697 1452 tradet
725 1409 942 1452 Dominus
962 1410 1009 1452 in
1032 1425 1190 1453 manus
1211 1411 1341 1467 regis.

550 1468 583 1494 ¹3
609 1468 802 1511 Nuntius
836 1483 939 1512 vero
977 1470 1050 1525 qui
1088 1469 1201 1513 ierat
1236 1476 1286 1513 ut
1320 1476 1500 1515 vocaret
1535 1471 1775 1514 Michaeam
1805 1471 1979 1514 locutus
2013 1475 2078 1514 est
2109 1471 2167 1514 ad
2202 1485 2321 1526 eum,

488 1527 638 1570 (1100110
673 1544 681 1571 :
714 1529 829 1571 Ecce
858 1543 1081 1573 sermones
1114 1530 1430 1586 prophetarum
1463 1546 1535 1574 ore
1561 1545 1648 1574 uno
1680 1531 1775 1587 regi
1802 1530 1918 1573 bona
1952 1530 2228 1587 praedicant3
2265 1529 2325 1573 sit

488 1601 591 1642 ergo
629 1601 771 1630 sermo
806 1593 907 1630 tuus
941 1588 1100 1631 similis
1135 1603 1304 1645 eorum,
1341 1595 1384 1633 et
1417 1590 1594 1646 loquere
1628 1590 1758 1636 bona.
1795 1589 1830 1616 ¹4
1848 1589 1930 1634 Cui
1965 1590 2180 1633 Michaeas
2213 1589 2278 1632 ait
2313 1606 2328 1634 ι

488 1646 614 1688 Vivit
642 1647 857 1689 Dominus
878 1647 885 1689 !
913 1647 1014 1702 quia
1039 1648 1347 1704 quodcumque
1373 1649 1535 1693 dixerit
1560 1649 1670 1692 mihi
1695 1649 1933 1705 Dominus,
1957 1649 2040 1692 hoc
2066 1649 2232 1705 loquar.

550 1705 582 1731 ¹5
609 1706 746 1748 Venit
782 1706 931 1761 itaque
964 1707 1019 1749 ad
1055 1721 1226 1763 regem,
1262 1713 1305 1751 et
1339 1709 1403 1751 ait
1434 1709 1501 1751 illi
1535 1723 1611 1751 rex
1650 1726 1658 1753 :
1693 1709 1904 1764 Michaea,
1934 1709 1998 1751 ire
2033 1708 2244 1752 debemus
2276 1708 2327 1751 in:

489 1765 879 1809 Ramoth-Galaad
905 1765 961 1808 ad
988 1767 1305 1823 praeliandum,
1332 1783 1388 1810 an
1415 1767 1622 1811 cessare?
1654 1768 1735 1811 Cui
1760 1768 1838 1811 ille
1863 1768 2091 1825 respondit
2120 1784 2128 1812 :
2155 1768 2324 1811 Ascen-

487 1824 561 1879 de,
597 1830 640 1867 et
669 1825 782 1867 vade
813 1839 1037 1881 prospere,
1073 1831 1117 1868 et
1149 1827 1295 1869 tradet
1329 1841 1427 1870 eam
1463 1827 1679 1871 Dominus
1711 1827 1758 1870 111
1793 1841 1950 1870 manus
1978 1827 2110 1883 regis.
2138 1826 2174 1853 ¹⁶
2198 1826 2324 1870 Dixit

486 1895 636 1926 01110111
662 1898 738 1926 rex
763 1884 819 1927 ad
843 1899 943 1927 eum
977 1902 985 1928 :
1012 1885 1183 1929 Iterum
1213 1891 1345 1942 atque
1370 1887 1532 1929 iterum
1556 1886 1717 1942 adjuro
1742 1892 1786 1930 te
1811 1892 1860 1929 ut
1884 1901 1972 1930 non
1998 1886 2191 1942 loquaris
2213 1886 2328 1929 mihi

486 1942 568 1985 11101
601 1943 717 1998 quod
751 1958 905 1987 verum
939 1949 1023 1999 est,
1054 1945 1101 1987 in
1135 1945 1314 1989 nomine
1349 1946 1545 1989 Domini.
1578 1945 1611 1972 ¹7
1639 1946 1698 1988 Et
1726 1945 1803 1989 ille
1836 1946 1901 1989 ait
1934 1962 1943 1990 z
1970 1945 2076 1989 Vidi
2110 1950 2327 1989 cunctum.

487 2002 626 2044 Israel
653 2002 900 2058 dispersum
926 2003 972 2045 in
999 2004 1246 2060 montibus,
1275 2005 1398 2060 quasi
1427 2019 1528 2048 oves
1555 2019 1643 2048 non
1670 2005 1887 2048 habentes
1917 2009 2165 2062 pastorem3
2191 2010 2234 2049 et
2259 2005 2322 2048 ait

488 2061 705 2104 Dominus
739 2079 747 2105 :
775 2063 875 2105 Non
897 2062 1064 2106 habeut
1092 2064 1166 2106 isti
1194 2064 1443 2121 dominum,
1475 2069 1723 2108 revertatur
1744 2064 2048 2120 unusquisque
2069 2063 2117 2107 in
2140 2065 2327 2108 domum

484 2135 611 2163 suam
636 2121 682 2163 in
712 2135 833 2178 pace.
864 2121 897 2148 13
918 2122 1046 2165 Dixit
1072 2137 1175 2179 ergo
1201 2138 1279 2166 rex
1309 2124 1449 2167 Israel
1478 2124 1535 2167 ad
1561 2125 1781 2181 Josaphat
1815 2141 1822 2168 :
1850 2123 2081 2179 Numquid
2107 2139 2196 2168 non
2228 2123 2327 2167 dixi.

484 2180 567 2223 tibi
601 2180 702 2236 quia
738 2195 822 2223 non
854 2181 1091 2238 prophetat
1119 2183 1228 2225 mihi
1261 2183 1448 2240 bonum,
1483 2183 1559 2227 sed
1591 2198 1764 2240 semper
1796 2183 2002 2226 malum?
2037 2183 2073 2209 ¹9
2097 2183 2183 2228 Ille
2211 2197 2316 2227 vero

483 2239 671 2295 addens,
699 2239 764 2282 ait
792 2257 800 2284 ε
828 2241 1066 2298 Propterea
1095 2242 1201 2285 audi
1230 2257 1480 2286 sermonem
1508 2243 1690 2286 Domini
1720 2260 1728 2287 ε
1756 2243 1861 2287 Vidi
1894 2243 2138 2286 Dominum
2167 2244 2323 2287 seden-

484 2304 574 2342 tem
614 2314 745 2356 super
784 2300 945 2343 solium
982 2315 1131 2358 suum,
1175 2306 1218 2345 et
1259 2317 1436 2346 omnem
1477 2303 1723 2346 exercitum
1760 2302 1858 2345 caeli
1894 2303 2179 2346 assistentem
2216 2303 2256 2346 ei
2296 2318 2322 2346 a

485 2358 651 2401 dextris
686 2366 729 2402 et
760 2374 786 2401 a
822 2359 1039 2415 sinistris,
1075 2359 1112 2387 2⁰
1129 2367 1174 2404 et
1205 2361 1269 2404 ait
1301 2362 1517 2405 Dominus
1548 2379 1556 2406 :
1587 2362 1693 2412 Quis
1731 2362 1923 2419 decipiet
1952 2362 2132 2419 Achab,
2171 2377 2322 2420 regem

486 2418 646 2463 Israel.
678 2423 727 2460 ut
758 2419 973 2462 ascendat
1006 2424 1050 2462 et
1083 2421 1215 2464 cadat
1247 2421 1294 2464 in
1330 2421 1772 2466 Ramoth-Galaad?
1807 2423 1865 2464 Et
1898 2421 2013 2464 dixit
2039 2436 2153 2465 unus
2187 2422 2323 2465 verba

484 2477 814 2534 hujuscemodi,
855 2483 897 2521 et
933 2478 1045 2522 alius
1085 2480 1227 2524 aliter.
1269 2479 1302 2506 2¹
1331 2481 1546 2537 Egressus
1587 2486 1654 2524 est
1692 2485 1844 2524 autem
1880 2480 2081 2537 spiritus,
2119 2486 2163 2525 et
2198 2481 2323 2525 stetit

485 2550 633 2579 coram
662 2537 873 2592 Domino,
902 2543 945 2581 et
973 2538 1037 2581 ait
1067 2555 1075 2583 :
1105 2540 1200 2596 Ego
1228 2540 1451 2597 decipiam
1480 2540 1622 2584 illum.
1655 2539 1735 2583 Cui
1761 2540 1935 2583 locutus
1962 2545 2029 2583 est
2061 2540 2277 2584 Dominus
2311 2557 2328 2586 ε,

485 2596 538 2638 In
565 2595 686 2651 quo?
718 2595 755 2621 ρ’)
774 2598 831 2639 Ε1
853 2597 927 2640 1110
957 2597 1021 2640 ait
1052 2615 1060 2643 :
1096 2599 1332 2655 Egrediar,
1362 2604 1405 2642 et
1434 2614 1505 2643 ero
1535 2600 1714 2657 spiritus
1740 2599 1935 2642 mendax
1955 2599 2001 2641 in
2029 2614 2100 2643 ore
2124 2599 2323 2643 omnium-

484 2656 797 2712 prophetarum
825 2657 934 2712 ejus.
963 2658 1020 2700 Et
1048 2657 1164 2701 dixit
1187 2658 1403 2702 Dominus
1430 2675 1438 2703 ε
1465 2659 1686 2716 Decipies,
1712 2664 1755 2702 et
1780 2658 2073 2715 praevalebis,
2099 2659 2319 2716 egredere,

486 2721 529 2757 et
558 2715 633 2758 fac
666 2715 742 2760 110.
771 2714 808 2742 93
827 2717 958 2759 Nunc
982 2715 1121 2772 igitur
1142 2732 1245 2761 ecce
1277 2718 1400 2761 dedit
1435 2718 1652 2762 Dominus
1685 2718 1889 2775 spiritum
1922 2718 2144 2762 mendacii
2173 2718 2221 2762 in
2251 2732 2330 2762 ore

485 2774 684 2817 omnium
722 2775 1038 2831 prophetarum
1076 2781 1252 2819 tuorum
1294 2777 1367 2833 qui
1405 2777 1478 2820 hic
1519 2782 1643 2834 sunt,
1686 2783 1728 2820 et
1771 2776 1988 2820 Dominus
2033 2777 2207 2820 locutus
2256 2782 2322 2821 est

485 2841 638 2876 contra
660 2839 704 2877 te
727 2834 908 2878 malum.

544 2891 578 2918 '²¹
605 2893 808 2936 Accessit
831 2900 982 2937 autem
1006 2895 1238 2951 Sedecias,
1266 2896 1381 2939 filius
1405 2897 1665 2952 Chanaana,
1693 2901 1738 2939 et
1766 2895 1982 2952 percussit
2011 2895 2251 2939 Michaeam
2273 2896 2323 2939 in

485 2952 737 3007 maxillam,
765 2959 809 2996 et
835 2953 950 2996 dixit
983 2971 991 2998 :
1018 2954 1148 2997 Mene
1180 2969 1284 3011 ergo
1314 2955 1484 2998 dimisit
1518 2955 1698 3012 spiritus
1734 2954 1936 3010 Domini,
1971 2960 2015 2998 et
2048 2955 2220 2999 locutus
2254 2959 2322 2999 est

484 3010 603 3055 tibi?
630 3010 666 3037 25
690 3012 746 3054 Et
771 3012 835 3055 ait
859 3013 1073 3056 Michaeas
1107 3031 1115 3057 :
1142 3014 1328 3057 Visurus
1362 3029 1407 3058 es
1432 3015 1478 3058 in
1513 3015 1583 3058 die
1608 3015 1706 3070 1110,
1742 3014 1917 3070 quando
1951 3014 2214 3070 ingredieris
2247 3029 2327 3058 cu·-

484 3070 702 3125 biculum,
736 3070 855 3114 intra
888 3072 1142 3116 cubiculum
1176 3078 1224 3117 ut
1255 3074 1557 3118 abscondaris.
1592 3074 1628 3101 2⁶
1654 3075 1710 3117 Et
1743 3074 1807 3116 ait
1839 3088 1917 3116 rex
1942 3074 2082 3117 Israel
2113 3090 2121 3117 ε
2157 3073 2328 3118 Tollite·

484 3129 743 3183 Michaeam,
769 3136 812 3173 et
836 3138 1015 3174 maneat
1040 3132 1159 3189 apud
1182 3133 1355 3189 Amon,
1381 3133 1629 3190 principem
1655 3132 1870 3189 civitatis,
1899 3137 1943 3176 01
1964 3133 2083 3190 apud
2117 3134 2145 3176 J
2151 3147 2245 3189 000,
2272 3133 2317 3176 fi-

485 3188 593 3231 lium
620 3189 857 3243 Amelech3
883 3188 917 3216 ”27
941 3196 984 3233 et
1010 3191 1145 3235 dicite
1171 3192 1232 3236 eis
1262 3209 1270 3236 ε
1299 3194 1412 3236 Haec
1446 3193 1554 3236 dicit
1586 3207 1663 3236 rex
1696 3209 1704 3236 z
1737 3192 1904 3236 Mittite
1937 3192 2082 3235 virum
2116 3192 2251 3235 istum
2275 3192 2320 3235 in

485 3262 725 3303 carcerem,
753 3253 798 3291 et
821 3255 1068 3293 sustentate
1090 3265 1190 3294 eum
1221 3266 1335 3308 pane
1368 3251 1668 3295 tribulationis
1694 3256 1737 3295 et
1761 3266 1877 3307 aqua
1909 3251 2153 3308 angustiae,
2180 3251 2326 3294 donec

483 3312 679 3350 revertar
703 3307 747 3350 in
773 3321 895 3364 pace.
923 3307 958 3335 ²8
986 3309 1198 3366 Dixitque
1231 3311 1445 3354 Michaeas
1478 3328 1486 3354 :
1515 3311 1562 3355 Si
1593 3324 1791 3354 reversus
1821 3311 1961 3354 fueris
1991 3310 2037 3353 in
2069 3325 2198 3367 pace,
2233 3324 2320 3353 non

483 3374 550 3409 est
573 3367 748 3411 locutus
773 3366 818 3409 in
843 3381 913 3410 me
940 3368 1170 3414 Dominus.
1199 3370 1258 3413 Et
1281 3370 1346 3413 ait
1379 3387 1387 3414 :
1414 3370 1606 3424 Audite,
1631 3370 1782 3426 populi
1811 3385 1977 3414 omnes.

543 3425 580 3452 99
605 3425 823 3469 Ascendit
844 3425 992 3482 itaque
1018 3442 1094 3470 rex
1121 3429 1280 3484 Israel,
1305 3434 1349 3473 et
1373 3430 1612 3486 Josaphat,
1646 3443 1724 3471 rex
1753 3429 1779 3471 J
1788 3429 1886 3485 uda,
1919 3429 1965 3472 in
2001 3429 2316 3474 Ramoth—Ga-

484 3485 598 3528 laad.
626 3485 663 3511 ³⁰
689 3484 818 3528 Dixit
841 3485 988 3541 itaque
1014 3500 1090 3528 rex
1117 3488 1256 3530 Israel
1290 3488 1345 3531 ad
1379 3489 1599 3545 Josaphat
1627 3505 1635 3532 :
1668 3488 1800 3531 Sume
1834 3503 1978 3543 arma,
2013 3493 2057 3532 et
2087 3488 2318 3544 ingredere

484 3544 711 3601 praelium,
747 3550 790 3589 et
825 3544 1006 3588 induere
1049 3546 1245 3589 vestibus
1278 3547 1378 3589 tuis.
1421 3548 1555 3590 Porro
1595 3561 1672 3590 rex
1710 3548 1849 3592 Israel
1887 3548 2078 3590 mutavit
2115 3547 2318 3590 habitum

485 3618 632 3658 suum,
657 3609 701 3646 et
726 3604 948 3660 ingressus
974 3610 1040 3647 est
1065 3605 1246 3648 bellum.
1273 3606 1307 3632 3¹
1337 3607 1431 3649 Rex
1456 3613 1605 3648 autem
1642 3606 1778 3662 Syriae
1813 3611 2084 3663 praeceperat
2101 3604 2321 3663 'principi-
2387 3630 2390 3635 <

485 3662 564 3704 bus
587 3675 792 3705 curruum
818 3663 1002 3719 triginta
1035 3663 1227 3719 duobus,
1265 3664 1416 3708 dicens
1449 3681 1457 3708 :
1492 3665 1592 3707 Non
1626 3665 1885 3722 pugnabitis
1917 3669 2069 3708 contra
2102 3664 2321 3708 minorem
