2423 3861
175 1093 269 1124 Libri

135 1138 312 1172 inscriptio

157 1185 290 1217 duplex.

167 1385 226 1412 Dix-
233 1382 280 1412 ini

157 1427 290 1458 Jiidicis

112 1474 282 1503 attributa
298 1474 332 1500 et

134 1516 308 1553 aggressio

103 1563 274 1592 tremenda
291 1562 344 1589 de-

119 1607 327 1636 scribuntur.

162 1967 284 1997 Ninive

141 2010 313 2042 sententia

123 2057 326 2090 declaratur,

123 2110 199 2136 spes
227 2101 327 2128 datur

163 2144 290 2174 Israeli.

110 2397 231 2426 Eadem
250 2396 348 2425 modo

119 2439 337 2471 luculentiori

124 2487 334 2519 repetuntur.

146 3028 325 3057 Exercitus

170 3072 305 3106 egregie

145 3117 333 3144 instructus

163 3161 313 3189 :wccudit

140 3205 169 3232 iu
191 3205 342 3233 Ninivcn.

197 3486 296 3514 *Urbis

142 3529 349 3563 expugnatio

142 3581 177 3601 ac
196 3574 349 3607 direptio.

1268 904 1393 927 ῡ--κῆῑ

913 1190 936 1243 ξ
969 1188 1005 1230 Ι.
1038 1213 1096 1220 —
1129 1187 1219 1230 Dea·
1252 1187 1482 1229 consiliu-m
1511 1186 1563 1228 de
1595 1185 1885 1240 emtinyuenda
1917 1169 2082 1228 Niniv}

1257 1251 1306 1288 ut
1335 1245 1483 1288 Israel
1513 1244 1727 1287 liberetur.

467 1362 484 1388 2
503 1365 621 1407 Deus
653 1366 895 1422 aemulator,
924 1370 967 1408 et
993 1364 1212 1408 ulciscens
1235 1363 1466 1408 Dominus,
1495 1362 1728 1407 Ulciscens
1753 1363 1993 1417 Dominus,
2020 1368 2063 1405 et
2084 1361 2253 1407 habens

408 1422 604 1466 furorem
625 1440 632 1467 :
662 1425 880 1469 ulciscens
906 1424 1124 1468 Dominus
1144 1423 1191 1466 in
1216 1425 1364 1468 hostes
1387 1437 1507 1479 suos,
1531 1427 1574 1466 et
1598 1422 1794 1466 irascens
1816 1422 1911 1478 ipse
1935 1421 2130 1465 inimicis
2148 1422 2252 1466 suis.

409 1482 426 1508 3
444 1483 662 1527 Dominus
691 1485 884 1541 patiens,
910 1490 953 1527 et
978 1498 1168 1540 magnus
1193 1483 1478 1538 fortitudine,
1511 1487 1554 1525 et
1582 1482 1804 1524 mundans
1833 1495 1922 1524 non
1954 1481 2095 1524 faciet
2127 1481 2253 1525 inno-

409 1546 595 1586 centem.
627 1544 843 1587 Dominus
877 1544 923 1586 in
965 1548 1231 1599 tempestate
1266 1548 1309 1586 et
1342 1542 1518 1585 turbine
1552 1541 1638 1583 viae
1670 1541 1788 1597 ejus,
1824 1546 1868 1584 et
1901 1540 2077 1583 nebulae
2107 1541 2254 1597 pulvis

408 1601 572 1658 pedum
602 1602 711 1658 ejus.
739 1603 755 1630 ⁴¹*
774 1604 1017 1660 Increpans
1048 1617 1188 1658 mare,
1216 1607 1258 1645 et
1289 1602 1519 1645 exsiccans
1552 1600 1686 1656 illud,
1722 1606 1766 1644 et
1799 1600 1948 1644 omnia
1981 1599 2164 1642 fiumina
2195 1600 2254 1643 ad

410 1661 633 1704 desertum
670 1663 907 1706 deducens.
946 1662 1203 1704 Infirmatus
1239 1667 1306 1705 est
1342 1662 1489 1704 Basan
1531 1666 1574 1703 et
1611 1659 1862 1715 Carmelus,
1902 1664 1945 1702 et
1977 1658 2057 1702 flos
2091 1659 2254 1702 Libani

410 1721 622 1776 elanguit,
646 1722 663 1748 5
686 1723 859 1766 Montes
882 1721 1092 1765 commoti
1118 1726 1221 1764 sunt
1245 1721 1302 1763 ab
1330 1735 1399 1776 eo,
1424 1725 1466 1763 et
1493 1719 1626 1762 colles
1649 1719 1837 1762 desolati
1861 1723 1990 1773 sunt;
2014 1724 2056 1761 et
2084 1724 2255 1762 contre-

411 1780 524 1822 muit
549 1786 663 1824 terra
686 1796 712 1824 a
736 1782 856 1825 facie
883 1782 1002 1837 ejus,
1026 1786 1069 1824 et
1091 1780 1228 1836 orbis,
1253 1786 1296 1824 et
1315 1794 1466 1823 omnes
1489 1778 1745 1821 habitantes
1768 1778 1815 1820 in
1835 1792 1899 1821 eo.
1919 1777 2070 1820 6Ante
2089 1777 2256 1821 faciem

409 1839 734 1895 indignationis
767 1841 863 1897 ejus
890 1841 986 1897 quis
1016 1840 1186 1883 stabit?
1213 1845 1257 1883 et
1283 1839 1378 1896 quis
1409 1839 1583 1882 resistet
1614 1838 1661 1880 in
1691 1838 1755 1880 ira
1782 1837 1945 1880 furoris
1972 1835 2104 1892 ejus?
2133 1836 2255 1879 Indi-

411 1899 564 1955 gnatio
591 1900 687 1955 ejus
714 1901 856 1944 effusa
878 1907 944 1944 est
967 1905 1014 1943 ut
1035 1899 1173 1956 igniS,
1202 1905 1244 1942 et
1271 1904 1408 1956 petrae
1432 1898 1658 1940 dissolutae
1684 1902 1787 1940 sunt
1812 1897 1868 1939 ab
1895 1910 1959 1940 eo.

472 1958 487 1984 7
507 1959 656 2002 Bonus
680 1960 918 2016 Dominus,
946 1965 989 2003 et
1015 1959 1273 2003 confortans
1299 1959 1346 2001 in
1365 1958 1436 2000 die
1455 1956 1778 2012 tribulationis,
1800 1961 1842 1999 et
1864 1956 2008 1999 sciens
2030 1960 2258 2012 sperantes

412 2019 457 2061 in
487 2033 545 2062 se.
572 2018 589 2045 8
616 2020 674 2061 Et
702 2020 747 2061 in
774 2019 944 2062 diluvio
977 2023 1273 2076 praetereunte
1307 2016 1738 2060 consummationem
1768 2015 1908 2059 faciet
1940 2015 2026 2058 loci
2062 2014 2180 2071 ejus,
2216 2019 2260 2058 et

411 2078 615 2121 inimicos
643 2079 739 2134 ejus
774 2083 1091 2135 persequentur
1123 2077 1333 2121 tenebrae.
1363 2076 1379 2102 9
1398 2076 1512 2127 Quid
1546 2075 1754 2131 cogitatis
1790 2080 1943 2118 contra
1977 2072 2259 2117 Dominum?

413 2138 853 2182 Consummationem
890 2139 984 2195 ipse
1022 2137 1186 2188 faciet3
1223 2151 1312 2180 non
1346 2140 1582 2191 consurget
1613 2135 1778 2192 duplex
1812 2133 2055 2178 tribulatio.
2085 2132 2120 2160 ¹⁰
2146 2133 2259 2183 Quia

413 2197 526 2240 sicut
563 2197 702 2254 spinae
740 2212 786 2241 se
822 2198 1015 2240 invicem
1072 2197 1450 2253 complectuntur,
1501 2195 1564 2238 sic
1607 2194 1863 2237 convivium
1905 2208 2055 2236 eorum
2096 2193 2261 2250 pariter

414 2257 693 2313 potantium
734 2262 1050 2300 consumentur
1087 2261 1212 2312 quasi
1250 2258 1416 2312 stipula
1449 2253 1658 2297 ariditate
1692 2253 1836 2310 plena.
1874 2253 1907 2279 ‘¹¹
1937 2253 2006 2295 Ex
2039 2259 2082 2296 te
2120 2251 2262 2295 exibit

415 2317 618 2372 cogitans
641 2322 794 2360 contra
822 2316 1064 2359 Dominum
1090 2315 1324 2369 malitiam,
1352 2319 1500 2357 mente
1526 2318 1802 2370 pertractans
1830 2311 2259 2370 praevaricationem.

475 2375 510 2401 ¹⁸²
534 2377 645 2419 Haec
673 2376 782 2419 dicit
814 2376 1063 2433 Dominus:
1101 2375 1145 2418 Si
1178 2374 1370 2431 perfecti
1399 2373 1589 2428 fuerint,
1622 2378 1665 2415 et
1693 2372 1758 2415 ita
1792 2372 1959 2430 plures,
1996 2371 2058 2415 sic
2090 2385 2262 2427 quoque

416 2436 718 2491 attondentur,
742 2441 785 2480 et
810 2435 1121 2493 pertransibit,
1146 2433 1284 2477 afflixi
1310 2438 1367 2488 te,
1395 2437 1440 2476 et
1464 2447 1552 2476 non
1579 2431 1777 2487 affligam
1798 2437 1842 2475 te
1863 2431 1993 2474 ultra.
2016 2431 2050 2457 ¹3
2069 2432 2126 2473 Et
2143 2444 2262 2472 nuno

417 2500 644 2539 conteram
659 2496 833 2551 virgam
853 2495 950 2551 ejus
974 2494 1028 2537 de
1047 2494 1174 2537 dorso
1197 2499 1287 2549 tuo,
1308 2498 1352 2536 et
1369 2492 1550 2535 vincula
1570 2497 1645 2534 tua
1665 2491 1955 2547 disrumpam.
1976 2490 2011 2516 ¹4
2030 2490 2089 2533 Et
2106 2488 2259 2546 praeci-

416 2555 508 2612 piet
529 2570 659 2612 super
684 2560 727 2598 te
756 2554 994 2609 Dominus,
1022 2568 1110 2597 non
1135 2552 1430 2596 seminabitur
1447 2566 1501 2595 ex
1522 2551 1699 2594 nomine
1723 2556 1798 2594 tuo
1819 2550 2036 2607 amplius,
2058 2549 2112 2592 de
2131 2549 2259 2593 domo

418 2614 487 2657 dei
511 2614 574 2656 tui
604 2614 870 2657 interficiam
895 2613 1122 2670 sculptile,
1151 2618 1194 2656 et
1227 2611 1477 2667 conflatile3
1505 2625 1668 2668 ponam
1695 2609 1949 2667 sepulcrum
1978 2614 2125 2665 tuum,
2161 2608 2263 2665 quia

416 2674 705 2717 inhonoratus
724 2689 782 2717 eS.
803 2673 838 2700 ¹5
857 2675 974 2717 Ecce
992 2687 1122 2729 super
1140 2676 1312 2715 montes
1335 2670 1468 2728 pedes
1493 2669 1868 2726 evangelizantis,
1888 2674 1931 2712 et
1952 2667 2261 2711 annuntiantis

417 2747 585 2790 pacem.
607 2733 812 2789 Celebra,
837 2734 865 2776 J
869 2733 976 2789 uda,
1003 2732 1276 2776 festivitates
1302 2736 1415 2786 tuas,
1443 2735 1486 2773 et
1510 2729 1645 2773 redde
1663 2734 1768 2772 vota
1790 2733 1880 2784 tua,
1909 2727 2012 2784 quia
2033 2742 2122 2771 non
2147 2726 2262 2783 adji-

418 2792 503 2836 ciet
529 2792 644 2835 ultra
670 2798 718 2835 ut
743 2797 1019 2850 pertranseat
1043 2792 1090 2834 in
1117 2796 1160 2835 te
1189 2790 1358 2834 Belial:
1385 2789 1615 2833 universus
1640 2788 1822 2831 interiit.

588 2910 612 2966 ξ
646 2910 709 2952 Π.
742 2936 802 2942 —
833 2910 995 2952 Divini
1027 2915 1175 2951 contra
1209 2908 1405 2951 Niniven
1429 2907 1588 2950 decreti
1622 2906 1812 2949 executio
1846 2905 2093 2960 adoequata.

482 3017 588 3060 CAP.
618 3018 680 3060 II.
710 3044 769 3048 —
798 3017 1048 3060 ¹Ascendit
1078 3016 1152 3072 qui
1179 3016 1408 3073 dispergat
1435 3029 1583 3058 coram
1615 3019 1678 3070 te,
1706 3013 1781 3069 qui
1816 3011 2038 3055 custodiat
2072 3011 2264 3055 obsidio-

423 3089 548 3127 nenig
579 3075 878 3132 contemplare
905 3076 1049 3132 viam,
1075 3076 1280 3119 conforta
1309 3075 1504 3130 lumbos,
1530 3073 1688 3117 robora
1711 3072 1922 3114 virtutem
1943 3070 2088 3115 valde.
2117 3069 2134 3096 ‘²
2153 3070 2264 3121 Quia

422 3134 619 3177 reddidit
645 3135 862 3177 Dominus
891 3135 1144 3191 superbiam
1170 3135 1333 3191 Jacob,
1362 3134 1477 3177 sicut
1506 3132 1758 3190 superbiam
1783 3130 1948 3176 Israel:
1984 3130 2086 3186 quia
2116 3135 2264 3172 vasta-

424 3200 537 3237 tores
564 3193 890 3250 dissipaverunt
923 3208 1015 3250 eos,
1047 3200 1089 3237 et
1118 3194 1385 3251 propagines
1412 3208 1562 3237 eorum
1589 3194 1889 3247 corruperunt.
1916 3189 1933 3216 3
1951 3189 2142 3246 Clypeus
2173 3189 2264 3231 for-

424 3253 533 3296 tium
558 3253 654 3309 ejus
679 3252 866 3308 ignitus,
887 3252 969 3295 viri
993 3254 1211 3296 exercitus
1236 3254 1282 3296 in
1306 3253 1548 3307 coccineis;
1576 3251 1721 3307 igneae
1748 3249 1936 3292 habenae
1960 3263 2109 3291 currus
2127 3248 2173 3290 in
2193 3248 2264 3291 die

426 3311 762 3369 praeparationis
788 3312 905 3368 ejus,
929 3316 973 3355 et
994 3312 1233 3367 agitatores
1256 3312 1472 3370 consopiti
1495 3315 1611 3355 sunt.
1639 3309 1655 3336 ‘¹
1674 3310 1728 3352 In
1750 3308 1984 3351 itineribus
2011 3306 2264 3351 conturbati

426 3377 547 3427 sunt,
576 3371 802 3427 quadrigae
833 3371 999 3415 collisae
1026 3376 1127 3414 sunt
1155 3372 1199 3413 in
1226 3372 1410 3428 plateis3
1446 3375 1650 3428 aspectus
1677 3382 1826 3412 eorum
1856 3367 1982 3424 quasi
2011 3366 2259 3424 lampades,

428 3431 551 3486 quasi
576 3432 758 3487 fulgura
784 3431 1086 3474 discurrentia.

487 3490 504 3515 5
538 3490 856 3533 Recordabitur
895 3489 1081 3534 fortium
1125 3503 1322 3547 suorum,
1361 3495 1490 3534 ruent
1537 3490 1583 3532 in
1619 3488 1850 3532 itineribus
1892 3486 2013 3544 suis3
2052 3486 2263 3531 velociter

435 3638 480 3671 15]
501 3639 543 3666 Is.
563 3639 637 3673 LII,
657 3642 679 3667 7.
705 3642 797 3668 Rom.
817 3641 857 3667 X.
876 3641 917 3666 15.
