2423 3861
470 119 554 163 690
983 122 1124 166 PROV.
1157 124 1302 180 XXV,
1337 125 1394 168 23
1425 152 1484 156 —-
1516 126 1696 180 XXVI,
1729 127 1799 169 21.

765 299 809 336 et
836 294 1054 337 Dominus
1080 295 1236 338 reddet
1261 296 1356 339 tibi.

647 351 684 379 23
706 353 878 396 Ventus
903 353 1052 409 aquilo
1079 354 1268 411 dissipat
1291 356 1488 412 pluvias,

766 418 809 455 et
833 412 976 456 facies
1002 413 1142 456 tristis
1160 413 1362 470 linguam
1390 415 1712 459 detrahentem.

646 469 681 497 94
703 471 865 515 Melius
891 476 958 516 est
983 472 1135 516 sedere
1151 473 1207 515 in
1227 474 1393 530 angulo
1415 474 1629 529 domatis,

765 545 899 587 quam
924 546 1026 575 cum
1048 532 1233 576 muliere
1258 533 1457 590 litigiosa
1476 539 1519 577 et
1544 534 1586 576 in
1617 534 1746 578 domo
1774 535 2018 579 communi.

646 587 683 616 25
704 591 836 646 Aqua
857 591 1027 647 frigida
1051 592 1217 636 animae
1241 592 1432 648 sitienti,

765 654 809 693 et
830 651 1014 693 nuntius
1037 651 1179 695 bonus
1202 652 1256 696 de
1277 658 1394 696 terra
1416 653 1675 709 longinqua.

644 708 681 736 ‘2⁶
702 709 821 752 Fons
843 711 1048 754 turbatus
1075 711 1187 769 pede
1209 717 1253 755 et
1278 727 1394 755 vena
1416 718 1642 769 corrupta,

762 769 909 826 justus
931 771 1097 814 cadens
1123 785 1272 814 coram
1295 771 1448 828 impio.

645 827 680 854 '2⁷
705 828 828 873 Sicut
853 830 927 886 qui
950 830 1038 873 mel
1064 829 1258 873 multum
1284 831 1479 874 comedit
1504 846 1593 875 non
1619 837 1684 875 est
1710 832 1749 875 ei
1774 832 1962 883 bonum,

762 888 826 932 sic
853 889 927 946 qui
953 894 1173 932 scrutator
1199 895 1265 932 est
1290 890 1542 946 majestatis
1564 891 1838 948 opprimetur
1862 906 1886 934 a
1914 891 2075 947 gloriar,

645 946 682 974 ‘²8
705 948 828 992 Sicut
852 949 957 991 urbs
979 954 1139 1005 patens
1161 954 1205 991 et
1229 949 1397 1005 absque
1418 964 1645 993 murorum
1670 950 1864 1008 ambitu,

756 1007 819 1051 ita
844 1008 913 1051 vir
938 1009 1013 1065 qui
1034 1023 1123 1053 non
1148 1013 1297 1066 potest
1320 1009 1368 1052 in
1392 1008 1615 1066 loquendo
1641 1010 1847 1054 cohibere
1868 1009 2075 1068 spiritum
2100 1024 2246 1054 suum.

185 1088 367 1118 rso-erma
523 1070 628 1114 CAP.
655 1070 828 1113 XXVI.
855 1096 915 1102 -—
936 1070 950 1096 1
971 1069 1199 1121 Quomodo
1222 1069 1301 1112 nix
1321 1068 1369 1112 in
1396 1075 1573 1126 aestate,
1597 1075 1641 1113 et
1661 1071 1828 1127 pluviae
1852 1072 1901 1115 in
1925 1085 2090 1127 messe,
2110 1076 2113 1079 ’

176 1134 375 1169 »rm-5¹:112-
760 1129 824 1172 sic
845 1129 1058 1173 indecens
1081 1134 1147 1172 est
1172 1128 1309 1172 stulto
1337 1129 1491 1185 gloria.

662 1188 680 1213 2
701 1188 825 1232 Sicut
846 1188 943 1232 avis
968 1188 1026 1231 ad
1047 1187 1139 1231 alia
1163 1189 1446 1231 transvolans
1473 1194 1517 1231 et
1542 1204 1696 1246 passer
1716 1189 1915 1246 quolibet
1939 1190 2129 1245 vadens,

762 1248 826 1291 sic
851 1248 1144 1292 maledictum
1169 1248 1337 1291 frustra
1363 1248 1587 1304 prolatum
1612 1249 1659 1291 in
1686 1248 1943 1305 quempiam
1969 1246 2272 1305 superveniet.

663 1308 681 1333 3
702 1307 958 1364 Flagellum
984 1322 1118 1363 equo,
1145 1313 1190 1350 et
1215 1322 1368 1350 camus
1394 1308 1541 1364 asino,

765 1374 808 1410 et
829 1368 957 1424 virga
981 1367 1028 1410 in
1056 1367 1183 1410 dorso
1205 1367 1573 1424 imprudentium,

663 1428 680 1469 4,
703 1428 770 1471 Ne
795 1427 1063 1485 respondeas
1089 1427 1227 1470 stulto
1252 1427 1384 1482 juxta
1408 1427 1649 1470 stultitiam
1672 1442 1818 1483 suam,

763 1502 819 1531 ne
841 1487 1053 1531 efficiaris
1079 1487 1120 1530 ei
1142 1486 1316 1530 similis.

662 1548 681 1574 5
705 1547 940 1605 Responde
964 1547 1103 1590 stulto
1128 1546 1259 1602 juxta
1284 1546 1526 1590 stultitiam
1553 1561 1700 1603 suam,

765 1621 820 1650 ne
845 1606 931 1649 sibi
952 1605 1129 1662 sapiens
1155 1620 1250 1650 esse
1271 1606 1491 1649 videatur.

665 1667 684 1694 6
705 1666 900 1710 Claudus
925 1665 1134 1723 pedibus,
1162 1671 1207 1708 et
1230 1665 1518 1722 iniquitatem
1543 1666 1723 1722 bibens,

766 1726 839 1782 qui
865 1725 1005 1768 mittit
1029 1725 1167 1768 verba
1191 1740 1269 1782 per
1294 1725 1503 1768 nuntium
1525 1726 1727 1769 stultum.

666 1786 681 1813 ⁷
705 1785 934 1838 Quomodo
960 1784 1168 1842 pulchras
1193 1785 1362 1827 frustra
1386 1786 1523 1829 habet
1546 1785 1732 1828 claudus
1758 1785 1913 1843 tibias,

767 1845 830 1888 sic
855 1844 1067 1887 indecens
1094 1849 1159 1887 est
1183 1843 1231 1886 in
1258 1858 1330 1887 ore
1357 1845 1596 1888 stultorum
1621 1844 1849 1901 parabola.

666 1906 683 1933 8
706 1905 830 1949 Sicut
856 1904 931 1961 qui
958 1903 1098 1946 mittit
1123 1903 1323 1960 lapidem
1343 1903 1392 1946 in
1417 1918 1629 1947 acervum
1654 1904 1885 1961 Mercurii,

767 1964 831 2007 ita
857 1963 932 2020 qui
958 1963 1115 2006 tribuit
1136 1963 1368 2020 insipienti
1393 1964 1620 2008 honorem.

667 2023 685 2052 9
706 2023 936 2076 Quomodo
961 2023 998 2066 si
1024 2023 1153 2080 spina
1178 2028 1387 2066 nascatur
1408 2023 1455 2066 in
1480 2038 1616 2066 manu
1641 2023 1896 2080 temulenti,

767 2084 831 2127 sic
855 2083 1070 2141 parabola
1093 2083 1141 2126 in
1169 2097 1241 2126 ore
1266 2082 1519 2129 stultorum.

651 2143 687 2171 1⁰
708 2143 940 2187 Judicium
968 2143 1239 2186 determinat
1265 2157 1444 2198 causas,

769 2209 813 2247 et
838 2203 912 2260 qui
937 2203 1130 2260 imponit
1155 2204 1291 2246 stulto
1318 2203 1547 2246 silentium
1573 2203 1661 2246 iras
1684 2202 1879 2259 mitigat.

651 2262 685 2289 ¹1
710 2263 834 2307 Sicut
859 2263 983 2307 canis
1008 2263 1084 2318 qui
1108 2262 1347 2306 revertitur
1372 2262 1430 2306 ad
1452 2263 1673 2306 vomitum
1698 2277 1849 2318 suum,

771 2323 834 2367 sic
859 2322 1118 2380 imprudens
1141 2322 1217 2379 qui
1241 2322 1377 2366 iterat
1402 2322 1645 2365 stultitiam
1670 2336 1810 2365 suam.

652 2382 689 2410 ¹2
708 2382 877 2426 Vidisti
901 2382 1133 2426 hominem
1158 2383 1409 2439 sapientem
1433 2382 1519 2425 sibi
1546 2381 1724 2425 videri?

769 2442 913 2498 magis
937 2442 1016 2485 illo
1038 2457 1163 2499 spem
1187 2441 1374 2485 habebit
1397 2441 1628 2498 insipiens.

651 2502 688 2529 '¹3
709 2502 832 2545 Dicit
855 2502 984 2559 piger
1005 2519 1013 2546 :
1038 2503 1128 2545 Leo
1154 2507 1221 2546 est
1244 2502 1289 2544 in
1317 2501 1412 2558 via,

771 2566 815 2605 et
838 2561 983 2605 leaena
1007 2562 1055 2604 in
1079 2562 1329 2606 itineribus,

651 2621 688 2648 ¹4
710 2621 835 2665 Sicut
860 2621 1024 2665 ostium
1048 2621 1237 2665 vertitur
1261 2621 1309 2664 in
1336 2621 1517 2664 cardine
1543 2634 1641 2677 suo,

770 2681 834 2724 ita
856 2681 983 2738 piger
1007 2681 1054 2723 in
1080 2681 1245 2724 lectulo
1271 2695 1364 2724 suo.

655 2740 690 2768 '15
710 2740 962 2784 Abscondit
983 2740 1110 2797 piger
1136 2755 1320 2783 manum
1346 2740 1428 2784 sub
1451 2739 1617 2783 ascella
1643 2754 1745 2797 sua,

773 2806 816 2844 et
841 2800 1015 2843 laborat
1040 2800 1077 2843 si
1102 2800 1160 2843 ad
1184 2814 1230 2843 os
1256 2815 1385 2843 suum
1407 2814 1507 2843 eam
1531 2798 1814 2843 converterit.

656 2859 692 2886 1⁶
713 2859 964 2916 Sapientior
988 2859 1074 2902 sibi
1099 2859 1226 2916 piger
1247 2860 1427 2903 videtur

773 2924 945 2976 septem
969 2913 1076 2962 v'iris
1102 2919 1388 2975 loquentibus
1413 2919 1676 2963 sententias.

657 2977 690 3004 ¹⁷
715 2978 838 3022 Sicut
862 2978 937 3035 qui
963 2979 1259 3036 apprehendit
1283 2979 1466 3023 auribus
1492 2993 1672 3036 canem,

747 3052 750 3056 ⁴
773 3038 835 3081 sic
862 3038 937 3094 qui
963 3038 1124 3081 transit
1144 3038 1385 3096 impatiens
1408 3044 1453 3082 et
1478 3038 1793 3083 commiscetur
1814 3038 1926 3081 rixae
1950 3039 2145 3084 alterius,

658 3096 691 3124 ¹8
713 3097 836 3142 Sicut
861 3097 1021 3141 noxius
1047 3103 1114 3141 est
1135 3099 1210 3154 qui
1236 3098 1377 3142 mittit
1399 3099 1588 3155 sagittas
1614 3103 1658 3142 et
1682 3099 1863 3141 lanceas
1888 3097 1935 3141 in
1962 3105 2172 3146 mortem,

716 3156 752 3183 ¹9
772 3157 837 3200 ita
862 3157 930 3200 vir
955 3157 1028 3213 qui
1054 3158 1365 3202 fraudulenter
1389 3164 1520 3202 nocet
1544 3158 1689 3201 amico
1715 3172 1816 3214 suo,

775 3221 819 3259 et
845 3231 946 3260 cum
972 3217 1112 3260 fuerit
1133 3217 1433 3275 deprehensus
1456 3218 1565 3262 dicit
1588 3235 1597 3262 :
1620 3217 1799 3261 Ludens
1826 3217 1931 3262 feci.

657 3273 694 3302 ²⁰
715 3275 827 3320 Cum
850 3276 1102 3320 defecerint
1126 3277 1250 3333 ligna
1276 3278 1563 3333 extinguetur
1586 3277 1727 3333 ignis,

775 3340 820 3378 et
844 3349 1077 3379 susurrone
1103 3337 1352 3392 subtracto,
1375 3337 1524 3393 jurgia
1549 3336 1877 3391 conquiescent.

659 3393 691 3420 ‘2¹
717 3394 841 3438 Sicut
866 3395 1079 3438 carbones
1104 3396 1161 3439 ad
1187 3410 1370 3452 prunas,
1399 3402 1442 3439 et
1464 3396 1587 3452 ligna
1609 3395 1664 3438 ad
1688 3395 1861 3452 ignem,

776 3453 839 3497 sic
865 3453 996 3497 homo
1018 3453 1257 3499 iracundus
1279 3455 1466 3499 suscitat
1490 3455 1622 3500 rian.

481 3661 529 3695 24]
548 3662 625 3695 sup.
643 3659 739 3692 XXI,
755 3663 782 3690 9.
795 3673 831 3680 —-
843 3661 892 3696 27]
913 3660 1014 3691 Eccli.
1035 3662 1100 3697 111,
1118 3664 1163 3690 22.
1177 3676 1212 3683 -
1229 3663 1277 3697 11]
1296 3663 1331 3690 ΙΙ
1351 3663 1441 3691 Petr.
1462 3664 1507 3698 ΙΙ,
1525 3666 1569 3692 22.
1584 3679 1619 3684 -
1637 3666 1684 3699 15]
1703 3667 1781 3699 Sul).
1800 3666 1895 3702 XIX,
1913 3669 1957 3696 2⁷4,
1971 3681 2006 3686 -—
2023 3667 2071 3701 21]
2087 3666 2165 3699 Sup.
2183 3665 2256 3699 XV,
2272 3665 2315 3692 IS·
