2456 3861
170 815 272 845 Initia
290 815 378 845 belli.

165 1876 242 1905 Saul
262 1878 381 1905 contra

154 1921 251 1949 fidem
279 1924 396 1953 peccat

191 1969 225 1993 ct
250 1966 360 1994 redar-

213 2010 342 2042 guitur.

196 2779 355 2808 Conditio

190 2824 366 2856 utriusque

226 2868 331 2900 partis

205 2911 352 2940 hostilis.

463 171 547 213 264
991 170 1013 211 Ι
1049 171 1159 212 REG.
1194 169 1310 223 XII,
1344 169 1399 212 25
1431 195 1490 201 —
1522 170 1665 224 XIII,
1699 170 1767 212 21.

462 341 727 389 Dominum,
753 344 795 382 et
817 338 977 381 servite
1000 338 1039 380 ei
1065 338 1111 380 in
1134 338 1322 381 veritate
1345 343 1389 381 et
1410 352 1465 381 ex
1490 342 1584 380 toto
1606 337 1736 380 corde
1761 343 1907 380 vestro
1927 355 1935 391 3
1967 338 2142 381 vidistis
2175 339 2294 382 enim

461 398 697 453 magnifica
725 412 820 452 quae
842 397 888 439 in
911 397 1037 439 vobis
1063 397 1261 453 gesserit.
1286 396 1322 423 ‘²5
1344 397 1468 447 Quod
1494 397 1529 439 si
1552 395 1940 453 perseveraveritis
1963 395 2009 438 in
2031 396 2223 453 malitia,
2250 401 2296 441 et

460 471 536 499 vos
562 464 604 499 et
625 470 703 498 rex
725 463 869 498 vester
893 456 1058 511 pariter
1076 456 1291 512 peribitis,

823 584 984 627 Snorm
1020 585 1084 626 II.
1111 611 1170 616 —
1205 585 1367 628 SAUL1s
1399 596 1429 626 A
1463 596 1614 628 REGNO
1650 596 1937 628 REPROBATIO

975 702 996 754 ξ
1018 700 1053 744 Ι.
1079 725 1135 732 -
1160 700 1340 743 Bellum
1368 714 1466 743 cum
1489 699 1785 743 Philisthiim.

519 807 626 850 CAP.
657 807 792 850 XIII.
819 834 879 839 —-
909 807 919 833 ¹
946 807 1085 850 Filius
1115 808 1243 851 unius
1281 808 1388 851 anni
1421 812 1516 851 erat
1551 807 1673 863 Saul,
1716 822 1817 850 curn
1850 822 2035 864 regnare
2063 808 2297 866 coepisset3

459 866 629 910 duobus
651 871 802 909 autem
824 866 952 910 annis
977 867 1184 923 regnavit
1209 881 1338 924 super
1360 867 1513 911 Israel.
1538 866 1555 892 ²
1574 869 1632 910 Et
1654 867 1790 923 elegit
1811 867 1895 910 sibi
1921 867 2024 911 Saul
2050 868 2135 910 tria
2157 868 2301 912 millia

459 926 513 969 de
536 925 675 968 Israel
695 943 704 980 3
730 931 774 968 et
795 931 922 968 erant
943 940 1045 969 cum
1066 926 1171 969 Saul
1191 926 1276 970 duo
1294 926 1437 969 millia
1461 926 1508 969 in
1529 926 1780 982 Machmas,
1805 932 1849 970 et
1873 927 1918 969 in
1938 932 2088 970 monte
2110 927 2268 970 Bethel
2288 944 2297 983 3

458 985 581 1028 mille
603 990 754 1028 autem
777 999 877 1027 cum
903 986 931 1028 J
936 986 1101 1028 onatha
1126 985 1171 1027 in
1199 986 1354 1030 Gabaa
1390 985 1627 1042 Benjamin
1652 1003 1660 1039 ;
1695 1000 1823 1042 porro
1854 992 2049 1029 ceterum
2086 987 2300 1043 populum

458 1045 630 1087 remisit
652 1058 1009 1100 unumquemque
1043 1044 1088 1086 in
1118 1044 1409 1088 tabernacula
1441 1059 1532 1089 sua.
1567 1044 1585 1071 3
1620 1046 1678 1087 Et
1706 1045 1924 1101 percussit
1957 1046 2177 1088 Jonathas
2211 1051 2298 1088 sta-

458 1103 627 1147 tionem
662 1103 1050 1159 Philisthinorum,
1075 1118 1173 1159 quae
1199 1108 1293 1147 erat
1325 1104 1372 1147 in
1407 1104 1577 1148 Gabaa.
1613 1103 1736 1155 Quod
1767 1118 1868 1146 cum
1903 1104 2130 1148 audissent
2163 1105 2300 1148 Phili-

459 1162 636 1218 sthiim,
675 1162 777 1207 Saul
815 1162 977 1205 cecinit
1010 1163 1199 1205 buccina
1235 1163 1281 1205 in
1317 1163 1436 1206 omni
1473 1168 1611 1219 terra,
1646 1162 1826 1207 dicens:
1852 1163 2051 1207 Audiant
2083 1164 2299 1208 Hebraei!

459 1222 476 1248 4
500 1223 557 1264 Et.
581 1222 811 1264 universus
833 1221 973 1265 Israel
994 1222 1168 1265 audivit
1189 1222 1501 1278 hujuscemodi
1526 1223 1700 1265 famam
1726 1239 1735 1266 ε
1763 1223 1986 1266 Percussit
2014 1223 2120 1267 Saul
2146 1224 2300 1266 statio-

460 1296 561 1324 nem
585 1280 973 1336 Philisthinorum3
1012 1286 1058 1325 et
1090 1281 1230 1325 erexit
1262 1296 1308 1325 se
1341 1282 1481 1325 Israel
1514 1282 1727 1325 adversus
1761 1282 2049 1326 Philisthiim.
2077 1283 2303 1327 Clamavit

461 1354 564 1396 ergo
589 1340 778 1396 populus
811 1346 912 1397 post
933 1341 1037 1384 Saul
1067 1341 1112 1383 in
1148 1341 1352 1397 Galgala.
1384 1342 1400 1368 5
1427 1343 1485 1384 Et
1518 1341 1794 1384 Philisthiim
1824 1343 2084 1398 congregati
2109 1348 2212 1385 sunt
2243 1341 2301 1386 ad

460 1399 755 1456 praeliandum
781 1405 935 1442 contra
957 1400 1116 1456 Israel,
1143 1400 1329 1456 triginta
1351 1401 1492 1443 millia
1519 1415 1724 1444 curruum
1750 1407 1795 1444 et
1819 1415 1897 1444 sex
1922 1401 2064 1444 millia
2087 1402 2300 1458 equitum,

460 1464 504 1502 et
524 1458 743 1514 reliquum
765 1459 927 1515 vulgus
949 1459 1064 1502 sicut
1086 1474 1219 1502 arena
1245 1475 1343 1516 quae
1363 1466 1429 1504 est
1450 1460 1495 1503 in
1519 1460 1667 1504 littore
1685 1460 1820 1504 maris
1842 1461 2045 1517 plurima.
2071 1462 2128 1504 Et-
2148 1475 2302 1505 ascen-

461 1517 614 1560 dentes
637 1519 941 1561 castrametati
964 1524 1068 1561 sunt
1091 1519 1137 1562 in
1162 1520 1414 1575 Machmas,
1438 1519 1495 1562 ad
1518 1520 1733 1563 orientem
1754 1520 2000 1564 Bethaven.
2023 1520 2040 1547 θ
2058 1520 2183 1572 Quod
2201 1535 2300 1565 cum

460 1577 677 1620 vidissent
698 1577 781 1620 viri
816 1578 955 1621 Israel
992 1593 1038 1621 se
1074 1578 1120 1620 in
1153 1584 1276 1622 arcto
1312 1580 1478 1635 positos
1514 1579 1735 1637 (afflictus
1772 1579 1891 1623 enim
1929 1585 2023 1623 erat
2059 1580 2298 1637 populus),

460 1636 788 1679 absconderunt
809 1651 855 1680 se
877 1636 921 1679 in
948 1638 1170 1694 speluncis
1196 1643 1240 1682 et
1265 1638 1311 1681 in
1336 1638 1522 1695 abditis,
1543 1637 1588 1681 in
1614 1639 1750 1695 petris
1780 1653 1953 1695 quoque
1983 1644 2027 1683 et
2060 1640 2106 1682 in
2138 1640 2300 1695 antris,

461 1695 571 1738 etin
594 1695 809 1739 cisternis.
837 1695 851 1722 7
879 1697 1063 1739 Hebraei
1088 1703 1238 1740 autem
1271 1698 1542 1741 transierunt
1567 1698 1811 1741 Jordanem
1842 1698 1888 1740 in
1926 1703 2090 1742 terram
2126 1699 2224 1742 Gad
2257 1703 2301 1742 et

461 1754 648 1798 Galaad.
676 1755 875 1811 Cumque
897 1756 1043 1799 adhuc
1070 1762 1184 1799 esset
1204 1757 1306 1801 Saul
1328 1757 1374 1799 in
1398 1757 1615 1814 Galgala,
1654 1757 1886 1800 universus
1915 1758 2102 1814 populus
2135 1764 2299 1814 perter-

459 1814 569 1857 ritus
596 1819 662 1857 est-
685 1815 758 1870 qui
785 1815 1051 1870 sequebatur
1075 1830 1190 1859 eum.

520 1874 536 1900 8
562 1875 620 1916 Et
643 1874 898 1930 expectavit
918 1880 1089 1931 septem
1112 1875 1267 1918 diebus
1288 1876 1419 1931 juxta
1456 1875 1672 1932 placitum
1702 1876 1950 1932 Samuelis3
1986 1882 2030 1920 et
2060 1891 2147 1921 non
2178 1877 2303 1920 venit

462 1933 639 1978 Samuel
664 1933 709 1976 in
732 1933 948 1989 Galgala,
975 1934 1261 1991 dilapsusque
1287 1941 1354 1978 est
1375 1935 1564 1992 populus
1585 1935 1642 1978 ab
1669 1950 1733 1979 eo.
1762 1935 1779 1961 9
1802 1935 1880 1978 Ait
1905 1950 2010 1992 ergo
2041 1936 2148 1980 Saul
2179 1952 2188 1979 z
2217 1936 2300 1979 Af-

460 1994 575 2037 ferte
613 1992 723 2035 mihi
755 1992 1063 2037 holocaustum
1093 1999 1136 2037 et
1165 1994 1364 2051 pacifica.
1401 1996 1458 2037 Et
1490 1994 1654 2038 obtulit
1678 1994 2002 2038 holocaustum.
2035 1994 2070 2021 ¹⁰
2103 1997 2301 2051 Cumque

461 2052 728 2109 complesset
768 2052 960 2095 offerens
999 2053 1329 2109 holocaustum,
1357 2068 1459 2097 ecce
1483 2054 1664 2098 Samuel
1689 2053 1924 2109 veniebat3
1947 2059 1991 2098 et
2013 2069 2213 2111 egressus
2235 2059 2304 2098 est

460 2112 565 2156 Saul
587 2111 766 2155 obviam
789 2111 829 2155 ei
852 2118 901 2155 ut
925 2112 1139 2156 salutaret
1164 2128 1278 2158 eum.
1305 2113 1337 2139 ¹¹
1359 2114 1640 2169 Locutusque
1663 2118 1730 2158 est
1754 2113 1811 2156 ad
1834 2128 1936 2157 eum
1951 2114 2129 2158 Samuel
2152 2131 2160 2158 ε
2187 2113 2302 2165 Quid

459 2170 648 2215 fecisti?
684 2171 929 2228 Respondit
956 2172 1059 2216 Saul
1092 2189 1100 2216 :
1124 2173 1234 2223 Quia
1260 2172 1352 2215 vidi
1375 2173 1491 2229 quod
1513 2173 1702 2230 populus
1728 2172 2000 2216 dilaberetur
2017 2188 2043 2216 a
2066 2188 2157 2229 me,
2181 2179 2225 2218 et
2252 2178 2301 2216 tu

461 2247 548 2276 non
566 2247 752 2276 veneras
773 2231 905 2287 juxta
926 2232 1114 2289 placitos
1136 2231 1250 2288 dies,
1277 2247 1405 2289 porro
1443 2232 1718 2275 Philisthiim
1752 2233 2013 2288 congregati
2042 2233 2225 2276 fuerant
2256 2233 2302 2276 in

459 2292 716 2347 Machmas,
742 2290 777 2317 ¹'2
803 2291 895 2334 dixi
919 2308 927 2335 :
947 2292 1078 2334 Nunc
1100 2291 1373 2335 descendent
1399 2291 1674 2334 Philisthiim
1695 2292 1752 2334 ad
1778 2306 1848 2334 me
1866 2291 1913 2334 in
1939 2292 2144 2348 Galgala,
2167 2298 2212 2336 et
2231 2293 2302 2335 fa-

458 2351 574 2394 ciem
611 2351 791 2395 Domini
830 2365 918 2395 non
951 2351 1140 2408 placavi.
1176 2351 1455 2395 Necessitate
1492 2351 1764 2407 compulsus,
1801 2350 1942 2394 obtuli
1978 2351 2301 2395 holocaustum.

463 2410 497 2437 ¹3
523 2410 735 2466 Dixitque
772 2411 951 2454 Samuel
985 2411 1041 2454 ad
1067 2411 1173 2455 Saul
1203 2428 1211 2455 :
1239 2411 1381 2455 Stulte
1407 2410 1559 2467 egisti,
1595 2424 1677 2454 nec
1707 2410 1939 2453 custodisti
1968 2410 2182 2453 mandata
2214 2412 2302 2454 Do-

461 2470 570 2512 mini
598 2469 681 2513 Dei
710 2470 795 2526 tui,
830 2485 927 2526 quae
957 2471 1172 2527 praecepit
1207 2471 1303 2514 tibi.
1340 2470 1464 2522 Quod
1496 2470 1531 2512 si
1562 2484 1649 2513 non
1679 2470 1888 2525 fecisses,
1921 2469 2018 2526 jam
2040 2483 2157 2512 nunc
2191 2485 2301 2526 prae-

459 2534 658 2586 parasset
697 2530 912 2573 Dominus
949 2545 1137 2587 regnum
1173 2536 1299 2573 tuum
1335 2544 1467 2587 super
1508 2529 1647 2573 Israel
1688 2529 1733 2571 in
1773 2529 2117 2585 sempiternum;
2155 2528 2190 2555 11
2223 2529 2301 2573 sed

459 2603 741 2645 nequaquam
770 2604 957 2646 regnum
987 2596 1113 2633 tuum
1146 2590 1261 2633 ultra
1288 2594 1538 2646 consurget.
1564 2588 1780 2640 Quaesivit
1807 2587 2023 2631 Dominus
2049 2588 2132 2630 sibi
2158 2588 2301 2631 virum

459 2648 589 2704 juxta
624 2663 697 2691 cor
733 2663 882 2705 suum,
920 2654 965 2692 et
993 2649 1207 2706 praecepit
1245 2649 1284 2693 ei
1311 2649 1528 2692 Dominus
1569 2654 1618 2691 ut
1655 2652 1771 2691 esset
1803 2647 1894 2690 dux
1923 2661 2053 2703 super
2089 2648 2301 2703 populum

461 2722 608 2763 suum,
647 2722 698 2751 eo
724 2708 839 2764 quod
866 2723 954 2752 non
980 2709 1225 2752 servaveris
1254 2723 1353 2765 quae
1377 2707 1590 2765 praecepit
1616 2707 1847 2750 Dominus.

524 2766 556 2793 ¹5
580 2768 777 2811 Surrexit
801 2774 952 2811 autem
976 2768 1173 2824 Samuel,
1194 2773 1243 2811 et
1263 2767 1467 2811 ascendit
1492 2768 1547 2811 de
1566 2766 1770 2823 Galgalis
1791 2766 1838 2808 in
1863 2765 2018 2810 Gabaa
2045 2765 2316 2822 Benjamin.>

462 2829 520 2870 Et
544 2826 700 2882 reliqui
726 2827 877 2883 populi
903 2828 1199 2871 ascenderunt
1220 2833 1320 2884 post
1339 2827 1443 2872 Saul
1469 2826 1648 2870 obviam
1673 2825 1860 2882 populo,
1887 2824 1960 2880 qui
1979 2825 2303 2882 expugnabant

463 2901 534 2930 eos
556 2886 786 2929 venientes
812 2886 866 2929 de
890 2887 1082 2943 Galgala
1103 2887 1148 2929 in
1176 2887 1353 2942 Gabaa,
1379 2887 1426 2929 in
1453 2886 1565 2930 colle
1590 2884 1843 2941 Benjamin.
1870 2885 1927 2927 Et
1952 2884 2173 2928 recensuit
2196 2884 2302 2929 Saul

461 2946 694 3003 populum,
723 2945 795 3000 qui
821 2945 993 2989 inventi
1020 2946 1200 2989 fuerant
1222 2960 1323 2989 cum
1348 2961 1420 3002 eo,
1450 2945 1575 3001 quasi
1608 2948 1840 2988 sexcentos
1873 2943 2004 2987 viros.
2038 2943 2072 2971 ¹⁶
2096 2945 2153 2986 Et
2174 2943 2300 3000 Saul,

462 3011 507 3049 et
531 3006 560 3048 J
565 3005 751 3048 onathas
774 3004 888 3048 filius
914 3005 1033 3061 ejus,
1064 3006 1338 3062 populusque
1369 3005 1441 3061 qui
1468 3005 1675 3048 inventus
1709 3003 1857 3046 fuerat
1883 3016 1983 3046 cum
2021 3003 2103 3058 eis,
2132 3007 2227 3046 erat
2254 3003 2301 3045 in

464 3064 620 3109 Gabaa
640 3063 879 3119 Benjarnin
899 3082 907 3119 ;
933 3079 1059 3121 porro
1075 3065 1346 3108 Philisthiim
1368 3063 1661 3107 consederant
1678 3062 1723 3104 in
1739 3061 1984 3107 Machmas,
2010 3061 2043 3088 ¹⁷
2061 3063 2118 3105 Et
2137 3062 2301 3118 egressi

463 3128 565 3167 sunt
599 3122 655 3165 ad
688 3122 979 3178 praedandum
1005 3124 1059 3167 de
1093 3124 1248 3167 castris
1283 3123 1650 3167 Philisthinorum
1683 3126 1771 3164 tres
1799 3121 1941 3164 cunei.
1979 3121 2104 3165 Unus
2139 3135 2302 3164 cuneus

464 3181 680 3240 pergebat
705 3187 858 3224 contra
885 3183 1004 3225 viam
1027 3184 1177 3239 Ephra
1199 3183 1256 3226 ad
1278 3189 1441 3226 terram
1468 3181 1597 3237 Sual;
1627 3180 1662 3207 ¹⁸
1683 3194 1810 3236 porro
1829 3179 1944 3223 alius
1967 3179 2303 3236 ingrediebatur

464 3256 542 3300 per
566 3240 686 3283 viam
707 3238 824 3282 Beth
846 3239 982 3282 horon
1001 3258 1009 3293 3
1030 3240 1186 3283 tertius
1205 3244 1356 3282 autem
1377 3244 1570 3283 verterat
1587 3253 1633 3282 se
1650 3238 1707 3281 ad
1726 3237 1808 3280 iter
1827 3238 2007 3281 termini
2023 3235 2303 3280 imminentis

465 3300 573 3344 valli
605 3299 784 3344 Seboim
810 3303 961 3340 contra
989 3298 1223 3342 desertum.
1262 3296 1295 3323 ¹9
1314 3297 1448 3340 Porro
1480 3295 1610 3338 faber
1633 3293 1846 3337 ferrarius
1873 3306 1960 3336 non
1990 3293 2305 3336 inveniebatur

465 3361 512 3403 in
539 3359 658 3403 omni
692 3363 809 3402 terra
835 3356 998 3411 Israe13
1030 3361 1241 3399 caverant
1277 3356 1396 3399 enim
1431 3352 1704 3398 Philisthiim
1737 3366 1792 3395 ne
1829 3353 1946 3395 forte
1972 3351 2177 3394 facerent
2213 3351 2303 3393 He-

467 3418 577 3462 braei
603 3417 804 3474 gladium
836 3421 914 3459 aut
947 3416 1163 3458 lanceam.
1191 3414 1227 3441 '2⁰
1259 3413 1571 3458 Descendebat
1599 3425 1703 3467 ergo
1734 3410 1876 3454 omnis
1908 3410 2047 3454 Israel
2077 3409 2133 3453 ad
2165 3409 2303 3452 Phili-

468 3477 635 3533 sthiim,
661 3482 710 3520 ut
731 3481 968 3520 exacueret
993 3474 1288 3529 unusquisque
1315 3487 1540 3516 vomerem
1565 3485 1706 3524 suum,
1730 3476 1774 3512 et
1800 3469 2010 3526 ligonem,
2029 3474 2074 3512 et
2099 3468 2301 3534 securim,

469 3543 514 3580 et
539 3536 774 3579 sarculum.
805 3534 838 3560 ²¹
862 3535 1038 3578 Retusae
1070 3533 1219 3588 itaque
1249 3538 1375 3576 erant
1404 3531 1521 3575 acies
1550 3543 1792 3585 vomerum,
1826 3534 1870 3572 et
1900 3528 2122 3585 ligonum,
2154 3532 2198 3571 et
2225 3532 2302 3570 trl-

471 3683 518 3715 14]
538 3683 611 3709 Act.
631 3682 730 3716 x111,
747 3684 791 3709 22.
