2391 3861
850 148 1008 201 JUDAE,
1044 147 1206 190 19-25.
1825 143 1940 185 1349

120 309 165 351 in
195 309 439 353 novissimo
474 314 671 366 tempore
696 309 880 352 venient
908 309 1129 363 illusores,
1154 308 1398 351 secundum
1429 306 1648 351 desideria
1676 320 1755 348 sua
1788 306 1942 349 ambu-

121 366 261 411 lantes
286 369 331 411 in
365 368 686 426 impietatibus,
717 369 750 395 ¹⁰
773 367 835 411 Hi
874 376 977 410 sunt
1013 368 1087 422 qui
1117 373 1357 422 segregant
1387 365 1668 422 semetipsos,
1703 364 1941 421 animales,

120 426 333 483 Spiritum
360 441 447 469 non
473 427 701 470 habentes.

180 488 217 515 '²⁰
243 489 334 531 Vos
373 493 544 543 autem,
580 487 847 543 charissimi,
881 485 1287 543 superaedificantes
1324 485 1614 541 vosmetipsos
1646 484 1941 527 sanctissimae

119 553 279 591 vestrae
314 546 435 602 fidei,
471 547 517 589 in
552 545 715 602 Spiritu
747 551 901 588 sancto
927 551 1121 599 orantes,
1152 543 1186 570 '²¹
1207 543 1496 600 vosmetipsos
1521 543 1568 585 in
1593 542 1831 586 dilectione
1858 541 1941 584 Dei

119 610 312 661 servate,
337 610 623 661 expectantes
650 603 995 647 misericordiam
1028 602 1207 646 Domini
1237 602 1373 645 nostri
1404 603 1431 645 J
1436 616 1512 645 esu
1538 601 1700 646 Christi
1730 601 1775 644 in
1803 600 1940 643 vitam

120 670 344 708 aeternam.
375 663 412 689 Ἠ
439 665 496 707 Et
528 664 605 707 hos
640 662 815 719 quidem
848 662 1022 718 arguite
1053 661 1303 717 judicatos;
1339 660 1375 687 2³
1399 661 1497 704 illos
1531 675 1633 704 vero
1662 660 1852 714 salvate,
1888 659 1942 702 de

118 723 221 779 igne
254 723 487 779 rapientes.
525 723 638 765 Aliis
672 727 819 765 autem
851 719 1118 764 miseremini
1148 719 1194 761 in
1225 719 1401 775 timore,
1429 720 1626 763 odientes
1652 725 1696 762 ct
1725 733 1821 761 eain
1844 732 1942 773 quae

119 781 309 824 carnalis
336 787 420 836 est,
446 781 715 824 maculatam
739 781 950 824 tunicam.

177 839 214 866 ‘²⁴
233 840 286 882 Ei
315 846 464 883 autem
491 840 564 896 qui
596 845 750 897 potens
776 845 843 883 est
867 853 944 882 vos
975 853 1233 883 conservare
1262 838 1356 882 sine
1382 843 1584 895 peccato,
1608 842 1652 881 et
1677 836 1943 880 constituere

116 904 222 942 ante
259 905 543 955 conspectum
583 899 736 955 gloriae
772 913 863 942 suae
899 898 1209 941 immaculatos
1247 897 1294 940 in
1335 897 1608 940 exultatione
1654 896 1700 939 in
1748 895 1943 938 adventu

121 957 298 1000 Domini
324 958 460 1001 nostri
487 958 595 1002 Jesu
622 957 805 1012 Christi,
835 956 872 984 25
889 958 969 1000 soli
997 959 1088 1000 Deo
1110 956 1320 1000 salvatori
1343 961 1511 1011 nostro,
1539 970 1615 1012 per
1637 955 1664 998 J
1669 969 1792 998 esum
1818 953 1942 997 Chri-

116 1022 235 1059 stum
264 1016 503 1060 Dominum
530 1022 748 1072 nostrum,
779 1016 920 1072 gloria
946 1021 991 1059 et
1015 1015 1368 1072 magnificentia,
1395 1015 1628 1071 imperium
1654 1019 1698 1057 et
1725 1017 1941 1070 potestas,

114 1079 221 1118 ante
247 1089 376 1118 omne
397 1075 629 1130 saeculum,
655 1083 698 1118 et
723 1089 860 1128 nunc,
888 1080 932 1118 et
955 1075 1001 1117 in
1025 1073 1172 1118 omnia
1193 1073 1355 1117 saecula
1382 1073 1658 1116 saeculorum.
1682 1072 1839 1115 Amen.

2032 855 2227 892 Doxologia.
