2456 3861
159 1036 264 1065 David
282 1037 368 1065 obt³-

157 1084 215 1109 net
237 1080 366 1113 Siceleg

173 1126 214 1153 ab
234 1124 348 1153 Achis.

163 1868 251 1897 Hinc
269 1868 371 1901 pluri-

181 1919 252 1940 mas
276 1912 348 1945 agit

196 1957 334 1988 praedas.

170 2638 360 2668 Philisthaei

178 2687 353 2712 armantur

145 2731 262 2756 contra
298 2727 386 2756 Saul.

189 3219 351 3247 Evocatio

167 3261 331 3291 Samuelis
351 3272 369 3291 τι

165 3306 372 3338 pythonissa.

444 151 529 194 282
909 151 931 192 I
966 151 1078 192 ΒΕΘ.
1111 149 1288 202 XXVI,
1323 150 1380 191 24
1412 175 1471 181 —
1501 148 1732 203 XXVIII,
1766 150 1804 192 7.

446 321 590 362 minus
623 324 772 361 autem
812 318 1024 360 retribuet
1061 317 1299 372 unicuique
1334 316 1580 359 secundum
1612 316 1837 372 justitiam
1869 332 1994 360 suam
2028 324 2072 361 et
2107 319 2267 374 fidem,

445 378 628 421 tradidit
664 377 782 419 enim
815 383 858 419 te
892 375 1109 419 Dominus
1146 375 1277 418 hodie
1312 375 1359 418 in
1393 390 1574 418 manum
1607 390 1774 430 meam,
1809 381 1853 418 et
1885 375 2005 419 nolui
2035 378 2271 420 extendere

445 451 624 478 manum
650 450 796 478 meam
816 435 862 477 in
888 435 1102 478 christum
1128 434 1322 479 Domini.
1345 433 1382 460 24
1400 436 1457 477 Et
1482 435 1597 477 sicut
1622 434 1908 490 magnificata
1935 440 2000 477 est
2025 435 2173 478 anima
2196 441 2273 479 tua

444 495 574 537 hodie
605 495 651 536 in
685 494 822 537 oculis
856 493 986 549 meis,
1012 493 1075 536 sic
1106 493 1415 548 magnificetur
1446 493 1597 536 anima
1630 508 1729 536 mea
1756 493 1803 536 in
1837 493 1975 537 oculis
2002 493 2203 550 Domini,
2229 500 2275 537 et

444 554 601 596 liberet
625 567 695 596 me
721 553 774 596 de
800 552 920 596 omni
941 553 1162 608 angustia.
1188 552 1225 579 ‘25
1246 553 1324 597 Ait
1354 567 1457 608 ergo
1485 552 1588 597 Saul
1613 552 1670 595 ad
1701 552 1848 596 David
1872 568 1881 595 :
1911 552 2178 595 Benedictus
2202 558 2272 609 tu,

443 612 505 654 fili
535 613 595 654 mi
623 611 798 667 David;
833 617 877 655 et
901 611 1080 667 quidem
1112 611 1285 655 faciens
1310 612 1472 667 facies,
1503 617 1546 655 et
1579 616 1735 668 potens
1768 611 1945 668 poteris.
1973 611 2100 654 Abiit
2124 616 2274 654 autem

445 670 591 713 David
617 670 662 713 in
688 671 808 713 viam
833 685 980 725 suam,
1008 675 1052 714 et
1074 670 1176 715 Saul
1201 685 1401 714 reversus
1424 676 1489 714 est
1513 670 1559 713 in
1585 671 1733 714 locum
1754 685 1897 715 suum.

622 800 823 843 SECTIO
864 800 968 843 III.
998 825 1057 832 —
1098 800 1286 842 DAvin
1326 812 1470 842 EXUL
1509 811 1656 842 APUD
1696 800 2095 842 PHILISTHAEos

698 914 723 971 ξ
750 915 785 957 Ι.
809 940 867 948 --
890 915 1049 958 David
1071 915 1195 971 apud
1216 915 1360 958 Achis
1373 932 1391 970 ,·
1417 915 1531 959 Saul
1554 915 1679 971 apud
1693 915 2013 971 pythonissam.

505 1023 611 1067 CAP.
638 1022 835 1066 XXVII.
861 1047 920 1055 —
945 1022 958 1048 ¹
979 1023 1036 1065 Et
1060 1023 1125 1065 ait
1151 1022 1298 1065 David
1324 1022 1370 1064 in
1397 1023 1526 1065 corde
1548 1037 1625 1066 suo
1650 1040 1658 1067 ε
1686 1023 1941 1079 Aliquando
1966 1023 2164 1066 incidam
2189 1038 2277 1066 una

447 1082 518 1125 die
542 1082 587 1124 in
614 1095 770 1124 manus
797 1081 930 1137 Saul;
965 1096 1112 1125 nonne
1137 1081 1295 1125 melius
1322 1086 1388 1124 est
1412 1089 1461 1123 ut
1492 1081 1690 1137 fugiam,
1717 1087 1760 1125 et
1785 1081 1930 1125 salver
1960 1081 2006 1124 in
2032 1087 2147 1124 terra
2175 1082 2275 1124 Phi-

445 1141 749 1196 listhinorum,
775 1146 823 1183 ut
856 1140 1057 1197 desperet
1089 1140 1213 1196 Saul,
1242 1145 1468 1196 cessetque
1501 1155 1572 1184 me
1605 1155 1800 1196 quaerere
1831 1140 1878 1182 in
1912 1141 2084 1184 cunctis
2116 1141 2277 1184 finibus

447 1199 622 1243 Israel?
649 1199 838 1255 Fugiam
865 1214 967 1255 ergo
1001 1214 1157 1242 manus
1183 1200 1293 1256 ejus.
1328 1199 1345 1225 2
1370 1201 1428 1242 Et
1460 1200 1649 1244 surrexit
1682 1200 1851 1255 David,
1878 1205 1922 1243 et
1956 1200 2068 1243 abiit
2092 1200 2207 1257 ipse,
2234 1206 2278 1243 et

447 1259 644 1302 sexcenti
666 1258 751 1301 viri
776 1273 877 1301 cum
904 1273 974 1314 eo,
994 1259 1050 1302 ad
1073 1259 1211 1302 Achis
1238 1259 1381 1301 filium
1406 1260 1590 1315 Maoch,
1610 1274 1761 1315 regem
1780 1259 1912 1303 Geth.
1938 1259 1956 1285 3
1974 1259 2032 1301 Et
2055 1259 2279 1302 habitavit

448 1318 594 1361 David
615 1332 715 1360 cum
734 1318 872 1361 Achis
896 1318 944 1360 in
963 1318 1100 1373 Geth,
1120 1318 1214 1375 ipse
1240 1323 1284 1361 et
1305 1318 1388 1361 viri
1415 1319 1535 1374 ejus;
1557 1319 1623 1361 vir
1648 1324 1692 1362 et
1716 1318 1872 1362 domus
1898 1319 2018 1374 ejus;
2040 1323 2084 1361 et
2109 1318 2277 1373 David,

448 1383 492 1420 et
510 1377 608 1420 duae
627 1391 783 1420 uxores
803 1377 919 1434 ejus,
940 1377 1192 1421 Achinoam
1210 1379 1237 1421 J
1243 1378 1483 1433 ezraelitis,
1504 1383 1547 1421 et
1565 1377 1749 1434 Abigail
1773 1393 1884 1421 uxor
1906 1377 2053 1420 Nabal
2072 1377 2276 1422 Carmeli.

448 1437 465 1463 4
491 1438 548 1479 Et
572 1436 824 1479 nuntiatum
859 1443 924 1480 est
957 1437 1078 1480 Sauli
1113 1437 1228 1493 quod
1260 1437 1453 1493 fugisset
1486 1437 1633 1481 David
1666 1438 1711 1480 in
1745 1438 1883 1493 Geth,
1911 1442 1954 1480 et
1986 1451 2074 1480 non
2105 1437 2281 1480 addidit

448 1496 563 1538 ultra
593 1510 788 1551 quaerere
821 1510 935 1540 eum.
970 1496 986 1522 ⁵
1013 1497 1140 1539 Dixit
1171 1502 1321 1540 autem
1356 1496 1503 1540 David
1536 1497 1593 1540 ad
1627 1497 1766 1541 Achis
1791 1514 1800 1541 :
1826 1497 1871 1540 Si
1903 1496 2055 1540 inveni
2087 1496 2279 1552 gratiam

446 1556 493 1598 in
526 1555 663 1598 oculis
696 1555 805 1610 tuis,
832 1555 958 1599 detur
991 1556 1100 1598 mihi
1133 1555 1255 1599 locus
1287 1556 1334 1598 in
1367 1570 1454 1598 una
1481 1556 1657 1599 urbium
1690 1556 1883 1612 regionis
1915 1556 2049 1612 hujus
2081 1561 2131 1598 ut
2155 1555 2280 1598 habi-

447 1621 538 1657 tem
570 1613 661 1668 ibi3
698 1629 774 1657 cur
806 1615 925 1658 enim
954 1621 1104 1658 manet
1137 1630 1288 1658 servus
1313 1621 1414 1658 tuus
1446 1615 1492 1658 in
1527 1615 1708 1659 civitate
1740 1615 1856 1671 legis
1883 1614 2068 1658 tecum?
2102 1615 2120 1641 6
2146 1613 2281 1658 Dedit

447 1674 597 1729 itaque
623 1650 661 1716 ei
694 1673 868 1716 Αο111ε
857 1689 904 1717 111
937 1674 1008 1717 die
1035 1673 1114 1716 illa
1149 1674 1349 1730 Siceleg;
1385 1680 1561 1731 propter
1593 1689 1727 1730 quam
1761 1689 1942 1718 causam
1974 1669 2099 1717 facta
2126 1679 2192 1717 est
2217 1673 2281 1718 Si-

450 1733 573 1788 celeg
605 1747 760 1788 regum
793 1734 820 1776 J
826 1733 913 1776 uda
949 1748 1086 1800 usque
1116 1734 1163 1776 in
1193 1733 1312 1776 diem
1341 1711 1472 1777 lianc.
1507 1733 1521 1760 7
1548 1734 1653 1777 Fuit
1684 1739 1836 1777 autem
1868 1747 2076 1776 numerus
2110 1733 2278 1776 dierum

450 1792 607 1848 quibus
631 1792 853 1835 habitavit
879 1792 1057 1836 David
1046 1808 1092 1834 111
1117 1793 1297 1848 regione
1324 1793 1713 1847 Philisthinorum,
1741 1798 1928 1849 quatuor
1949 1793 2184 1836 mensium.

509 1851 525 1877 3
548 1853 604 1894 Et
628 1851 830 1894 ascendit
856 1852 1003 1895 David
1038 1857 1080 1894 et
1112 1852 1195 1894 viri
1222 1852 1340 1908 ejus,
1368 1858 1410 1895 et
1435 1853 1630 1907 agebant
1661 1852 1835 1909 praedas
1868 1852 1922 1895 de
1949 1851 2129 1896 Gessuri
2154 1857 2198 1895 et
2226 1851 2282 1894 de

451 1911 580 1955 Gerzi
602 1916 645 1953 et
678 1910 732 1954 de
765 1911 1058 1966 Amalecitis3
1092 1911 1138 1953 hi
1165 1911 1283 1954 enim
1316 1911 1419 1968 pagi
1452 1911 1771 1954 habitabantur
1801 1911 1847 1954 in
1873 1917 1988 1954 terra
2013 1910 2280 1967 antiquitus,

451 1970 656 2012 euntibus
683 1971 763 2013 Sur
795 1985 932 2026 usque
956 1970 1013 2013 ad
1046 1976 1209 2013 terram
1241 1970 1444 2026 AEgypti.
1479 1970 1496 1996 9
1522 1971 1580 2013 Εῖ
1611 1970 1889 2027 percutiebat
1924 1970 2071 2014 David
2104 1984 2281 2014 omnem

450 2034 633 2084 terram,
659 2044 740 2072 nec
766 2029 1044 2085 relinquebat
1075 2029 1303 2073 viventem
1336 2030 1480 2072 virum
1513 2035 1557 2073 et
1589 2030 1849 2085 mulierem3
1879 2029 2127 2085 tollensque
2156 2043 2279 2083 oves,

451 2094 493 2131 et
525 2088 681 2143 boves,
716 2094 758 2131 et
782 2089 951 2143 asinos,
979 2094 1021 2132 et
1054 2088 1268 2143 camelos,
1291 2094 1334 2132 et
1367 2095 1533 2145 vestes,
1560 2089 1875 2143 revertebatur,
1909 2094 1952 2132 et
1984 2088 2192 2132 veniebat
2223 2087 2280 2131 ad

451 2147 602 2190 Achis.
632 2147 666 2174 ¹0
692 2148 882 2191 Dicebat
905 2153 1056 2191 autem
1083 2148 1122 2191 ei
1148 2148 1287 2191 Achis
1313 2166 1322 2193 :
1348 2149 1403 2191 In
1426 2163 1556 2204 quem
1581 2148 1747 2191 irruisti
1773 2149 1940 2192 hodie?
1969 2147 2282 2205 Respondebat

452 2206 598 2250 David
623 2223 631 2250 :
661 2207 822 2250 Contra
848 2207 1079 2251 meridiem
1104 2207 1259 2262 Judae,
1287 2213 1330 2250 et
1355 2214 1508 2251 contra
1533 2208 1765 2251 meridiem
1791 2209 1819 2251 J
1824 2207 2035 2262 erameel,
2061 2212 2105 2250 et
2130 2212 2282 2250 contra

451 2265 682 2309 meridiem
708 2266 828 2310 Ceni.
864 2266 896 2292 ¹1
923 2267 1083 2309 Virum
1109 2272 1152 2309 et
1177 2267 1409 2310 mulierem
1441 2282 1529 2311 non
1556 2267 1813 2310 vivificabat
1839 2266 2009 2322 David,
2035 2280 2116 2310 nec
2141 2265 2282 2308 addu-

450 2325 579 2368 cebat
611 2325 658 2367 in
695 2326 833 2381 Geth,
868 2325 1018 2369 dicens
1053 2343 1061 2370 :
1099 2327 1166 2369 Ne
1203 2326 1319 2369 forte
1355 2326 1593 2383 loquantur
1623 2327 1861 2370 adversum
1897 2340 1988 2370 nos,
2024 2326 2138 2369 Haec
2171 2325 2284 2368 fecit

451 2384 619 2437 David,
648 2390 690 2428 et
711 2386 794 2428 hoc
821 2390 914 2428 erat
940 2385 1167 2428 decretum
1194 2385 1262 2428 illi
1285 2386 1490 2429 omnibus
1520 2385 1676 2428 diebus
1703 2386 1861 2441 quibus
1890 2384 2113 2428 habitavit
2144 2384 2191 2427 in
2215 2398 2280 2427 re-

449 2443 580 2498 gione
607 2444 988 2487 Philisthinorum.
1015 2443 1048 2470 ¹⁹2
1073 2444 1273 2489 Credidit
1297 2459 1400 2500 ergo
1422 2444 1560 2488 Achis
1587 2445 1756 2500 David,
1784 2445 1935 2489 dicens
1959 2461 1967 2488 :
1991 2443 2135 2486 Multa
2161 2442 2281 2486 mala

450 2508 653 2558 operatus
681 2508 746 2546 est
771 2507 923 2546 contra
948 2504 1162 2561 populum
1187 2518 1316 2545 suum
1343 2504 1506 2560 Israel,
1543 2504 1624 2547 erit
1647 2503 1785 2560 igitur
1809 2503 1919 2547 mihi
1944 2517 2095 2546 servus
2121 2502 2282 2559 sempi-

450 2567 612 2607 ternus.

509 2622 616 2664 CAP.
639 2622 864 2666 XXVIII.
886 2648 945 2654 —
971 2621 983 2647 1
1009 2623 1198 2665 Factum
1223 2628 1289 2666 est
1317 2627 1468 2666 autem
1496 2623 1542 2665 in
1575 2623 1730 2666 diebus
1762 2622 1873 2678 illis,
1900 2626 2283 2678 congregaveiunt

452 2680 725 2723 Philisthiim
767 2681 949 2736 agmina
992 2696 1085 2737 sua,
1119 2688 1167 2725 ut
1213 2687 1568 2740 p1··aepa1arentu1·
1610 2682 1667 2725 ad
1710 2681 1878 2725 bellum
1927 2686 2079 2725 cont1a
2127 2680 2281 2724 Isr.ael

453 2739 665 2806 Dixitque
691 2740 829 2782 Achis
854 2740 911 2783 ad
938 2741 1118 2784 David.
1145 2742 1298 2785 Sciens
1322 2755 1439 2784 nunc
1464 2741 1575 2785 scito
1602 2741 1811 2797 quoniam
1843 2755 2019 2784 mecum
2044 2740 2281 2797 egredieris

451 2798 496 2840 in
530 2798 706 2853 castris,
735 2804 783 2841 tu
817 2805 860 2842 et
892 2799 974 2842 viri
1007 2800 1085 2843 tui.
1119 2800 1136 2826 ⁶.»
1161 2801 1374 2868 Dixitque
1408 2800 1555 2844 David
1587 2800 1644 2844 ad
1676 2800 1848 2844 Achis:
1874 2800 2004 2842 Nunc
2037 2800 2150 2844 scies
2183 2813 2282 2856 quae

451 2858 652 2900 facturus
675 2863 741 2900 est
765 2872 916 2901 servus
942 2864 1057 2903 tuus.
1077 2861 1134 2902 Et
1150 2860 1215 2903 ait
1233 2859 1371 2903 Achis
1394 2859 1450 2902 ad
1477 2859 1624 2903 David
1647 2875 1656 2903 :
1686 2861 1742 2902 Et
1768 2873 1849 2915 ego
1872 2859 2102 2903 custodem
2124 2858 2283 2915 capitis

452 2916 538 2958 mei
565 2931 727 2972 ponam
754 2923 797 2960 te
831 2918 1003 2961 cunctis
1037 2918 1206 2962 diebus.
1241 2919 1258 2945 3
1284 2919 1460 2963 Samuel
1493 2925 1643 2962 autem
1678 2924 1876 2962 mortuus
1909 2924 1995 2973 est,
2021 2917 2285 2975 planxitque

453 2989 553 3018 eum
587 2975 729 3018 omnis
764 2976 922 3031 Israel,
957 2982 1000 3020 θῖ
1036 2978 1303 3034 sepelierunt
1339 2992 1440 3021 eum
1475 2978 1522 3021 in
1561 2977 1781 3021 Ramatha
1818 2977 1924 3020 urbe
1957 2992 2066 3033 sua;
2102 2982 2146 3021 et
2179 2975 2282 3022 Saul

451 3034 637 3077 abstulit
670 3049 822 3090 magos
849 3041 891 3078 et
918 3036 1079 3080 ariolos
1112 3037 1166 3080 de
1191 3043 1319 3081 terra.
1354 3036 1371 3063 4
1396 3036 1751 3093 Congregatique
1783 3042 1886 3079 sunt
1920 3036 2213 3091 Philisthiim,
2239 3041 2284 3079 et

453 3099 687 3148 venerunt,
722 3100 766 3136 et
805 3096 1107 3138 castrametati
1147 3101 1251 3139 sunt
1290 3096 1334 3139 in
1372 3097 1552 3140 Sunam.
1586 3095 1883 3151 Congregavit
1915 3101 2066 3139 autem
2098 3101 2142 3139 et
2177 3093 2283 3140 Saul

453 3152 706 3224 universum
732 3153 893 3207 Isr,ael
920 3160 962 3196 et
989 3155 1109 3197 venit
1132 3156 1179 3197 in
1206 3156 1386 3199 Gelboe.

512 3211 604 3254 Et
628 3211 742 3254 vidit
766 3211 870 3255 Saul
893 3218 1036 3255 castra
1062 3214 1357 3269 Philisthiim,
1384 3219 1427 3257 et
1452 3214 1621 3269 timuit,
1648 3218 1692 3257 et
1716 3214 1897 3270 expavit
1922 3229 1996 3258 001·
2013 3214 2110 3271 ejus
2135 3213 2282 3257 nimis.

452 3271 470 3297 6
489 3270 806 3326 Consuluitque
833 3271 1099 3327 Dominum3
1128 3278 1171 3315 et
1195 3288 1282 3316 non
1315 3273 1542 3330 respondit
1570 3248 1630 3328 ei’,
1656 3286 1797 3328 neque
1822 3287 1898 3330 per
1923 3273 2116 3327 somnia,
2142 3286 2284 3328 neque

453 3344 528 3387 pei
549 3330 820 3384 sacerdotes,
847 3344 987 3385 neque
1013 3345 1089 3387 pei
1113 3332 1362 3388 prophetas.
1389 3332 1404 3358 ⁷
1426 3332 1636 3388 Dixitque
1659 3331 1765 3375 Saul
1791 3332 1928 3376 servis
1949 3332 2067 3376 suis:
2090 3331 2283 3382 Quaerite

453 3389 562 3432 mihi
589 3363 820 3432 mulierem,
843 3388 1082 3433 habentem
1107 3391 1371 3446 pythonem,
1394 3398 1437 3435 et
1458 3391 1621 3434 vadam
1645 3390 1702 3433 ad
1725 3405 1844 3445 eam,
1864 3397 1907 3434 et
1927 3390 2187 3434 sciscitabor
2207 3403 2283 3447 per

452 3448 590 3549 {lant
619 3449 676 3491 Et
700 3447 908 3491 dixerunt
931 3448 1044 3491 servi
1079 3450 1175 3506 ejus
1204 3449 1260 3493 ad
1295 3464 1396 3493 eum
1421 3467 1430 3494 ε
1466 3452 1544 3493 Εεῖ
1576 3449 1734 3492 111111101·
1765 3450 2009 3507 pythonem
2037 3449 2204 3492 habens
2235 3447 2282 3492 in

496 3522 538 3549 n<
557 3522 615 3550 or.

456 3652 507 3678 28,
524 3651 552 3683 3]
573 3651 649 3682 sup.
668 3650 773 3685 XXV,
792 3654 815 3679 1.
839 3649 940 3679 Eccli.
959 3651 1079 3685 XLVI,
1097 3654 1140 3679 23.
1159 3666 1194 3670 —-
1219 3652 1247 3685 7]
1268 3651 1345 3679 ch.
1365 3651 1440 3685 XX,
1457 3654 1500 3679 27.
1525 3651 1621 3679 Dcut.
1641 3651 1772 3685 XVIII,
1792 3654 1834 3680 ll.
1856 3652 1931 3680 Act.
1950 3651 2041 3687 XVI,
2060 3653 2103 3680 16.
