2456 3861
878 137 959 179 Ex.
994 137 1094 191 XL,
1129 137 1260 180 5-36.
1922 138 1972 181 91

160 321 258 350 eam
287 321 383 362 quae
413 306 495 350 rite
520 312 742 363 praecepta
771 311 884 350 sunt.
908 306 1235 350 Candelabrum
1259 305 1394 349 stabit
1417 320 1517 349 cum
1544 305 1732 349 lucernis
1757 306 1865 362 suis,
1893 307 1910 333 5
1935 311 1978 349 et

162 365 298 409 altare
319 379 500 408 aureum
530 365 572 407 in
605 379 689 421 quo
721 366 921 408 adoletur
953 366 1201 420 incensum,
1225 379 1372 408 coram
1404 379 1507 408 arca
1536 364 1792 408 testimonii.
1816 366 1977 408 Tento-

159 424 271 467 rium
307 423 353 466 in
388 424 570 467 introitu
611 424 883 467 tabernaculi
925 438 1079 480 poneS,
1117 424 1135 449 ⁰
1166 430 1209 468 et
1244 429 1347 467 ante
1383 423 1494 466 illud
1535 423 1674 466 altare
1710 423 1976 478 holocausti,

160 482 174 508 ⁷
203 483 375 525 labrum
413 483 526 526 inter
558 483 697 526 altare
731 488 774 526 et
802 483 1156 538 tabernaculum,
1188 483 1302 539 quod
1335 482 1542 539 implebis
1574 497 1701 538 aqua.
1735 483 1752 509 ⁸
1781 482 1977 526 Circum-

157 541 369 597 dabisque
394 542 556 584 atrium
578 541 798 596 tentoriis,
818 547 862 584 et
883 541 1128 596 ingressum
1151 542 1261 597 ejus».
1281 542 1298 567 ⁰
1313 543 1369 584 Et
1394 546 1622 597 assumpto
1640 541 1860 584 unctionis
1883 541 1978 584 oleo

157 614 296 656 unges
321 600 656 643 tabernaculum
687 614 786 642 cum
812 599 929 642 vasis
954 599 1063 654 suis,
1087 605 1134 642 ut
1159 600 1516 654 sanctificentur3
1546 600 1582 626 ¹⁰
1605 600 1745 643 altare
1773 600 1978 643 holocau-

156 659 211 701 sti
245 665 289 702 et
322 659 469 702 onmia
502 673 608 701 vasa
637 658 762 713 ejus3
794 657 823 684 ¹¹
849 657 1019 700 labrum
1054 671 1153 700 cum
1182 658 1277 700 basi
1307 672 1416 702 sua:
1446 659 1595 702 omnia
1631 659 1851 702 unctionis
1883 659 1979 702 oleo

157 718 453 773 consecrabis,
480 722 529 760 ut
552 717 641 759 sint
661 722 815 759 sancta
836 721 1103 759 sanctorum.

218 776 251 802 ¹²
276 775 623 833 Applicabisque
656 776 805 818 Aaron
835 779 878 818 et
910 773 1022 817 filios
1052 775 1148 830 ejus
1173 775 1229 818 ad
1263 776 1380 818 fores
1412 776 1688 820 tabernaculi
1714 777 1977 833 testimonii,

157 840 200 878 et
232 835 343 878 lotos
375 848 509 890 aqua,
543 834 580 860 ¹³
603 833 759 876 indues
791 833 956 876 sanctis
990 833 1207 889 vestibuS,
1235 838 1283 876 ut
1316 834 1567 877 ministrent
1593 835 1722 890 mihi,
1754 842 1797 878 et
1830 836 1980 878 unctio

156 907 304 937 eorum
329 893 375 936 in
400 892 697 936 sacerdotium
722 891 1039 948 sempiternum
1065 892 1279 948 proficiat.

215 952 249 979 ¹¹
275 952 487 1008 Fecitque
520 952 695 1008 Moyses
728 951 876 994 omnia
905 965 1002 1006 quae
1036 956 1306 1007 praeceperat
1336 951 1566 995 Dominus,
1597 951 1631 978 ¹5
1654 953 1799 1009 Igitur
1830 968 1979 997 mense

153 1012 295 1068 primo
334 1010 439 1054 anni
479 1010 680 1065 secundi,
719 1009 860 1067 prima
894 1009 964 1052 die
1001 1009 1185 1065 mensis,
1220 1010 1486 1053 collocatum
1523 1014 1589 1054 est
1628 1012 1978 1055 tabernaculum.

155 1070 192 1097 ¹⁰
209 1069 447 1126 Erexitque
468 1069 643 1126 Moyses
663 1069 796 1125 illud,
816 1074 860 1112 et
885 1069 1030 1125 posuit
1051 1069 1227 1112 tabulas
1252 1084 1303 1112 ac
1329 1069 1456 1112 bases
1482 1075 1525 1113 et
1550 1076 1718 1126 vectes,
1738 1071 1979 1126 statuitque

153 1129 401 1185 columnas,
437 1127 471 1154 ¹⁷
498 1134 542 1172 et
567 1127 781 1185 expandit
812 1132 981 1170 tectum
1017 1142 1147 1184 super
1178 1128 1535 1185 tabernaculum,
1558 1128 1765 1186 imposito
1795 1129 1980 1186 desuper

153 1188 446 1245 operimento,
465 1187 580 1231 sicut
602 1186 817 1230 Dominus
837 1187 1148 1243 imperaverat.
1173 1186 1207 1213 ¹8
1227 1187 1379 1230 Posuit
1400 1192 1444 1230 et
1468 1187 1773 1231 testimonium
1794 1188 1840 1231 in
1864 1202 1978 1244 arca,

153 1247 343 1290 subditis
363 1247 485 1289 infra
510 1246 732 1302 vectibus,
755 1251 799 1289 et
825 1246 1051 1288 oraculum
1077 1246 1275 1302 desuper.
1308 1246 1343 1272 ¹9
1365 1246 1562 1302 Cumque
1586 1246 1810 1291 intulisset.
1831 1261 1980 1290 arcam

153 1305 198 1348 in
220 1305 576 1361 tabernaculum,
607 1305 820 1362 appendit
852 1310 956 1348 ante
983 1320 1081 1348 eam
1109 1305 1280 1361 velum,
1312 1311 1361 1349 ut
1393 1305 1590 1362 expleret
1617 1306 1796 1349 Domini
1821 1306 1979 1362 jussio-

153 1379 267 1408 nem.
299 1364 336 1391 ²⁰
362 1364 513 1408 Posuit
546 1371 590 1408 et
618 1379 816 1408 mensam
845 1364 892 1407 in
917 1364 1206 1407 tabernaculo
1238 1364 1482 1407 testimonii
1507 1365 1564 1408 ad
1592 1365 1775 1422 plagam
1807 1370 1979 1433 septen-

153 1424 386 1467 trionalem
418 1429 543 1467 extra
575 1423 746 1479 velum,
787 1422 821 1449 91
854 1423 1066 1466 ordinatis
1100 1437 1248 1466 coram
1284 1423 1594 1480 propositionis
1626 1423 1835 1480 panibus,
1867 1424 1980 1467 sicut

151 1487 422 1550 praeceperat
463 1482 678 1525 Dominus
718 1458 876 1538 Moysi.
917 1480 954 1508 2²
983 1482 1136 1525 Posuit
1175 1487 1220 1525 et
1260 1481 1577 1525 candelabrum
1611 1483 1657 1525 in
1695 1483 1980 1526 tabernaculo

151 1541 393 1585 testimonii
423 1556 446 1585 e
474 1541 654 1597 regione
680 1556 844 1584 mensae
875 1541 920 1584 in
944 1546 1070 1598 parte
1098 1540 1301 1596 australi,
1331 1540 1369 1567 23
1393 1540 1550 1584 locatis
1582 1556 1660 1598 per
1692 1541 1892 1585 ordinem
1917 1542 1981 1584 lu-

152 1601 312 1657 cernis,
342 1600 473 1657 juxta
505 1605 778 1657 praeceptum
817 1599 1012 1643 Domini.
1042 1598 1079 1626 24
1106 1599 1258 1643 Posuit
1290 1605 1334 1644 et
1366 1599 1506 1644 altare
1538 1615 1719 1644 aureum
1751 1600 1831 1643 sub
1864 1606 1982 1644 tecto

150 1660 394 1703 testimonii
432 1664 584 1703 contra
621 1660 790 1714 velum,
831 1658 868 1686 ²⁵
901 1664 944 1702 et
976 1658 1172 1702 adolevit
1204 1673 1334 1716 super
1367 1674 1417 1703 eo
1449 1659 1679 1703 incensum
1712 1664 1980 1715 aromatum,

150 1719 264 1762 sicut
287 1718 480 1775 jusserat
505 1718 722 1762 Dominus
743 1718 902 1776 Moysi.
932 1717 969 1745 2ss
995 1718 1147 1761 Posuit
1173 1723 1216 1761 et
1242 1719 1480 1761 tentorium
1501 1718 1548 1761 in
1569 1717 1753 1761 introitu
1778 1718 1982 1762 taberna-

151 1777 237 1821 culi
261 1777 527 1834 testimonii,
554 1777 590 1804 2⁷
616 1783 660 1821 et
680 1778 820 1821 altare
844 1777 1090 1821 holocausti
1114 1777 1161 1820 in
1187 1777 1408 1821 vestibulo
1435 1777 1698 1834 testimonii,
1723 1778 1912 1820 offerens
1936 1778 1982 1819 in

151 1851 201 1880 eo
220 1837 547 1893 holocaustum,
568 1842 611 1880 et
635 1837 873 1893 sacrificia,
893 1842 941 1880 ut
967 1837 1183 1880 Dominus
1204 1836 1514 1893 imperaverat.
1538 1835 1575 1863 ‘²⁸
1594 1837 1790 1880 Labrum
1812 1851 1982 1892 quoque

149 1896 306 1939 statuit
325 1896 441 1939 inter
465 1896 803 1939 tabernaculum
828 1896 1070 1939 testimonii
1094 1900 1137 1939 et
1161 1895 1322 1952 altare,
1340 1896 1532 1953 implens
1556 1895 1668 1939 illud
1690 1910 1818 1952 aqua.
1841 1894 1878 1921 ²9
1898 1896 1982 1938 La-

148 1961 393 2011 veruntque
429 1956 606 2012 Moyses
642 1960 686 1998 et
718 1957 868 1999 Aaron
905 1970 957 1998 ac
989 1955 1068 1998 filii
1099 1955 1196 2011 ejus
1233 1969 1390 1998 manus
1423 1970 1522 1998 suas
1557 1960 1600 1998 et
1632 1955 1786 2012 pedes,
1820 1954 1857 1981 3⁰
1883 1969 1983 1997 cum

149 2014 483 2071 ingrederentur
511 2021 680 2058 tectum
708 2015 912 2071 foederis,
939 2019 983 2058 et
1007 2014 1270 2058 accederent
1301 2014 1358 2058 ad
1382 2015 1544 2071 altare,
1573 2015 1688 2057 sicut
1712 2018 1983 2071 praeceperat

150 2073 367 2116 Dominus
402 2074 560 2131 Moysi.
595 2074 629 2100 3¹
653 2074 808 2117 Erexit
841 2079 884 2118 et
919 2073 1081 2117 atrium
1113 2088 1190 2130 per
1222 2088 1382 2130 gyrum
1418 2073 1695 2117 tabernaculi
1733 2079 1776 2116 et
1808 2072 1980 2128 altaris,

151 2131 281 2175 ducto
302 2133 349 2175 in
373 2133 556 2176 introitu
585 2133 681 2189 ejus
706 2134 909 2180 tentorio,

210 2192 451 2247 Postquam
485 2192 633 2235 omnia
661 2194 862 2249 perfecta
894 2198 1017 2250 sunt,
1051 2193 1088 2221 32
1114 2193 1285 2250 operuit
1313 2192 1452 2237 nubes
1485 2192 1823 2237 tabernaculum
1859 2192 1982 2236 testi-

149 2250 307 2306 monii,
341 2256 386 2294 et
417 2252 557 2307 gloria
593 2252 771 2294 Domini
804 2253 1009 2309 implevit
1041 2253 1166 2296 illud.
1201 2252 1239 2279 33
1264 2253 1358 2296 Nec
1389 2257 1564 2309 poterat
1600 2253 1776 2309 Moyses
1808 2251 1981 2308 ingredi

149 2315 318 2354 tectum
343 2310 546 2365 foederis,
570 2311 688 2354 nube
720 2312 943 2368 operiente
969 2312 1139 2368 omnia,
1165 2317 1208 2355 et
1234 2312 1471 2368 majestate
1499 2311 1680 2355 Domini
1704 2315 1981 2366 coruscante,

150 2369 253 2425 quia
279 2375 437 2412 cuncta
460 2370 599 2413 nubes
627 2376 870 2426 operuerat.
897 2371 933 2398 3'*
951 2372 996 2415 Si
1018 2371 1194 2427 quando
1216 2371 1356 2414 nubes
1378 2371 1715 2414 tabernaculum
1738 2369 1980 2425 deserebat,

149 2428 543 2484 proficiscebantur
571 2429 651 2471 filii
674 2429 813 2473 Israel
839 2444 916 2486 per
940 2435 1108 2473 turmas
1134 2444 1263 2485 suas;
1299 2430 1335 2457 35
1356 2430 1392 2473 si
1420 2429 1644 2487 pendebat
1669 2430 1866 2486 desuper,
1891 2443 1982 2471 ma-

149 2487 317 2530 nebant
355 2487 402 2530 in
442 2488 598 2531 eodem
639 2488 748 2532 loco.
790 2488 827 2515 36
861 2489 1011 2533 Nubes
1047 2489 1210 2546 quippe
1248 2489 1428 2532 Domini
1468 2489 1712 2532 incubabat
1748 2503 1826 2545 per
1865 2487 1983 2531 diem

149 2546 455 2603 tabernaculo,
494 2552 539 2590 et
574 2547 692 2604 ignis
728 2548 775 2590 in
817 2553 966 2605 nocte,
1004 2547 1262 2592 videntibus
1304 2547 1474 2591 cunctis
1515 2547 1689 2604 populis
1728 2546 1866 2589 Israel
1905 2559 1984 2602 per

152 2610 332 2648 cunctas
358 2607 609 2650 mansiones
635 2621 748 2651 suas.

155 2767 203 2799 13]
221 2767 299 2799 Sup.
318 2767 449 2800 XXIX,
471 2771 516 2796 35.
535 2768 615 2796 Lev.
631 2769 727 2801 VIII,
751 2772 776 2796 2.
794 2784 831 2789 —-
848 2770 895 2802 161
912 2769 1009 2796 Num.
1027 2769 1106 2805 VII,
1130 2769 1157 2796 l.
1172 2782 1209 2788 -
1225 2768 1273 2802 3⁴2]
1291 2768 1389 2796 Num.
1413 2767 1471 2804 IX,
1494 2770 1537 2795 15-
1559 2767 1612 2795 111
1631 2768 1714 2800 Reg.
1732 2767 1826 2799 VIII.
1872 2770 1894 2794 ζ.

2070 774 2103 800 et
2123 771 2261 800 iuvesti-

2126 819 2203 843 tura

2053 860 2274 889 sacerdotum.

2082 961 2248 989 Executio

2087 1003 2245 1032 mandati.

2078 2195 2190 2223 Nubes
2208 2197 2256 2223 ta-

2061 2240 2275 2267 bei-naculum

2089 2283 2251 2316 operiens,
