2423 3861
159 394 256 423 Urbis

104 437 312 473 destructio,

145 482 270 510 civium

97 526 315 560 transmigra-

175 570 234 598 tlt).

125 1039 283 1072 supellex

128 1091 220 1112 sacra
237 1083 271 1111 in

98 1129 301 1161 Babylonem

113 1173 290 1202 translata.

142 2049 258 2078 Plures

123 2100 138 2121 e
156 2093 274 2126 primis

133 2138 266 2167 civibus

79 2183 253 2212 interfecti
284 2183 317 2212 in

108 2228 285 2256 Reblatha.

114 2596 136 2623 Ν
145 2603 278 2625 umerus

121 2638 268 2667 (11111110.

123 2945 265 2973 Joachin

123 2990 265 3018 ’11000100

140 3033 251 3066 regio:

102 3083 285 3110 iecupcrat.

396 94 481 135 004
1086 92 1188 132 sm.
1226 91 1336 143 LII,
1374 91 1454 131 12-
1468 93 1537 133 34.

393 263 584 306 adduxit
616 276 716 305 eum
748 274 825 302 rex
861 258 1104 314 Babylonis
1128 258 1176 299 in
1203 258 1503 314 Babylonem,
1537 265 1580 302 et
1612 259 1761 315 posuit
1787 274 1888 303 eum
1911 261 1959 304 111
1985 261 2114 305 domo
2138 276 2232 304 car-

394 322 504 365 ceris
527 335 662 376 usque
684 319 741 361 ad
763 318 881 361 diem
904 317 1057 360 mortis
1084 317 1194 372 ejus.

454 380 489 406 1'2
506 381 558 423 In
587 392 736 421 mense
762 383 912 420 autem
939 376 1115 431 quinto,
1140 375 1313 419 decima
1340 376 1526 431 mensis,
1552 376 1648 432 ipse
1677 384 1744 421 est
1773 393 1916 421 annus
1941 393 2083 424 nonus
2112 381 2231 424 deci-

393 454 490 482 mus
532 436 956 490 Nabuchodonosor,
1003 435 1120 490 regis
1168 435 1435 491 Babylonis,
1486 435 1607 478 venit
1657 437 1979 494 Nabuzardan,
2027 439 2233 497 princeps

391 497 584 553 militiae,
621 496 695 552 qui
729 496 879 538 stabat
913 509 1062 538 coram
1095 509 1199 550 rege
1232 494 1492 550 Babylonis,
1511 494 1558 536 in
1592 496 1868 552 Jerusalem,
1905 496 1942 523 ¹3
1959 502 2004 541 et
2032 498 2232 542 incendit

391 558 571 600 domum
597 555 802 611 Domini,
826 560 869 598 et
891 554 1073 597 domum
1097 554 1236 610 regis,
1260 558 1303 597 et
1330 568 1481 597 omnes
1508 554 1662 598 domos
1688 556 1959 612 Jerusalem,
1986 561 2030 600 et
2055 571 2233 601 omnem

390 617 572 660 domum
613 629 825 671 magnam
861 614 957 670 igni
995 613 1268 668 combussit,
1314 613 1349 639 ¹4
1380 618 1423 656 et
1463 618 1605 656 totum
1649 630 1825 658 murum
1866 615 2116 659 Jerusalem
2155 631 2234 673 per

389 675 625 718 circuitum
644 673 864 718 destruxit
886 678 1071 716 cunctus
1095 673 1314 716 exercitus
1335 672 1663 730 Chaldaeorum,
1684 675 1758 730 qui
1781 680 1875 718 erat
1893 689 1995 717 cum
2018 675 2231 732 magistro

388 734 576 779 militiae.
620 734 656 761 15
694 735 761 777 De
804 733 1072 791 pauperibus
1114 738 1265 776 autem
1305 732 1458 789 populi
1504 737 1548 776 et
1592 733 1647 777 de
1691 734 1861 790 reliquo
1908 734 2065 790 vulgo,
2115 736 2231 792 quod

387 799 661 838 remanserat
681 793 729 836 in
754 793 950 848 civitate,
979 798 1022 835 et
1048 792 1102 835 de
1128 792 1331 849 perfugis
1358 792 1432 848 qui
1459 793 1798 849 transfugerant
1822 793 1880 836 ad
1905 808 2056 850 regem
2084 796 2232 852 Baby-

387 854 521 911 lonis,
549 859 594 898 et
619 858 788 897 ceteros
815 853 869 896 de
897 851 1188 896 multitudine
1209 852 1438 895 transtulit
1464 852 1786 909 Nabuzardan,
1809 853 2015 910 princeps
2041 853 2231 898 militiae.

387 914 423 941 ¹6
442 915 509 957 De
534 913 802 971 pauperibus
830 927 931 956 vero
956 917 1084 955 terrae
1107 911 1286 967 reliquit
1313 911 1635 967 Nabuzardan,
1663 913 1869 970 princeps
1895 912 2093 970 militiae,
2117 914 2229 957 vini-

388 979 501 1017 tores
528 979 571 1017 et
596 973 829 1029 agricolas.

447 1033 480 1060 17
508 1033 747 1078 Columnas
782 1047 954 1089 quoque
989 1046 1125 1075 aereas
1160 1046 1259 1087 quae
1295 1037 1420 1075 erant
1451 1032 1498 1074 111
1533 1032 1663 1077 domo
1699 1032 1903 1089 Domini,
1935 1038 1978 1076 et
2009 1033 2161 1090 bases,
2188 1039 2232 1077 et

386 1108 507 1137 mare
549 1107 722 1136 aeneum
762 1093 879 1149 quod
917 1097 1011 1136 erat
1050 1092 1097 1134 in
1136 1091 1265 1134 domo
1304 1091 1506 1147 Domini,
1551 1093 1870 1148 confregerunt
1917 1092 2142 1149 Chaldaei,
2187 1098 2232 1136 et

385 1154 582 1196 tulerunt
619 1167 749 1196 omne
788 1167 847 1196 aes
885 1167 1037 1196 eorum
1071 1152 1117 1194 in
1157 1151 1463 1208 Babylonem,
1496 1151 1531 1178 ¹3
1558 1160 1602 1196 et
1635 1153 1825 1207 lebetes,
1856 1157 1899 1195 et
1929 1166 2157 1208 creagras,
2188 1158 2231 1195 et

385 1213 609 1270 psalteria,
638 1218 680 1255 et
705 1212 893 1269 phialas,
921 1218 963 1255 et
985 1211 1253 1267 mortariola,
1281 1215 1326 1254 et
1347 1211 1496 1255 onmia
1519 1227 1627 1256 vasa
1654 1226 1767 1255 terea
1792 1226 1891 1267 quae
1913 1211 1959 1254 in
1982 1211 2230 1255 ministerio

385 1274 580 1327 fuerant,
607 1272 830 1327 tulerunt;
864 1272 900 1298 ¹9
922 1278 965 1315 et
985 1271 1182 1328 hydrias,
1207 1277 1250 1314 et
1272 1271 1650 1328 thymiamateria,
1675 1276 1718 1316 et
1739 1285 1907 1326 urceos,
1930 1276 1974 1314 et
1999 1271 2164 1328 pelves,
2189 1276 2231 1314 et

386 1332 677 1387 candelabra,
703 1338 747 1375 et
772 1331 1002 1387 mortaria,
1030 1336 1073 1375 et
1099 1331 1305 1387 cyathos,
1337 1336 1554 1387 quotquot
1578 1346 1728 1388 aurea,
1760 1345 1914 1386 aurea,
1942 1336 1985 1374 et
2014 1335 2232 1387 quotquot

385 1397 615 1448 argentea,
643 1397 876 1448 argentea,
900 1392 1004 1434 tulit
1025 1391 1240 1447 magister
1266 1390 1472 1445 111111110ος
1496 1390 1532 1417 ‘²⁰
1550 1397 1594 1435 et
1616 1391 1847 1434 columnas
1874 1390 2005 1440 duas,
2037 1394 2080 1433 et
2109 1405 2231 1433 mare

385 1467 544 1508 unum,
569 1456 613 1495 et
638 1451 801 1495 vitulos
827 1451 1063 1495 duodecim
1091 1464 1227 1493 aereos
1253 1450 1327 1505 qui
1355 1456 1481 1493 erant
1505 1451 1586 1493 sub
1613 1450 1796 1493 basibus
1825 1464 1933 1505 quas
1959 1449 2131 1493 fecerat
2153 1464 2231 1492 rex

386 1511 597 1555 Salomon
646 1511 693 1554 in
739 1511 871 1554 domo
911 1510 1109 1555 Domini.
1159 1510 1259 1552 Non
1306 1514 1401 1553 erat
1447 1510 1622 1566 pondus
1675 1509 1774 1552 aeris
1823 1509 2022 1552 omnium
2070 1509 2228 1552 horum

386 1585 606 1613 vasorum.
642 1569 675 1596 “2¹
705 1572 772 1614 De
806 1571 1023 1613 columnis
1056 1574 1207 1612 autem
1241 1569 1396 1612 decem
1427 1575 1472 1614 et
1509 1573 1609 1610 octo
1647 1567 1784 1611 cubiti
1814 1567 2068 1610 altitudinis
2103 1576 2229 1611 erant

384 1631 431 1672 in
458 1631 666 1673 columna
688 1645 795 1685 una,
825 1634 867 1672 et
898 1630 1129 1673 funiculus
1157 1628 1394 1671 duodecim
1420 1631 1673 1672 cubitorum
1701 1627 1920 1671 circuibat
1947 1642 2073 1682 eam3
2099 1642 2227 1684 porro

386 1690 637 1745 grossitudo
668 1689 765 1746 ejus
791 1695 978 1745 quatuor
997 1688 1250 1743 digitorum,
1272 1692 1316 1730 et
1333 1686 1600 1731 intrinsecus
1623 1702 1733 1730 cava
1757 1692 1864 1730 erat.
1887 1685 1924 1712 ”22
1939 1688 1996 1729 Et
2018 1687 2228 1744 capitella

386 1764 516 1806 super
556 1755 787 1805 utramque
828 1763 940 1792 aerea
977 1765 986 1793 :
1023 1747 1214 1790 altitudo
1255 1747 1452 1803 capitelli
1486 1747 1617 1790 unius
1652 1747 1846 1802 quinque
1876 1746 2149 1802 cubitorum,
2186 1754 2228 1790 et

385 1808 600 1852 retiacula
652 1814 695 1852 et
742 1809 1050 1864 malogranata
1099 1821 1229 1863 super
1281 1820 1488 1849 coronam
1533 1807 1580 1849 in
1627 1806 1836 1862 circuitu,
1886 1805 2036 1849 omnia
2083 1820 2224 1859 aerea3

385 1868 591 1912 similiter
631 1869 852 1912 columnae
889 1867 1119 1922 secundae,
1161 1871 1205 1909 et
1246 1865 1569 1921 malogranata.
1618 1865 1654 1892 '²3
1684 1867 1742 1909 Et
1782 1866 1966 1909 fuerunt.
2006 1864 2226 1921 malogra-

384 1934 490 1971 nata
524 1929 770 1985 nonaginta
804 1943 881 1972 sex
916 1925 1243 1984 dependentia3
1280 1930 1322 1970 et
1350 1926 1498 1969 omnia
1525 1926 1837 1983 malogranata
1867 1929 2067 1982 centum,
2095 1924 2228 1969 retia-

386 1987 495 2031 culis
523 1988 927 2032 circumdabantur.

445 2047 480 2074 24
499 2048 557 2091 Et
582 2049 688 2091 tulit
717 2048 930 2104 magister
956 2048 1130 2092 militiae
1163 2048 1382 2105 Saraiam,
1418 2049 1696 2093 sacerdotem
1731 2048 1947 2106 primum,
1983 2053 2026 2093 et
2057 2048 2225 2106 Sopho-

384 2108 526 2164 niam,
550 2108 827 2151 sacerdotem
854 2108 1119 2164 secundum,
1148 2114 1191 2152 et
1220 2114 1308 2152 tres
1334 2109 1540 2153 custodes
1571 2109 1782 2152 vestibuli
1803 2127 1812 2164 3
1845 2108 1882 2136 25
1897 2114 1939 2152 et
1962 2109 2017 2152 de
2043 2108 2227 2152 civitate

383 2168 487 2211 tulit
527 2168 780 2211 eunuchum
817 2183 974 2224 unum,
1014 2168 1087 2224 qui
1125 2173 1219 2212 erat
1255 2168 1521 2225 praepositus
1557 2183 1688 2225 super
1724 2169 1841 2212 viros
1878 2168 2145 2222 bellatore83
2184 2175 2228 2211 et

382 2234 553 2285 septem
594 2228 711 2271 viros
749 2228 803 2272 de
840 2228 907 2271 his
950 2228 1023 2285 qui
1066 2228 1282 2271 videbant
1318 2228 1486 2272 faciem
1528 2229 1667 2284 regis,
1709 2229 1782 2285 qui
1823 2228 1995 2271 inventi
2032 2233 2137 2271 sunt
2179 2227 2225 2269 in

383 2288 594 2343 civitat-e;
627 2293 670 2331 et
695 2288 888 2332 scribam
919 2289 1165 2346 principem
1195 2288 1412 2344 militum,
1440 2288 1515 2346 qui
1542 2288 1762 2345 probabat
1787 2293 1995 2345 tyrones3
2028 2293 2071 2331 01
2099 2301 2224 2330 sexa—

383 2347 509 2404 ginta
534 2348 650 2392 viros
677 2348 731 2392 de
756 2349 919 2406 populo
944 2353 1092 2404 terrae,
1121 2348 1194 2405 qui
1227 2348 1400 2392 inventi
1431 2354 1536 2391 sunt
1559 2347 1606 2390 in
1637 2348 1784 2391 medio
1810 2347 2021 2391 civitatis.
2048 2345 2086 2373 ⁶25
2102 2345 2227 2389 Tulit

382 2413 531 2451 autem
551 2423 624 2452 eos
644 2408 958 2465 Nabuzardan,
978 2408 1192 2464 magister
1214 2408 1405 2465 militiae,
1427 2413 1470 2452 et
1488 2407 1618 2451 duxit
1637 2422 1709 2451 eos
1727 2407 1785 2450 ad
1805 2421 1958 2463 regem
1982 2405 2226 2462 Babylonis

381 2467 427 2509 in
469 2468 719 2524 Reblatha3
763 2467 799 2494 2⁷
834 2474 876 2511 01
921 2468 1138 2526 percussit
1177 2482 1249 2512 eos
1290 2482 1368 2511 rex
1411 2467 1680 2524 Babylonis,
1723 2472 1767 2511 et
1802 2466 2032 2510 interfecit
2070 2479 2143 2508 000
2178 2464 2226 2507 10

384 2527 604 2571 Reblatha
625 2528 671 2571 in
694 2533 808 2572 terra
835 2529 1001 2571 Emath
1021 2546 1029 2584 3
1058 2533 1102 2572 et
1127 2528 1370 2571 translatus
1393 2532 1459 2571 est
1484 2528 1513 2570 J
1518 2527 1605 2570 uda
1627 2527 1682 2570 de
1707 2532 1822 2570 terra
1848 2540 1940 2569 sua.

442 2586 477 2614 28
495 2588 588 2631 Iste
615 2593 680 2632 est
701 2588 889 2645 populus
912 2603 1044 2645 quem
1069 2588 1298 2631 transtulit
1326 2586 1740 2631 Nabuchodonosor
1769 2603 1777 2631 z
1802 2586 1850 2628 in
1871 2599 1988 2628 anno
2011 2584 2223 2642 septimo,

381 2647 409 2690 J
416 2647 566 2691 udaeos
592 2648 678 2691 tria
703 2648 846 2691 millia
870 2654 913 2692 et
938 2647 1099 2704 viginti
1125 2653 1242 2703 tres3
1271 2647 1308 2674 29
1325 2647 1511 2691 inanno
1538 2651 1697 2691 octavo
1725 2645 1899 2690 decimo
1925 2643 2223 2687 Nabuchodo-

381 2721 520 2763 nosor,
542 2708 595 2751 de
614 2707 865 2751 Jerusalem
884 2708 1057 2751 animas
1077 2707 1358 2764 octingentas
1378 2707 1564 2763 triginta
1584 2706 1694 2750 duas
1714 2723 1723 2761 3
1749 2705 1786 2732 30
1801 2705 1848 2748 in
1869 2718 1986 2747 anno
2005 2703 2226 2760 vigesimo

381 2766 511 2810 tertio
537 2767 959 2825 Nabuchodonosor,
989 2767 1218 2811 transtulit
1249 2767 1563 2823 Nabuzardan,
1595 2765 1810 2822 magister
1834 2763 2023 2819 militiae,
2050 2762 2224 2805 animas

380 2827 642 2870 Judaeorum
675 2827 980 2884 septingentas
1016 2826 1316 2884 quadraginta
1348 2826 1553 2883 quinque.
1583 2826 1748 2870 Omnes
1774 2838 1879 2880 ergo
1901 2823 2089 2878 animae,
2116 2836 2225 2878 qua-

380 2892 477 2929 tuor
503 2886 645 2930 millia
671 2892 907 2931 sexcentae.

439 2945 472 2971 3¹
501 2947 559 2989 Et
580 2947 755 2990 factum
782 2952 848 2990 est
875 2947 922 2990 in
951 2947 1180 3004 trigesimo
1207 2948 1397 3004 septimo
1423 2961 1539 2990 anno
1566 2942 1973 3001 transmigrationis
2007 2942 2221 2998 Joachin,

379 3005 496 3058 regis
519 3006 547 3048 J
553 3006 652 3062 uda,
686 3006 950 3050 duodecimo
982 3021 1145 3063 mense,
1170 3007 1388 3063 vigesima
1415 3006 1571 3063 quinta
1597 3004 1775 3059 mensis,
1803 3001 1998 3046 elevavit
2026 3002 2223 3045 Evilme-

380 3064 565 3119 rodach,
592 3080 668 3108 rex
700 3066 965 3122 Babylonis,
991 3067 1088 3123 ipso
1117 3081 1233 3110 anno
1261 3067 1387 3123 regni
1417 3066 1506 3121 sui,
1538 3069 1673 3122 caput
1698 3064 1727 3106 J
1731 3061 1912 3117 oachiu,
1937 3062 2106 3118 regist
2111 3060 2219 3115 uda,

380 3130 424 3167 et
449 3124 602 3167 eduxit
628 3139 728 3168 eum
751 3125 804 3168 de
832 3126 963 3169 domo
989 3126 1191 3169 carceris.
1219 3125 1256 3153 3²
1275 3128 1332 3169 Et
1353 3126 1527 3169 locutus
1553 3129 1620 3167 est
1643 3137 1744 3166 00111
1771 3136 1820 3166 00
1847 3122 1976 3175 bona,
2005 3126 2049 3165 et
2073 3119 2222 3178 posuit

380 3183 589 3227 thronum
623 3184 720 3239 ejus
753 3199 884 3240 super
912 3186 1094 3229 thronos
1122 3200 1279 3242 regum
1309 3185 1383 3241 qui
1409 3190 1535 3228 erant
1560 3187 1660 3240 post
1692 3196 1738 3225 se
1763 3181 1808 3223 in
1837 3181 2080 3238 Babylone.
2107 3179 2145 3206 33
2163 3180 2221 3222 Et

380 3243 573 3286 mutavit
606 3243 874 3286 vestimenta
901 3245 1088 3288 carceris
1114 3246 1231 3301 ejuS‚
1260 3251 1303 3288 et
1325 3243 1590 3288 comedebat
1613 3255 1775 3298 panem
1799 3255 1946 3284 coram
1974 3255 2024 3284 eo
2045 3253 2221 3295 semper

382 3303 552 3346 cunctis
583 3302 740 3346 diebus
773 3303 876 3345 111εο
899 3317 1005 3346 suae.
1028 3303 1064 3330 34
1085 3306 1142 3347 Et
1167 3304 1335 3347 cibaria
1362 3303 1479 3359 ejus,
1507 3301 1676 3344 cibaria
1697 3306 1910 3357 perpetua
1933 3300 2158 3344 dabantur
2179 3297 2218 3341 ei

381 3376 406 3403 a
434 3376 537 3418 rege
563 3362 829 3418 Babylonis,
860 3366 1028 3405 statuta
1055 3377 1131 3419 per
1156 3363 1355 3419 singulos
1382 3362 1497 3417 dies,
1525 3374 1662 3416 usque
1691 3359 1748 3402 ad
1776 3360 1894 3403 diem
1920 3359 2074 3403 mortis
2103 3371 2217 3413 suae,

383 3421 553 3464 00110110
581 3421 735 3465 diebus
761 3421 865 3464 vitre
888 3421 997 3477 ejus.

1115 3564 1477 3603 &5302be
