2423 3861
748 129 821 172 ΕΖ.
858 129 944 185 IX,
980 130 1005 173 7
1039 155 1094 163 --
1127 130 1188 183 X,
1223 129 1292 171 22.
1851 128 1932 172 931

111 298 347 343 interficite
373 312 510 358 usque
542 300 601 342 ad
629 302 1002 354 internecionem;
1037 312 1214 342 omnem
1243 305 1394 340 autem
1426 311 1558 352 super
1587 310 1717 350 quem
1742 294 1939 338 videritis

110 359 243 414 thau,
267 371 322 401 ne
348 357 583 414 occidatis,
610 363 653 401 et
679 372 705 400 a
730 357 986 401 sanctuario
1006 372 1105 401 meo
1124 357 1323 414 incipite.

172 417 411 474 Coeperunt
444 431 548 472 ergo
579 431 606 459 a
633 416 740 459 viris
769 417 1034 473 senioribus,
1066 416 1140 474 qui
1174 421 1302 460 erant
1321 422 1426 459 ante
1447 415 1611 459 faciem
1642 414 1816 458 domus.
1843 412 1858 438 ⁷
1886 414 1944 456 Et

113 476 229 519 dixit
256 475 313 518 ad
346 489 422 518 eos
451 491 460 518 ε
492 476 803 520 Contaminate
834 475 1016 521 domum
1045 482 1089 518 et
1119 475 1305 532 implete,
1334 475 1449 518 atria
1469 473 1745 527 interfeotis;
1770 471 1940 528 egredi*

112 535 235 578 mini.
271 534 330 577 Et
366 534 531 590 egressi
563 540 686 590 sunt,
724 540 768 578 et
805 535 1116 593 percutiebant
1146 548 1219 578 eos
1256 534 1329 602 qui
1364 540 1490 577 erant
1527 534 1572 576 in
1608 533 1806 577 civitate.
1837 532 1853 557 ὅ
1884 531 1943 574 Et

115 595 239 638 caede
259 595 500 650 completa,
526 594 718 636 remansi
739 607 842 649 ego,
868 594 1022 648 rusque
1043 608 1173 651 supe-r
1195 594 1358 637 faciem
1382 608 1538 650 meam,
1558 599 1602 637 ct
1624 594 1821 637 clamans
1842 594 1940 639 aio:

116 655 241 714 Heu!
270 654 375 696 heu!
402 653 509 696 heu!
542 652 731 695 Domine
764 653 905 705 Deus3
934 666 1095 707 ergone
1121 652 1345 708 disperdes
1371 667 1522 696 omnes
1544 653 1752 708 reliquias
1782 652 1941 708 Israel,

113 713 348 756 effundens
384 712 581 755 furorem
614 717 739 754 tuum
775 725 905 767 super
938 710 1220 754 Jerusalem?
1250 711 1267 736 ⁰
1290 711 1346 753 Et
1369 711 1481 753 dixit
1509 712 1565 754 ad
1600 726 1699 756 me:
1723 712 1941 768 iniquitas

116 771 269 815 <lomus
299 771 438 815 Israel
461 775 504 814 et
526 770 646 814 Juda
672 785 835 826 magna
857 775 922 813 est
947 769 1079 813 nimis
1102 769 1250 825 valde,
1274 776 1318 812 ct
1346 770 1513 826 repleta
1536 777 1601 813 est
1623 776 1738 813 terra
1762 771 1942 827 sang-ui-

112 831 255 886 .1ibus,
272 837 315 874 et
337 830 495 873 civitas
517 829 686 885 repleta
711 834 779 872 est
800 828 1051 882 aversione3
1070 828 1276 871 dixerunt
1294 829 1413 871 enim
1432 845 1440 872 :
1459 829 1704 884 Dereliquit
1726 830 1940 872 Dominus

113 895 294 944 terram,
315 894 363 931 et
385 888 602 932 Dominus
627 902 714 931 non
735 887 870 931 videt.
895 887 932 914 ¹⁸⁰
947 887 1093 943 Igitur
1113 893 1158 930 et
1181 902 1303 931 meus
1325 902 1410 930 non
1433 894 1583 944 parcet
1607 888 1779 944 oculus,
1802 902 1942 946 neque

112 949 350 992 miserebor
367 965 378 1003 ;
399 947 518 990 viam
545 961 695 991 eorum
717 961 847 1002 super
868 952 1001 1003 caput
1022 960 1172 990 eorum
1196 946 1393 989 reddam.

170 1007 203 1035 '¹¹
230 1007 289 1049 Et
317 1020 418 1050 ecce
448 1006 515 1048 111
547 1006 621 1061 0111
655 1011 748 1049 erat
775 1005 957 1048 indutus
987 1005 1134 1060 lineis,
1166 1005 1239 1061 qui
1268 1005 1463 1048 habebat
1498 1005 1863 1050 atramentarium
1895 1006 1941 1048 in

109 1066 236 1109 dorso
258 1080 356 1120 suo,
384 1065 612 1121 respondit
637 1065 840 1119 verbum,
864 1065 1042 1108 dicens:
1069 1064 1174 1107 Feci
1200 1064 1315 1107 sicut
1337 1064 1588 1121 praecepisti
1614 1064 1737 1107 mihi.

168 1126 275 1170 CAP.
306 1126 360 1167 X.
389 1150 449 1159 ·—
481 1124 490 1150 ¹
518 1125 574 1166 Et
602 1123 726 1167 vidi:
756 1129 799 1167 et
831 1137 957 1179 ecce,
988 1124 1034 1168 in
1063 1124 1340 1168 firmamento
1375 1123 1489 1179 quod
1519 1129 1612 1166 erat
1644 1137 1775 1180 super
1808 1129 1941 1181 caput

108 1184 358 1237 cherubim,
382 1183 506 1238 quasi
530 1183 643 1239 lapis
664 1182 917 1240 sapphirus,
937 1182 1063 1238 quasi
1083 1183 1250 1239 species
1272 1182 1578 1226 similitudinis
1599 1182 1711 1238 solii,
1734 1182 1941 1239 apparuit

104 1257 239 1300 super
258 1257 321 1286 ea.
345 1242 363 1268 “2
390 1243 446 1285 Et
471 1241 587 1284 dixit
610 1241 667 1284 ad
690 1242 834 1284 virum
856 1242 930 1297 qui
951 1241 1134 1284 indutus
1156 1248 1249 1285 erat
1271 1242 1420 1298 lineis,
1448 1247 1491 1285 et
1515 1242 1578 1284 ait
1600 1258 1608 1285 :
1635 1241 1874 1297 Ingredere
1894 1242 1940 1284 in

108 1302 253 1346 medio
274 1307 470 1345 rotarum
497 1316 596 1357 01130
621 1306 725 1344 sunt
753 1301 908 1344 subtus
938 1301 1186 1357 cherubim,
1214 1306 1258 1344 et
1281 1301 1418 1357 imple
1440 1315 1622 1343 manum
1642 1306 1767 1343 tuam
1788 1301 1941 1358 prunis

107 1361 223 1418 ignis
246 1376 345 1417 quae
366 1366 470 1404 sunt
494 1360 611 1403 inter
631 1360 880 1415 cherubim,
908 1366 952 1403 et
980 1360 1162 1404 effunde
1189 1375 1319 1462 suffir
1348 1360 1591 1403 civ-itatem.
1622 1360 1940 1416 Ingressusque

104 1426 172 1463 est
199 1421 246 1462 in
276 1424 515 1476 conspectu
541 1433 652 1476 meo.
679 1419 696 1445 3
717 1419 958 1462 Cherubim
984 1424 1137 1462 autem
1170 1425 1237 1462 sta
1300 1426 1349 1461 nt
1376 1433 1402 1460 a
1432 1419 1598 1462 dextris
1629 1419 1808 1475 domus,
1839 1434 1940 1462 cum

106 1479 409 1534 ingrederetur
431 1478 508 1533 vir,
533 1484 576 1521 et
598 1477 736 1520 nubes
762 1477 968 1533 implevit
992 1479 1155 1520 atrium
1174 1478 1374 1521 interius.
1401 1477 1417 1503 4
1436 1479 1493 1520 Et
1515 1478 1687 1520 elevata
1713 1484 1778 1521 est
1799 1478 1940 1534 gloria

108 1538 287 1581 Domini
311 1537 498 1595 desuper
524 1535 688 1579 cherub
711 1536 767 1578 ad
798 1536 935 1579 limen
960 1536 1141 1591 domus3
1166 1542 1210 1579 et
1237 1537 1406 1592 repleta
1435 1542 1501 1579 est
1531 1537 1686 1579 domus
1720 1537 1861 1593 nube,
1896 1543 1940 1580 et

103 1597 267 1639 atrium
287 1596 507 1652 repletum
528 1600 594 1638 est
619 1595 852 1651 splendore
872 1595 1026 1650 gloriae
1053 1595 1248 1638 Domini.
1272 1596 1289 1621 5
1308 1597 1365 1637 Et
1394 1596 1563 1638 sonitus
1592 1595 1764 1638 alarum
1787 1596 1939 1638 cheru-

103 1656 197 1698 bim
229 1655 494 1698 audiebatur
530 1668 669 1709 usque
701 1654 758 1696 ad
790 1654 953 1696 atrium
986 1654 1198 1710 exterius,
1233 1655 1359 1709 quasi
1390 1668 1478 1696 vox
1510 1654 1595 1696 Dei
1626 1654 1940 1710 omnipotentis

104 1715 337 1771 loquentis.
357 1714 375 1740 ⁶
389 1714 589 1774 Cumque
611 1713 896 1770 praecepisset
913 1713 1009 1756 viro
1028 1714 1101 1768 qui
1118 1714 1300 1756 indutus
1320 1718 1416 1756 erat
1438 1713 1586 1769 lineis,
1608 1713 1759 1756 dicens
1778 1730 1786 1757 :
1808 1713 1940 1757 Sume

102 1774 254 1830 ignem
286 1773 341 1817 de
373 1773 519 1816 medio
547 1777 745 1816 rotarum
773 1787 872 1828 quae
902 1777 1005 1815 sunt
1032 1773 1148 1816 inter
1177 1773 1424 1828 cherubim,
1455 1772 1679 1828 ingressus
1706 1772 1785 1815 ille
1816 1773 1940 1815 ste-tit
1974 1797 1979 1805 ι

102 1833 232 1889 juxta
253 1838 410 1876 rotam.
435 1832 449 1859 ‘¹
470 1833 528 1875 Et
550 1831 752 1876 extendit
778 1832 942 1875 oherub
965 1847 1148 1874 manum
1173 1832 1227 1875 de
1249 1832 1395 1875 medio
1422 1831 1671 1888 cherubim,
1701 1831 1758 1874 ad
1786 1832 1940 1888 ignem

104 1892 176 1948 qui
200 1898 293 1935 erat
317 1892 433 1935 inter
454 1891 709 1946 cherubim3
735 1897 777 1934 et
806 1891 1014 1948 sumpsit,
1045 1896 1088 1934 et
1117 1891 1241 1935 dedit
1268 1891 1315 1934 in
1344 1905 1502 1934 manus
1527 1891 1625 1947 ejus
1655 1891 1729 1947 qui
1758 1890 1938 1934 indutus

102 1957 197 1994 erat
217 1951 360 2008 lineis,
381 1951 456 2008 qui
477 1951 702 2008 accipiens
720 1965 922 2007 egressus
941 1955 1020 1994 est.
1039 1950 1056 1977 3
1075 1952 1132 1994 Et
1153 1951 1359 2008 apparuit
1376 1951 1423 1993 in
1441 1950 1673 1995 cherubim
1693 1950 1939 1993 similitudo

103 2025 259 2054 manus
281 2011 476 2054 hominis
495 2010 650 2054 subtus
677 2024 844 2066 pennas
867 2024 1032 2054 eorum.

161 2070 178 2096 9
201 2072 258 2113 Et
283 2070 376 2114 vidi
399 2087 408 2114 z
429 2075 475 2114 et
496 2084 598 2113 ecce
619 2075 806 2125 quatuor
825 2075 935 2113 rotae
957 2070 1085 2126 juxta
1111 2070 1365 2126 cherubim,
1393 2075 1488 2114 rota
1513 2085 1601 2113 una
1626 2070 1756 2126 juxta
1774 2071 1937 2114 cherub

103 2145 260 2185 unum,
284 2135 327 2173 et
349 2135 444 2173 rota
469 2129 559 2172 alia
583 2129 713 2185 juxta
736 2129 901 2172 cherub
922 2144 1084 2183 unum3
1108 2129 1276 2186 spec-ies
1298 2137 1450 2173 autem
1473 2135 1670 2172 rotarum
1695 2134 1788 2172 erat
1813 2130 1938 2185 quasi

53 2235 56 2241 ,
103 2189 215 2231 visio
246 2189 409 2246 lapidis
441 2187 726 2245 chrysolithi3
759 2187 795 2214 ‘¹⁰
820 2193 864 2231 et
898 2193 1104 2244 aspectus
1141 2203 1292 2231 earum
1328 2188 1575 2231 similitudo
1607 2203 1696 2230 una
1728 2194 1935 2247 quatuor,

102 2248 228 2304 quasi
258 2248 315 2290 sit
341 2252 437 2291 rota
464 2248 512 2290 ivn
541 2247 689 2290 medio
720 2252 844 2292 rotae.
876 2246 909 2274 Μ
937 2247 1137 2303 Cumque
1165 2247 1465 2304 ambularent,
1495 2247 1542 2290 in
1571 2252 1758 2303 quatuor
1789 2254 1936 2304 partes

102 2307 435 2363 gradiebantur,
463 2312 506 2350 et
534 2320 622 2349 non
650 2306 986 2349 revertebantur
1013 2306 1322 2361 ambulantes3
1356 2307 1430 2350 sed
1456 2306 1513 2349 ad
1545 2307 1693 2349 1001110
1720 2306 1777 2351 ad
1806 2321 1937 2362 quem

102 2367 165 2410 ire
187 2366 444 2410 declinabat
464 2380 563 2422 quae
583 2365 727 2423 prima
746 2371 852 2420 erat,
871 2366 1167 2421 sequebantur
1188 2371 1231 2409 et
1255 2372 1425 2421 oeterae,
1449 2379 1529 2408 nec
1552 2366 1935 2409 convertebantur.

104 2424 143 2451 '¹2
158 2426 216 2468 Et
238 2440 368 2469 omne
395 2439 551 2482 corpus
574 2424 746 2480 earum,
768 2430 813 2467 et
839 2425 972 2480 colla,
996 2431 1040 2468 et
1062 2440 1237 2480 manus,
1266 2431 1309 2468 et
1333 2439 1512 2481 pennae,
1540 2430 1583 2468 et
1605 2425 1779 2480 cir-euli,
1806 2425 1936 2482 plena

102 2490 229 2531 erant
251 2485 390 2528 oeulis
411 2485 457 2527 in
475 2484 666 2527 circuitu
686 2489 872 2540 quatuor
889 2489 1096 2526 rotarum.
1120 2484 1154 2512 ¹3
1168 2485 1225 2526 Et
1245 2490 1363 2527 rotas
1380 2484 1490 2526 istas
1508 2484 1686 2527 vocavit
1703 2484 1934 2540 volubiles,

103 2544 310 2588 audiente
341 2559 424 2588 me.
457 2543 489 2569 ¹4
511 2543 706 2593 Quatuor
731 2548 881 2586 autem
906 2543 1047 2587 facies
1073 2543 1267 2586 habebat
1293 2558 1456 2587 unum:
1483 2543 1624 2586 facies
1654 2558 1761 2599 una,
1796 2543 1936 2587 facies

103 2604 291 2658 cherub3
325 2609 369 2647 et
402 2603 545 2647 facies
572 2603 784 2650 secunda,
819 2602 960 2645 facies
993 2602 1210 2658 hominis3
1239 2609 1281 2645 et
1305 2603 1351 2645 in
1377 2603 1507 2645 terti-o
1535 2603 1677 2646 facies
1706 2602 1866 2659 leonis,
1893 2607 1934 2646 et

103 2663 149 2706 in
171 2669 326 2719 quarto
355 2663 497 2706 facies
523 2662 698 2718 aquilae.
722 2662 758 2688 ‘¹5
779 2663 836 2704 Et
865 2661 1038 2705 elevata
1071 2666 1174 2704 sunt
1206 2661 1433 2705 cherubim
1457 2678 1465 2705 :
1495 2662 1642 2718 ipsum
1672 2666 1737 2705 est
1768 2662 1936 2706 animal

103 2722 219 2778 quod
244 2723 446 2766 videram
482 2722 613 2780 juxta
645 2721 833 2763 fluvium
859 2720 1049 2766 Chobar.
1078 2721 1114 2748 ¹⁶
1135 2721 1334 2776 Cumque
1370 2721 1651 2764 ambularent
1684 2721 1929 2776 cherubim,

101 2782 229 2825 ibant
257 2782 423 2839 pariter
443 2787 486 2825 et
514 2786 622 2824 rotae
651 2781 780 2836 juxta
808 2794 890 2835 ea3
918 2786 961 2823 et
990 2795 1092 2823 cum
1121 2780 1346 2823 elevarent
1375 2780 1603 2823 cherubim
1627 2780 1720 2823 alas
1754 2795 1854 2824 suas
1887 2786 1936 2825 ut

103 2841 405 2885 exaltarentur
442 2841 497 2884 de
532 2846 672 2894 terra,
710 2854 799 2882 non
834 2839 1089 2883 residebant
1123 2844 1255 2895 rot-ae,
1290 2839 1365 2882 sed
1403 2844 1445 2882 et
1481 2839 1591 2896 ipsae
1627 2839 1758 2896 juxta
1795 2846 1933 2886 erant.

104 2899 138 2927 17
155 2901 386 2944 Stantibus
407 2900 510 2956 illis,
534 2898 726 2957 stabant,
747 2904 793 2942 et
815 2913 915 2942 cum
937 2898 1121 2945 elevatis
1151 2898 1463 2954 elevabantur3
1485 2899 1667 2956 spiritus
1687 2899 1809 2943 enim
1830 2899 1936 2946 vitae

90 2966 197 3004 >erat
217 2960 264 3002 in
285 2959 362 3004 eis.

162 3019 198 3046 18
220 3020 279 3061 Et
307 3034 484 3076 egressa
509 3024 574 3063 est
604 3020 744 3076 gloria
776 3018 957 3065 Domini
986 3033 1012 3060 a
1033 3018 1188 3062 limine
1212 3019 1389 3075 templ-i,
1412 3023 1456 3062 et
1481 3019 1604 3062 stetit
1629 3033 1758 3076 super
1783 3020 1935 3063 cheru-

101 3078 208 3124 bim.
234 3077 270 3104 1⁹
288 3080 347 3122 Et
368 3079 592 3123 elevantia
614 3079 842 3122 cherubim
863 3079 957 3121 alas
979 3092 1100 3132 suas,
1127 3078 1326 3121 exaltata
1350 3083 1452 3121 sunt
1475 3093 1501 3121 a
1523 3083 1638 3121 terra
1661 3092 1808 3121 coram
1838 3094 1932 3135 me;

101 3143 147 3182 et
176 3138 268 3181 illis
293 3138 645 3195 egredientibus,
676 3143 784 3182 rotae
814 3151 984 3193 quoque
1014 3137 1260 3180 subsecutae
1288 3143 1415 3193 sunt3
1447 3142 1490 3181 et
1519 3137 1642 3181 stetit
1671 3137 1718 3180 in
1749 3138 1934 3181 introitu

102 3202 240 3254 portae
260 3197 416 3241 domus
440 3197 623 3241 Domini
643 3197 881 3254 orientalis,
901 3201 944 3240 et
962 3196 1103 3252 gloria
1123 3197 1207 3239 Dei
1228 3197 1368 3240 Israel
1385 3201 1479 3240 erat
1495 3211 1625 3254 super
1642 3211 1707 3240 ea.
1730 3196 1767 3224 2⁰
1780 3198 1935 3254 Ipsum

102 3261 169 3299 est
189 3257 357 3300 animal
383 3257 499 3314 quod
519 3258 614 3301 vidi
638 3257 790 3300 subter
813 3258 957 3301 Deum
986 3256 1126 3299 Israel
1153 3256 1282 3312 juxta
1307 3255 1494 3299 fluvium
1521 3256 1711 3312 Chobar,
1738 3262 1781 3300 et
1805 3256 1934 3300 intel-

102 3315 190 3359 lexi
212 3316 317 3372 quia
339 3317 570 3360 che-rubim
595 3321 753 3361 essent.
780 3315 815 3344 Ἢ
834 3316 1028 3366 Quatuor
1052 3315 1199 3358 vultus
1228 3315 1325 3372 uni,
1352 3322 1395 3360 et
1421 3320 1607 3372 quatuor
1637 3315 1719 3358 3130
1753 3315 1854 3371 1101;
1889 3320 1935 3359 et

103 3374 348 3419 similitudo
373 3391 530 3419 manus
551 3377 744 3420 hominis
766 3376 848 3419 sub
866 3375 948 3418 alis
966 3389 1131 3418 eorum.
1150 3373 1188 3403 2²
1205 3376 1262 3418 Et
1283 3375 1530 3418 similitudo
1547 3375 1750 3417 vultuum
1768 3389 1932 3432 eorum,

101 3433 189 3489 ipsi
209 3435 358 3478 vultus
379 3450 486 3492 quos
508 3436 708 3480 videram
728 3436 861 3492 juxta
888 3434 1074 3477 fluvium
1099 3433 1286 3492 Chobar,
1308 3439 1353 3479 et
1380 3434 1568 3479 intuitus
1595 3447 1765 3491 eorum,
1787 3440 1831 3477 et
1851 3433 1933 3477 im-

102 3497 232 3548 petus
251 3494 530 3550 singulorum
551 3500 655 3540 ante
679 3495 846 3539 faciem
871 3508 997 3538 suam
1017 3492 1205 3550 ingredi.

102 3640 151 3674 20]
171 3639 248 3671 Sup.
268 3641 295 3675 Ι,
313 3643 368 3669 1-3.

2078 1133 2101 1161 Ὀ
2109 1132 2178 1161 rbis

2033 1176 2226 1206 incendium

2007 1220 2236 1255 p1·aesignatu1:

2070 2081 2182 2110 Gloria

2059 2124 2192 2154 Domini

2039 2168 2163 2202 migrat
2187 2177 2205 2198 e

2055 2213 2189 2247 templo.
