2423 3861
195 963 345 990 Laudetu
352 969 367 990 r

238 1007 283 1034 De
289 1014 327 1034 us

194 1056 274 1083 prov
281 1051 366 1079 idus.

195 2072 368 2100 Laurletur

235 2117 326 2144 Deus

159 2164 272 2188 tantas
305 2162 399 2189 bene-

195 2204 363 2233 dictiones

192 2249 369 2278 conferens

216 2292 343 2321 Israeli.

216 3469 266 3497 Ad
285 3468 343 3497 Dei

160 3513 289 3540 laudem
318 3512 398 3541 invi-

160 3559 253 3584 tatur
282 3557 399 3588 caelum

196 3609 270 3629 cum
291 3600 363 3629 suis

189 3644 374 3680 creaturis3

469 127 554 170 658

468 3328 686 3374 C'reaturoe
719 3341 863 3370 omnes
887 3340 983 3370 cum
1011 3326 1217 3368 animate&
1253 3331 1337 3366 tum
1376 3325 1628 3366 inanimatae
1660 3322 1905 3364 invitantur
1931 3321 1996 3364 ad
2026 3317 2300 3365 laudandum

964 127 1036 170 Ps.
1070 127 1281 182 CXLVI,
1315 128 1340 169 2
1374 152 1431 159 —
1464 126 1729 179 CXLVIII,
1763 127 1802 170 1.

766 300 858 341 Deo
881 304 1027 341 nostro
1050 297 1106 340 sit
1129 297 1349 354 jucunda,
1374 298 1618 352 decoraque
1643 295 1856 339 laudatio.

664 355 682 382 ²
702 357 948 400 AEdificans
971 357 1221 400 Jerusalem
1248 357 1489 411 Dominus,

765 415 1058 473 dispersiones
1081 416 1260 459 Israelis
1283 416 1599 473 congregabit3

664 475 682 502 3
702 476 771 532 qui
797 481 925 518 sanat
947 475 1158 518 contritos
1182 476 1331 532 corde,

764 541 806 577 et
831 534 989 590 alligat
1012 535 1298 579 contritiones
1324 551 1497 590 e0rum3

665 594 681 621 4
704 594 776 650 qui
799 598 1004 637 numerat
1027 594 1363 638 multitudinem
1385 596 1634 651 stellarum,

764 659 806 697 et
829 653 1032 696 omnibus
1056 653 1118 697 eis
1140 654 1320 697 nomina
1343 661 1486 698 vocat.

665 714 683 740 5
703 715 894 769 Magnus
920 713 1136 756 Dominus
1163 719 1330 770 noster,
1358 720 1401 758 et
1422 729 1586 769 magna
1608 715 1748 757 virtus
1775 715 1900 771 ejus3

764 782 807 816 et
829 773 1061 830 sapientise
1088 773 1185 830 ejus
1207 788 1293 816 non
1321 779 1386 817 est
1407 788 1630 817 numerus.

663 832 680 859 ⁰
702 833 958 891 Suscipiens
980 838 1233 876 mansuetos
1257 834 1500 888 Dominus;

765 892 1006 935 humilians
1028 898 1179 935 autem
1201 899 1454 949 peccatores
1477 908 1615 949 usque
1639 892 1695 935 ad
1722 899 1896 937 terram.

663 951 679 977 7
702 952 938 995 Praeeinite
962 951 1154 995 Domino
1175 952 1222 994 in
1245 952 1544 1008 confessione,

764 1012 940 1069 psallite
965 1012 1058 1054 Deo
1080 1017 1229 1054 nostro
1250 1011 1296 1053 in
1319 1011 1502 1055 cithara.

663 1070 680 1097 ⁸
702 1072 783 1122 Qui
806 1072 947 1128 operit
970 1071 1130 1113 caelum
1156 1070 1370 1126 nubibus,

762 1137 804 1174 et
826 1137 952 1187 parat
978 1136 1105 1173 terrae
1128 1130 1353 1187 pluviam;

703 1192 776 1247 qui
800 1190 1003 1248 producit
1024 1189 1070 1232 in
1094 1191 1319 1234 montibus
1345 1192 1541 1248 foenum,

764 1256 806 1293 et
832 1250 1014 1293 herbam
1041 1250 1244 1293 servituti
1270 1251 1527 1307 hominum,

663 1309 680 1336 9
702 1311 774 1366 qui
801 1311 877 1354 dat
898 1310 1112 1365 jumentis
1135 1324 1283 1353 escam
1304 1311 1525 1367 ipsorum,

765 1375 808 1413 et
832 1369 965 1425 pullis
989 1383 1220 1412 corvorum
1241 1370 1556 1414 invocantibus
1579 1386 1693 1415 eum.

646 1429 682 1456 ¹⁰
703 1431 803 1473 Non
824 1430 870 1472 in
893 1429 1160 1473 fortitudine
1182 1429 1281 1485 equi
1309 1430 1585 1473 voluntatem
1609 1431 1812 1487 habebit,

765 1504 845 1533 nec
866 1489 913 1531 in
936 1488 1058 1531 tibiis
1083 1489 1164 1531 viri
1188 1489 1520 1546 beneplacitum
1543 1490 1624 1533 erit
1647 1491 1699 1533 ei.

646 1548 676 1575 11
704 1549 1045 1605 Beneplacitum
1068 1554 1133 1591 est
1161 1548 1352 1591 Domino
1375 1563 1505 1605 super
1531 1549 1738 1593 timentes
1765 1563 1886 1605 eum,

762 1613 804 1651 et
827 1609 873 1651 in
896 1608 957 1651 eis
980 1607 1054 1663 qui
1077 1613 1255 1664 sperant
1278 1622 1407 1664 super
1429 1608 1730 1651 misericordia
1754 1608 1864 1664 ejus.

1158 1760 1373 1803 PSALMUS
1408 1759 1621 1802 CXLVII

995 1876 1080 1921 Con
1088 1877 1146 1918 tin
1154 1877 1271 1918 natio
1293 1891 1379 1932 psa
1388 1877 1465 1918 lma·
1482 1875 1777 1931 prceeedemis.

703 1965 909 2009 Alleluia.

645 2054 681 2080 1'2
703 2055 877 2111 Lauda,
902 2054 1173 2108 Jerusalem,
1200 2053 1468 2106 Dominum3

761 2115 894 2157 lauda
922 2115 1065 2157 Deum
1088 2118 1234 2167 tuum,
1261 2113 1378 2156 Sion.

646 2174 682 2200 '¹¹⁹’
702 2174 921 2226 Quoniam
943 2172 1216 2217 confortavit
1241 2186 1358 2215 seras
1381 2177 1606 2228 portarum
1630 2176 1827 2227 tuarum,

762 2233 991 2277 benedixit
1013 2232 1116 2275 filiis
1138 2232 1226 2275 tuis
1247 2231 1293 2274 in
1316 2237 1372 2274 te.

646 2294 680 2320 11
702 2294 784 2344 Qui
807 2293 955 2350 posuit
976 2292 1084 2336 fines
1107 2297 1205 2335 tuos
1228 2306 1404 2349 pacem,

761 2360 803 2398 et
825 2353 956 2409 adipe
982 2351 1198 2395 frumenti
1225 2351 1358 2394 satiat
1384 2356 1440 2394 te.

643 2413 678 2439 15
704 2414 787 2464 Qui
809 2411 974 2456 emittit
997 2411 1222 2467 eloquium
1244 2425 1374 2453 suum
1395 2416 1544 2468 terrae,

760 2472 972 2517 velociter
994 2471 1130 2514 currit
1152 2485 1293 2514 sermo
1317 2470 1428 2527 ejus.

643 2532 679 2559 ¹⁶
701 2534 782 2584 Qui
805 2533 881 2576 dat
903 2531 1053 2575 nivem
1074 2531 1190 2575 sicut
1210 2530 1381 2586 lanam,

762 2592 973 2636 nebulam
999 2591 1114 2634 sicut
1137 2590 1330 2633 cinerem
1355 2591 1539 2648 spargit,

644 2653 677 2679 ¹7
701 2652 842 2695 Mittit
865 2650 1126 2708 crystallum
1152 2664 1280 2693 suam
1301 2650 1417 2693 sicut
1438 2649 1662 2692 buecellas
1684 2666 1693 2694 :

759 2718 863 2755 ante
885 2711 1052 2754 faeiem
1073 2710 1253 2765 frigoris
1280 2709 1376 2765 ejus
1403 2709 1498 2765 quis
1524 2707 1791 2751 sustinebit?

643 2771 678 2798 ¹8
702 2771 889 2814 Emittet
915 2770 1098 2813 verbum
1126 2784 1276 2824 suum,
1300 2774 1344 2812 et
1369 2768 1630 2824 liquefaciet
1652 2781 1730 2824 ea;

759 2830 887 2873 flabit
911 2829 1092 2887 spiritus
1114 2829 1233 2884 ejus,
1260 2834 1304 2872 et
1327 2828 1466 2872 fluent
1490 2841 1632 2883 aquae.

642 2890 678 2917 ¹⁰
699 2890 781 2940 Qui
807 2889 1046 2932 annuntiat
1068 2889 1254 2931 verbum
1279 2903 1409 2931 suum
1435 2886 1599 2942 Jacob,

759 2949 954 3005 justitias
983 2954 1025 2992 et
1047 2948 1218 3004 judicia
1240 2962 1320 2990 sua
1346 2947 1498 2990 Israel.

641 3007 678 3034 20
700 3010 797 3052 Non
824 3008 935 3051 fecit
962 3008 1110 3051 taliter
1131 3007 1251 3051 omni
1278 3006 1469 3062 nationi,

759 3074 803 3110 et
826 3067 999 3122 judicia
1025 3081 1103 3110 sua
1129 3081 1216 3110 non
1245 3065 1557 3109 manifestavit
1578 3064 1654 3110 eis.
1684 3063 1893 3108 Alleluia.

1136 3210 1350 3252 PSALMus
1384 3207 1627 3252 CXLVIII

1299 3383 1369 3425 De·
1377 3398 1458 3424 um.

662 3474 675 3500 ¹
704 3474 911 3517 Alleluia.

701 3561 901 3604 Laudate
924 3559 1186 3612 Dominum,
1211 3557 1264 3601 de
1291 3557 1437 3612 caelis3

762 3619 942 3663 laudate
964 3632 1064 3661 eum
1089 3618 1134 3660 in
1161 3616 1360 3660 excelsis.
