2391 3861
123 110 195 152 16*
904 107 970 148 IV
1004 109 1140 150 Esmz.
1172 109 1230 162 V,
1269 109 1427 151 10-55.

119 297 244 321 omnes
275 286 486 326 semctipsos
518 286 807 325 expugnabunt:
840 287 878 318 et
911 286 1158 318 abscondetur
1184 288 1275 318 tunc
1306 295 1452 326 sensus,
1476 288 1515 319 et
1539 286 1752 320 intellectus
1786 289 2024 328 separabitur
2047 289 2087 322 in
2110 301 2231 332 prom-

117 339 302 380 ptuarium
329 347 460 378 suum;
481 329 514 356 ¹⁰
538 341 575 371 et
599 346 788 377 quaereiur
808 346 829 369 a
852 337 999 372 multis,
1017 340 1062 370 -et
1082 346 1158 369 non
1182 338 1419 373 invenietur:
1441 343 1480 372 et
1501 339 1814 379 multiplicabitur
1838 342 2025 379 injus-titia
2045 344 2085 374 et
2107 342 2232 378 incon-

117 392 272 423 tin‹›ntia
303 399 415 426 super
444 393 599 422 terram.
630 381 659 407 11
686 390 734 421 Et
763 390 1013 428 interrogabit
1046 389 1148 428 regio
1179 391 1389 430 proximam
1413 399 1541 427 sum,
1565 395 1603 423 et
1633 392 1755 424 dicet:
1781 392 1972 432 Numquid
2003 401 2068 433 per
2093 396 2131 426 te
2154 403 2232 435 per-

115 442 262 474 transiit
283 442 429 481 justitia
448 443 590 482 §ustum
611 443 779 475 faciens?
802 442 850 474 Et
871 442 939 474 hoc
960 443 1124 481 negabit.
1143 433 1175 460 ¹²
1199 443 1244 474 Et
1268 444 1342 475 erit
1360 443 1397 474 in
1422 443 1485 474 ilio
1507 446 1691 485 tempore,
1712 449 1749 476 et
1774 445 1979 484 sperabunt
1996 445 2178 485 homines,
2195 449 2233 480 et

115 502 187 525 non
212 495 487 534 impet-rabunt3
523 494 769 529 laborabunt,
803 496 842 525 et
870 502 944 525 non
969 493 1185 533 dirigentur
1208 496 1280 527 viae
1305 503 1446 527 eorum.
1469 485 1504 512 13
1527 496 1614 527 Haec
1636 496 1745 535 signa
1766 497 1889 529 dicere
1918 496 1986 530 tibi
2013 499 2233 537 permissum

114 548 168 578 est
193 546 303 584 niihi;
325 550 363 578 et
387 547 416 578 si
445 546 608 578 oraveris
631 547 770 579 iterum
795 547 834 578 et
856 545 1081 586 ploraveris,
1107 546 1204 578 sicut
1228 549 1267 579 et
1293 555 1412 587 nune,
1440 548 1479 579 et
1506 547 1735 587 jejunaveris
1763 551 1903 588 septem
1928 549 2077 590 diebuS,
2097 550 2239 584 audies

115 598 253 630 iterato
276 598 410 630 horum
435 600 586 637 majora.
816 621 820 625 -

163 641 194 667 14
215 650 262 682 Et
290 651 484 690 evigilavi,
507 652 546 682 et
570 658 703 690 corpus
728 659 850 683 meum
876 650 1026 682 horruit
1047 651 1177 689 valde;
1204 653 1242 684 et
1265 651 1389 683 anima
1410 660 1493 683 mea
1509 652 1697 685 laboravit
1717 654 1761 685 ut
1787 653 1974 686 deficeret.
1993 645 2026 672 15
2046 654 2094 686 Et
2106 653 2244 689 tenuit.

115 708 170 734 me
197 701 260 741 qui
280 704 384 735 venit
408 703 580 741 anselmi,
609 701 672 742 qui
698 703 919 741 loquebatur
945 703 983 734 in
1011 711 1088 741 me,
1113 710 1152 736 et
1179 705 1412 747 contoriavit
1437 712 1515 740 me,
1540 707 1578 736 et
1604 704 1740 737 statuit
1766 713 1824 738 me
1847 714 1956 745 super
1977 708 2098 746 pedes.
2130 697 2164 725 ¹⁶
2185 707 2234 739 Et

112 754 253 786 factum
274 759 329 786 est
347 754 383 785 in
405 758 511 787 nocte
532 755 705 792 secunda,
726 759 763 787 et
779 758 884 787 venit
909 756 954 787 ad
980 763 1038 787 me
1064 755 1242 787 S=ila1hie1
1265 757 1339 788 dux
1365 757 1504 795 populi,
1525 759 1562 789 et
1584 757 1680 789 dixit
1700 756 1792 788 mibi
1811 767 1818 788 :
1839 757 1911 790 Ubi
1935 759 2045 791 eras?
2063 761 2103 791 et
2120 767 2235 798 quare

112 810 238 838 vultus
263 809 350 838 tuus
372 806 492 839 tristis
504 807 519 838 ἰ)
542 798 573 824 17
590 810 647 839 An
668 808 795 844 nescis,
818 807 991 847 quoniam
1013 807 1083 839 tibi
1105 808 1267 840 creditus
1285 811 1341 840 est
1358 809 1473 840 Israel
1492 807 1531 840 in
1549 809 1698 847 regione
1717 809 2058 849 transmigrationis
2075 819 2205 843 eorum
2217 812 2234 844 'e

112 848 145 876 18
166 858 312 897 Exurge
337 867 442 898 ergo,
467 861 506 891 et
534 862 642 898 gusta
670 867 822 899 panem,
851 862 888 891 et
919 868 994 891 non
1020 860 1256 900 derelinquas
1288 868 1374 898 1108,
1399 859 1495 892 sicut
1520 863 1649 900 pastor
1677 869 1826 901 gregem
1855 870 1967 894 suum
1991 862 2030 894 in
2060 863 2234 896 manibus

112 911 282 949 luporum
309 911 571 950 malignorum.
594 902 628 929 19
649 911 698 943 Et
727 910 801 943 dixi
824 910 882 944 ei:
908 912 1010 944 Vade
1030 920 1051 944 a
1076 919 1152 950 me,
1178 916 1217 944 et
1244 921 1319 944 non
1346 913 1538 952 appropies
1567 913 1613 945 ad
1638 922 1706 945 me.
1738 914 1788 945 Et
1815 914 1978 955 audivit,
2005 918 2049 946 ut
2077 915 2172 956 dixi,
2195 916 2235 948 et

112 962 259 995 recessit
284 971 307 995 a
335 970 404 995 me.

875 1035 898 1091 ξ
934 1035 994 1078 Π.
1022 1061 1081 1066 -
1119 1036 1239 1078 Visio
1261 1036 1462 1079 secanda.

162 1157 198 1184 ²⁰
224 1166 272 1198 Et
297 1174 363 1205 ego
391 1167 555 1206 jejunavi
583 1166 710 1199 diebus
739 1169 878 1206 septem
908 1168 1056 1199 ululans
1081 1170 1119 1199 et
1143 1169 1311 1207 plorans,
1341 1167 1435 1200 sicut
1468 1168 1561 1200 mihi
1590 1167 1786 1200 mandavit
1806 1168 1912 1201 Uriel
1941 1171 2106 1209 angelus.
2128 1161 2160 1189 ²¹
2184 1171 2234 1204 Et

112 1218 251 1250 factum
278 1220 333 1250 est
365 1221 447 1257 post
472 1218 548 1252 dies
571 1221 733 1258 septem,
762 1222 799 1251 et
827 1220 965 1251 iterum
989 1221 1235 1259 cogitationes
1269 1219 1390 1251 cordi-i
1425 1220 1496 1252 mei
1525 1222 1690 1253 molestae
1715 1224 1826 1252 erant
1855 1221 1945 1253 mihi
1977 1223 2102 1260 valde,
2131 1215 2169 1241 22
2193 1225 2232 1256 et

111 1270 308 1310 re>umpsit
334 1272 455 1302 anima
481 1280 564 1303 mea
589 1271 759 1311 spiritum
785 1271 1021 1309 intellectus;
1050 1274 1088 1304 et
1116 1273 1254 1304 iterum
1279 1275 1371 1315 coepi
1404 1273 1503 1309 loqui
1535 1281 1655 1305 reram
1683 1272 1874 1305 Altissimo
1899 1282 2094 1306 sermones.
2121 1265 2158 1293 23
2184 1275 2234 1308 Et

111 1322 213 1355 dixi:
234 1323 452 1355 Dominator
478 1325 648 1361 Domine,
665 1332 710 1356 ex
735 1325 836 1356 omni
860 1325 954 1356 silva
979 1329 1110 1361 ierrae.
1128 1327 1165 1356 et
1191 1326 1362 1357 omnibus
1387 1325 1581 1357 arboribus
1606 1327 1702 1364 ejus,
1728 1325 1872 1364 elegisti
1896 1325 2040 1358 vineam
2059 1328 2211 1367 unicam
2224 1337 2239 1368 ;.

111 1366 147 1392 24
163 1381 201 1407 et
226 1383 270 1407 ex
298 1377 398 1407 omni
425 1378 525 1408 terra
549 1375 664 1415 orbis,
689 1375 834 1415 elegisti
863 1376 931 1408 tibi
967 1377 1111 1408 foveam
1140 1385 1275 1417 unam;
1309 1380 1347 1409 et
1381 1385 1425 1409 ex
1455 1377 1628 1409 omnibus
1656 1377 1808 1410 floribus
1837 1378 1956 1416 orbis,
1988 1379 2133 1418 elegisti
2164 1379 2232 1413 tibi

111 1426 229 1459 lilium
251 1435 388 1466 unum;
411 1419 448 1446 25
465 1431 502 1460 et
527 1437 571 1460 ex
595 1429 764 1460 omnibus
794 1429 931 1468 abyssis
957 1428 1087 1469 maris,
1113 1430 1266 1469 replesti
1295 1428 1364 1461 tibi
1393 1429 1514 1462 rivum
1541 1438 1677 1468 unum;
1708 1432 1745 1462 et
1773 1438 1818 1462 ex
1844 1430 2015 1463 omnibus
2039 1431 2234 1464 aedifieatis

109 1478 343 1519 civitaiibusi,
370 1480 605 1513 sanctificasti
627 1480 842 1520 tibimetipsi
866 1481 949 1513 Sion
965 1491 973 1519 ;
992 1472 1027 1499 ²⁶
1045 1483 1082 1513 et
1104 1490 1148 1514 ex
1173 1481 1344 1514 omnibus
1366 1484 1501 1514 creatis
1526 1482 1762 1520 volatilibus,
1783 1482 1984 1516 nominasti
2007 1483 2075 1516 tibi
2097 1485 2234 1516 colum-

109 1531 191 1563 bam
214 1539 350 1571 unum;
373 1534 412 1564 et
435 1540 479 1564 ex
505 1533 674 1565 omnibus
698 1529 891 1572 plasmatis
912 1534 1128 1574 pecoribus,
1153 1535 1352 1574 providisti
1378 1533 1447 1566 tibi
1472 1543 1578 1567 ovem
1603 1543 1740 1573 unam3
1763 1526 1800 1552 27
1817 1531 1857 1566 et
1877 1543 1922 1567 ex
1943 1536 2114 1569 omnibus
2135 1537 2233 1568 mul-

111 1583 290 1623 tiplicatis
319 1584 480 1626 populis,
509 1585 738 1624 acquisivisti
768 1585 833 1617 tibi
860 1587 1036 1626 populum
1063 1595 1200 1627 unum;
1226 1590 1264 1618 et
1292 1587 1341 1618 ab
1369 1587 1538 1623 omnibus
1571 1588 1770 1627 probatam
1807 1587 1947 1627 legem,
1973 1588 2123 1620 donasti
2147 1588 2239 1622 huic

109 1643 218 1675 quem
243 1636 458 1668 desiderasti
488 1639 632 1677 populo.
662 1629 699 1655 28
716 1638 766 1669 Et
795 1646 912 1678 nunc,
940 1638 1113 1678 Domine,
1138 1642 1183 1671 ut
1215 1638 1305 1677 quid
1339 1639 1530 1671 tradidisti
1560 1647 1677 1671 unum
1707 1639 1875 1679 pluribus
1893 1641 1909 1672 ἲ
1939 1640 1988 1672 Et
2014 1641 2233 1680 praeparasti

110 1696 219 1727 super
243 1696 355 1720 unam
380 1689 540 1721 radicem
571 1689 680 1729 alias,
706 1692 742 1722 et
767 1690 1016 1730 disperdidisti
1041 1691 1191 1723 unicum
1216 1693 1326 1723 tuum
1355 1690 1393 1722 in
1422 1693 1570 1730 multis,
1595 1682 1631 1709 29
1656 1694 1693 1723 et
1714 1692 2028 1724 conculcaverunt
2057 1701 2141 1725 eum
2166 1693 2234 1732 qui·

111 1741 421 1773 contradicebant
448 1742 706 1781 sponsion·bus
735 1742 826 1781 tuiS,
860 1742 998 1782 quique
1032 1743 1105 1775 tuis
1137 1742 1372 1775 testamentis
1401 1751 1476 1774 non
1505 1743 1715 1775 credebant.
1750 1733 1787 1760 30
1813 1743 1862 1774 Et
1893 1743 1922 1775 si
1959 1745 2087 1777 odiens
2118 1745 2233 1777 odisti

109 1794 285 1832 populum
312 1795 438 1833 tuum,
463 1795 538 1826 tuis
563 1794 734 1826 manibus
759 1795 867 1826 debet
895 1794 1082 1831 castigari.

162 1836 192 1863 31
211 1845 260 1876 Et
279 1845 421 1877 factum
447 1849 520 1886 est,
543 1854 627 1878 cum
653 1847 799 1878 locutus
820 1855 933 1878 essem
954 1855 1159 1884 sermones,
1181 1849 1218 1879 et
1239 1847 1372 1879 missus
1393 1849 1449 1880 est
1470 1848 1621 1885 angelus
1643 1847 1690 1879 ad
1715 1855 1790 1887 me,
1808 1847 1872 1886 qui
1900 1848 1989 1880 ante
2005 1850 2164 1881 venerat
2182 1849 2230 1882 ad

110 1905 167 1929 me
191 1900 381 1936 praeterzta
399 1902 524 1936 nocte,
544 1889 579 1916 3²
597 1901 634 1930 et
655 1899 752 1930 dixit
774 1898 863 1930 mibi
885 1909 892 1931 :
914 1900 1012 1931 Audi
1034 1907 1112 1937 me,
1137 1901 1175 1930 et
1198 1899 1380 1931 instiuam
1406 1902 1462 1938 te,
1484 1905 1522 1931 et
1546 1898 1697 1931 intende
1719 1899 1831 1938 mihi,
1852 1901 1890 1931 et
1911 1899 2084 1938 adjiciam
2105 1908 2230 1934 coram

110 1951 159 1981 te.
188 1940 224 1967 33
244 1949 291 1980 Et
312 1950 413 1983 dixi:
440 1950 625 1988 Loquere.
657 1950 811 1982 Domine
841 1959 954 1984 meus.
983 1951 1030 1983 Et
1055 1950 1150 1982 dixit
1174 1952 1222 1983 ad
1243 1960 1327 1984 me:
1353 1945 1471 1983 Valde
1492 1953 1533 1983 tu
1556 1950 1593 1982 iu
1624 1959 1770 1983 excessu
1799 1950 1936 1983 mentis
1959 1951 2082 1984 factus
2100 1960 2138 1985 es
2164 1961 2239 1992 pro-

109 2001 247 2039 Israel;
271 2009 321 2032 an
350 2003 431 2040 pius
458 2002 621 2034 dilexisti
649 2010 752 2042 eum,
773 2011 885 2041 quum
912 2004 976 2042 qui
1003 2011 1086 2036 eum
1108 2003 1228 2036 feeit?
1256 1995 1289 2022 34
1311 2004 1359 2035 Et
1380 2003 1455 2035 dixi
1484 2004 1530 2035 ad
1551 2011 1663 2036 eum:
1687 2003 1789 2042 Nou,
1816 2003 1990 2042 Domine,
2018 2005 2081 2036 sed
2106 2005 2233 2038 dolens

109 2053 252 2086 locutus
274 2061 367 2085 sum.
395 2054 584 2092 Torquent
608 2054 706 2086 enim
736 2062 794 2086 me
823 2062 929 2086 renes
956 2056 1025 2088 mei
1050 2063 1115 2094 per
1140 2064 1286 2088 omnem
1312 2057 1465 2094 boram,
1490 2058 1721 2095 quoerentem
1746 2056 2028 2095 apprehendere
2055 2058 2227 2090 semitam

109 2105 310 2144 Altissimi,
329 2108 366 2137 et
385 2105 613 2145 investigare
635 2110 780 2146 partem
801 2106 929 2146 judicii
951 2109 1038 2147 ejus.
1059 2099 1095 2125 35
1116 2108 1162 2139 Et
1183 2107 1278 2140 dixit
1296 2109 1342 2140 ad
1362 2116 1440 2140 me:
1462 2108 1545 2140 Non
1566 2114 1681 2147 potes.
1702 2108 1748 2139 Et
1769 2108 1868 2140 dixi:
1890 2108 2029 2147 Quare,
2049 2108 2204 2142 Domine
2214 2111 2238 2143 ⁸?-

108 2158 154 2190 ad
177 2158 264 2196 quid
291 2158 479 2198 nascebar,
504 2161 571 2190 aut
595 2167 709 2198 quare
734 2167 811 2191 non
836 2159 947 2192 fiebat
971 2159 1109 2191 matiix
1131 2160 1262 2192 matris
1287 2169 1380 2192 mcae
1403 2160 1495 2192 mihi
1523 2161 1757 2200 sepulerum,
1779 2162 1824 2192 ut
1847 2168 1923 2192 non
1940 2161 2105 2193 viderem
2128 2162 2228 2194 labo-

109 2217 184 2242 rem
210 2210 343 2249 Jacob,
372 2213 408 2242 et
433 2210 739 2250 defatigaiionem
765 2211 910 2253 generis
939 2211 1084 2244 Israel?
1112 2203 1148 2230 36
1171 2213 1215 2244 Et
1237 2212 1330 2245 dixit
1353 2213 1402 2244 ad
1428 2221 1511 2245 me:
1538 2211 1816 2246 Nuniera'mibi
1841 2221 1925 2252 quae
1950 2213 2107 2245 necdum
2127 2222 2230 2247 vene-
2287 2225 2291 2228 ·

108 2264 214 2299 rant,
239 2264 278 2294 et
301 2262 430 2301 collige
456 2263 549 2295 mihi
575 2264 756 2302 dispersas·
779 2267 927 2303 guttas,
952 2267 989 2296 et
1014 2264 1178 2296 revirida
1203 2264 1295 2296 milei
1315 2265 1439 2296 aridos
1462 2265 1590 2302 flores,
1614 2257 1649 2283 37
1667 2267 1705 2297 et
1729 2264 1831 2303 aperi
1853 2264 1944 2297 milii
1965 2266 2090 2297 clausa
2110 2274 2233 2305 prom-

109 2313 273 2354 ptuaria,
299 2317 335 2346 et
364 2315 504 2354 produc
528 2316 621 2347 mibi
641 2315 800 2348 inclusos
826 2317 864 2348 in
896 2315 945 2348 eis
970 2317 1105 2356 flatus;
1131 2317 1345 2349 demonstra
1368 2316 1458 2348 mihi
1483 2319 1584 2349 vocis
1608 2316 1831 2356 imaginem3
1857 2323 1896 2349 et
1923 2318 2015 2349 tunc
2035 2319 2229 2351 ostendam

109 2366 176 2399 tibi
199 2367 362 2398 laborem
384 2375 491 2406 quem
514 2376 622 2407 rogas
640 2369 774 2401 videre.
794 2360 830 2386 38
851 2369 898 2400 Et
920 2369 1021 2401 dixi:
1047 2369 1269 2401 Dominator
1294 2370 1467 2409 Domine,
1489 2369 1568 2408 quis
1589 2370 1688 2402 enim
1706 2372 1762 2401 est
1783 2370 1848 2408 qui
1875 2375 1999 2409 potest
2021 2370 2100 2402 haec
2121 2372 2229 2411 scire,

109 2418 178 2450 nisi
203 2418 265 2456 qui
285 2427 366 2450 cum
389 2419 599 2452 hominibus
619 2420 893 2453 habitationem
920 2429 994 2453 non
1015 2421 1154 2454 habet?
1178 2412 1214 2439 39
1233 2421 1310 2461 Ege
1335 2426 1461 2454 autem
1483 2421 1680 2463 insipiens3
1697 2425 1736 2454 et
1752 2422 1936 2461 quomodo
1958 2424 2087 2461 potero
2107 2423 2237 2455 dicere

110 2471 154 2502 de
177 2470 233 2503 his
258 2472 390 2510 quibus
416 2479 473 2504 me
497 2471 766 2512 interrogasti?

160 2514 198 2540 40
216 2523 264 2555 Et
289 2523 383 2556 dixit
405 2525 452 2556 ad
474 2533 553 2557 me:
575 2526 764 2563 Quomodo
789 2534 862 2559 non
887 2529 990 2567 potes
1014 2528 1137 2560 facere
1158 2535 1274 2559 unum
1299 2528 1343 2560 de
1364 2527 1420 2559 his
1441 2535 1524 2567 quae
1547 2526 1646 2558 dicta
1667 2528 1774 2565 sunt,
1796 2527 1849 2559 sic
1874 2535 1949 2558 non
1970 2528 2108 2566 poteris
2128 2525 2228 2560 inve-

109 2574 188 2608 nire
212 2576 388 2615 judicium
416 2584 556 2614 meum,
582 2583 649 2609 aut
678 2580 718 2610 in
743 2579 815 2611 fine
841 2579 1081 2616 charitatem,
1111 2587 1223 2618 quam
1247 2581 1382 2619 populo
1402 2579 1564 2619 promisi.
1591 2569 1623 2596 ⁴¹
1646 2579 1691 2611 Et
1715 2578 1792 2611 dixi
1811 2589 1819 2612 :
1838 2579 1907 2612 Sed
1931 2587 2032 2619 ecce,
2054 2578 2230 2619 Domine,

109 2629 150 2660 tu
172 2636 283 2668 prope
308 2636 346 2660 es
370 2628 426 2660 his
450 2629 513 2668 qui
537 2629 575 2661 in
600 2630 710 2662 finem
737 2634 845 2670 sunt;
866 2634 904 2663 et
933 2632 1019 2669 Quid
1047 2631 1185 2664 facient
1211 2631 1273 2671 qui
1299 2634 1386 2663 ante
1412 2640 1470 2664 me
1494 2632 1670 2669 fuerunt,
1697 2636 1764 2663 aut
1788 2640 1874 2670 nos,
1900 2635 1969 2663 aut
1992 2631 2030 2663 hi
2055 2632 2119 2670 qui
2145 2632 2228 2671 post

108 2681 199 2712 nos?
221 2672 257 2697 ⁴²
279 2681 325 2711 Et
346 2680 439 2713 dixit
461 2682 508 2712 ad
535 2689 618 2714 me:
640 2682 793 2715 coronae
815 2683 1025 2716 assimilabo
1053 2683 1232 2723 judicium
1258 2693 1392 2716 meum.
1418 2684 1520 2716 Sicut
1553 2692 1627 2715 non
1655 2683 1940 2716 novissimorum
1969 2683 2148 2722 tarditas,
2175 2683 2229 2716 sic

108 2740 173 2764 nec
193 2732 357 2772 priorum
383 2734 566 2766 velocitas.
587 2726 624 2753 43
644 2735 693 2766 Er.
718 2737 908 2775 respondi,
933 2742 970 2768 et
993 2737 1070 2768 dixi
1090 2746 1098 2768 z
1123 2736 1199 2768 Nec
1224 2740 1373 2776 poteras
1403 2737 1526 2768 facere
1551 2744 1610 2768 eos
1634 2735 1697 2775 qui
1721 2735 1816 2768 facti
1841 2738 1950 2772 sunt,
1971 2738 2010 2768 et
2033 2737 2096 2774 qui
2121 2736 2229 2776 sunt,

107 2788 145 2816 et
165 2784 227 2823 qui
250 2785 369 2817 futuri
390 2788 496 2824 sunt,
521 2786 558 2818 in
580 2795 696 2819 unum
710 2812 718 2827 ,
745 2790 789 2819 ut
809 2789 873 2820 cel«
887 2788 964 2820 rius
988 2788 1168 2827 judicium
1194 2790 1301 2820 tuum
1324 2789 1527 2821 ostendas?
1549 2779 1586 2805 44
1606 2790 1654 2819 ht
1679 2788 1869 2828 respondit
1890 2788 1938 2820 ad
1959 2795 2036 2826 me,
2053 2790 2092 2820 et
2112 2787 2229 2820 dixit:

108 2836 191 2868 Non
216 2840 338 2876 potest
363 2838 541 2871 fe—tinare
571 2846 745 2871 creatura
770 2848 880 2879 super
904 2844 1130 2879 creatorem,
1153 2848 1220 2872 nec
1240 2843 1425 2873 sustinere
1450 2841 1626 2873 saeculum
1657 2848 1716 2872 eos
1744 2840 1807 2878 qui
1835 2840 1872 2872 in
1898 2848 1942 2872 eo
1966 2841 2117 2872 creandi
2138 2840 2227 2872 sunt

107 2887 144 2920 in
169 2897 296 2920 unum.
325 2881 362 2907 45
382 2890 428 2921 Et
454 2890 558 2924 dixi:
582 2891 770 2929 Quomodo
799 2892 927 2925 dixisti
952 2900 1059 2924 servo
1084 2895 1170 2932 tuo,
1199 2894 1374 2932 quoniam
1399 2892 1593 2924 vivificans
1615 2891 1815 2924 vivificasti
1840 2900 1862 2924 a
1887 2898 1925 2925 te
1945 2895 2107 2924 creatam
2128 2899 2224 2924 crea—

108 2942 231 2971 turam
256 2940 294 2972 in
320 2949 433 2973 unum
447 2965 455 2980 ,
484 2945 522 2974 et
547 2944 757 2982 sustinebat
779 2950 972 2983 creatura,
993 2945 1130 2984 poterit
1151 2947 1188 2977 et
1210 2952 1310 2977 nunc
1333 2949 1484 2985 portare
1509 2947 1712 2984 praesentes
1733 2945 1771 2976 in
1794 2953 1923 2976 unum.
1941 2935 1980 2962 ⁴⁶
1998 2944 2047 2976 Et
2064 2943 2159 2976 dixit
2172 2942 2224 2974 sad

109 3000 165 3024 me
183 3003 190 3022 :
218 2993 411 3032 Interroga
431 2996 623 3027 matricem
646 2995 830 3031 mulieris.
852 3004 884 3028 et
911 2997 1008 3029 dices
1028 2997 1076 3028 ad
1096 3005 1175 3028 eam
1195 3006 1202 3028 :
1223 2997 1270 3028 Et
1294 2997 1321 3029 si
1350 2997 1466 3036 paris,
1483 3004 1598 3036 quare
1619 3004 1684 3036 per
1707 2997 1881 3036 tempu<i>
1904 2996 2006 3035 Roga
2027 3004 2117 3035 ergo
2131 3003 2226 3034 eam,

110 3051 149 3075 ut
177 3045 239 3076 dvt
261 3046 384 3076 docem
407 3046 446 3077 in
471 3055 597 3079 unum.
622 3039 658 3065 47
681 3048 728 3080 Et
753 3048 828 3079 dixi
849 3058 856 3079 :
884 3048 941 3080 No
961 3061 965 3075 ι
988 3050 1123 3088 utique
1144 3051 1307 3088 puterm
1328 3049 1391 3082 sed
1414 3049 1615 3081 secundum
1640 3051 1798 3088 tempus.
1823 3040 1860 3066 ⁴⁸
1880 3049 1927 3080 Et
1951 3048 2045 3080 dixit
2069 3048 2113 3079 ad
2139 3054 2225 3079 me:

110 3095 157 3128 Et
181 3104 247 3134 ego
272 3097 304 3128 dv
319 3097 355 3128 di
376 3098 569 3130 matricem
595 3101 706 3132 terrae
732 3100 789 3130 bis
814 3101 877 3139 qui
902 3100 1072 3132 seminati
1098 3104 1186 3133 suut
1211 3109 1321 3140 super
1345 3109 1427 3133 eam
1455 3109 1518 3141 prr
1542 3104 1700 3140 tempus.
1726 3092 1764 3119 49
1781 3100 2096 3139 Quemadmodum
2123 3100 2224 3130 enim

109 3148 233 3179 infans
260 3157 332 3180 non
356 3149 454 3188 pauit
478 3159 521 3182 ea
542 3159 625 3190 quae
645 3160 773 3184 senum
799 3155 906 3190 sunt,
932 3152 982 3184 sic
1010 3161 1076 3190 ego
1099 3153 1259 3192 disposui
1279 3161 1300 3184 a
1320 3161 1377 3185 me
1402 3153 1570 3186 creatum
1591 3154 1780 3185 saeculum.

162 3192 198 3217 5⁰
225 3200 271 3232 Et
296 3200 548 3242 interrogavi,
574 3208 613 3236 et
637 3203 737 3235 dixi:
768 3204 858 3236 Cum
882 3205 956 3243 jam
986 3204 1130 3237 dederis
1155 3205 1247 3236 mibi
1272 3204 1392 3244 viam,
1426 3206 1557 3244 loquar
1581 3213 1703 3237 coram
1730 3207 1788 3243 te;
1813 3213 1903 3237 nam
1927 3205 2051 3236 mater
2075 3203 2225 3244 nostra,

110 3252 151 3282 de
175 3260 249 3290 qua
275 3252 399 3284 dixisti
428 3254 543 3287 mihi:
576 3255 708 3287 Adhuc
732 3256 878 3295 juvenis
905 3261 982 3294 est,
1014 3258 1090 3296 jam
1118 3256 1300 3288 senectuti
1333 3257 1620 3296 appropinquat.
1652 3248 1681 3275 51
1711 3257 1759 3289 Et
1783 3256 1972 3296 respondit
1999 3255 2044 3286 ad
2079 3263 2153 3293 me,
2182 3255 2222 3287 et

110 3303 225 3335 dixit:
255 3305 452 3337 Interroga
479 3314 557 3338 cam
592 3315 676 3345 quae
705 3309 823 3346 parit,
848 3311 887 3339 et
912 3309 1008 3340 «iicet
1032 3308 1114 3340 tibi.
1143 3301 1177 3326 52
1202 3308 1305 3340 Dii-es
1328 3311 1426 3340 enim
1453 3311 1513 3342 ei:
1537 3309 1657 3348 Quare
1680 3317 1771 3349 quos
1801 3307 1992 3349 peperisti,
2019 3315 2119 3338 nunc
2147 3315 2222 3339 non

109 3360 194 3387 sunt
218 3355 354 3388 similes
380 3357 436 3388 h÷s
461 3359 520 3397 qui
547 3363 635 3392 ante
660 3363 715 3396 te,
740 3360 802 3391 sed
827 3360 986 3393 minores
1009 3361 1182 3392 statura?
1210 3352 1245 3379 53
1265 3361 1312 3392 Et
1337 3360 1435 3393 diret
1460 3361 1526 3393 tibi
1551 3366 1589 3393 et
1615 3362 1695 3401 ipsu
1714 3371 1722 3394 :
1740 3361 1816 3392 Alii
1833 3365 1920 3392 sunt
1945 3360 2004 3397 qui
2037 3360 2072 3390 in
2094 3360 2221 3397 juven-

110 3409 191 3437 iuto
212 3409 362 3440 virtutis
384 3410 460 3440 nati
483 3414 590 3450 suut,
612 3416 649 3442 et
673 3410 735 3443 aiii
760 3411 822 3449 qui
850 3413 917 3443 sub
940 3415 1107 3452 tempore
1127 3412 1330 3444 senectutis
1351 3412 1545 3445 deficiente
1570 3414 1724 3445 matrice
1745 3415 1833 3445 sunt
1857 3410 1947 3443 nati.
1971 3401 2004 3428 ⁵⁴
2025 3411 2222 3442 Considera

110 3465 196 3495 crgo
229 3462 266 3490 et
292 3466 331 3490 tu
366 3460 538 3499 quoniam
571 3464 703 3495 minori
735 3465 882 3495 statura
906 3463 991 3496 estis
1021 3472 1098 3503 prae
1121 3465 1180 3496 his
1205 3463 1268 3503 qui
1289 3467 1376 3497 ante
1400 3473 1484 3504 x·0s;
1517 3456 1552 3484 55
1569 3468 1608 3497 et
1632 3464 1696 3503 qui
1729 3466 1810 3504 post
1837 3470 1920 3501 vos,
1946 3463 2081 3494 minori
2109 3469 2220 3501 quam

111 3516 193 3546 vus,
225 3512 327 3547 quasi
356 3514 427 3549 jam
461 3518 687 3547 senescentes
718 3519 926 3547 ercaturae.
958 3518 998 3547 et
1031 3516 1291 3548 fortitudinem
1323 3516 1531 3556 juventutis
1563 3517 1845 3556 praetereuntes.
1880 3514 1929 3546 Et
1961 3515 2067 3548 dixi:
2096 3513 2221 3554 Rogo,

111 3560 284 3600 Domine,
317 3563 346 3594 si
378 3562 502 3596 inveni
535 3566 696 3604 gratiam
728 3570 815 3598 ante
843 3568 966 3599 oculos
996 3573 1098 3607 tuos,
1129 3567 1343 3599 demonstra
1370 3575 1478 3600 servo
1510 3570 1596 3608 tuo,
1624 3575 1691 3608 per
1714 3573 1825 3606 quem
1852 3565 1979 3599 visites
2010 3568 2222 3599 creaturam

109 3613 221 3645 tuam.
