2423 3861
816 103 919 146 Jm.
953 103 1120 157 XLIV,
1155 103 1287 145 3-22.
1885 105 1971 149 893

146 273 313 316 malum
342 272 460 315 istud
491 272 606 327 quod
621 272 797 315 adduxi
822 287 954 328 super
975 272 1244 327 Jerusalem,
1276 278 1319 315 et
1344 287 1473 329 super
1494 287 1646 316 omnes
1669 272 1795 315 urbes
1817 274 1845 315 J
1852 274 1937 316 uda
1957 292 1966 327 ς

144 336 189 374 et
211 345 312 374 ecce
334 331 518 374 desertae
545 337 648 374 sunt
669 331 812 384 hodie,
827 337 872 374 et
897 346 983 374 non
1009 337 1075 374 est
1099 331 1144 374 111
1168 331 1229 374 013
1256 331 1490 387 habitator,
1518 331 1535 358 ³
1552 335 1728 388 propter
1751 331 1968 374 malitiam

144 404 277 445 quam
298 390 502 433 fecerunt
527 396 575 432 ut
590 404 670 433 me
694 390 750 432 ad
777 389 1053 432 iracundiam
1072 394 1372 446 provocarent,
1393 396 1436 433 et
1453 390 1568 434 irent
1589 395 1637 432 ut
1654 389 1967 445 sacrificarent,

144 454 187 491 et
213 449 406 491 colerent
437 449 539 492 deos
569 449 736 492 alienos
763 463 868 504 quos
895 449 1173 504 nesciebant,
1200 454 1244 492 et
1273 448 1359 503 illi,
1384 454 1428 492 et
1455 464 1550 504 vos,
1579 454 1622 492 et
1649 454 1794 505 patres
1818 449 1967 492 vestri.

143 506 161 533 ¹¹
187 509 244 550 Et
272 507 371 550 misi
400 508 457 551 ad
491 522 567 550 vos
605 522 755 550 omnes
790 522 938 550 servos
970 522 1088 550 meos
1127 507 1383 564 prophetas,
1422 508 1475 550 de
1512 514 1640 551 nocte
1678 521 1968 563 consurgens,

143 567 412 622 mittensque
434 572 477 610 et
504 567 654 609 dicens
685 583 692 609 :
722 566 870 609 Nolite
896 567 1045 609 facere
1067 566 1251 609 verbum
1273 566 1617 608 abominationis
1643 566 1968 622 hujuscemodi,

143 639 276 680 quam
303 625 435 668 odivi.
463 625 479 651 ⁵
500 626 556 667 Et.
583 640 667 668 uon
693 625 948 679 audierunt,
980 639 1060 667 1100
1086 624 1413 667 inclinaverunt
1438 639 1589 668 aurem
1615 640 1761 681 suam,
1792 630 1840 668 ut
1866 639 1969 669 con-

143 691 417 727 verterentur
437 699 462 726 a
485 684 614 726 malis
639 684 741 739 suis,
765 689 809 726 et
831 697 915 725 non
942 683 1243 725 sacrificarent
1265 682 1349 725 diis
1370 683 1541 726 alienis.
1569 685 1585 710 ¹⁵
1606 686 1661 727 Et
1687 684 1878 727 conflata
1894 690 1970 728 -est

142 743 392 798 indignatio
419 757 515 786 mea
541 749 585 786 et
609 744 733 786 furor
756 756 901 795 meus,
926 747 971 785 et
995 756 1208 784 succensa
1237 747 1302 784 est
1328 741 1374 783 in
1400 742 1656 785 civitatibus
1682 744 1710 786 J
1718 743 1823 799 uda,
1851 749 1894 787 et
1921 743 1968 786 in

142 802 301 857 plateis
327 801 596 856 Jerusalem,
628 807 670 845 et
700 815 838 844 versae
855 806 971 858 *sunt
991 800 1038 842 in
1063 799 1348 843 solitudinem
1373 805 1416 843 et
1443 801 1698 845 vastitatem
1724 802 1969 845 secundum

143 860 260 903 diem
287 861 414 903 hanc.

201 918 215 944 7
244 920 301 961 Et
330 933 446 961 nunc
478 920 575 962 11300
609 919 718 962 dicit
752 919 1292 973 Dominusexercituum,
1334 920 1452 962 Deus
1490 919 1630 962 Israel
1671 935 1680 962 ε
1717 919 1858 969 Quare
1892 935 1967 963 vos

136 978 293 1020 facitis
319 977 487 1020 malum
509 978 676 1033 grande
698 979 780 1021 1100
807 983 958 1021 contra
980 978 1151 1021 animas
1178 983 1365 1033 vestras,
1394 982 1442 1020 ut
1462 977 1651 1021 intereat
1673 991 1727 1020 ex
1754 979 1877 1021 vobis
1903 979 1973 1021 vir

142 1042 184 1079 et
214 1036 383 1089 mulier,
416 1038 626 1093 parvulus
660 1042 703 1080 et
741 1037 930 1092 lactens,
965 1037 1020 1080 de
1054 1037 1199 1080 medio
1233 1037 1386 1091 Judae,
1424 1050 1504 1080 nec
1536 1036 1811 1092 relinquatur
1845 1037 1970 1080 vobis

99 1139 102 1144 ,
141 1096 382 1151 quidquam
414 1096 665 1150 residuum3
699 1095 718 1122 8
743 1101 1032 1153 provocantes
1061 1110 1130 1139 me
1155 1095 1201 1140 in
1233 1095 1436 1152 operibus
1467 1110 1678 1139 manuum
1701 1100 1968 1151 vestrarum,

139 1154 430 1197 sacrificando
453 1154 537 1197 diis
561 1155 739 1210 alienis,
762 1155 808 1197 in
831 1161 945 1199 terra
966 1155 1178 1211 AEgypti,
1205 1154 1249 1197 in
1277 1169 1410 1210 quam
1436 1154 1622 1209 ingressi
1645 1154 1749 1197 estis
1771 1159 1820 1197 ut
1844 1154 1967 1197 habi-

138 1214 243 1257 tetis
265 1213 328 1256 ibi
350 1219 394 1256 et
415 1214 687 1269 dispereatis,
711 1219 756 1257 et
780 1214 876 1257 sitis
901 1214 947 1257 in
974 1213 1334 1257 maledictionem
1356 1219 1399 1256 et
1424 1213 1470 1257 in
1497 1213 1779 1270 opprobrium
1799 1213 1969 1257 cunctis

134 1272 347 1328 >gentibus
373 1272 538 1316 terrae?
565 1272 582 1298 9
601 1272 830 1328 Numquid
855 1273 983 1316 obliti
1007 1273 1111 1316 estis
1138 1272 1256 1316 mala
1281 1277 1458 1328 patrum
1482 1277 1750 1329 vestrorum,
1778 1277 1822 1315 et
1852 1273 1972 1315 mala

140 1346 294 1387 regum
335 1331 475 1386 Juda,
514 1337 557 1375 et
599 1331 717 1374 mala
757 1345 944 1375 uxorum
981 1332 1099 1387 ejus,
1134 1337 1177 1375 et
1210 1332 1328 1374 mala
1363 1337 1525 1387 vestra,
1557 1336 1600 1374 et
1633 1331 1751 1374 mala
1782 1346 1970 1375 uxorum

130 1396 396 1443 vestrarum,
425 1405 523 1446 quae
545 1391 751 1434 fecerunt
768 1390 813 1432 in
831 1396 948 1434 terra
965 1391 992 1434 J
998 1391 1097 1446 uda,
1117 1396 1161 1433 et
1182 1391 1227 1433 in
1246 1391 1499 1446 regionibus
1520 1390 1800 1434 Jerusalem?
1823 1390 1856 1417 ¹⁰
1869 1392 1970 1434 Non

139 1454 241 1493 sunt
257 1449 460 1492 mundati
480 1463 616 1504 usque
634 1449 690 1492 ad
710 1449 829 1492 diem
847 1450 986 1503 hanc,
979 1466 986 1474 ·
1013 1455 1056 1492 et
1079 1463 1165 1492 non
1185 1450 1440 1504 timuerunt,
1460 1458 1503 1492 et
1525 1463 1611 1491 non
1628 1449 1971 1494 ambulaverunt

137 1508 184 1550 in
208 1508 308 1563 lege
335 1508 536 1562 Domini,
563 1513 607 1550 et
634 1507 682 1550 in
707 1507 943 1564 praeceptis
971 1508 1101 1563 meis,
1136 1522 1233 1563 qnae
1264 1508 1365 1550 dedi
1397 1522 1543 1551 coram
1570 1508 1698 1550 vobis
1738 1514 1782 1551 et
1823 1523 1970 1552 coram

132 1566 338 1623 patribus
372 1566 543 1610 vestiis.
576 1565 608 1591 ¹¹
637 1566 746 1609 Ideo
776 1567 874 1609 haec
907 1566 1016 1609 dicit
1052 1566 1269 1609 Dominus
1303 1567 1598 1621 exercituum,
1628 1568 1754 1609 Deus
1784 1567 1969 1612 IS1ael:

131 1626 256 1669 Ecce
273 1639 362 1681 ego
374 1639 546 1681 ponam
572 1625 746 1669 faciem
771 1640 917 1670 meam
937 1625 985 1667 in
1006 1625 1164 1668 vobis
1153 1640 1200 1668 in
1225 1625 1422 1679 malum,
1453 1631 1496 1669 et
1518 1625 1770 1682 disperdam
1794 1640 1970 1670 omnem

138 1683 371 1727 Jud‘1m1‘2
389 1685 447 1726 Et
467 1699 692 1727 assumam
711 1684 919 1740 reliquias
944 1685 973 1727 J
976 1685 1091 1740 udae
1111 1684 1186 1740 qni
1208 1661 1447 1741 posuerunt
1468 1685 1609 1728 facies
1633 1699 1731 1727 31133
1753 1690 1802 1729 ut
1825 1685 1970 1740 ingre-

138 1743 345 1787 derentur
376 1749 540 1786 terram
576 1744 787 1800 AEgypti,
830 1748 874 1788 et
909 1743 1165 1787 habitarent
1196 1743 1280 1799 ibi,
1316 1749 1360 1786 et
1393 1750 1708 1787 consumentur
1737 1758 1887 1787 omnes
1924 1745 1970 1786 in

136 1808 252 1846 terra
273 1803 488 1859 AEgypti3
513 1802 1030 1859 cadentingladioetin
1043 1806 1237 1861 fame,-et
1248 1808 1562 1847 consumentur
1582 1818 1608 1845 a
1630 1803 1814 1846 minimo
1836 1817 1972 1859 usque

137 1862 193 1905 ad
220 1862 489 1918 maximum,
515 1862 561 1905 in
583 1862 734 1918 gladio
761 1868 804 1906 et
827 1862 875 1905 in
900 1863 1023 1906 fame
1049 1865 1318 1917 morientur3
1348 1868 1390 1905 et
1416 1868 1542 1906 erunt
1563 1863 1609 1905 in
1634 1862 1968 1918 jusjurandum,

138 1926 181 1965 et
213 1921 259 1964 in
288 1921 574 1978 miraculum,
601 1927 650 1967 ,et
680 1922 727 1964 in
768 1922 1151 1978 maledictionem,
1195 1928 1239 1965 et
1274 1922 1321 1964 in
1362 1922 1658 1979 opprobrium.
1704 1921 1741 1948 ¹3
1773 1923 1831 1965 Et
1866 1922 1969 1968 visi-

105 1983 107 1987 ’
137 1981 242 2024 tabo
286 1995 416 2037 super
455 1981 727 2025 habitatores
760 1987 889 2025 terrae
921 1982 1134 2039 AEgypti,
1171 1982 1287 2026 sicut
1319 1982 1500 2024 visitavi
1533 1996 1663 2038 super
1699 1981 1967 2038 Jerusalem,

138 2040 183 2082 in
215 2040 386 2096 gladio,
418 2045 463 2083 et
491 2040 634 2096 fame,
665 2046 709 2084 et
731 2047 876 2097 :peste
905 2041 941 2067 ¹4
966 2041 1026 2084 Et
1057 2056 1145 2084 non
1171 2042 1254 2085 erit
1283 2042 1355 2098 qui
1382 2041 1592 2097 effugiat,
1609 2046 1663 2084 et
1687 2040 1745 2083 sit
1769 2040 1969 2084 residuus

138 2099 192 2143 de
223 2100 421 2156 reliquiis
455 2100 716 2145 Judaeorum
749 2101 823 2156 qui
856 2101 1027 2144 vadunt
1055 2107 1104 2143 ut
1128 2101 1464 2158 peregrinentur
1484 2100 1530 2142 in
1556 2105 1670 2143 terra
1695 2100 1898 2156 AEgypti,
1926 2105 1970 2143 et

127 2164 418 2202 {revertantur
438 2159 485 2202 in
510 2164 673 2203 terram
702 2160 729 2202 J
735 2160 836 2216 uda,
859 2160 916 2203 ad
946 2175 1080 2215 quam
1112 2160 1197 2217 ipsi
1231 2161 1408 2204 elevant
1436 2160 1608 2202 animas
1629 2174 1730 2202 31133
1755 2164 1805 2203 ut
1824 2173 1966 2202 rever-

128 2223 300 2273 tantur,
333 2224 376 2262 et
406 2219 610 2262 habitent
635 2219 697 2262 ibi
718 2237 727 2273 ;
763 2233 850 2264 non
876 2225 1165 2275 revertentur,
1193 2220 1277 2263 nisi
1300 2219 1373 2274 qui
1399 2219 1610 2274 fugerint.

197 2277 233 2305 ’15
253 2278 592 2334 Responderunt
613 2284 764 2322 antem
789 2279 999 2322 Jeremiae
1026 2293 1178 2321 omnes
1204 2279 1286 2322 viri
1306 2278 1506 2321 scientes
1532 2279 1648 2334 quod
1669 2279 1968 2322 sacrificarent

138 2351 296 2380 uxores
321 2351 472 2380 eorum
495 2337 579 2381 diis
605 2337 775 2394 alienis,
803 2342 848 2381 et
868 2338 1086 2382 universae
1112 2338 1318 2381 mulieres
1345 2352 1529 2393 quarum
1555 2338 1704 2380 stabat
1729 2338 1966 2381 multitudo

139 2396 340 2453 grandis,
371 2402 415 2440 et
448 2397 589 2439 omnis
623 2397 811 2453 populus
847 2397 1150 2441 habitantium
1187 2397 1232 2439 in
1267 2403 1382 2440 terra
1418 2397 1609 2453 AEgypti
1645 2397 1692 2439 in
1730 2398 1965 2454 Phatures,

125 2456 337 2499 ⁴dicentes
366 2473 374 2500 :
402 2456 437 2483 ¹⁶
454 2457 710 2499 Sermonem
736 2471 866 2512 quem
899 2457 1071 2499 locutus
1101 2471 1146 2500 es
1171 2457 1227 2499 ad
1258 2471 1336 2499 nos
1361 2457 1408 2499 in
1437 2456 1616 2500 nomine
1644 2457 1845 2513 Domini,
1879 2471 1966 2500 non

137 2514 368 2558 audiemus
390 2530 445 2559 ex
466 2520 509 2558 te
529 2533 538 2570 3
573 2515 605 2540 ¹⁷
625 2516 702 2558 sed
724 2516 944 2559 facientes
970 2513 1190 2559 faciemus
1218 2530 1347 2559 omne
1373 2516 1557 2559 verbum
1581 2516 1696 2571 quod
1718 2516 1968 2572 egredietur

138 2574 191 2617 de
217 2588 289 2617 ore
314 2579 482 2629 nostro,
510 2579 558 2616 ut
581 2575 878 2618 sacrificemus
903 2576 1072 2631 reginae
1100 2576 1220 2631 caeli,
1249 2580 1292 2618 et
1313 2575 1504 2618 libemus
1526 2575 1564 2617 ei
1591 2574 1826 2631 libamina,
1853 2575 1967 2618 sicut

136 2633 347 2690 fecimus,
366 2648 449 2677 ‘nos
475 2640 519 2677 et
544 2640 691 2691 patres
717 2635 874 2691 nostri,
900 2649 1024 2690 reges
1050 2635 1187 2678 nostri
1212 2639 1256 2678 et
1279 2634 1500 2691 principes
1526 2634 1684 2690 nostri,
1715 2634 1760 2676 in
1785 2634 1966 2678 urbibus

138 2693 166 2736 J
171 2693 278 2749 uda,
310 2698 354 2736 et
382 2693 429 2735 in
454 2693 615 2750 plateis
637 2694 887 2737 Jerusalem
910 2711 918 2748 3
944 2700 986 2738 et
1012 2694 1197 2737 saturati
1224 2709 1374 2737 sumus
1400 2694 1610 2751 panibus,
1638 2699 1681 2737 et
1702 2693 1814 2737 bene
1839 2693 1966 2737 nobis

137 2759 252 2807 erat,
283 2753 539 2810 malumque
572 2767 660 2796 non
690 2753 897 2797 vidimus.
933 2753 968 2780 18
994 2754 1065 2796 Ex
1093 2768 1143 2797 00
1173 2758 1324 2797 autem
1356 2758 1553 2810 tempore
1582 2767 1666 2808 quo
1697 2754 1966 2796 cessavimus

137 2812 384 2856 sacrificare
405 2813 571 2868 reginae
599 2813 711 2868 caeli,
735 2818 778 2856 et
802 2813 939 2856 libare
965 2813 1004 2856 ei
1029 2813 1257 2869 libamina,
1279 2813 1534 2868 indigemus
1559 2812 1776 2868 omnibus,
1804 2817 1848 2856 et
1872 2812 1965 2868 gla-

138 2871 212 2914 dio
237 2877 280 2915 et
300 2871 429 2915 fame
447 2872 695 2929 consumpti
718 2887 880 2915 sumus.
908 2872 940 2898 ¹9
957 2872 1082 2923 Quod
1107 2873 1144 2915 si
1159 2886 1248 2915 vnos
1267 2872 1574 2916 sacrificamus
1595 2871 1763 2927 reginae
1787 2871 1899 2927 caeli,
1922 2876 1966 2914 et

138 2929 329 2974 libamus
359 2932 397 2974 ei
428 2932 665 2987 libamina,
693 2931 907 2987 numquid
931 2932 1024 2975 sine
1050 2931 1154 2974 viris
1183 2931 1343 2974 nostris
1365 2931 1556 2975 fecimus
1583 2930 1622 2974 ei
1651 2930 1880 2987 placentas
1908 2930 1966 2974 ad

139 2989 371 3033 colendum
393 3006 492 3034 eam
514 2997 557 3035 et
580 2991 810 3034 libandum
836 2991 875 3033 ei
898 2991 1147 3035 libamina?

197 3048 234 3075 2⁰
252 3049 310 3092 Et
332 3050 446 3093 dixit
467 3052 495 3094 J
500 3066 686 3094 eremlas
711 3051 768 3093 ad
795 3065 971 3094 omnem
993 3051 1218 3108 populum,
1245 3053 1481 3097 adversum
1507 3052 1636 3108 vilos,
1665 3056 1708 3095 et
1729 3052 1966 3094 adversum

125 3109 364 3165 -mulieies,
392 3115 436 3153 et
461 3111 697 3154 adveisum
732 3110 836 3153 univ
840 3125 983 3154 elsam
1016 3111 1212 3167 plebem,
1243 3111 1317 3167 qni
1344 3088 1665 3179 responderant
1693 3111 1733 3154 01
1758 3111 1963 3166 verbum,

130 3167 342 3212 dicens:
366 3168 413 3199 2¹
446 3169 673 3226 Numquid
699 3184 801 3213 non
838 3169 1104 3212 sacrificium
1141 3170 1257 3226 quod
1298 3170 1580 3214 sacrificastis
1619 3170 1665 3213 in
1708 3169 1965 3216 civitatibus

139 3227 168 3270 J
173 3227 278 3283 uda
294 3233 354 3273 et
376 3229 423 3271 in
444 3229 605 3286 plateis
630 3229 901 3283 Jerusalem,
928 3243 1006 3272 vos
1023 3234 1087 3272 et
1095 3234 1241 3286 patres
1266 3230 1422 3286 vestri,
1436 3244 1574 3286 leges
1599 3229 1754 3285 vestri,
1781 3234 1825 3272 et
1846 3229 1962 3285 111111-

139 3285 273 3343 cipes
283 3288 431 3343 vestri,
457 3294 501 3332 et
523 3289 723 3345 populus
737 3293 876 3342 terr,ae
901 3289 980 3331 hei
983 3303 1056 3330 um
1080 3289 1346 3332 reeordatus
1357 3295 1423 3333 est
1442 3289 1672 3344 Dominus,
1700 3294 1744 3331 et
1762 3287 1965 3332 ascendit

138 3358 268 3401 super
286 3361 359 3390 cor
381 3348 512 3404 ejus?
539 3347 575 3373 ²2
590 3349 648 3390 Et
669 3362 755 3391 non
778 3353 951 3404 poterat
978 3347 1193 3391 Dominus
1218 3348 1334 3391 ultra
1351 3354 1524 3406 portare
1546 3353 1722 3404 propter
1744 3347 1963 3392 malitiam

137 3404 386 3448 studiorum
407 3412 666 3463 vestrorum,
693 3412 737 3451 et
761 3413 937 3463 propter
958 3406 1311 3472 abominationes
1333 3422 1442 3464 quas
1457 3407 1658 3460 fecistis;
1683 3411 1727 3450 et
1748 3406 1873 3448 facta
1898 3411 1964 3449 est

103 3510 106 3516 ¹
139 3466 254 3506 terra
278 3470 425 3508 vestra
448 3465 514 3508 in=
511 3466 861 3522 desolationem,
889 3470 933 3508 et
957 3465 1003 3508 in
1029 3470 1272 3522 stupor‚em
1299 3471 1344 3510 et
1364 3466 1409 3510 in
1436 3442 1744 3521 maledictum,
1755 3478 1835 3508 eo
1848 3464 1963 3521 quod

139 3608 188 3642 11]
207 3609 278 3637 Am.
297 3609 358 3645 lx,
373 3611 400 3639 4.

2045 2291 2268 2321 contumacia

2050 2335 2072 2363 J
2075 2335 2257 2364 udaeorum.

2048 3061 2261 3093 Argumento

2079 3106 2207 3132 retorto
2218 3125 2224 3140 ,
