2423 3861
783 125 921 167 Pnov.
959 124 1043 173 VI,
1078 125 1213 166 2:25⁴.
1825 121 1906 163 667

84 228 1764 240 ——w——ffl-q-ffl„-—v-—ss
1774 228 1832 231 -„>,

276 297 291 321 ‘·'
314 296 580 351 illaqueatus
606 310 650 338 cs
675 295 792 338 vcibi
784 311 818 337 s
842 311 898 337 or·
892 296 925 336 's
952 295 1036 341 tui

377 362 418 398 et
447 371 468 397 ‹
472 361 601 411 iptus
629 354 815 411 pimopiiis
837 354 1126 397 sermonibus

276 414 294 439 ³
316 415 350 457 F
352 429 404 457 ιιι(
428 429 532 469 eigo
558 414 672 469 quod
695 413 814 468 dico,
843 413 903 455 iili
928 413 1008 467 mi,
1036 419 1077 456 et
1102 411 1385 479 temetipsum
1412 410 1570 465 libera,

375 474 460 529 qui.
451 489 477 516 a
503 473 732 515 incidisti
722 488 767 515 ιιι
791 487 831 515 m
835 487 970 515 nium
995 471 1183 529 proximi
1211 471 1288 513 tui.

378 533 602 587 Discurre,
627 532 813 585 festina,
837 531 1002 574 suscita
1028 530 1221 573 amicum
1250 535 1387 571 tuum.

280 593 288 618 '¹
312 593 378 635 Ne
406 591 580 635 dederis
606 605 810 633 somnum
836 590 975 633 oculis
1002 590 1108 643 tuis,

375 665 455 694 noc
479 651 720 694 dormitent
745 649 969 706 palpebrae
997 654 1098 690 tuac.

275 711 292 736 ⁴³
317 712 477 754 lssruere
504 709 628 765 quasi
656 708 837 751 damula
860 708 913 750 de
940 722 1094 761 manu,

374 776 418 814 et
443 768 567 825 quasi
590 768 686 811 avis
713 767 767 810 de
795 781 929 809 manu
955 766 1152 822 aucupis.

273 830 291 855 ὓ
314 829 439 873 Vade
461 828 517 871 ad
540 827 798 882 formicam,
822 840 846 869 o
872 826 1007 883 piger,
2033 827 2163 875 ,0031312

374 893 417 931 et
443 886 672 930 considera
695 887 790 929 vias
817 886 935 941 ejus,
960 891 1003 928 et
1026 884 1145 928 disce
1170 885 1450 942 sapientiam.
2008 874 2189 904 pugnmam.

275 946 290 972 7
310 948 416 998 Quae
440 961 541 990 cum
567 960 654 988 non
682 945 845 989 habeat
871 945 1053 999 ducem,

373 1020 453 1049 nec
480 1010 821 1062 praeceptorem,
850 1019 930 1048 nec
961 1003 1226 1061 principem,

273 1065 290 1091 ⁸
312 1071 438 1122 parat
459 1065 502 1107 in
531 1070 684 1108 aestate
712 1065 860 1108 cibum
885 1064 990 1119 sibi,

372 1130 415 1168 et
442 1130 686 1180 congregat
707 1124 752 1166 in
776 1138 916 1167 messe
939 1123 1054 1179 quod
1078 1123 1295 1167 comedat.

273 1185 290 1210 ‘²'
312 1185 572 1240 Usquequo,
600 1183 737 1240 piger,
767 1183 990 1227 dormies?

372 1243 551 1299 quando
574 1258 812 1298 consurges
839 1258 861 1286 e
887 1257 1039 1285 somno
1067 1241 1175 1286 tuo?

258 1300 291 1327 ¹⁰
312 1302 551 1345 Paululum
574 1302 785 1357 dormies,
813 1302 1042 1359 paululum
1065 1301 1346 1356 dormitabis,

373 1362 603 1418 paululum
630 1376 831 1405 conseres
858 1376 1014 1404 manus
1040 1366 1085 1404 ut
1111 1359 1327 1413 dormias3

257 1420 289 1446 ¹¹
313 1426 356 1464 et
384 1421 530 1464 xeniet
556 1421 637 1463 tibi
661 1421 785 1476 quasi
815 1421 956 1463 xiat01
981 1435 1032 1475 θ(
1030 1426 1176 1474 estas,

372 1487 415 1524 et
439 1481 670 1537 pauperies
692 1479 817 1535 quasi
843 1480 910 1522 vii
931 1484 1141 1522 aimatus

313 1539 356 1582 Si
379 1554 481 1582 vero
507 1539 698 1595 impige1
723 1539 882 1594 fueris,
908 1554 934 1580 v
938 1539 1056 1581 eniet
1082 1543 1130 1580 ut
1152 1539 1255 1581 fons
1278 1539 1432 1581 messis
1456 1543 1553 1593 tua,

372 1606 415 1641 et
437 1604 609 1653 egestas
635 1598 768 1654 longe
793 1598 941 1654 fugiet
966 1612 992 1639 a
1018 1603 1073 1641 te.

255 1656 290 1681 '¹²’
314 1634 487 1700 HomoD
482 1662 686 1714 apostata
712 1657 779 1700 vir
804 1657 996 1712 inutilis,
1024 1657 1225 1712 graditur
1250 1671 1321 1699 ore
1348 1669 1579 1712 pervers03
2041 1662 2163 1710 eom-ra

317 1716 348 1741 ¹³
368 1717 526 1759 annuit
553 1716 713 1772 oculis,
740 1717 843 1760 terit
868 1716 1002 1773 pede,
1031 1716 1172 1772 digito
1199 1715 1404 1771 loquitur,
2011 1707 2183 1777 ξζξξῖὲξῐζῗ

257 1774 291 1800 ¹²
313 1790 449 1832 pravo
475 1775 606 1819 corde
633 1776 914 1819 machinatur
940 1776 1130 1831 malum,
2168 1768 2188 1778 ..

372 1840 417 1877 et
441 1834 562 1878 omni
583 1839 781 1892 tempore
801 1835 951 1892 jurgia
977 1835 1181 1879 seminat.

259 1894 291 1919 ¹³
316 1894 433 1936 Huic
460 1894 684 1950 extemplo
711 1895 861 1938 veniet
882 1895 1072 1951 perditio
1095 1909 1173 1937 sua
1194 1912 1203 1949 ;

373 1959 415 1996 et
441 1953 587 1996 subito
613 1959 876 2010 conteretur,
904 1969 985 1997 nec
1013 1954 1196 1997 habebit
1222 1953 1338 1996 ultra
1366 1952 1649 1997 medicinam.

258 2011 292 2037 ¹⁰
314 2012 400 2054 Sex
425 2018 527 2055 sunt
548 2027 647 2068 quae
675 2012 767 2056 odit
793 2013 1033 2068 Dominus,

375 2076 418 2113 et
442 2072 683 2127 septimum
708 2072 954 2117 detestatur
978 2072 1129 2115 anima
1154 2071 1249 2126 ejus
1280 2086 1288 2113 :

256 2129 289 2155 ¹7
313 2129 462 2173 oculos
487 2129 721 2184 sublimes,
745 2130 947 2186 linguam
969 2130 1252 2185 mendacem,

375 2203 532 2231 manus
559 2188 839 2232 effundentes
865 2189 1098 2232 innoxium
1124 2188 1410 2245 sanguinem,

258 2247 293 2274 ¹⁸
315 2261 388 2290 cor
413 2247 675 2291 machinans
702 2248 994 2304 cogitationes
1020 2249 1258 2305 pessimas,

374 2307 509 2363 pedes
531 2306 703 2350 veloces
728 2307 784 2350 ad
809 2307 1112 2351 curr'endum
1101 2323 1146 2350 in
1172 2284 1360 2363 malum,

254 2366 290 2392 1⁴
313 2367 614 2423 piffofeientem
640 2366 873 2409 mendacia
899 2372 1059 2410 testem
1075 2367 1322 2422 fallacem,

375 2431 418 2469 et
443 2440 544 2468 eum
570 2425 644 2481 qui
665 2425 857 2469 seminat
880 2426 997 2469 inter
1020 2427 1183 2468 fraties
1206 2402 1463 2469 discoidias.

256 2485 293 2512 ”²0
310 2486 552 2540 Conselva,
580 2484 643 2527 fili
670 2485 750 2540 mi,
778 2491 1001 2542 praecepta
1023 2485 1160 2552 patris
1186 2485 1271 2541 tui,
1979 2496 2102 2543 contra
2118 2495 2222 2523 fomi-

375 2550 417 2588 et
444 2559 498 2587 ne
522 2544 722 2587 dimittas
741 2520 890 2600 'legem
912 2544 1065 2587 matris
1088 2549 1191 2587 tuae.
1991 2542 2157 2610 efflfflffmfffl
2175 2546 2210 2566 ΕΒ

257 2603 290 2630 2¹
315 2604 428 2660 Liga
451 2619 503 2647 ea
527 2604 573 2646 in
597 2604 726 2647 corde
752 2608 828 2646 tuo
849 2603 1027 2659 jugiter,
1994 2590 2012 2611 a
2040 2590 2056 2609 υ
2092 2589 2208 2612 enum.

376 2669 418 2707 et
444 2664 670 2706 circumda
691 2663 859 2719 gutturi
884 2667 972 2706 tuo.

257 2721 293 2748 ²2
315 2722 425 2766 Cum
451 2722 773 2777 ambulaveris,
800 2721 1061 2778 gradiantur
1086 2727 1261 2778 tecum3

376 2797 475 2826 cum
499 2782 749 2838 dormieris,
778 2782 1032 2825 custodiant
1057 2786 1099 2824 te
1123 2799 1132 2836 ;

377 2848 420 2886 et
441 2842 660 2898 evigilans
686 2841 861 2897 loquere
888 2856 988 2884 cum
1014 2840 1089 2884 eis.

259 2900 295 2927 93
317 2901 429 2952 Quia
450 2901 715 2944 mandatum
739 2901 920 2943 lucerna
945 2905 1031 2954 est,
1060 2906 1104 2942 et
1125 2900 1198 2943 lex
1222 2900 1319 2957 lux,

376 2966 421 3004 et
441 2961 515 3003 via
539 2961 646 3004 vitae
670 2960 913 3017 increpatio
936 2958 1185 3016 disciplinae
1205 2978 1214 3016 3

260 3018 296 3045 24
316 3025 365 3062 ut
390 3020 645 3063 custodiant
670 3024 714 3063 te
736 3034 763 3062 a
789 3019 971 3062 muliere
999 3018 1138 3074 mala,

378 3084 422 3122 et
446 3094 472 3122 a
493 3079 660 3122 blanda
684 3079 839 3136 lingua
865 3084 1102 3122 extraneae.

260 3137 296 3164 25
317 3138 418 3181 Non
445 3138 729 3195 concupiscat
754 3137 1133 3196 pulchritudinem
1158 3137 1256 3193 ejus
1283 3151 1356 3181 cor
1380 3142 1526 3193 tuum,

378 3213 459 3242 nec
482 3198 670 3254 capiaris
695 3197 878 3240 nutibus
904 3196 1050 3239 illius:

260 3255 297 3283 ²ss
316 3257 510 3314 pretium
536 3257 656 3300 enim
677 3256 810 3301 scorti
837 3256 914 3298 vix
936 3260 1002 3298 est
1027 3255 1158 3299 unius
1185 3255 1334 3312 panis,

379 3317 538 3360 mulier
563 3321 714 3360 autem
739 3315 821 3359 viri
847 3315 1087 3372 pretiosam
1111 3315 1308 3357 animam
1335 3315 1467 3382 capit:

261 3374 297 3401 2⁷
320 3376 547 3432 Numquid
571 3380 716 3432 potest
741 3375 873 3418 homo
895 3373 1198 3417 absconder’e
1186 3388 1337 3430 lgnem
1360 3373 1407 3416 in
1433 3373 1532 3416 sinu
1553 3386 1650 3429 suo,

380 3441 430 3478 ut
453 3435 721 3478 vestimenta
745 3435 864 3478 illius
886 3448 973 3477 non
995 3432 1211 3476 aideant?

263 3493 299 3520 28
318 3500 397 3537 aut
421 3494 650 3537 ambulare
677 3508 806 3550 super
830 3506 1015 3550 prunas,

89 3641 135 3675 ιο]
154 3639 220 3668 inf.
240 3639 366 3674 XXIV,
382 3642 427 3667 33.
