2423 3861
698 165 807 206 AoT.
844 165 939 213 III,
977 165 1029 207 10
1061 189 1119 196 —
1151 164 1231 214 IV,
1268 165 1334 205 13.
1817 166 1926 208 1217

108 334 142 361 ¹⁰
165 335 503 389 Gognoscebant
531 340 679 377 autem
711 334 855 389 illum,
883 334 996 389 quod
1027 334 1119 390 ipse
1149 340 1243 376 erat
1269 333 1341 388 qni
1372 333 1427 376 ad
1455 334 1780 389 eleemosynam
1806 335 1926 378 sede-

104 393 180 435 bat
207 393 263 434 ad
291 393 542 448 Speciosam
569 398 739 448 portam
767 393 941 448 templi,
969 398 1012 435 et
1040 392 1210 448 impleti
1241 397 1342 434 sunt
1367 398 1544 448 stupore
1570 397 1612 435 et
1637 392 1778 435 extasi
1804 393 1847 434 in
1878 408 1928 436 eo

103 452 217 507 quod
248 451 495 506 contigerat
525 451 604 494 illi.
636 451 664 476 ¹¹
694 452 803 495 Cum
829 456 995 494 teneret
1020 457 1168 493 autem
1199 451 1375 493 Petrum
1399 457 1441 494 et
1466 452 1706 506 Joanncm,
1737 453 1927 494 cucurrit

104 511 245 553 omnis
291 509 477 566 populns
517 509 572 552 ad
611 524 708 565 608,
746 510 802 551 ad
844 510 1060 565 porticum
1101 524 1196 564 qua:
1239 509 1488 565 appellatur
1524 509 1795 565 Salomonis,
1838 517 1926 552 stu-

102 576 267 625 pentes.

163 627 196 653 ¹⁸2
217 628 383 671 Videus
418 635 566 671 autem
604 630 779 683 Petrus,
806 628 1033 684 respondit
1064 628 1120 669 ad
1156 628 1396 683 populum:
1424 628 1518 670 Viri
1555 628 1792 683 Israelitae,
1825 628 1927 684 quid

103 687 324 729 miramini
351 687 395 729 in
425 688 538 730 hoc?
564 693 641 730 aut
668 702 745 729 nos
771 687 874 741 qnid
897 686 1151 739 intuemini,
1179 686 1301 740 quasi
1330 692 1476 727 nostra
1505 687 1664 730 virtute
1697 692 1774 729 aut
1807 692 1927 744 pote-

101 750 215 788 state
250 745 487 788 fecerimus
522 747 638 788 hunc
672 744 936 787 ambulare?
975 744 1008 770 ¹3
1030 746 1147 786 Deus
1185 744 1434 796 Abraham,
1473 753 1515 787 et
1551 747 1667 788 Deus
1703 746 1849 801 Isaac,
1885 752 1928 789 et

103 804 221 846 Deus
256 804 418 858 Jacob,
458 806 574 848 Deus
604 809 778 860 patrum
818 811 1062 846 nostrorum
1096 802 1361 857 glorificavit
1421 802 1560 845 filium
1593 818 1720 846 suum
1751 806 1925 859 Jcsum,

101 876 233 918 quem
258 877 335 905 vos
361 863 539 918 quidem
571 862 835 917 tradidistis,
872 868 915 904 et
948 861 1144 916 negastis
1177 866 1280 904 ante
1313 861 1478 904 faciem
1510 862 1662 917 Pilati,
1697 863 1926 918 judicante

101 921 178 964 illo
201 921 380 964 dimitti.
413 921 444 947 ¹·'¹
463 923 553 964 Vos
583 926 731 964 autem
759 921 968 964 Sanctum
995 925 1038 963 et
1063 920 1090 963 J
1096 925 1243 962 ustum
1270 920 1486 975 negastis,
1514 926 1557 963 et
1586 921 1758 976 petistis
1784 922 1925 964 virum

102 979 371 1023 homicidam
398 981 550 1024 donari
579 979 725 1033 vobis3
757 979 792 1006 ‘¹5
809 985 1034 1023 auctorem
1062 993 1163 1022 vero
1186 979 1290 1021 vitae
1319 979 1626 1033 interfecistis,
1655 993 1785 1034 quem
1810 982 1927 1024 Deus

101 1039 333 1081 suscitavit
362 1054 387 1081 a
419 1039 620 1094 mortuis,
649 1039 776 1094 cujus
803 1053 880 1081 nos
907 1043 1040 1081 testes
1070 1052 1234 1081 86111118.
1259 1037 1294 1064 '¹⁶
1321 1038 1377 1080 Et
1402 1038 1448 1080 in
1473 1038 1558 1081 fide
1584 1039 1774 1081 nominis
1808 1040 1924 1094 ejus

102 1098 217 1141 hunc
243 1113 373 1154 quem
396 1112 472 1141 vos
495 1075 669 1141 vidistis
695 1103 738 1141 et
768 1098 925 1153 nostis,
955 1097 1234 1140 confirmavit
1263 1111 1423 1140 nomen
1454 1098 1573 1153 ejus;
1607 1101 1649 1139 et
1674 1075 1926 1164 11(168,(]11111

101 1171 176 1213 per
222 1171 322 1200 eum
363 1163 451 1213 est,
496 1157 618 1200 dedit
659 1157 880 1213 integram
917 1133 1156 1199 'sanitatem
1195 1156 1328 1199 istam
1367 1155 1412 1198 in
1451 1160 1690 1212 conspectu
1732 1133 1927 1199 oninium

100 1216 372 1259 1168111161.17
393 1193 451 1259 Et'
475 1231 612 1271 nunc,
639 1217 821 1271 :na-nes,
850 1217 940 1259 scio
966 1216 1068 1271 quia
1095 1230 1170 1272 pei
1198 1215 1497 1271 ignorantiam
1525 1214 1718 1269 fecistis,
1746 1215 1860 1258 sicut
1886 1221 1927 1258 et

100 1275 320 1332 principes
344 1276 490 1319 vestri.
511 1275 545 1302 ¹8
566 1277 684 1319 Deus
709 1281 871 1331 autern,
898 1290 993 1331 quae
1021 1274 1337 1331 praemmtiavit
1358 1288 1436 1330 per
1454 1288 1500 1317 os
1524 1250 1721 1316 omniuni
1743 1275 1926 1332 prophe-

100 1340 266 1384 tar,um
290 1335 382 1391 pati
410 1335 633 1379 Christum
659 1350 805 1391 suum,
833 1335 895 1378 sic
921 1335 1137 1391 implevit.

162 1393 195 1419 ¹⁰
226 1385 512 1437 Poenitemini
553 1394 700 1450 igitur,
737 1399 780 1437 et
821 1394 1150 1450 comertimini,
1186 1400 1235 1437 ut
1268 1395 1498 1438 deleantur
1534 1400 1717 1451 peccata
1750 1400 1923 1450 vestra3

101 1451 138 1478 9⁰
155 1459 201 1495 ut
227 1468 327 1496 cum
346 1453 548 1496 venerint
573 1459 771 1509 tempora
797 1453 1017 1508 refrigerii
1041 1469 1066 1496 a
1089 1460 1327 1510 conspectu
1352 1454 1544 1509 Domini,
1568 1460 1611 1497 et
1637 1454 1805 1497 miserit
1827 1468 1928 1496 eum

100 1512 172 1567 qui
198 1512 467 1568 praedicatus
486 1517 551 1555 est
570 1512 706 1567 vobis,
728 1513 755 1555 J
759 1526 880 1555 esum
904 1512 1141 1568 Christum,
1169 1512 1202 1538 ²¹
1223 1527 1351 1568 quem
1379 1518 1548 1569 oportet
1567 1513 1744 1569 quidem
1768 1513 1927 1556 caelum

99 1571 339 1627 suscipere,
368 1585 503 1626 usque
527 1571 572 1612 in
606 1576 804 1627 tempora
831 1571 1121 1614 restitutionis
1147 1572 1344 1614 omnium
1378 1586 1477 1627 quae
1503 1572 1673 1615 locutus
1707 1577 1788 1615 est-
1807 1574 1926 1615 Deus

98 1644 174 1686 per
200 1644 245 1672 os
268 1635 522 1672 sanctorum
543 1644 719 1672 suorum
746 1644 772 1672 a
796 1630 958 1672 saeculo
981 1631 1308 1686 prophetarum.
1329 1630 1365 1656 ⁵2⁸²
1386 1631 1561 1686 Moyses
1584 1631 1762 1686 quidem
1785 1631 1924 1674 dixit:

99 1688 316 1739 Quoniam
349 1689 610 1745 prophetam
643 1688 875 1731 suscitabit
900 1688 1026 1732 vobis
1054 1690 1271 1732 Dominus
1303 1691 1422 1732 Deus
1452 1695 1596 1733 vester
1625 1690 1679 1733 de
1712 1690 1925 1732 fiatribus

98 1748 255 1790 vestlis
290 1752 504 1803 tanquam
540 1762 634 1803 me3
673 1748 819 1804 ipsum
855 1748 1045 1791 audietis
1081 1748 1210 1804 juxta
1245 1749 1393 1791 omnia
1427 1763 1716 1804 quaecumque
1753 1749 1925 1791 locutus

97 1807 234 1850 fuerit
269 1806 470 1850 10111893
495 1807 593 1849 Erit
624 1813 804 1851 autem:
833 1807 974 1850 omnis
1007 1808 1157 1850 anima
1190 1822 1288 1863 quae
1323 1822 1409 1851 non
1442 1807 1632 1851 audierit
1664 1808 1924 1865 prophetam

96 1865 243 1922 illum,
271 1866 640 1909 exterminabitur
662 1866 715 1909 de
741 1866 884 1934 plebe.
912 1865 948 1892 24
967 1867 1025 1909 Et
1048 1881 1198 1910 omnes
1224 1868 1450 1924 prophetae
1471 1882 1497 1909 a
1521 1867 1715 1922 Samuel,
1736 1871 1780 1909 et
1802 1866 1924 1909 dein-

98 1939 221 1982 ceps,
248 1925 320 1982 qui
346 1925 482 1969 locuti
507 1931 630 1981 sunt,
657 1926 1035 1969 annuntiaverunt
1061 1926 1154 1969 dies
1183 1927 1303 1969 istos.
1331 1925 1367 1953 ²⁵
1385 1927 1477 1969 Vos
1504 1927 1607 1969 estis
1638 1903 1717 1968 filii
1739 1926 1924 1982 prophe-

97 1989 262 2040 tarum,
286 1989 330 2028 et
357 1985 616 2028 testamenti
647 1985 763 2041 quod
788 1985 1003 2042 disposuit
1035 1987 1153 2029 Deus
1183 1985 1240 2028 ad
1273 1991 1419 2042 patres
1453 1991 1647 2041 nostros,
1683 1985 1834 2028 dicens
1867 1985 1924 2028 ad

97 2043 328 2087 Abraham
349 2061 357 2087 ε
385 2045 442 2087 Et
462 2044 510 2087 in
535 2044 702 2087 semine
727 2049 803 2087 tuo
824 2045 1142 2088 benedicentur
1168 2059 1317 2088 omnes
1343 2045 1533 2087 familiae
1559 2050 1702 2088 terrae.
1729 2043 1766 2071 2ss
1785 2044 1924 2087 Vobis

97 2103 288 2159 primum
313 2105 431 2146 Deus
457 2103 676 2146 suscitans
726 2103 861 2146 filiun]
890 2118 1037 2159 suum,
1065 2104 1186 2147 misit
1211 2118 1310 2147 eum
1340 2103 1680 2147 benedicentem
1706 2103 1853 2158 vobis,
1877 2107 1925 2145 ut

96 2167 325 2205 convertat
349 2177 394 2205 86
420 2163 718 2218 unusquisque
742 2178 768 2205 a
794 2163 992 2218 nequitia
1017 2178 1108 2206 sua.

155 2222 262 2265 CAP.
294 2222 375 2265 IV.
403 2247 460 2254 —-
485 2221 498 2248 ¹
520 2222 821 2278 Loquentibus
846 2227 996 2266 autem
1021 2222 1110 2265 illis
1139 2223 1195 2266 ad
1222 2222 1453 2280 populum,
1485 2227 1831 2280 supervenerunt
1855 2237 1922 2265 sa-

96 2281 314 2337 cerdotes,
346 2286 389 2324 et
422 2281 709 2337 magistratus
743 2281 920 2338 templi,
952 2286 995 2324 et
1027 2282 1275 2338 sadducaei,
1302 2281 1319 2307 2
1341 2281 1540 2325 dolentes
1569 2282 1685 2337 quod
1717 2282 1924 2325 docerent

95 2340 326 2397 populum,
354 2345 398 2383 et
423 2341 741 2384 annuntiarent
764 2340 811 2382 in
832 2341 860 2383 J
865 2355 940 2384 esu
962 2341 1328 2384 resurrectionem
1350 2356 1404 2385 ex
1426 2341 1632 2396 mortuis3
1657 2341 1675 2367 3
1689 2346 1733 2384 et
1753 2341 1920 2396 injece-

95 2405 196 2442 runt
220 2400 268 2442 in
293 2414 366 2443 eos
392 2415 561 2456 1116668,
582 2405 626 2443 et
649 2405 888 2457 posuerunt
914 2415 985 2444 eos
1011 2400 1057 2443 in
1077 2401 1323 2444 custodiam
1345 2401 1391 2442 in
1414 2400 1669 2456 crastinum,
1689 2405 1782 2443 erat
1803 2400 1923 2444 enim

94 2459 186 2514 jam
206 2473 400 2515 Vespera.
421 2459 439 2485 4
456 2459 587 2502 Multi
612 2464 762 2502 autem
786 2474 936 2502 eorum
963 2459 1035 2515 qui
1061 2459 1296 2503 audierant
1320 2459 1524 2515 verbum,
1549 2459 1855 2515 crediderunt3
1879 2465 1923 2503 et

93 2518 242 2562 factus
270 2524 335 2562 est
361 2533 568 2562 numerus
596 2519 786 2562 virorum
814 2519 1006 2574 quinque
1033 2519 1188 2562 millia.

154 2578 170 2604 5
189 2578 376 2621 Factum
404 2584 470 2621 est
491 2583 641 2621 autem
665 2578 712 2620 in
736 2578 998 2634 crastinum,
1024 2586 1070 2622 ut
1100 2585 1473 2635 congregarentur
1498 2579 1719 2636 principes
1750 2592 1920 2633 eorum,

94 2643 138 2681 et
163 2637 377 2694 seniores,
405 2643 448 2680 et
469 2637 625 2681 scribae
651 2638 698 2680 in
725 2637 993 2693 Jerusalem,
1015 2638 1032 2664 ⁰
1049 2643 1093 2681 et
1121 2638 1297 2694 Annas,
1325 2639 1527 2695 princeps
1553 2638 1851 2694 sacerdotum,
1878 2644 1922 2680 et

95 2696 308 2753 Caiphas,
331 2702 375 2740 et
396 2698 424 2739 J
430 2711 612 2752 oannes,
641 2702 684 2740 et
707 2697 974 2751 Alexander,
999 2702 1043 2740 et
1068 2703 1282 2753 quotquot
1303 2703 1428 2741 erant
1453 2698 1506 2741 de
1533 2711 1692 2753 genere
1721 2697 1921 2740 sacerdo-

93 2756 198 2813 tali,
240 2755 255 2782 ⁷
281 2761 325 2799 et
360 2761 605 2798 statuentes
643 2770 715 2799 eos
750 2756 798 2798 in
831 2756 998 2811 medio,
1029 2757 1399 2812 interrogabant:
1430 2758 1485 2800 In
1518 2771 1602 2812 qua
1627 2756 1811 2811 virtute,
1845 2761 1922 2798 aut

91 2816 137 2858 in
164 2829 248 2872 quo
282 2814 461 2858 nomine
489 2815 662 2858 fecistis
696 2815 778 2858 hoc
804 2815 917 2858 vos?
943 2815 960 2842 8
985 2816 1109 2858 Τ666
1135 2816 1326 2872 repletus
1361 2817 1526 2873 Spiritu
1555 2820 1709 2858 sancto
1743 2816 1919 2870 Petrus,

93 2875 206 2918 dixit
232 2874 288 2918 ad
315 2888 416 2922 eos:
447 2873 674 2930 Principes
696 2874 867 2931 populi,
895 2880 939 2917 et
964 2875 1175 2930 seniores,
1194 2875 1346 2919 audite
1368 2892 1376 2919 ε
1403 2875 1420 2901 9
1437 2875 1482 2919 Si
1504 2889 1583 2918 nos
1607 2874 1738 2918 hodie
1757 2873 1920 2929 dijudi—

94 2948 246 2978 camur
273 2934 320 2977 16
346 2934 585 2977 benefacto
612 2933 803 2976 hominis
828 2933 1014 2989 infirmi,
1041 2933 1086 2976 in
1116 2948 1200 2989 quo
1221 2934 1305 2977 iste
1333 2934 1482 2977 salvus
1503 2934 1652 2976 factus
1675 2938 1760 2988 est,
1792 2932 1824 2959 ¹⁰
1846 2947 1920 2976 no-

93 2998 188 3036 tum
220 2994 278 3036 sit
312 2992 516 3036 omnibus
542 2993 693 3048 vobis,
724 2998 768 3036 et
800 2993 920 3036 omni
961 2992 1080 3049 plebi
1114 2993 1275 3047 Israel,
1309 2993 1412 3049 quia
1443 2993 1489 3036 111
1523 2993 1702 3036 nomine
1740 2992 1918 3036 Domini

92 3053 228 3096 nostri
252 3054 280 3096 J
285 3067 360 3096 esu
384 3052 547 3096 Christi
574 3052 615 3094 N
619 3052 807 3108 azareni,
828 3066 956 3108 quem
976 3066 1053 3095 vos
1076 3052 1368 3107 crucifixistis,
1392 3067 1522 3108 quem
1546 3053 1665 3095 Deus
1687 3051 1920 3094 suscitavit

91 3127 117 3155 a
142 3112 344 3168 mortuis,
371 3111 418 3154 in
448 3112 530 3155 hoc
559 3111 642 3154 iste
671 3116 789 3154 astat
819 3125 966 3154 coram
992 3111 1117 3154 vobis
1150 3125 1296 3156 sanus.
1328 3111 1360 3138 ¹¹
1390 3111 1478 3155 Hic
1507 3117 1573 3155 est
1606 3111 1719 3168 lapis
1750 3111 1821 3167 qui
1855 3125 1918 3154 re-

91 3171 301 3228 probatus
333 3177 399 3215 est
423 3186 449 3214 a
472 3171 597 3214 vobis
627 3170 972 3226 aedificantibus,
999 3170 1073 3226 qui
1102 3170 1252 3214 factus
1281 3176 1347 3215 est
1373 3171 1420 3214 in
1447 3177 1579 3228 caput
1603 3169 1782 3227 anguli;
1820 3169 1855 3196 '¹2
1876 3175 1919 3212 et

92 3245 178 3273 6011
205 3236 270 3274 est
293 3231 340 3274 in
369 3230 457 3274 alio
488 3230 636 3286 aliquo
661 3230 780 3273 salus
802 3247 811 3274 ε
837 3244 917 3273 666
947 3230 1064 3273 66116
1090 3230 1211 3274 aliud
1236 3245 1397 3275 nomen
1427 3235 1493 3275 est
1517 3230 1598 3274 sub
1625 3230 1733 3273 caelo
1763 3229 1918 3272 datum

90 3289 364 3346 hominibus,
391 3290 438 3332 in
458 3304 542 3346 quo
565 3295 765 3347 oporteat
786 3303 864 3332 nos
887 3289 1032 3333 salvos
1054 3290 1160 3334 fieri.

153 3348 186 3375 ¹3
220 3349 433 3393 Videntes
478 3355 629 3393 autem
675 3349 793 3393 Petri
831 3348 1152 3406 constantiam,
1196 3355 1239 3393 et
1278 3351 1306 3393 J
1312 3350 1491 3406 oannis,
1534 3354 1756 3406 comperto
1801 3346 1916 3403 quod

90 3407 291 3451 homines
329 3414 474 3451 essent
508 3408 603 3452 sine
631 3409 812 3464 litteris,
843 3414 886 3451 et
919 3407 1092 3465 idiotae,
1122 3408 1482 3464 admirabantur3
1514 3415 1557 3452 et
1590 3406 1917 3463 cognoscebant

90 3584 137 3616 14]
157 3582 278 3610 Matth.
297 3582 442 3617 XXVII,
455 3584 499 3610 20.
518 3583 618 3611 Marc.
634 3582 705 3617 XV,
724 3585 767 3610 11.
788 3583 865 3610 Luc.
886 3582 1019 3617 XXIII,
1038 3585 1080 3611 18.
1102 3583 1198 3611 Joan.
1221 3582 1351 3617 XVIII,
1369 3584 1413 3609 40.
1427 3596 1464 3601 -
1484 3582 1531 3614 22]
1556 3581 1653 3608 Dent.
1672 3580 1802 3614 XVIII,
1821 3582 1862 3608 15.
1881 3594 1913 3600 -

89 3628 137 3660 25]
156 3627 233 3655 Gen.
253 3628 333 3662 XII,
350 3629 376 3655 3.
394 3642 429 3646 —
448 3628 494 3661 11]
514 3627 566 3654 Ps.
584 3626 722 3661 CXVII,
740 3629 783 3654 22.
800 3626 841 3654 Is.
858 3626 1022 3661 XXVIII,
1042 3626 1220 3667 16.Matt11.
1236 3625 1331 3660 XXI,
1347 3628 1391 3654 42.
1410 3626 1510 3653 Marc.
1526 3625 1606 3659 XII,
1622 3627 1664 3652 10.
1683 3624 1762 3652 Luc.
1780 3624 1856 3659 XX,
1871 3625 1914 3653 17.

89 3672 184 3700 Rom.
205 3672 265 3707 IX,
281 3674 325 3700 33.
346 3672 359 3699 Ι
382 3671 471 3700 Petr.
491 3672 537 3707 11,
556 3675 579 3700 7.

1656 3728 1709 3771 77

1994 638 2107 665 Sermo
2144 638 2230 665 Pom

2020 680 2052 708 in
2072 681 2207 713 templo.

2007 728 2035 752 10
2054 727 2223 753 Commen-

1993 769 2047 796 dat
2077 770 2172 797 fldem
2200 770 2229 796 in

2023 813 2204 842 Christum.

2004 1399 2036 1423 20
2056 1397 2222 1424 Hortatur

2003 1440 2044 1468 ad
2062 1440 2224 1472 1116611611-

2068 1483 2158 1512 tlam.

2053 2236 2176 2262 Petrus

2008 2278 2042 2304 et
2063 2277 2212 2305 <Ioannes

1989 2321 2107 2349 ι16811111
2132 2324 2227 2349 confi·

1989 2366 2106 2393 tentur
2120 2372 2228 2394 coram

2025 2408 2196 2442 synedrio.
