2423 3861
132 952 269 984 sponsa.

131 2444 278 2477 S'ponsus

131 2489 170 2516 ad
188 2487 274 2516 filias

104 2532 303 2561 dcrusaleln.
323 2544 325 2546 ·

156 2897 248 2926 Filize

107 2942 302 2971 Jerusalem.

125 3006 284 3040 Sponsus.

135 3187 269 3219 §ponsa

390 138 474 180 712
960 138 1103 180 cim.
1139 137 1254 192 vn,
1289 138 1315 180 6
1347 163 1407 170 —
1439 138 1581 192 vm,
1616 138 1654 180 7.

848 308 865 333 ὓ
883 308 1025 357 Quam
1050 307 1237 362 pulchra
1264 321 1331 357 es,
1359 312 1402 350 et
1428 322 1561 362 quam
1589 307 1768 363 decora,

1037 366 1319 422 charissima,
1346 367 1394 409 in
1420 367 1612 410 deliciis!

864 424 879 451 7
897 426 1076 468 Statura
1106 434 1183 468 tua
1204 426 1454 469 assimilata
1480 432 1547 469 est-
1571 426 1754 484 palmae,

1065 490 1109 529 et
1137 486 1274 528 ubera
1300 491 1375 528 tua
1402 485 1555 529 botris.

903 544 920 571 8
942 545 1048 588 Dixi
1076 561 1084 588 ε
1121 546 1379 588 Ascendam
1412 545 1459 587 in
1493 546 1717 602 palmam,

937 611 980 648 et
1001 605 1335 662 apprehendam
1362 606 1537 648 fruct-us
1560 605 1683 660 ejus3

835 671 879 708 et
908 671 1035 707 erunt
1063 665 1198 708 ubera
1225 670 1301 715 tua
1327 665 1442 708 sicut
1474 665 1591 708 botri
1617 665 1784 722 vineae,

917 729 960 767 et
986 725 1092 768 odor
1118 725 1204 768 oris
1229 725 1294 767 tui
1324 725 1441 768 sicut
1466 725 1699 768 malorum.

949 834 973 891 ξ
1007 834 1071 877 Π.
1097 861 1157 866 -
1182 835 1461 891 Efflagyitatio
1494 849 1674 891 sponsae.

813 934 831 960 9
856 936 1021 979 Guttur
1054 940 1181 979 tuum
1217 936 1335 980 sicut
1370 937 1527 979 vinum
1565 936 1808 993 optimum,

872 994 1059 1050 dignum
1086 996 1250 1039 dilecto
1274 1011 1372 1039 meo
1394 997 1451 1039 ad
1477 997 1747 1053 potandum,

757 1054 976 1110 labiisque
1003 1059 1047 1098 et
1073 1055 1282 1098 dentibus
1307 1056 1429 1099 illius
1451 1056 1508 1099 ad
1532 1055 1864 1100 ruminandum.

1068 1114 1103 1141 '¹0
1122 1117 1217 1171 Ego
1244 1115 1409 1158 dilecto
1435 1130 1555 1167 meo,

997 1179 1041 1218 et.
1065 1175 1122 1218 ad
1153 1189 1223 1218 me
1254 1176 1484 1218 conversio
1511 1176 1622 1232 ejus,

770 1232 801 1259 ¹¹
822 1234 959 1291 Veni,
989 1234 1151 1278 dilecte
1182 1235 1265 1291 mi,
1294 1235 1574 1291 egredianmr
1599 1235 1646 1277 in
1672 1249 1851 1291 agrum,

1033 1309 1359 1338 commoremur
1384 1295 1430 1338 in
1456 1295 1589 1339 villis.

928 1352 962 1379 ¹2
986 1355 1119 1398 Mane
1158 1370 1393 1412 surgamus
1425 1356 1482 1398 ad
1516 1355 1695 1410 vinea-<33

943 1422 947 1426 ’
993 1415 1225 1458 videamus
1249 1415 1285 1458 ti
1307 1415 1456 1458 floruit
1476 1416 1629 1471 vinea,

950 1475 986 1517 si
1024 1474 1151 1518 flores
1189 1475 1365 1518 fruetus
1402 1475 1676 1532 parturiunt,

980 1534 1016 1577 si
1043 1534 1286 1578 floruerunt
1309 1536 1428 1578 mala
1450 1536 1639 1592 punica;

1009 1594 1072 1636 ibi
1096 1594 1212 1637 dabo
1234 1595 1316 1637 tibi
1340 1595 1477 1637 ubera
1498 1610 1611 1638 mea.

885 1653 921 1680 ¹3
939 1654 1255 1710 Mandragorae
1290 1654 1509 1697 dederunt
1544 1654 1736 1698 odorem.

927 1714 981 1756 In
1007 1713 1145 1770 portis
1171 1714 1333 1757 nostris
1356 1714 1507 1757 omnia
1533 1729 1665 1771 poma
1687 1731 1695 1758 :

807 1788 922 1817 nova
948 1782 993 1816 et
1018 1778 1190 1829 vetera,
1219 1774 1382 1817 dilecte
1409 1774 1492 1828 mi,
1515 1774 1691 1817 servavi
1717 1773 1815 1817 tibi.

449 1835 555 1879 CAP.
584 1833 718 1876 VIII.
745 1860 804 1864 ——
883 1832 893 1858 ¹
915 1832 1019 1883 Quis
1046 1833 1155 1875 mihi
1183 1833 1257 1876 det
1282 1838 1326 1876 te
1353 1833 1541 1876 fratrem
1567 1848 1738 1889 meum,

939 1895 1174 1948 sugentem
1200 1892 1336 1935 ubera
1368 1893 1522 1935 matris
1549 1907 1681 1949 meae,

836 1958 883 1995 ut
908 1951 1137 1994 inveniam
1162 1957 1206 1995 te
1231 1952 1363 2008 foris,
1391 1959 1436 1995 et
1467 1952 1697 1995 deosculer
1722 1958 1786 2009 te,

962 2016 1005 2055 et
1030 2011 1125 2068 jam
1151 2026 1221 2055 me
1248 2027 1378 2055 nemo
1405 2012 1658 2068 despiciat?

636 2070 1017 2129 2Apprehendam
1042 2076 1108 2127 te,
1132 2076 1176 2115 et
1202 2072 1363 2115 ducam
1388 2072 1435 2114 in
1462 2072 1644 2114 domum
1670 2073 1825 2116 matris
1851 2088 1986 2128 meae3

1117 2131 1180 2174 ibi
1207 2146 1277 2175 me
1301 2131 1502 2188 docebis,

831 2197 874 2235 et
900 2191 1015 2235 dabo
1041 2191 1124 2234 tibi
1148 2191 1358 2248 poculum
1384 2206 1439 2234 ex
1460 2191 1565 2234 vino
1592 2193 1792 2249 condito,

776 2258 819 2294 et
844 2257 1041 2294 mustum
1071 2252 1291 2295 malorum
1317 2255 1607 2307 granatorum
1632 2267 1845 2297 meorum.

946 2311 964 2338 3
982 2313 1118 2354 Laeva
1145 2311 1242 2367 ejus
1267 2312 1348 2354 sub
1376 2311 1523 2368 capite
1554 2325 1673 2366 meo,

878 2376 923 2414 et
948 2371 1133 2415 dextera
1157 2371 1277 2414 illius
1303 2371 1637 2428 amplexabitur
1659 2386 1742 2415 me.

934 2430 950 2457 4
965 2431 1139 2488 Adjuro
1161 2445 1259 2488 vos,
1287 2431 1392 2474 filiae
1415 2430 1687 2487 Jerusalem,

708 2506 763 2534 ne
788 2490 1034 2547 suscitetiS,
1061 2506 1203 2547 neque
1229 2491 1443 2547 evigilare
1468 2489 1651 2533 faciatis
1679 2490 1912 2547 dilectam,

1103 2551 1242 2594 donec
1267 2551 1366 2608 ipsa
1391 2550 1513 2594 velit.

1169 2668 1348 2713 CANTIO
1382 2668 1451 2712 VI

806 2777 829 2835 ξ
864 2778 900 2820 Ι.
936 2803 994 2810 -
1024 2778 1256 2834 Perpetuce
1288 2778 1536 2822 dilectionis
1559 2777 1812 2834 promissio.

581 2877 598 2903 5
616 2877 721 2928 Quae
744 2883 811 2920 est
831 2878 919 2921 ista
943 2893 1041 2934 quae
1066 2879 1269 2922 ascendit
1292 2879 1346 2922 de
1369 2878 1564 2934 deserto,
1592 2877 1764 2921 deliciis
1791 2875 2005 2932 affluens,

938 2937 1093 2981 innixa
1123 2953 1254 2995 super
1280 2939 1494 2982 dilectum
1520 2937 1679 2981 suum?

903 2997 990 3040 Sub
1031 2998 1186 3041 arbore
1229 2998 1346 3041 malo
1388 2997 1602 3041 suscitavi
1640 3002 1712 3052 te3

969 3057 1031 3099 ibi
1055 3063 1261 3114 corrupta
1286 3063 1352 3101 est
1378 3063 1520 3100 mater
1544 3061 1643 3112 tua,

943 3116 1005 3158 ibi
1042 3117 1211 3160 violata
1248 3123 1314 3160 est
1351 3117 1548 3174 genitrix
1585 3121 1674 3159 tua.

785 3175 802 3202 G
820 3176 939 3219 Pone
965 3190 1035 3219 me
1057 3182 1105 3219 ut
1131 3177 1413 3233 signaculum
1435 3190 1565 3233 super
1587 3189 1660 3218 cor
1686 3181 1832 3232 tuum,

836 3240 881 3277 ut
907 3235 1188 3291 signaculum
1218 3251 1349 3293 super
1373 3235 1605 3279 brachium
1632 3240 1779 3291 tuum,

896 3295 999 3350 quia
1031 3295 1161 3338 fortis
1195 3301 1263 3338 est
1295 3302 1343 3339 ut
1376 3309 1492 3338 mors
1518 3294 1720 3350 dilectio,

931 3354 1040 3397 dura
1061 3355 1178 3398 sicut
1198 3355 1403 3399 infernus
1427 3354 1655 3397 aemulatio
1673 3371 1682 3398 ε

695 3411 925 3469 lampades
951 3413 1048 3469 ejus
1075 3414 1304 3472 lampades
1325 3414 1443 3470 ignis
1464 3419 1597 3469 atque
1623 3413 1920 3458 flammarum.

630 3469 646 3496 7
663 3471 806 3527 Aquae
832 3473 985 3515 multae
1019 3487 1106 3516 non
1138 3479 1377 3530 potuerunt
1410 3472 1670 3528 extinguere
1697 3474 1984 3530 charitatem,

972 3547 1052 3575 nec
1078 3533 1263 3575 flumina
1289 3533 1475 3576 obruent
1501 3531 1640 3576 illam.

506 3589 549 3633 Si
576 3589 748 3633 dederit
771 3590 903 3634 homo
928 3605 1104 3635 omnem
1130 3591 1427 3634 subtantiam
1451 3591 1607 3635 domus
1633 3607 1725 3635 suae
1750 3607 1830 3649 pro
1856 3591 2117 3648 dilectione,

986 3650 1108 3706 quasi
1135 3651 1246 3693 nihil
1277 3650 1492 3706 despiciet
1517 3665 1628 3694 eam.
