2423 3861
467 112 552 155 610
953 114 1028 157 Ps.
1063 115 1320 170 LXXXIV,
1357 116 1377 156 1
1413 140 1472 145 —
1504 114 1734 163 LXXXV,
1767 113 1808 155 8.

1137 328 1353 371 PSALMUs
1386 328 1625 371 LXXXIV

752 423 1016 478 Deprecatio
1041 437 1128 478 pro
1159 424 1426 465 restitutione
1459 422 1647 465 Israelis
1679 427 1785 477 post
1815 421 2012 465 exilium.

206 533 349 562 Titulus.
523 516 538 543 1
557 517 609 560 In
636 518 789 573 finem,
814 517 914 559 filiis
942 517 1071 572 Core,
1099 517 1318 562 PsalmuS.

190 612 279 640 Laus
297 613 366 639 Deo
660 598 677 625 2
694 598 993 653 Benedixisti,
1018 599 1230 654 Domine,
1253 605 1417 642 terram
1442 604 1591 655 tuam3

208 663 267 688 ΡΥΟ
285 657 350 683 fine
758 657 959 700 avertisti
986 658 1295 714 captivitatem
1318 657 1475 701 Jacob.

165 702 387 733 capmmtans.
659 716 678 742 3
696 717 923 760 Remisisti
948 717 1230 773 iniquitatem
1255 718 1398 774 plebis
1423 723 1539 772 tuae3

760 776 969 833 operuisti
993 777 1139 819 omnia
1166 782 1351 832 peecata
1374 791 1537 820 eorum.

659 835 676 861 4
695 835 915 892 Wlitigasti
937 850 1114 879 omnem
1138 836 1252 878 iram
1272 841 1419 891 tuam,

758 895 959 939 avertisti
981 895 1038 938 ab
1060 895 1125 937 ira
1148 894 1472 949 indignationis
1494 899 1598 939 tuae.

219 971 333 999 oratio
659 955 676 981 5
694 955 913 998 Converte
936 969 1036 1010 nos,
1065 955 1186 997 Deus
1208 954 1416 996 salutaris
1440 960 1601 1011 noster,

189 1020 366 1065 uti-emm
757 1019 801 1058 et
825 1019 976 1058 averte
996 1014 1110 1056 iram
1133 1018 1259 1056 tuam
1284 1028 1311 1056 a
1331 1013 1473 1056 nobis.

142 1123 146 1126 ,
165 1068 388 1138 ᾱθᾞζῇζζῇη
660 1074 678 1101 6
694 1074 923 1130 Numquid
947 1073 994 1116 in
1023 1079 1239 1116 aeternum
1260 1072 1463 1116 irasceris
1489 1072 1646 1117 nobis?

756 1138 834 1176 aut
860 1133 1071 1176 extendes
1097 1132 1211 1175 iram
1231 1137 1357 1175 tuam
1382 1147 1408 1174 a
1433 1132 1722 1188 generatione
1744 1132 1792 1175 in
1818 1130 2187 1188 generationem?

659 1191 674 1218 7
695 1194 834 1249 Deus,
861 1198 909 1235 tu
933 1207 1169 1235 conversus
1196 1192 1447 1234 vivificabis
1472 1205 1577 1247 nos3

760 1257 803 1295 et
829 1252 953 1309 plebs
976 1256 1051 1294 tua
1074 1251 1304 1294 laetabitur
1324 1252 1371 1294 in
1397 1257 1455 1294 te.

660 1311 677 1338 8
696 1311 890 1355 Ostende
915 1311 1063 1367 nobis,
1090 1311 1300 1367 Domine,
1328 1310 1681 1354 misericordiam
1701 1315 1847 1367 tuam,

760 1376 803 1414 et
829 1371 1021 1414 salutare
1047 1376 1174 1414 tuum
1199 1371 1256 1414 da
1280 1371 1423 1416 nobis,

227 1441 321 1489 visio
663 1430 681 1456 9
697 1430 894 1474 Audiam
919 1431 1027 1486 quid
1052 1431 1259 1486 loquatur
1283 1431 1330 1473 in
1355 1445 1426 1474 me
1449 1430 1668 1473 Dominus
1695 1430 1836 1487 Deus,

167 1487 384 1562 ῗῖἷξξίξξζζξῗ)
759 1491 968 1547 quoniam
990 1490 1194 1546 loquetur
1218 1505 1374 1547 pacem
1395 1490 1443 1532 in
1469 1489 1648 1546 plebem
1673 1504 1820 1544 suam,

185 1548 369 1607 spernatis.
759 1556 802 1594 et
827 1564 957 1607 super
981 1554 1158 1592 sanctos
1185 1564 1306 1605 suos,

759 1616 803 1653 et
826 1609 873 1652 in
900 1624 972 1652 eos
1000 1609 1073 1665 qui
1100 1613 1418 1652 convertuntur
1438 1609 1495 1651 ad
1523 1623 1608 1652 eor.

642 1668 678 1695 ¹⁰
696 1670 1016 1713 Verumtamen
1041 1683 1177 1725 prope
1199 1669 1408 1711 timentes
1435 1683 1536 1711 eum
1558 1667 1751 1711 salutare
1772 1667 1930 1725 ipsius,

758 1734 807 1772 ut
827 1728 1050 1771 inhabitet
1072 1728 1213 1784 gloria
1234 1728 1281 1770 in
1303 1734 1418 1770 terra
1444 1733 1608 1771 nostra.

643 1788 675 1814 1¹
697 1787 1002 1832 Misericordia
1026 1793 1068 1830 et
1091 1787 1254 1830 veritas
1282 1787 1576 1829 obviaverunt
1597 1787 1708 1841 sibi3

757 1847 934 1904 justitia
957 1852 999 1889 et
1022 1861 1110 1903 pax
1133 1847 1345 1889 oseulatae
1371 1851 1488 1888 sunt.

641 1907 676 1934 ¹⁶2
694 1907 872 1951 Veritas
899 1906 952 1949 de
978 1911 1094 1949 terra
1120 1910 1215 1949 orta
1238 1911 1326 1962 est,

761 1972 803 2010 et
827 1966 1003 2022 justitia
1027 1965 1080 2009 de
1107 1965 1216 2008 eaelo
1242 1965 1484 2023 prospexit.

641 2027 677 2053 13
699 2026 879 2070 Etenim
902 2024 1119 2068 Dominus
1142 2025 1268 2068 dabit
1293 2025 1641 2081 benignitatem,

759 2091 803 2130 et
827 2086 943 2129 terra
968 2090 1119 2128 nostra
1142 2084 1269 2127 dabit
1291 2085 1493 2127 fructum
1515 2098 1657 2129 suum.

641 2145 677 2171 ¹4
695 2147 723 2189 J
726 2145 880 2188 ustitia
905 2149 1010 2187 ante
1040 2159 1142 2188 eum
1167 2144 1440 2199 ambulabit,

759 2210 801 2248 et
827 2209 960 2262 ponet
985 2203 1031 2246 in
1056 2204 1129 2246 via
1151 2218 1326 2259 gressus
1354 2218 1468 2247 suos.

1146 2320 1362 2363 PSALMUS
1406 2320 1624 2363 LXXXV

592 2418 753 2460 David
779 2422 825 2459 in
857 2431 1016 2471 mayno
1041 2417 1244 2472 periculo
1278 2419 1536 2459 constitutus
1571 2416 1718 2458 Deum
1739 2415 1931 2469 fidenter
1954 2421 2178 2470 precatur.

205 2534 348 2563 Titulus,
522 2512 672 2555 Oratio
698 2510 783 2567 ipsi
811 2510 970 2555 David,

185 2613 372 2640 vehemens
662 2593 675 2618 ¹
699 2593 895 2648 Inclina,
921 2593 1132 2647 Domine,
1160 2606 1313 2635 aurem
1337 2597 1462 2635 tuam
1484 2597 1528 2635 et
1553 2591 1716 2635 exaudi
1737 2605 1829 2647 me,

183 2656 375 2705 immo-ratio
759 2652 968 2708 quoniam
994 2652 1122 2708 inops
1148 2656 1191 2694 et
1216 2665 1383 2708 pauper
1409 2665 1507 2693 sum
1534 2665 1629 2706 ego.

218 2702 338 2774 ’Ᾰῗῇᾎῗ
663 2710 681 2736 ‘2
698 2711 881 2755 Custodi
908 2711 1105 2754 animam
1131 2725 1298 2766 meam,
1325 2710 1537 2766 quoniam
1562 2715 1743 2754 sanctus
1764 2724 1890 2765 sum3

760 2771 936 2814 salvum
965 2771 1041 2813 fae
1067 2785 1245 2813 servum
1267 2775 1414 2825 tuum,
1442 2770 1563 2812 Deus
1588 2784 1736 2822 meus,
1760 2773 2015 2819 sperantem
2036 2768 2084 2811 in
2105 2773 2164 2813 te.

664 2830 681 2856 3
696 2830 904 2874 Miserere
929 2830 1036 2885 mei,
1065 2830 1277 2885 Domine,

760 2890 968 2946 quoniam
990 2890 1046 2933 ad
1069 2895 1112 2933 te
1135 2889 1328 2932 clamavi
1354 2894 1446 2932 tota
1470 2889 1568 2945 die;

660 2948 678 2974 ‘¹
699 2949 880 2992 laetifiea
905 2949 1103 2992 animam
1128 2949 1243 2992 servi
1265 2949 1351 3005 tui,

761 3009 969 3064 quoniam
992 3009 1048 3052 ad
1071 3015 1134 3064 te,
1164 3009 1376 3063 Domine,
1403 3009 1602 3052 animam
1624 3021 1771 3050 meam
1793 3005 1955 3049 levavi.

662 3067 679 3093 5
697 3068 911 3118 Quoniam
936 3074 1007 3124 tu,
1037 3069 1247 3124 Domine,
1271 3068 1420 3112 suavis
1443 3073 1487 3111 et
1509 3067 1652 3122 mitis,

763 3133 806 3170 et
832 3128 984 3170 multae
1011 3128 1326 3172 misericordiae
1353 3128 1559 3170 omuibus
1584 3123 1899 3170 invocantibus
1921 3128 1979 3169 te.

664 3186 682 3212 ⁶
698 3187 893 3229 Auribus
920 3188 1116 3244 percipe,
1139 3188 1352 3243 Domine,
1379 3187 1625 3230 orationem
1651 3198 1819 3241 meam,

764 3250 808 3289 et
828 3246 1009 3289 intende
1035 3247 1133 3290 voci
1155 3246 1479 3303 deprecationis
1505 3260 1632 3290 meae.

665 3304 680 3332 7
699 3306 753 3348 In
780 3305 851 3348 die
878 3305 1175 3349 tribulationis
1200 3320 1314 3349 meae
1340 3305 1533 3348 clamavi
1555 3305 1612 3348 ad
1639 3309 1702 3362 te,

764 3364 866 3420 quia
888 3364 1108 3407 exaudisti
1130 3380 1214 3409 me.

208 3444 364 3477 Elogium
665 3424 683 3450 8
699 3424 799 3467 Non
825 3428 891 3467 est
915 3423 1074 3466 similis
1100 3425 1163 3467 tui
1189 3425 1235 3467 in
1263 3425 1367 3481 diis,
1392 3425 1603 3480 Domine,

207 3488 367 3561 roffiftioe
763 3488 807 3526 et
830 3497 919 3527 non
945 3488 1010 3526 est
1032 3483 1275 3526 seeundum
1299 3498 1431 3540 opera
1453 3489 1543 3528 tua.

470 3647 521 3679 85,
542 3643 736 3678 5]J00111,
760 3646 802 3672 13.
