2391 3861
637 159 681 201 II
714 161 821 203 Con.
858 163 970 217 XII,
1008 166 1053 206 11
1092 192 1149 197 —
1183 168 1321 223 XIII,
1361 171 1450 212 13.-
1831 178 1940 220 1283

125 260 553 273 -ᾓ-..ήμ-μρ
559 267 1613 285 *mm
1621 282 1768 287 —a-—-—-
1776 284 1812 287 ν-

182 324 210 350 ¹¹
240 326 402 370 Factus
436 343 534 373 snm
566 330 798 388 insipiens,
831 348 907 377 vos
946 349 1013 380 ine
1050 338 1270 394 coegistis,
1311 341 1405 398 Ego
1443 344 1561 388 enim
1592 359 1619 388 a
1644 346 1769 390 vobis
1807 348 1937 391 debui

116 386 441 441 commendari,
466 387 576 431 nihil
598 390 714 434 enim
739 392 882 435 minus
904 393 970 437 fui
992 395 1048 437 ab
1073 395 1123 439 iis
1146 398 1218 452 qui
1244 405 1345 442 sunt
1366 414 1497 470 supra
1524 403 1704 448 modum
1729 408 1936 464 apostoli,

116 443 292 486 tametsi
320 445 429 487 nihil
459 461 570 490 sum.
598 447 632 474 ¹¹²
655 449 792 505 Signa
822 456 968 494 tamen
994 456 1268 509 apostolatus
1298 459 1382 502 mei
1408 463 1660 507 factasunt.
1684 478 1814 520 super
1839 479 1935 522 vos,

114 500 158 542 in
186 503 303 545 omni
333 505 570 561 patientia,
594 507 638 549 in
664 508 824 564 signis,
848 517 890 553 ct
919 512 1150 569 prodigiis,
1179 522 1222 558 et
1253 517 1502 563 virtut-ibus.
1539 521 1571 547 ¹3
1592 522 1704 572 Quid
1728 529 1794 566 est
1819 525 1933 567 enim

112 560 227 614 quod
256 562 398 604 minus
424 564 638 609 habuistis
662 582 750 623 pra>
775 570 929 612 ceteris
953 571 1170 628 ecclesiis,
1193 575 1275 616 nisi
1295 578 1408 630 quod
1432 593 1513 633 ego
1534 580 1627 636 ipse
1647 596 1732 624 non
1752 585 1934 638 gravavi

115 618 221 661 vos?
249 621 418 665 Donate
439 623 543 665 milii
569 624 681 668 hanc
704 626 928 682 injuriam.
957 629 986 655 ¹¹
1008 631 1121 673 Ecce
1141 633 1268 675 tortio
1292 634 1372 678 1100
1397 645 1574 692 paratus
1592 654 1689 682 011111
1709 642 1857 686 venire
1878 643 1934 686 ad

112 691 208 724 vos,
233 684 275 721 et
302 693 387 721 non
415 695 487 723 cro
509 684 657 735 gravis
679 685 817 729 vobis.
843 687 941 729 Non
971 688 1088 731 enim
1112 705 1259 748 quaero
1290 709 1386 748 quae
1410 704 1554 739 vestra
1579 706 1701 753 sunt,
1728 701 1803 743 sed
1832 716 1931 756 vos3

109 749 190 777 1100
217 737 333 779 enim
361 738 523 783 debent
553 742 632 784 filii
663 744 917 799 parentibus
953 747 1267 805 thesaurizare,
1295 753 1370 795 sed
1402 763 1604 809 parentes
1635 759 1748 801 liliis.
1782 759 1812 785 ¹⁵
1840 762 1934 816 Ego

107 800 258 837 autem
289 796 579 843 libentissime
611 801 885 859 impendam,
913 811 955 848 ct
985 807 1348 864 superimpendar
1374 812 1466 868 ipsc
1496 829 1571 870 pro
1601 817 1834 861 animabus
1861 835 1932 862 vc-

107 853 226 910 stris,
254 854 357 898 licet
380 856 477 911 plns
504 873 580 902 vos
603 860 815 918 diligenS,
843 863 988 907 minus
1012 864 1186 921 diligar.
1214 867 1246 893 ¹⁰
1267 870 1352 912 Sed
1384 876 1496 930 esto,
1520 888 1601 929 ego
1624 890 1700 919 vos
1727 891 1811 921 non
1835 893 1932 933 gra-

106 912 231 966 vavi;
267 914 343 956 sed
375 930 475 958 cum
509 932 648 962 essem
682 925 875 977 astutus,
906 922 1012 972 ‚dolo
1047 938 1124 968 vos
1157 927 1266 982 cepi.
1299 927 1332 954 ¹7
1361 930 1586 986 Numquid
1629 949 1704 990 pei·
1739 936 1931 992 aliquem

105 984 251 1013 eornm
280 988 386 1028 quos
411 975 508 1017 misi
535 977 589 1019 ad
618 993 715 1034 vos,
743 980 1012 1025 circumveni
1040 984 1145 1027 vos?
1177 984 1209 1012 ¹⁸
1233 987 1404 1043 Rogavi
1430 990 1602 1047 Titum,
1629 999 1672 1036 et
1706 995 1803 1037 misi
1831 1011 1931 1039 curn

104 1028 179 1072 illo
210 1030 408 1076 fratrem.
439 1035 666 1092 Numquid
693 1038 818 1081 Titus
844 1055 920 1083 vos
947 1041 1270 1089 circumvenit?
1298 1060 1443 1091 nonne
1474 1050 1627 1093 eodem
1657 1053 1812 1109 spiritu
1839 1070 1931 1097 am-

103 1087 387 1133 bulavimus?
416 1107 560 1137 nonne
588 1095 745 1140 iisdem
769 1098 998 1155 vestigiis?

806 1242 1229 1302 EPILOGUS

163 1361 194 1388 ¹⁹
213 1363 329 1406 Olim
355 1366 521 1421 putatis
548 1369 662 1424 quod
689 1383 950 1416 excusemus
975 1389 1053 1417 nos
1083 1377 1200 1432 apud
1231 1380 1338 1423 vos?
1369 1381 1527 1426 Coram
1563 1385 1655 1428 Deo
1682 1385 1726 1428 in
1753 1387 1927 1433 Christo

98 1419 339 1477 loquimur;
365 1425 512 1467 omnia
535 1433 705 1483 autem,
727 1429 996 1488 charissimi,
1019 1441 1196 1491 propter
1213 1438 1554 1484 {edificationem
1574 1449 1778 1489 vestram.
1800 1445 1836 1473 2⁰
1854 1448 1925 1491 Ti-

98 1493 193 1522 meo
220 1481 358 1537 en'im,
386 1497 440 1526 ne
465 1485 582 1528 forte
608 1500 709 1529 cum
736 1502 916 1542 venero,
948 1505 1034 1534 non
1069 1495 1219 1548 quales
1246 1498 1365 1553 volo,
1392 1499 1619 1544 inveniam
1645 1518 1746 1559 vos;
1774 1511 1817 1549 et
1843 1521 1923 1563 ego

94 1538 296 1582 inveniar
319 1555 345 1583 a
365 1542 503 1598 vobis,
528 1545 703 1600 qualem
726 1561 812 1590 non
839 1549 974 1592 vultis
1001 1568 1009 1594 :
1032 1566 1087 1595 ne
1112 1553 1228 1597 forte
1255 1559 1573 1614 contentiones,
1602 1563 1921 1623 aemulationes,

93 1597 420 1655 animositates,
448 1601 764 1659 dissensiones,
792 1606 1108 1666 detractiones,
1135 1615 1476 1671 susurrationes,
1507 1619 1780 1679 inflationes,
1807 1625 1921 1669 sedi-

93 1655 233 1699 tiones
259 1657 348 1700 sint
376 1658 492 1703 inter
520 1675 624 1717 vos;
648 1661 682 1688 91
706 1678 761 1706 ne
790 1664 949 1709 iterum
976 1682 1077 1712 cum
1107 1685 1287 1728 venero,
1318 1674 1523 1720 humiliet
1551 1693 1621 1722 me
1656 1680 1774 1724 Deus
1802 1685 1921 1740 apud

91 1729 189 1770 vos,
217 1721 260 1761 et
286 1716 464 1774 lugeam
491 1720 653 1764 multos
679 1736 733 1766 ex
754 1723 808 1766 iis
831 1725 905 1780 qui
931 1732 1035 1770 ante
1061 1738 1376 1788 peccaverunt,
1401 1740 1443 1778 et
1465 1750 1552 1779 non
1576 1746 1761 1793 egerunt
1783 1743 1920 1799 poeni—

90 1774 275 1818 tentiam
312 1790 443 1834 super
475 1778 780 1839 immunditia,
817 1788 861 1826 et
893 1785 1210 1845 fornicatione,
1247 1797 1289 1834 et
1322 1791 1624 1853 impudicitia,
1659 1812 1790 1854 quam
1822 1815 1919 1857 ges-

87 1839 250 1877 serunt.
1315 1893 1319 1897 .

145 1892 253 1937 CAP.
291 1895 426 1939 XIII.
465 1925 523 1929 ——
560 1898 573 1925 ¹
603 1901 718 1944 Ecce
751 1904 882 1947 tertio
918 1906 1002 1949 hoc
1038 1909 1168 1952 venio
1200 1911 1257 1954 ad
1291 1927 1396 1970 vos,
1436 1915 1482 1958 in
1519 1931 1591 1961 ore
1628 1919 1814 1963 duorum
1847 1923 1917 1966 vel

86 1951 218 1994 trium
245 1954 425 1997 testium
447 1957 585 2002 stabit
606 1973 735 2004 omne
762 1963 960 2007 verbum.
983 1964 1001 1990 2
1017 1967 1235 2026 Praedixi,
1259 1976 1302 2014 et
1327 1973 1540 2033 praedico,
1565 1982 1612 2020 ut
1634 1993 1848 2036 praesens,
1873 1986 1916 2024 et

86 2024 202 2053 nunc
234 2011 414 2070 absens,
449 2015 502 2059 iis
529 2017 601 2074 qui
631 2024 734 2064 ante
765 2031 1083 2082 peccaverunt,
1110 2033 1152 2071 et
1186 2031 1341 2074 ceteris
1377 2035 1601 2092 omnibus,
1636 2039 1845 2093 quoniam
1877 2041 1914 2084 si

84 2084 242 2114 venero
267 2071 448 2130 iterum,
475 2089 564 2119 non
590 2092 783 2134 parcam.
807 2080 824 2106 3
843 2084 914 2124 An
941 2086 1294 2142 experimentum
1317 2093 1514 2147 quaeritis
1535 2095 1651 2151 ejus,
1676 2097 1749 2152 qui
1771 2098 1818 2140 in
1844 2114 1914 2143 me

83 2128 276 2185 loquitur
301 2132 521 2190 Christus,
550 2137 623 2192 qui
657 2136 702 2180 in
728 2139 854 2185 vobis
886 2157 973 2185 non
1006 2144 1266 2203 infirmatur,
1299 2150 1375 2193 sed
1407 2157 1562 2210 potens
1585 2160 1650 2197 est
1674 2155 1721 2197 in
1750 2157 1910 2202 vobis?

81 2186 101 2213 ⁶⁴
117 2189 232 2231 Nam
254 2191 336 2233 etsi
363 2193 599 2238 crucifixus
622 2201 688 2240 est
712 2211 766 2241 ex
791 2199 1070 2259 infirmitate,
1098 2206 1174 2249 sed
1198 2207 1309 2250 vivit
1331 2224 1384 2252 ex
1411 2211 1573 2256 virtute
1599 2214 1696 2259 Dei.
1725 2216 1840 2259 Nam
1867 2222 1911 2260 et

80 2260 158 2291 nos
179 2247 342 2294 infirmi
369 2265 520 2296 sumus
544 2254 590 2297 in
615 2255 714 2312 illo,
738 2258 814 2301 sed
840 2259 1042 2306 vivemus
1068 2278 1168 2308 cum
1194 2280 1243 2309 eo
1267 2281 1322 2311 ex
1343 2269 1507 2314 virtute
1533 2272 1616 2315 Dei
1637 2273 1683 2316 in
1710 2275 1848 2319 vobis.

138 2307 156 2333 5
175 2307 477 2368 Vosmetipsos
500 2317 670 2360 tentat-e
696 2316 732 2359 si
755 2318 859 2362 estis
880 2319 926 2362 in
957 2321 1067 2379 fide3
1095 2324 1179 2381 ipsi
1204 2340 1282 2369 vos
1308 2329 1502 2384 probate.
1530 2331 1602 2374 An
1631 2346 1719 2375 non
1746 2348 1907 2391 cogno-

78 2366 200 2409 scitis
227 2370 538 2428 vosmetipsos,
573 2374 676 2429 quia
711 2376 910 2422 Christus
940 2380 1071 2425 Jesus
1099 2383 1145 2425 in
1174 2385 1301 2429 vobis
1334 2387 1432 2431 est?
1465 2389 1549 2433 nisi
1582 2391 1700 2435 forte
1732 2395 1901 2450 reprobi

76 2425 195 2469 estis·
223 2426 240 2452 0
258 2427 390 2484 Spero
412 2436 563 2474 autem
589 2434 704 2489 quod
732 2439 1007 2492 cognoscetis
1033 2442 1136 2497 quia
1159 2458 1238 2487 nos
1260 2460 1348 2489 non
1373 2462 1524 2492 sumus
1548 2451 1734 2506 reprobi.
1763 2451 1778 2478 ⁷
1798 2454 1903 2497 Ora-

77 2498 174 2527 mus
199 2491 347 2530 autem
376 2489 520 2534 Deum
542 2498 591 2534 ut
612 2493 724 2537 nihil
746 2497 853 2539 mali
878 2498 1059 2543 faciatis
1082 2518 1090 2545 :
1117 2516 1204 2545 non
1227 2509 1276 2547 ut
1301 2520 1379 2549 nos
1400 2507 1573 2563 probati
1595 2524 1900 2569 appareamus,

75 2543 151 2586 sed
174 2550 222 2588 ut
247 2560 324 2590 vos
351 2549 465 2603 quod
498 2551 665 2596 bonum
689 2560 755 2598 est
783 2556 986 2613 faciatis,
1017 2574 1095 2603 nos
1124 2566 1275 2606 autem
1307 2570 1355 2608 ut
1382 2567 1556 2623 reprobi
1588 2569 1737 2613 simus.
1760 2571 1778 2597 8
1801 2572 1900 2616 Non

74 2603 192 2646 enim
215 2619 444 2662 possumus
471 2610 640 2667 aliquid
665 2613 875 2659 adversus
903 2619 1155 2676 veritatem,
1183 2623 1260 2665 sed
1282 2639 1358 2680 pro
1385 2627 1584 2670 veritate.
1609 2627 1626 2653 9
1643 2629 1898 2674 Gaudemus

3 2706 7 2710 ,
73 2661 211 2719 enim,
236 2666 445 2720 quoniam
471 2683 550 2713 nos
570 2670 733 2716 infirmi
759 2689 931 2730 sumus,
958 2692 1035 2721 vos
1060 2685 1208 2725 autem
1238 2689 1441 2739 potentes
1471 2686 1598 2742 estis;
1626 2687 1709 2731 hoc
1736 2695 1778 2732 et
1804 2704 1898 2733 ora-

73 2735 168 2764 mus
185 2729 379 2768 vestram
403 2731 844 2780 consummationem.
869 2735 903 2762 10
920 2737 1029 2780 Ideo
1051 2738 1146 2782 haeo
1171 2741 1329 2785 absens
1352 2745 1509 2800 scribo,
1529 2751 1577 2788 ut
1598 2761 1685 2789 non
1704 2762 1895 2804 praesens

69 2779 219 2824 durius
243 2797 396 2841 agam,
427 2789 670 2836 secundum
695 2798 962 2849 potestatem
992 2811 1123 2855 quam
1150 2800 1367 2847 Dominus
1393 2803 1515 2847 dedit
1549 2805 1657 2848 mihi
1683 2806 1729 2849 in
1759 2808 1895 2851 0οᾶ111-

60 2840 308 2899 001-1011001,
336 2849 380 2887 et
405 2859 492 2889 non
517 2847 564 2890 in
587 2848 945 2898 destructionem.

127 2899 159 2926 ‘¹¹
182 2902 248 2945 De
273 2908 437 2960 cetero,
470 2906 652 2965 fratres,
683 2911 895 2970 gaudete,
922 2917 1110 2972 perfecti
1137 2924 1298 2976 estote,
1329 2922 1648 2979 exhortamini,
1681 2926 1799 2973 idem
1825 2942 1893 2970 sa-

64 2959 174 3016 pite,
198 2975 355 3017 pacem
377 2963 558 3022 habete,
585 2972 629 3011 et
650 2969 914 3028 Deuspacis
937 2980 980 3018 et
1001 2976 1252 3023 dilectionis
1272 2980 1356 3025 erit
1374 2981 1620 3027 vobiscum.
1643 2983 1675 3010 ¹²
1691 2985 1892 3033 SaLutate

62 3018 256 3063 invicem
291 3021 336 3064 in
370 3024 518 3068 osculo
548 3032 721 3072 sancto.
747 3030 951 3078 Salutant
979 3049 1056 3080 vos
1091 3050 1241 3081 omnes
1268 3040 1427 3085 sancti.
1460 3040 1496 3067 ¹3
1524 3042 1679 3089 Gratia
1709 3045 1889 3093 Domini

66 3080 198 3122 nos-tri
229 3081 259 3124 -J
263 3095 338 3125 esu
369 3082 625 3141 Christi,'et
653 3087 850 3136 charitas
885 3092 987 3150 Dei,
1011 3100 1055 3138 et
1081 3098 1424 3144 communicatio
1451 3102 1594 3145 sancti
1622 3102 1808 3160 Spiritus
1832 3107 1889 3149 sit

65 3150 162 3182 cum
188 3139 391 3184 omnibus
417 3143 555 3188 vobis.
582 3145 741 3191 Amen.

62 3280 88 3313 l]
105 3281 207 3310 Deut.
222 3283 317 3328 XIX,
338 3288 385 3315 125.
400 3287 524 3316 Mami.
541 3287 671 3323 XVIII,
689 3292 732 3321 1⁶.
750 3292 848 3323 Joan.
866 3294 962 3331 VIII,
980 3299 1023 3326 17.
1044 3298 1146 3329 Hebr.
1166 3300 1206 3335 X,
1224 3304 1269 3331 28.

2041 365 2212 397 Apologia]

2035 415 2163 436 summa
2181 414 2215 435 vt,

2033 453 2214 482 conclusio.

2042 1404 2189 1435 Timores

2012 1448 2106 1476 Pauli
2126 1450 2214 1478 circa

2009 1490 2210 1521 Corinthios.

2012 1931 2096 1966 Quid
2114 1938 2192 1966 aget

2038 1977 2170 2007 quando

2034 2024 2173 2049 venerit.

1960 2937 2198 2970 salutationes.
