2423 3861
402 128 488 171 774
860 127 1011 169 Eccm.
1046 124 1236 177 XXXV,
1270 123 1327 165 23
1358 148 1418 154 —-
1447 121 1671 176 XXXVI,
1705 121 1774 163 22.

399 232 668 238 ...qanukmw
685 236 719 238 ,ἶ
734 236 752 237 W
765 223 2227 237 >r-fl——————-——-———————————-———-———-—-—a

698 303 747 338 ut
769 293 1035 338 contribulet
1058 292 1236 334 dorsum
1260 291 1482 347 ipsorum3

582 354 619 381 23
638 361 682 398 et
702 353 908 409 gentibus
934 351 1089 394 reddet
1113 350 1382 405 vindictam,

698 414 837 455 donec
862 411 992 454 tollat
1016 408 1341 466 plenitudinem
1367 408 1675 465 superborum,

698 477 740 514 et
764 475 937 527 sceptra
962 469 1214 524 iniquorum
1241 468 1536 523 contribulet3

579 530 613 557 ²²
635 531 773 573 donec
797 529 955 572 reddat
976 527 1231 571 hominibus
1252 527 1499 570 secundum
1519 532 1647 570 actus
1669 541 1790 581 suos,

696 594 740 632 et
760 588 1006 632 secundum
1030 602 1159 644 opera
1177 586 1311 640 Adae,
1336 592 1380 629 et
1402 585 1647 629 secundum
1669 585 2066 642 praesumptionem
2088 584 2208 628 illius
2225 602 2246 640 ς.

578 648 613 674 ⁵2⁵
636 648 775 691 donec
801 647 971 703 judicet
996 646 1215 702 judicium
1240 645 1383 703 plebis
1409 660 1521 701 suae,

695 712 737 750 et
761 706 1005 750 oblectabit
1026 705 1168 762 justos
1191 704 1493 748 misericordia
1519 719 1610 748 sua.

578 766 614 792 '2⁶
633 766 842 822 Speciosa
864 765 1167 809 misericordia
1191 764 1295 820 Dei,
1321 764 1368 806 in
1389 769 1588 820 tempore
1613 763 1930 820 tribulationis,

695 825 818 880 quasi
844 825 984 868 nubes
1010 824 1175 881 pluviae
1200 823 1246 866 in
1272 828 1470 879 tempore
1499 823 1730 865 siccitatis.

158 897 274 928 Oratio
460 886 564 930 OAP.
592 885 808 927 XXXVI.
831 911 890 916 —-
914 883 927 910 1
952 884 1161 926 Miserere
1187 883 1345 938 nostri,
1372 884 1491 926 Deus
1513 882 1733 937 omnium,
1762 887 1805 925 et
1829 881 1998 938 respice
2020 897 2123 939 nos,

98 949 171 991 ’pro
190 941 315 970 Israeie
698 949 741 986 et
766 943 948 986 ostende
975 943 1101 986 nobis
1125 943 1269 985 lucem
1297 942 1631 985 miserationum
1658 947 1861 996 tuarum3

96 988 334 1064 mffirspglesztes
597 1002 614 1028 “2
634 1008 679 1046 et
690 1003 886 1047 immitte
900 1003 1107 1046 timorem
1116 1006 1244 1044 tuum
1261 1015 1394 1057 super
1410 1007 1565 1056 gentes
1584 1015 1682 1056 quae
1700 1014 1788 1043 non
1807 999 2112 1055 exquisierunt
2131 1005 2194 1056 te,

696 1066 744 1104 ut
770 1066 1042 1117 cognoscant
1067 1061 1171 1117 quia
1195 1075 1283 1104 non
1310 1066 1376 1103 est
1403 1062 1523 1104 Deus
1549 1060 1634 1103 nisi
1656 1065 1724 1116 tu,

698 1126 740 1164 et
767 1128 970 1164 enarrent
992 1120 1220 1177 magnalia
1245 1125 1335 1163 tua.

597 1179 614 1206 3
635 1180 796 1223 Alleva
821 1195 1004 1222 manum
1026 1186 1148 1222 tuam
1174 1193 1306 1236 super
1331 1183 1485 1235 gentes
1512 1178 1701 1235 alienas,

696 1246 745 1282 ut
770 1239 954 1282 videant
980 1239 1227 1296 potentiam
1251 1244 1390 1281 tuam.

597 1298 614 1325 4
636 1298 758 1343 Sicut
784 1299 899 1342 enim
926 1299 971 1341 in
996 1303 1236 1355 conspectu
1263 1312 1413 1342 eorum
1434 1297 1739 1341 sanctificatus
1764 1312 1810 1341 es
1835 1297 1883 1340 in
1907 1298 2055 1354 nobis,

697 1358 759 1401 sic
781 1358 827 1401 in
853 1363 1093 1415 conspectu
1118 1368 1266 1401 nostro
1293 1356 1652 1413 magnificaberis
1677 1357 1723 1399 in
1749 1356 1837 1411 eis;

600 1418 616 1444 ⁵
636 1423 684 1460 ut
710 1423 982 1473 cognoscant
1007 1423 1070 1474 te,
1093 1417 1209 1461 sicut
1230 1423 1274 1460 et
1299 1431 1378 1460 nos
1404 1417 1696 1473 cognovimus

698 1478 905 1532 quoniam
930 1492 1016 1520 non
1043 1482 1109 1520 est
1136 1478 1255 1520 Deus
1277 1481 1438 1534 praeter
1462 1481 1526 1531 te,
1557 1476 1761 1520 Domine.

597 1536 614 1563 6
636 1537 808 1579 Innova
834 1537 984 1592 signa,
1008 1543 1051 1580 et
1076 1537 1266 1579 immuta
1293 1535 1529 1579 mirabilia.

657 1595 671 1621 7
695 1596 906 1639 Glorifica
933 1611 1115 1638 manum
1138 1601 1182 1639 et
1203 1595 1434 1638 brachium
1461 1594 1681 1638 dextrum.

599 1654 615 1681 ⁸
638 1655 798 1698 Excita
823 1655 1044 1709 furorem,
1071 1660 1116 1699 et
1141 1655 1322 1698 effunde
1346 1654 1472 1697 iram.

653 1714 670 1740 9
688 1714 812 1757 Tolle
835 1715 1160 1770 adversarium,
1185 1719 1228 1757 et
1253 1713 1400 1769 afflige
1425 1712 1672 1755 inimicum.

582 1771 617 1798 10
639 1773 819 1816 Festina
847 1779 1042 1830 tempus,
1071 1779 1113 1816 et
1136 1778 1358 1816 memento
1381 1772 1502 1827 finis,

698 1837 746 1874 ut
769 1838 973 1876 enarrent
996 1833 1219 1876 mirabilia
1241 1838 1330 1875 tua.

583 1890 614 1917 11
638 1891 694 1934 111
719 1892 783 1934 ira
809 1891 1004 1935 flammae
1031 1892 1265 1936 devoretur
1290 1892 1363 1947 qui
1391 1892 1614 1946 salvatur3

701 1956 743 1993 et
768 1951 840 2006 qui
868 1952 1112 2008 pessimant
1136 1951 1314 2008 plebem
1340 1956 1464 1994 tuam
1489 1950 1724 1993 inveniant
1753 1948 2065 2006 perditionem.

582 2008 617 2039 1'2
638 2009 827 2053 Contere
855 2016 989 2067 caput
1013 2011 1265 2068 principum
1289 2010 1593 2065 inimicorum,

701 2069 970 2113 dicentium:
999 2071 1099 2113 Non
1126 2075 1192 2113 est
1213 2070 1327 2112 alius
1354 2074 1513 2126 praeter
1538 2083 1630 2112 nos.

583 2127 618 2153 ¹3
640 2127 873 2185 Congrega
899 2143 1050 2172 omnes
1077 2129 1218 2172 tribus
1244 2129 1408 2183 Jacob,

699 2193 747 2230 111
773 2193 1044 2244 cognoscant
1066 2188 1169 2245 quia
1195 2203 1283 2232 non
1310 2194 1375 2232 est
1398 2189 1518 2232 Deus
1543 2187 1629 2230 nisi
1654 2192 1724 2243 tu,

699 2252 744 2290 et
769 2253 974 2292 enarrent
999 2248 1225 2304 magnalia
1251 2253 1348 2303 tua,

700 2312 744 2349 et
769 2307 1038 2350 hereditabis
1065 2322 1138 2351 eos
1163 2308 1280 2351 sicut
1303 2307 1359 2350 ab
1384 2305 1526 2350 initio.

584 2364 618 2391 ¹4
639 2365 847 2410 Miserere
874 2367 992 2424 plebi
1020 2372 1130 2423 tuae,
1155 2382 1285 2424 super
1307 2381 1440 2423 quam
1464 2365 1725 2409 invocatum
1748 2370 1814 2409 est
1836 2379 1996 2408 nomen
2024 2372 2168 2422 tuum,

701 2432 744 2469 et
770 2426 909 2470 Israel
932 2441 1061 2482 quem
1088 2427 1327 2482 coaequasti
1353 2425 1651 2482 primogenito
1676 2429 1765 2466 tuo.

586 2483 620 2510 15
639 2485 847 2530 Miserere
873 2485 1046 2529 civitati
1069 2485 1438 2531 sanctificationis
1463 2490 1572 2540 11136,

700 2545 971 2601 Jerusalem,
1001 2545 1174 2589 civitati
1204 2545 1369 2602 requiei
1396 2550 1498 2588 tuae.

584 2603 620 2630 16
643 2605 779 2660 Reple
806 2605 909 2648 Sion
930 2605 1303 2648 inenarrabilibus
1329 2604 1476 2648 verbis
1501 2604 1610 2660 tuis,

703 2669 744 2706 et
770 2663 910 2719 gloria
936 2670 1012 2708 tua
1034 2664 1247 2722 populum
1268 2670 1408 2709 tuum.

586 2721 618 2748 17
643 2722 711 2765 Da
735 2723 1040 2767 testimonium
1062 2724 1130 2767 his
1154 2724 1227 2780 qui
1250 2725 1306 2767 ab
1331 2724 1460 2767 initio
1485 2728 1699 2766 creaturae
1725 2730 1813 2765 tuae
1840 2727 1963 2777 sunt,

704 2787 748 2825 et
772 2783 937 2826 suscita
963 2783 1302 2840 praedicationes
1329 2798 1437 2839 quas
1468 2782 1603 2826 locuti
1634 2787 1737 2825 sunt
1761 2781 1808 2824 in
1840 2781 2018 2824 nomine
2044 2785 2120 2824 tuo
2145 2795 2242 2838 pro-

587 2841 622 2868 18
644 2842 712 2884 Da
739 2842 989 2886 mercedem
1011 2842 1335 2887 sustinentibus
1357 2848 1421 2898 te,
1868 2840 2036 2897 [phetae
2062 2839 2241 2896 priores.

704 2906 752 2943 ut
777 2902 1003 2958 prophetae
1026 2902 1089 2946 tui
1113 2902 1264 2946 fideles
1285 2902 1593 2956 inveniantur3

645 2966 689 3003 et
714 2961 874 3003 exaudi
902 2962 1121 3005 orationes
1147 2976 1374 3005 servorum
1399 2966 1595 3017 tuorum,

646 3019 681 3044 19
702 3020 946 3064 secundum
971 3021 1329 3066 benedictionem
1353 3022 1502 3064 Aaron
1529 3020 1582 3064 de
1609 3020 1770 3077 populo
1796 3024 1892 3076 tuo,

645 3083 690 3121 et
711 3078 852 3133 dirige
875 3094 952 3122 nos
974 3080 1021 3123 in
1046 3080 1167 3123 viam
1192 3080 1402 3137 justitiae,

705 3144 748 3180 et
773 3138 916 3180 sciant
942 3153 1094 3182 omnes
1117 3140 1189 3196 qui
1216 3140 1423 3182 habitant
1448 3145 1611 3184 terram

704 3196 806 3251 quia
833 3202 879 3239 tu
906 3212 950 3240 es
977 3199 1096 3242 Deus
1120 3204 1378 3255 conspector
1399 3199 1676 3242 saeculorum.

125 3267 170 3294 ne
192 3266 323 3314 selectu
589 3254 624 3281 2⁰
646 3256 833 3299 Omnem
860 3270 1005 3299 escam
1028 3258 1320 3300 manducabit
1342 3264 1519 3312 venter;

142 3313 311 3382 {Zffissffg
590 3373 592 3375 .
705 3320 748 3357 et
772 3320 838 3357 est
864 3315 987 3358 cibus
1014 3316 1112 3359 cibo
1139 3317 1305 3359 melior.

136 3398 168 3423 10
186 3377 318 3429 ussxoris,
586 3372 618 3398 ‘2¹
644 3373 815 3417 Fauces
842 3374 1108 3429 contingunt
1133 3376 1282 3418 cibum
1309 3377 1441 3431 ferae,

705 3438 748 3476 et
771 3447 843 3475 cor
863 3439 1089 3475 sensatum
1116 3435 1249 3476 verba
1277 3435 1520 3478 mendacia.

590 3491 626 3517 '²⁴²
647 3492 731 3535 Cor
755 3506 941 3548 pravum
967 3491 1094 3535 dabit
1119 3493 1366 3549 tristitiam,

417 3637 461 3669 14]
484 3638 540 3664 Ex.
563 3638 729 3671 1V722.—
750 3639 794 3671 19]
815 3638 910 3665 Num.
930 3637 986 3671 VI,
1004 3640 1045 3664 24.
