2423 3861
688 135 762 177 ΡΞ.
795 131 961 186 XLIV,
995 130 1020 172 2
1054 155 1112 160 —
1143 126 1282 180 XLV,
1316 124 1356 167 6.
1852 116 1936 160 579

102 241 385 251 —d—*-‚
400 244 430 247 ,-,
437 243 491 247 „⁴-

309 308 327 334 2
347 309 577 351 Eructavit
599 321 672 349 cor
695 318 842 348 meum
867 302 1051 346 verbum
1073 298 1238 341 bonum
1257 313 1267 352 3
2042 295 2205 325 Prolusio.

410 367 508 410 dico
534 379 614 421 ego
639 378 770 421 opera
795 376 893 405 mea
914 359 1020 415 regi.

354 427 527 482 Lingua
551 439 647 468 mea
670 423 867 466 calamus
889 419 1045 463 scribae

410 484 621 528 velociter
643 481 889 525 scribentis.

311 545 328 572 3
346 545 574 602 Speciosns
596 542 742 585 forma
764 554 854 596 prae
878 538 980 581 filiis
1001 535 1248 587 hominurn,
2006 531 2095 560 Laus
2123 528 2246 563 sponsi.

412 602 576 646 diffusa
599 606 664 644 est
686 599 828 655 gratia
850 598 895 639 in
922 596 1051 639 labiis
1074 594 1159 636 tuis
1180 610 1188 647 ;

413 667 642 719 propterea
663 657 893 702 benedixit
918 661 960 698 te
984 656 1104 697 Deus
1128 652 1174 694 in
1197 656 1424 694 aeternum.

312 722 328 749 ‘⁴
347 721 593 776 Accingere
615 717 764 774 gladio
789 721 864 758 tuo
886 727 1015 770 super
1036 712 1184 755 femur
1204 715 1350 763 tuum,
1377 705 1694 764 potentissime.

312 782 329 808 ⁵
348 780 499 838 Specie
522 784 596 820 tua
619 782 663 820 et
687 773 1016 833 pulchritudine
1042 776 1118 813 tua

412 837 612 892 intende,
636 847 839 893 prospere
865 830 1071 890 procede,
1095 833 1139 872 et
1159 841 1316 883 regna,

413 902 588 955 propter
609 894 864 948 veritatem,
887 896 930 934 et
955 886 1364 940 mansuetudinem,
1391 888 1434 926 et
1459 881 1707 938 justitia-rm

414 963 457 1000 et
479 955 667 999 deducet
693 958 736 996 te
757 950 1021 995 mirabiliter
1042 948 1223 991 dextera
1245 950 1335 987 tua.

312 1018 332 1045 ὓ
349 1016 534 1072 Sagittae
560 1020 648 1057 tuae
669 1017 836 1065 acntae,

413 1074 564 1132 populi
590 1072 670 1116 sub
696 1077 739 1115 te
765 1070 945 1125 cadent,

414 1136 459 1176 in
486 1133 616 1176 corda
638 1130 919 1174 inimicorum
943 1127 1074 1183 regis.

316 1194 332 1220 ⁷
355 1194 487 1238 Sedes
512 1197 609 1246 tua,
639 1192 779 1244 Deus,
805 1189 852 1231 in
877 1187 1089 1230 saeculum
1114 1183 1296 1238 saeculi3

416 1252 541 1307 virga
567 1248 822 1293 directionis
847 1247 973 1302 virga
997 1244 1122 1301 regni
1147 1243 1225 1288 tui,

317 1313 334 1339 ὃ
354 1309 561 1355 Dilexisti
587 1308 827 1365 justitiam,
855 1311 897 1349 et
923 1304 1054 1348 odisti
1079 1302 1390 1358 iniquitatem3
1963 1331 1974 1341 ,

417 1374 646 1427 propterea
661 1366 789 1409 unxit
804 1371 847 1409 te
864 1366 996 1419 Deus,
1010 1365 1130 1406 Deus
1144 1367 1257 1416 tuus,
1271 1360 1366 1403 oleo
1380 1358 1564 1412 laetitiae,
1576 1370 1665 1414 prae
1676 1351 1950 1398 consortibus

319 1430 336 1455 ⁰
352 1429 552 1486 Myrrha,
581 1432 625 1469 et
650 1431 799 1481 gutta,
827 1430 870 1467 et
896 1423 1015 1466 casia
1041 1436 1066 1464 a
1088 1419 1366 1464 vestimentis
1392 1418 1499 1473 tuis,
1827 1409 1949 1468 [tuis.

416 1503 442 1530 a
467 1485 671 1530 domibus
697 1482 930 1537 eburneis3
958 1496 1013 1524 ex
1039 1479 1196 1535 quibus
1222 1478 1555 1521 delectaverunt
1579 1479 1622 1518 te

360 1547 396 1574 1⁰
413 1547 516 1589 filiae
541 1557 698 1599 regum
721 1542 768 1584 in
793 1542 958 1584 honore
982 1544 1072 1582 tuo.

359 1604 518 1649 Astitit
541 1602 696 1659 regina
721 1616 746 1643 a
773 1600 938 1644 dextris
964 1598 1052 1641 tuis
2018 1597 2108 1626 Laus
2119 1601 2259 1628 sponsae.

418 1665 465 1707 in
486 1663 650 1706 vestitu
677 1660 909 1714 deaurato,
935 1656 1211 1700 circumdata
1236 1655 1465 1698 varietate.

301 1725 335 1752 11
355 1723 495 1779 Audi,
522 1722 634 1777 filia,
662 1725 706 1763 et
728 1719 850 1775 vide,
878 1722 920 1762 et
944 1716 1112 1759 inclina
1139 1729 1292 1758 aurem
1316 1719 1441 1756 tuam
1462 1731 1470 1769 3

419 1788 462 1826 et
488 1781 747 1825 obliviscere
772 1778 986 1835 populum
1011 1781 1159 1830 tuum,
1184 1779 1228 1817 et
1253 1774 1434 1817 domum
1458 1772 1597 1829 patris
1620 1769 1699 1813 tui.

305 1843 338 1869 ¹2
357 1844 414 1886 Et
439 1840 722 1897 concupiscet
743 1852 821 1881 rex
847 1836 1050 1879 decorem
1074 1839 1221 1886 tuum,

421 1900 629 1957 quoniam
652 1898 747 1954 ipse
774 1902 838 1940 est
866 1895 1082 1939 Dominus
1109 1895 1229 1937 Deus
1254 1897 1377 1948 tuus,
1404 1895 1448 1934 et
1472 1888 1720 1932 adorabunt
1745 1899 1859 1928 eum.

305 1961 341 1987 13
359 1962 415 2004 Et
440 1959 544 2002 filiae
568 1957 675 2015 Tyri
700 1957 746 1999 in
770 1955 1027 1999 muneribus
1051 1953 1228 1996 vultum
1252 1957 1380 1995 tuum
1405 1947 1784 2005 deprecabuntur3

424 2032 574 2062 omnes
600 2017 760 2060 divites
783 2013 937 2072 plebis.

307 2079 342 2106 14
361 2079 514 2122 Omnis
541 2076 681 2133 gloria
707 2075 802 2131 ejus
824 2074 928 2116 filiae
949 2073 1065 2129 regis
1093 2072 1148 2115 ab
1172 2072 1314 2127 intus,

423 2138 468 2180 in
494 2135 678 2179 fimbriis
705 2134 870 2188 aureis,
894 2133 929 2159 ¹5
948 2131 1281 2175 circumamicta
1306 2127 1611 2172 varietatibus.

367 2196 659 2240 Adducentur
683 2193 776 2248 regi
803 2192 996 2248 virgines
1022 2195 1120 2248 post
1146 2204 1264 2245 eam,

426 2255 641 2313 proximae
668 2253 764 2309 ejus
790 2252 1033 2294 afferentur
1057 2249 1153 2294 tibi.

313 2316 346 2342 ¹⁶
365 2315 622 2358 Afferentur
646 2312 691 2354 in
718 2311 876 2354 laetitia
902 2315 946 2353 et
971 2308 1245 2353 exultatione
1265 2325 1273 2363 ;

428 2373 706 2416 adducentur
729 2370 776 2412 in
801 2369 1020 2425 templum
1042 2367 1172 2423 regis.

312 2434 345 2461 17
367 2436 450 2477 Pro
475 2431 674 2490 patribus
700 2430 788 2473 tuis
813 2429 907 2471 nati
931 2432 1034 2471 sunt
1058 2426 1140 2469 tibi
1165 2425 1245 2469 filii
1265 2441 1274 2480 ;
2055 2434 2243 2465 conciusio.

430 2491 670 2535 constitues
697 2503 769 2532 eos
794 2488 1014 2545 principes
1040 2499 1170 2542 super
1195 2498 1370 2527 omnem
1395 2489 1571 2526 terram.

315 2553 349 2579 ¹3
367 2553 584 2595 Memores
610 2554 736 2593 erunt
758 2547 950 2590 nominis
967 2545 1034 2588 tui
1050 2544 1096 2586 in
1116 2543 1234 2587 omni
1253 2542 1538 2598 generatione
1558 2546 1600 2583 et
1617 2537 1962 2595 generationem.

433 2611 671 2666 Propterea
692 2606 844 2665 populi
868 2604 1193 2648 confitebuntur
1210 2602 1292 2645 tibi
1314 2601 1361 2643 in
1385 2606 1611 2655 aeternum,
1632 2603 1676 2641 et
1692 2598 1738 2640 in
1753 2596 1964 2641 saeculum

1769 2654 1965 2713 [saeculi.

867 2734 1082 2776 PsALMUS
1114 2730 1240 2774 XLV

635 2837 840 2894 Populus
872 2835 964 2877 Dei
994 2833 1168 2876 habitat
1197 2819 1465 2886 confidenter.

209 2942 289 2985 'In
309 2940 464 2996 finem,
491 2939 593 2982 filiis
617 2937 746 2993 Core,
770 2951 847 2994 pro
872 2933 1066 2990 arcanis,
1090 2931 1307 2975 Psalmus.
2082 2933 2228 2959 Titulus·

338 3027 356 3053 2
374 3029 493 3071 Deus
518 3031 666 3069 noster
690 3024 918 3080 refugium
943 3027 988 3065 et
1013 3021 1181 3075 virtus3
2055 3018 2145 3065 neus
2169 3014 2259 3063 reru-

438 3085 617 3141 adjutor
640 3085 687 3127 in
712 3081 1074 3126 tribulationibus
1100 3093 1199 3135 quae
1222 3078 1489 3123 invenerunt
1512 3090 1590 3120 nos
1616 3074 1761 3118 nimis.
2043 3062 2263 3133 ἕᾞὲξᾶξῗζυῧ

339 3146 357 3172 3
375 3146 611 3202 Propterea
637 3158 725 3186 non
746 3141 1003 3185 timebimus
1028 3139 1134 3182 dum
1159 3138 1411 3181 turbabitur
1435 3142 1570 3192 terra,

439 3209 483 3247 et
507 3203 833 3246 transferentur
859 3205 1028 3243 montes
1053 3199 1100 3241 in
1125 3211 1198 3241 cor
1219 3197 1367 3241 maris.

330 3263 358 3305 ,4
377 3265 644 3318 Sonuerunt,
668 3267 711 3305 et
735 3261 927 3304 turbatae
950 3262 1052 3301 sunt
1076 3271 1204 3313 aquae
1231 3271 1409 3312 eorum3

273 3379 277 3383 .
441 3320 695 3365 conturbati
720 3326 823 3364 sunt
848 3324 1019 3362 montes
1044 3317 1090 3360 in
1115 3316 1379 3359 fortitudine
1405 3315 1515 3371 ejus,

342 3382 360 3408 5
377 3381 597 3425 Fluminis
618 3381 811 3438 impetus
837 3378 1036 3422 laetificat
1062 3375 1290 3419 civitatem
1317 3374 1427 3419 Dei:
2117 3368 2208 3414 Deus

442 3440 740 3484 sanctificavit
764 3436 1102 3482 tabernaculum
1126 3449 1255 3478 suum
1279 3433 1550 3478 Altissimus.
2059 3411 2260 3483 ζΐῗζζὲξῖζζ,

343 3500 361 3527 ⁶
380 3502 499 3544 Deus
518 3499 567 3542 in
592 3499 738 3543 medio
763 3499 879 3555 ejus,
906 3510 994 3540 non
1021 3493 1396 3548 commovebitur;

152 3647 181 3683 7]
199 3648 301 3677 Hebr.
318 3648 347 3684 I,
363 3651 398 3691 8.>
