2456 3861
828 185 936 228 Jun.
971 186 1078 240 XX,
1116 186 1275 228 16-39.
1879 185 1964 228 245

138 358 348 414 ventique
376 363 479 400 sunt
502 357 665 413 viginti
687 357 878 413 quinque
909 357 1050 399 millia
1079 357 1132 399 de
1164 357 1402 412 Benja.1nin
1429 356 1711 400 educentium
1740 356 1963 413 gladium,

141 421 303 473 praeter
338 416 610 459 habitatores
644 416 822 471 Gabaa,
864 415 896 442 ¹⁶
920 415 993 471 qui
1030 416 1301 471 septingenti
1337 421 1462 458 crant
1494 416 1576 458 viri
1609 416 1866 471 fortissimi,
1901 416 1966 459 ita

135 474 319 518 sinistra
352 480 400 518 ut
431 475 588 518 dextra
615 474 892 531 praeliantes,
918 481 962 518 et
986 475 1049 517 sic
1074 474 1227 517 fundis
1254 474 1422 530 lapides
1450 474 1506 517 ad
1533 479 1700 518 certum
1724 475 1962 531 jacientes,

139 539 189 577 ut
209 534 421 590 capillum
445 547 615 590 quoque
642 539 820 590 possent
851 540 1099 590 percutere,
1122 539 1168 576 et
1196 547 1472 589 nequaquam
1501 533 1548 576 in
1573 534 1759 576 alteram
1793 540 1964 590 partem

139 593 253 635 ictus
279 593 439 650 lapidis
465 593 723 637 deferretur.
746 591 778 618 ¹⁷
800 592 1004 635 Virorum
1026 605 1196 647 quoque
1220 592 1369 647 Israel,
1393 593 1557 648 absque
1584 592 1685 635 filiis
1710 593 1961 648 Benjamin,

138 651 322 694 inventa
346 658 448 694 sunt
476 651 803 707 quadringenta
835 651 978 693 millia
1008 651 1293 693 educentium
1324 651 1514 706 gladios,
1546 657 1589 694 et
1621 657 1875 708 paratorum
1907 653 1963 696 ad

138 724 348 766 pugnam.
376 709 411 736 ¹⁸
429 710 510 760 Qui
536 714 766 765 surgentes
791 715 1008 752 venerunt
1028 709 1074 751 in
1104 709 1283 751 domum
1316 710 1419 765 Dei,
1446 711 1528 753 hoc
1557 716 1623 753 est
1647 710 1692 752 in
1721 711 1830 767 Silo,
1862 726 1964 755 con-

136 769 452 825 sulueruntque
477 770 640 823 Deum,
660 773 792 823 atque
814 768 1022 811 dixerunt
1041 784 1050 811 ε
1073 767 1179 818 Quis
1200 768 1284 810 erit
1303 768 1348 810 in
1372 769 1568 811 exercitu
1590 775 1736 813 nostro
1760 771 1964 827 princeps

120 827 394 870 certaminis
418 832 572 870 contra
595 827 709 869 filios
734 827 1003 883 Benjamin‘?
1029 826 1196 877 Quibus
1218 826 1446 882 respondit
1473 828 1686 870 Dominus
1709 845 1718 871 ε
1740 829 1882 872 Judas
1907 830 1966 872 sit

136 886 228 929 dux
254 892 411 930 vester.

197 944 232 971 ¹⁹
248 945 497 1002 Statimque
514 945 594 988 filii
613 945 753 988 Israel
770 950 1000 1002 surgentes
1019 959 1163 1000 mane,
1183 946 1486 988 castrametati
1510 951 1611 989 sunt
1632 947 1762 1003 juxta
1782 946 1962 1002 Gabaa;

135 1003 174 1031 2⁰
190 1009 235 1047 et
266 1003 370 1047 iude
401 1004 690 1062 procedentes
722 1004 778 1047 ad
812 1018 1010 1061 pugnam
1036 1010 1189 1047 contra
1224 1004 1486 1060 Beniamin,
1520 1005 1674 1048 urbem
1708 1019 1964 1062 oppugnare

116 1069 376 1120 coeperunt.
414 1062 448 1089 ²³¹
477 1063 741 1119 Egressique
777 1062 857 1106 filii
897 1063 1135 1119 Benjamin
1169 1064 1223 1106 de
1262 1064 1441 1119 Gabaa,
1482 1064 1739 1107 occiderunt
1776 1064 1830 1107 de
1863 1064 1965 1107 filiis

138 1122 276 1165 Israel
305 1122 377 1166 die
404 1122 482 1166 illo
507 1122 670 1178 viginti
697 1122 783 1166 duo
812 1122 953 1165 millia
979 1123 1183 1166 virorum.
1207 1122 1244 1148 ”²⁹2
1267 1124 1455 1166 Rursum
1482 1122 1560 1165 filii
1591 1123 1730 1166 Israel
1759 1128 1803 1167 et
1837 1123 1964 1166 forti-

136 1182 289 1225 tudine
313 1186 359 1224 et
383 1195 564 1224 numero
590 1181 881 1237 confidentes,
908 1182 955 1224 in
981 1182 1136 1225 eodem
1169 1182 1285 1238 loco,
1318 1182 1365 1224 in
1394 1196 1478 1238 quo
1506 1182 1628 1238 prius
1661 1188 1963 1238 certaverant,

135 1240 279 1284 aciem
312 1241 590 1296 direxerunt,
629 1240 666 1267 23
689 1241 754 1283 ita
793 1246 944 1284 tamen
981 1246 1029 1284 ut
1064 1242 1184 1298 prius
1220 1240 1510 1284 ascenderent
1548 1247 1592 1284 et
1627 1241 1783 1285 flerent
1815 1254 1965 1284 coram

138 1300 328 1342 Domino
353 1314 488 1356 usque
510 1300 567 1343 ad
595 1304 792 1355 noctem,
816 1300 1181 1357 consulerentque
1204 1315 1328 1355 eum,
1356 1305 1400 1343 et
1425 1300 1622 1343 dicerent
1643 1316 1651 1344 :
1677 1301 1827 1344 Debeo
1849 1300 1964 1343 ultra

135 1358 370 1415 procedere
391 1359 448 1402 ad
471 1359 777 1402 dimicandum
802 1365 955 1402 contra
982 1359 1096 1402 filios
1122 1359 1362 1415 Benjamin
1389 1359 1551 1402 fratres
1583 1374 1725 1415 meos,
1754 1373 1812 1402 an
1842 1358 1963 1403 non?

116 1417 301 1468 vQuibus
321 1418 398 1461 ille
422 1418 650 1474 respondit
670 1435 679 1462 :
699 1418 940 1461 Ascendite
965 1418 1022 1461 ad
1040 1432 1134 1474 eos,
1155 1424 1198 1461 et
1218 1418 1328 1461 inite
1351 1423 1590 1462 certamen.
1609 1417 1646 1445 ²4
1661 1419 1857 1474 Cumque
1881 1418 1960 1461 filii

135 1477 274 1520 Israel
299 1476 439 1520 altera
460 1477 531 1519 die
558 1482 711 1519 contra
738 1477 852 1519 filios
875 1477 1114 1533 Benjamin
1140 1477 1196 1520 ad
1219 1476 1423 1533 praelium
1451 1478 1786 1533 processissent,
1814 1475 1851 1504 ‘²5
1869 1492 1963 1520 eru-

134 1541 294 1593 perunt
318 1535 397 1578 filii
425 1535 666 1591 Benjamin
692 1536 746 1579 de
768 1535 904 1592 portis
931 1536 1107 1591 Gabaa,
1133 1541 1196 1591 et,
1225 1541 1502 1579 occurrentes
1528 1537 1612 1591 eis,
1638 1542 1765 1580 tanta
1793 1537 1839 1579 in
1864 1536 1964 1579 illos

114 1594 258 1638 scaede
279 1594 486 1637 bacchati
504 1599 628 1649 sunt,
650 1599 700 1637 ut
721 1594 876 1638 decem
893 1599 938 1637 et
959 1599 1057 1638 octo
1080 1595 1223 1637 millia
1243 1595 1438 1637 virorum
1455 1595 1739 1638 educentium
1761 1595 1964 1652 gladium

131 1658 475 1711 prosternerent.

192 1711 542 1764 &Quamobrem
572 1727 723 1757 omnes
748 1711 827 1754 filii
859 1713 997 1757 Israel
1025 1718 1243 1757 venerunt
1266 1714 1313 1757 in
1342 1714 1523 1757 domum
1551 1714 1654 1770 Dei,
1681 1719 1726 1757 et
1758 1715 1963 1758 sedentes

131 1771 302 1815 fiebant
330 1785 478 1815 coram
506 1773 721 1827 Domino,
748 1771 1152 1829 jejunaveruntque
1178 1773 1249 1816 die
1281 1773 1360 1817 illo
1389 1787 1524 1828 usque
1559 1773 1615 1816 ad
1641 1787 1892 1830 vesperam,
1919 1779 1963 1817 et

131 1831 389 1875 obtulerunt
416 1832 457 1875 ei
487 1831 766 1887 holocausta,
799 1835 933 1886 atque
959 1832 1168 1888 pacificas
1193 1832 1420 1887 victimas,
1448 1831 1482 1858 ‘²⁷
1502 1836 1547 1875 et
1576 1846 1706 1889 super
1732 1837 1853 1875 statu
1885 1847 1962 1875 suo

130 1890 530 1946 interrogaverunt.
551 1891 616 1934 Eo
636 1896 834 1947 tempore
855 1890 918 1933 ibi
941 1896 1035 1934 erat
1056 1905 1159 1934 arca
1183 1892 1365 1935 foederis
1389 1892 1484 1947 Dei,
1504 1891 1541 1918 28
1555 1897 1599 1935 et
1621 1892 1822 1947 Phinees,
1846 1891 1962 1935 filius

133 1949 334 1993 Eleazari
368 1949 447 1992 filii
474 1951 644 2005 Aaron,
679 1949 942 2006 praepositus
970 1949 1139 1993 domus.
1172 1950 1496 1994 Oonsuluerunt
1527 1950 1665 2007 igitur
1695 1950 1960 2007 Dominum,

108 2014 264 2065 -atque
290 2009 499 2052 dixerunt
521 2026 529 2054 :
562 2010 694 2052 Exire
716 2008 832 2052 ultra
857 2009 1068 2052 debemus
1093 2010 1150 2053 ad
1179 2023 1377 2066 pugnam
1403 2014 1557 2053 contra
1581 2010 1694 2053 filios
1722 2009 1962 2066 Benjamin

128 2067 293 2111 fratres
314 2072 506 2124 nostros,
525 2084 582 2111 an
608 2067 865 2125 quiescere?
887 2068 1054 2120 Quibus
1075 2068 1139 2111 ait
1162 2070 1380 2112 Dominus
1399 2086 1408 2114 :
1434 2069 1698 2125 Ascendite,
1722 2083 1816 2112 cras
1842 2069 1963 2112 enirn

108 2127 306 2170 *tradam
331 2141 405 2170 eos
430 2127 477 2170 in
501 2142 659 2170 manus
682 2132 866 2171 vestras.

189 2185 227 2212 '29
253 2187 582 2242 Posueruntque
611 2187 690 2229 filii
725 2187 864 2230 Israel
895 2187 1081 2230 insidias
1113 2202 1191 2244 per
1222 2189 1457 2231 circuitum
1489 2188 1609 2231 urbis
1647 2188 1826 2244 Gabaa,
1860 2187 1898 2214 3⁰
1918 2192 1963 2231 et

107 2245 263 2288 *tertia
283 2245 402 2301 vice,
429 2245 543 2289 sicut
567 2245 705 2290 semel
727 2250 771 2289 et
798 2245 888 2302 bis,
914 2251 1070 2289 contra
1097 2247 1341 2303 Benjamin
1371 2247 1616 2290 exercitum
1645 2247 1960 2304 produxerunt.

129 2304 165 2330 ³¹
191 2304 277 2348 Sed
315 2309 359 2348 et
394 2304 474 2347 filii
518 2304 758 2361 Benjamin
798 2305 1009 2348 audacter
1041 2312 1278 2363 eruperunt
1314 2307 1368 2350 de
1407 2306 1613 2362 civitate,
1652 2311 1696 2349 et
1735 2305 1961 2362 fugientes

104 2397 107 2400 .
129 2363 406 2407 adversarios
434 2363 609 2421 longius
638 2364 857 2420 persecuti
886 2369 1009 2420 sunt,
1031 2364 1097 2408 ita
1125 2371 1173 2408 ut
1197 2366 1482 2409 vulnerarent
1509 2380 1565 2408 ex
1586 2365 1648 2409 eis
1677 2365 1791 2408 sicut
1818 2365 1961 2421 primo

129 2422 201 2466 die
236 2428 279 2466 et
311 2423 524 2479 secundo,
555 2430 599 2466 et
631 2423 855 2466 caederent
886 2436 965 2479 per
994 2423 1103 2467 duas
1132 2424 1313 2468 semitas
1346 2429 1568 2468 vertentes
1598 2429 1744 2481 terga,
1775 2438 1961 2480 quarum

131 2495 218 2525 una
240 2482 468 2525 ferebatur
487 2483 535 2525 in
566 2482 724 2525 Bethel
747 2487 791 2525 et
816 2482 957 2525 altera
980 2482 1027 2525 in
1058 2483 1234 2539 Gabaa,
1258 2489 1390 2540 atque
1418 2488 1746 2540 prosternerent
1774 2483 1961 2539 triginta

128 2541 306 2585 circiter
323 2541 464 2597 viros;
488 2541 526 2568 3²
541 2546 811 2599 putaverunt
833 2542 951 2584 enim
977 2542 1107 2585 solito
1133 2555 1205 2585 eos
1225 2556 1346 2586 more
1368 2543 1536 2586 cedere.
1557 2543 1658 2598 Qui,
1681 2543 1841 2598 fugam
1865 2547 1960 2585 arte

126 2600 411 2656 simulantes,
437 2601 633 2644 inierunt
662 2600 897 2644 consilium
926 2606 974 2644 ut
999 2601 1308 2644 abstraherent
1337 2616 1409 2645 eos
1438 2601 1492 2645 de
1518 2602 1722 2657 civitate,
1758 2607 1801 2644 et
1833 2599 1959 2657 quasi

128 2660 356 2716 fugientes
378 2660 435 2703 ad
458 2660 736 2716 supradictas
761 2660 944 2704 semitas
968 2660 1272 2717 perducerent.
1296 2661 1333 2687 33
1357 2661 1520 2704 Omnes
1544 2660 1694 2717 itaque
1715 2660 1793 2702 filii
1821 2659 1960 2703 Israel

106 2723 359 2775 surgentes
384 2719 438 2762 de
467 2719 646 2763 sedibus
671 2719 781 2775 suis,
812 2719 1097 2763 tetenderunt
1128 2719 1272 2762 aciem
1303 2720 1350 2762 in
1383 2719 1480 2762 loco
1511 2719 1586 2775 qui
1612 2725 1795 2763 vocatur
1828 2719 1960 2762 Baal-

106 2777 337 2822 ‘Thaman
371 2778 556 2822 Insidiae
590 2793 781 2834 quoque,
815 2793 914 2834 quae
945 2779 1061 2821 circa
1090 2778 1245 2822 urbem
1277 2784 1423 2835 erant,
1458 2779 1676 2836 paulatim
1711 2793 1757 2822 se
1790 2778 1961 2835 aperire

103 2841 376 2893 ·coeperunt,
406 2836 443 2864 ³⁴
461 2843 505 2881 et
532 2838 589 2880 ab
615 2837 882 2881 occidentali
913 2837 1032 2880 urbis
1064 2843 1190 2894 parte
1218 2839 1468 2894 procedere.
1496 2838 1579 2882 Sed
1610 2842 1653 2881 et
1681 2838 1770 2881 alia
1805 2838 1960 2881 decem

128 2896 272 2939 millia
292 2897 487 2939 virorum
516 2897 570 2940 de
594 2897 800 2940 universo
829 2897 968 2939 Israel
997 2897 1270 2940 habitatores
1297 2897 1415 2940 urbis
1444 2897 1501 2940 ad
1530 2897 1774 2940 certamina
1804 2910 1959 2954 provo—

103 2955 318 3010 -cabant;
347 2955 721 3012 ingravatumque
747 2962 814 3000 est
842 2955 1011 2999 bellum
1040 2961 1192 2999 contra
1217 2956 1331 3000 filios
1362 2956 1627 3013 Benjamin3
1656 2961 1699 3000 et
1719 2970 1807 2999 non
1827 2956 1958 3009 intel-

106 3014 333 3058 lexerunt
361 3015 478 3071 quod
511 3028 566 3058 ex
599 3014 719 3058 omni
749 3020 874 3072 parte
907 3014 996 3058 illis
1028 3015 1216 3058 instaret
1242 3015 1462 3059 interitus.
1489 3015 1526 3042 35
1545 3016 1852 3072 Percussitque
1885 3029 1958 3059 eos

130 3073 346 3116 Dominus
367 3074 415 3116 in
440 3080 678 3131 conspectu
706 3074 897 3117 filiorum
926 3074 1085 3130 Israel,
1112 3080 1157 3118 et
1183 3074 1506 3118 interfecerunt
1531 3090 1586 3119 ex
1614 3075 1675 3118 eis
1704 3075 1751 3117 in
1778 3074 1856 3118 illo
1886 3074 1957 3118 die

103 3148 106 3149 ⁷
126 3132 291 3189 viginti
313 3133 505 3189 quinque
530 3134 672 3177 millia
695 3139 740 3177 et
760 3139 939 3177 centum
957 3134 1093 3190 viros,
1113 3148 1264 3178 omnes
1286 3134 1521 3178 bellatores
1543 3139 1587 3177 et
1605 3134 1841 3178 educentes
1863 3134 1957 3190 gla—

127 3190 266 3235 dium.
288 3191 448 3235 &Filii
481 3198 632 3236 autem
666 3192 925 3249 Benjamin,
953 3206 1054 3236 cum
1085 3207 1131 3237 se
1162 3193 1396 3237 inferiores
1425 3207 1518 3237 esse
1545 3193 1782 3248 vidissent,
1814 3207 1956 3249 coepe—

103 3256 232 3293 *runt
270 3251 440 3307 fugere.
481 3251 605 3302 Quod
643 3258 872 3295 cernentes
915 3251 996 3294 filii
1033 3252 1196 3309 Israel,
1234 3252 1450 3296 dederunt
1489 3253 1552 3296 eis
1593 3253 1649 3296 ad
1689 3252 1957 3308 fugiendum

129 3308 295 3365 locum,
321 3316 370 3353 ut
393 3310 451 3354 ad
484 3317 757 3368 praeparatas
788 3311 973 3354 insidias
1006 3311 1286 3367 devenirent,
1317 3327 1425 3368 quas
1457 3312 1587 3368 juxta
1615 3312 1769 3354 urbem
1801 3324 1956 3368 posue-

106 3373 243 3412 rant.
273 3368 308 3396 37
332 3369 415 3420 Qui
452 3384 554 3413 cum
589 3376 770 3427 repente
803 3370 857 3414 de
893 3370 1092 3413 latibulis
1128 3371 1440 3427 surrexissent,
1474 3376 1520 3414 et
1554 3370 1793 3427 Benjamin
1828 3375 1956 3425 terga

114 3427 405 3472 «eaedentibus
439 3429 583 3486 daret,
612 3429 800 3486 ingressi
833 3434 936 3472 sunt
971 3429 1222 3486 civitatem,
1256 3434 1302 3473 et
1332 3435 1640 3487 percusserunt
1673 3443 1771 3472 eam
1802 3429 1847 3471 in
1882 3441 1954 3472 ore

105 3531 109 3534 ,
130 3484 284 3540 gladii.
306 3486 342 3514 3⁸
361 3488 547 3544 Signum
569 3493 720 3532 autem
749 3489 962 3532 dederant
990 3488 1069 3531 filii
1099 3489 1239 3532 Israel
1263 3489 1332 3532 his
1361 3503 1468 3545 quos
1492 3490 1539 3531 in
1566 3488 1740 3531 insidiis
1765 3488 1955 3531 colloca·

132 3550 306 3601 verant,
327 3550 394 3602 ut,
418 3553 653 3604 postquam
674 3548 829 3591 urbem
851 3547 1090 3604 cepissent,
1115 3548 1268 3604 ignem
1289 3548 1601 3602 accenderent,
1622 3552 1670 3590 ut
1687 3547 1955 3591 ascendente

107 3601 178 3644 :in
202 3603 342 3647 altum
360 3605 507 3662 fumo,
531 3612 710 3663 captam
730 3607 884 3650 urbem
906 3606 1273 3652 demonstrarent.
1293 3607 1330 3634 3⁰
1347 3607 1470 3657 Quod
1493 3621 1593 3649 cum
1620 3612 1849 3650 cernerent
1872 3607 1954 3650 filii
1998 3650 2001 3652 ,

108 3660 271 3705 „Israel
288 3662 446 3720 inipso
464 3665 706 3708 certamine
722 3666 856 3723 positi
876 3667 1166 3723 (putaverunt
1188 3667 1307 3709 enim
1328 3666 1406 3708 filii
1431 3664 1669 3721 Benjamin
1688 3679 1760 3709 ecs
1781 3666 1950 3723 fugere,

2078 955 2226 984 infauste

2057 997 2253 1034 suscipitur,

2029 1725 2086 1751 per
2104 1718 2271 1752 Benjami-

2074 1762 2224 1791 nitarum

2081 1806 2214 1835 ruinam

2056 1850 2244 1881 conficitur.
