2456 3861
756 84 933 126 Julil'ru
970 83 1110 137 VIII,
1146 83 1171 125 0
1203 108 1262 114 —
1294 82 1381 136 lx,
1417 83 1452 124 3.
1934 83 2017 125 485

251 253 269 277 ⁴³
295 253 406 294 Haec
433 255 580 308 itaque
603 268 703 296 011111
725 253 940 309 audisset,
967 253 1175 309 quoniam
1199 253 1328 296 Ozias
1354 253 1627 309 promisisset
1653 253 1767 308 quod
1794 258 2016 297 transacto

192 311 344 365 quinto
382 311 452 354 die
482 311 674 355 traderet
714 312 963 365 civitatem,
999 312 1120 354 misit
1147 312 1203 354 ad
1244 312 1519 368 presbyteros
1553 311 1713 354 Chabri
1749 318 1791 354 et
1824 312 2015 356 Charmi.

193 368 228 395 ¹⁰
254 371 311 412 Et
336 376 551 413 venerunt
575 371 630 413 ad
653 371 797 425 illam,
825 378 867 414 et
892 371 1007 414 dixit
1030 371 1119 412 illis
1153 387 1161 414 :

250 428 374 478 Quod
401 435 466 472 est
488 430 569 472 1100
593 430 796 484 verbum,
823 430 867 471 in
892 445 975 485 quo
999 430 1220 472 consensit
1247 430 1396 484 Ozias,
1422 435 1468 472 ut
1502 430 1649 473 tradat
1678 430 1905 474 civitatem
1934 432 2017 474 As-

190 488 339 544 syriis,
378 488 414 529 si
448 488 563 530 intra
597 489 789 544 quinque
821 488 913 531 dies
952 503 1037 531 non
1079 489 1248 531 venerit
1285 488 1410 531 vobis
1450 489 1754 545 adjutorium?
1799 489 1828 515 ¹¹
1860 492 1914 532 Et,
1945 490 2017 545 qui

191 546 295 589 estis
324 561 418 601 vos,
458 547 528 602 qui
561 547 741 590 tentatis
774 547 1048 590 Dominum?
1082 546 1114 572 ¹⁹2
1142 549 1238 589 Non
1262 554 1327 590 est
1359 547 1442 590 iste
1474 563 1636 603 sermo,
1669 549 1740 604 qui
1776 549 2018 592 misericor-

191 605 309 647 diam
337 612 562 661 111-010001,
589 606 664 648 sed
691 605 834 661 potius
861 606 932 660 qui
956 606 1066 646 iram
1097 606 1281 659 excitet,
1316 612 1359 648 et
1392 607 1584 650 furorem
1619 608 1848 651 accendat.
1879 608 1912 633 111
1938 609 2018 651 Ρο-

189 663 339 706 suistis
370 679 445 707 vos
479 669 651 720 tempus
685 664 979 707 miserationis
1014 664 1214 717 Domini,
1250 672 1292 707 ct
1324 664 1369 706 in
1403 666 1635 708 arbitrium
1669 673 1863 709 vestrum
1901 667 2018 710 diem

190 722 482 765 constituistis
515 722 568 766 ei.
607 722 637 748 11
665 722 747 766 Sed
782 722 884 777 quia
917 722 1088 778 patiens
1126 723 1342 765 Dominus
1376 729 1460 778 est,
1495 725 1539 766 in
1571 725 1652 767 hoc
1685 726 1780 781 ipso
1806 726 2018 782 poenitea-

190 796 307 837 mus,
337 788 380 825 et
404 781 729 836 indulgentiam
754 781 850 836 ejus
876 781 988 823 fusis
1015 781 1222 837 lacrymis
1256 782 1552 837 postulemus3
1586 783 1617 809 ¹⁵
1640 798 1725 826 non
1750 785 1865 827 enim
1893 785 2017 840 quasi

189 840 339 896 homo,
363 840 426 883 810
450 841 568 883 Deus
594 839 955 894 comminabitur,
979 854 1120 895 neque
1145 839 1260 882 sicut
1281 840 1396 882 filius
1430 841 1621 883 hominis
1658 842 1713 884 ad
1740 843 2018 886 iracundiam

187 898 612 941 11111011111101)11111.16
639 900 694 941 Et
727 898 825 942 ideo
856 898 1142 941 humiliemus
1174 898 1240 941 illi
1274 899 1446 941 animas
1478 906 1669 954 nostras,
1704 906 1746 943 et
1783 902 1827 943 in
1860 903 2017 958 spiritu

188 957 416 1000 constituti
441 957 694 1013 humiliato,
724 958 965 1001 servientes
987 957 1074 1013 illi,
1102 958 1132 983 ¹7
1160 958 1359 1000 dicamus
1378 957 1532 1001 flentes
1556 959 1769 1014 Domino,
1790 965 1838 1002 ut
1864 976 2016 1004 secun-

187 1016 292 1058 dum
318 1016 593 1060 voluntatem
615 1031 764 1072 suam,
791 1017 854 1060 sic
880 1017 1024 1059 faciat
1046 1017 1275 1060 nobiscum
1313 1017 1661 1061 misericordiam
1686 1032 1831 1071 suam,
1862 1025 1909 1061 ut
1935 1020 2015 1062 sic-

187 1079 236 1117 ut
265 1075 577 1118 conturbatum
608 1081 674 1120 est
706 1090 779 1118 cor
805 1081 1003 1119 nostrum
1027 1076 1074 1118 in
1099 1076 1304 1133 superbia
1330 1090 1501 1131 eorum,
1532 1076 1596 1119 ita
1622 1077 1757 1120 etiam
1790 1077 1844 1120 de
1869 1083 2017 1121 nostra

185 1134 440 1177 humilitate
472 1135 736 1190 gloriemur,
768 1135 799 1161 ¹8
830 1135 1036 1191 quoniam
1059 1149 1147 1178 non
1179 1150 1328 1178 sumus
1362 1136 1501 1179 secuti
1532 1142 1714 1193 peccata
1740 1142 1915 1192 patrum
1941 1152 2016 1180 no-

186 1198 395 1249 strorum,
432 1194 504 1250 qui
544 1194 872 1250 dereliquerunt
907 1196 1051 1238 Deum
1089 1209 1237 1250 suum,
1274 1199 1317 1238 et
1353 1194 1650 1238 adoraverunt
1691 1195 1793 1239 deos
1833 1196 2016 1241 alienos.

188 1251 223 1278 ¹⁹
246 1253 330 1295 Pro
353 1267 436 1308 quo
462 1254 624 1297 scelere
651 1253 743 1296 dati
770 1258 873 1296 sunt
903 1253 949 1296 in
980 1253 1200 1309 gladium,
1233 1259 1276 1296 et
1308 1254 1353 1296 in
1386 1254 1609 1310 rapinam,
1638 1260 1680 1298 et
1712 1255 1758 1297 in
1793 1255 2015 1298 confusio-

185 1311 501 1355 11011111111111018
543 1313 658 1367 suis3
697 1326 775 1355 nos
813 1318 960 1356 autem
1002 1313 1192 1355 alterum
1234 1314 1378 1356 Deum
1411 1313 1633 1356 nescimus
1666 1320 1824 1370 praeter
1855 1314 2013 1370 ipsum.

185 1369 222 1397 ²0
248 1372 544 1427 Expectemus
581 1372 770 1414 humiles
802 1372 1147 1415 consolationem
1183 1373 1302 1428 ejus,
1338 1378 1381 1415 et
1413 1373 1613 1428 exquiret
1649 1373 1911 1429 sanguinem
1941 1388 2016 1416 110-

184 1435 324 1472 strum
344 1430 397 1474 de
415 1430 729 1473 afflictionibus
748 1431 1030 1473 inimicorum
1055 1437 1324 1486 nostrorum,
1346 1437 1389 1474 et
1411 1432 1668 1475 humiliabit
1687 1446 1837 1475 omnes
1861 1439 2015 1488 gentes

183 1502 474 1545 quaecumque
508 1489 743 1545 insurgunt
775 1494 928 1532 contra
958 1503 1057 1546 nos,
1093 1495 1137 1532 et
1173 1490 1314 1532 faciet
1345 1490 1445 1533 illas
1475 1491 1568 1533 sine
1599 1491 1762 1534 honore
1798 1492 2014 1534 Dominus

184 1547 302 1591 Deus
330 1555 487 1592 noster.

242 1606 275 1633 ”2¹
306 1609 362 1650 Et
388 1623 524 1664 nunc,
552 1609 735 1663 fratres,
764 1608 973 1665 quoniam
1003 1624 1080 1652 vos
1107 1610 1211 1653 estis
1238 1609 1481 1667 presbyteri
1507 1609 1553 1652 in
1576 1610 1739 1666 populo
1765 1610 1867 1665 Dei,
1893 1616 1935 1653 et
1961 1625 2017 1654 ex

182 1667 308 1709 vobis
335 1667 497 1723 pendet
521 1667 671 1710 anima·
707 1668 905 1723 illorum,
929 1668 984 1711 ad
1020 1669 1244 1725 eloquium
1270 1674 1467 1712 vestrum
1498 1669 1629 1712 corda
1657 1683 1806 1712 eorum
1837 1670 2012 1725 erigite,

182 1731 231 1769 ut
253 1741 468 1770 memores
491 1726 580 1770 sint
603 1727 705 1783 quia
731 1727 891 1771 tentati
917 1733 1020 1770 sunt
1046 1734 1192 1785 patres
1215 1728 1365 1783 nostri,
1389 1733 1438 1770 ut
1459 1728 1749 1785 probarentur
1770 1729 1805 1771 si
1825 1743 1925 1772 vere
1945 1743 2014 1772 co-

181 1784 322 1829 lerent
348 1787 491 1829 Deum
516 1801 658 1830 suum.
685 1785 722 1812 ²⁸²
746 1787 965 1830 Memores
991 1802 1084 1830 esse
1110 1788 1274 1831 debent
1299 1787 1516 1843 quomodo
1540 1793 1666 1844 pater
1697 1792 1846 1831 noster
1870 1788 2012 1831 Abra-

183 1844 286 1887 ham
309 1850 504 1888 tentatus
530 1850 615 1901 est,
643 1851 687 1889 et
718 1861 794 1903 per
825 1846 989 1889 multas
1022 1847 1331 1890 tribulationes
1365 1847 1596 1904 probatus,
1633 1847 1714 1890 Dei
1745 1847 1916 1890 amicus
1948 1848 2018 1891 ef-

182 1903 328 1947 fectus
355 1909 433 1947 est.
459 1903 496 1931 23
522 1904 592 1949 Sic
615 1905 763 1961 Isaac,
790 1906 853 1948 810
875 1906 1038 1961 Jacob,
1072 1906 1135 1949 810
1162 1908 1356 1963 Moyses,
1393 1911 1436 1950 et
1466 1921 1616 1950 omnes
1649 1906 1723 1962 qui
1753 1906 2016 1964 placuerunt

186 1964 299 2018 Deo,
325 1978 402 2019 per
423 1964 586 2006 multas
608 1964 917 2008 tribulationes
940 1965 1208 2009 transierunt
1230 1966 1396 2009 fideles.
1432 1965 1468 1992 '²4
1494 1966 1567 2008 Illi
1599 1971 1748 2009 autem
1774 1966 1848 2021 qui
1871 1970 2016 2009 tenta-

183 2022 326 2065 tiones
354 2037 441 2065 non
478 2029 765 2080 susceperunt
797 2039 898 2068 cum
930 2024 1088 2068 timore
1122 2025 1322 2081 Domini,
1358 2030 1402 2068 et
1434 2025 1763 2082 impatientiam
1793 2039 1939 2081 suam,
1971 2030 2015 2069 01

182 2081 498 2138 improperium
528 2083 887 2126 murmurationis
919 2098 1011 2127 suae
1048 2089 1201 2127 contra
1242 2085 1485 2128 Dominum
1529 2084 1839 2140 protulerunt,
1872 2083 1908 2110 25
1941 2098 2014 2127 ex-

182 2141 409 2184 termina-ti
446 2148 549 2184 sunt
577 2142 633 2183 ab
664 2142 1007 2186 exterminatore
1047 2149 1090 2187 et
1126 2159 1152 2186 a
1184 2143 1464 2200 serpentibus
1497 2143 1734 2200 perierunt.
1772 2142 1809 2169 ‘²⁶
1842 2144 1898 2186 Et
1934 2158 2013 2187 nos

182 2214 287 2256 ergo
313 2214 399 2243 non
426 2201 691 2243 ulciscamur
715 2215 792 2243 nos
818 2216 894 2258 pro
916 2202 984 2245 his
1011 2217 1107 2258 quae
1130 2203 1348 2260 patimur3
1377 2202 1412 2229 2⁷
1435 2203 1510 2246 sed
1536 2208 1792 2258 reputantes
1817 2203 2013 2259 peccatis

181 2259 342 2302 nostris
379 2260 475 2302 haec
516 2260 612 2316 ipsa
644 2260 864 2317 supplicia
900 2261 1070 2304 minora
1100 2276 1194 2306 esse
1233 2262 1412 2318 flagella
1451 2261 1653 2318 Domini,
1690 2261 1849 2317 quibus
1887 2263 2011 2317 quasi

181 2318 296 2362 servi
323 2319 601 2375 corripimur,
622 2318 679 2362 ad
704 2319 1082 2376 emendationem,
1106 2326 1150 2364 et
1174 2336 1260 2364 11011
1287 2321 1344 2364 ad
1370 2321 1664 2378 perditionem
1690 2326 1887 2364 nostram
1913 2335 2010 2364 eve-

181 2378 298 2421 nisse
325 2379 568 2421 credamus.

241 2436 278 2463 98
301 2439 358 2480 Ε1
383 2438 592 2481 dixerunt
613 2439 678 2481 illi
707 2439 835 2482 Ozias
858 2444 902 2482 et
926 2439 1195 2497 presbyteri:
1229 2440 1389 2484 Omnia
1415 2455 1512 2496 quae
1530 2441 1679 2484 locuta
1701 2455 1745 2483 es
1768 2455 1872 2483 vera
1893 2445 2008 2495 sunt,

180 2502 226 2541 et
250 2511 338 2539 non
361 2502 428 2540 est
450 2497 496 2539 111
520 2498 795 2541 sermonibus
817 2499 904 2541 tuis
930 2499 1022 2541 ulla
1045 2499 1338 2555 reprehensio.
1369 2498 1406 2525 29
1429 2500 1558 2542 Nunc
1588 2514 1692 2554 ergo
1725 2513 1798 2541 ora
1824 2512 1901 2555 pro
1934 2513 2010 2542 no-

181 2556 270 2612 bis,
297 2557 506 2612 quoniam
529 2557 686 2600 mulier
711 2562 865 2600 8011010
891 2572 956 2613 08,
980 2563 1023 2601 01
1044 2558 1204 2601 timens
1231 2559 1389 2601 Deum.
1421 2557 1457 2584 30
1483 2560 1540 2601 Et
1566 2558 1680 2601 dixit
1703 2558 1793 2600 illis
1815 2557 1976 2600 Judith
1999 2576 2008 2602 z

180 2615 305 2659 Sicut
326 2615 442 2671 quod
475 2616 598 2672 potui
629 2616 746 2672 loqui
779 2616 860 2660 Dei
887 2631 980 2659 esse
1014 2617 1300 2672 cognoscitis,
1335 2617 1368 2643 31
1395 2617 1457 2659 110
1491 2617 1605 2673 quod
1631 2617 1780 2660 facere
1813 2616 2009 2672 disposui

181 2675 365 2731 probate
389 2675 425 2718 si
453 2690 507 2718 ex
535 2676 627 2719 Deo
651 2681 736 2731 est,
765 2680 808 2718 et
833 2681 953 2719 orate
976 2681 1024 2718 ut
1049 2676 1224 2718 firmum
1257 2676 1399 2719 faciat
1433 2677 1552 2719 Deus
1587 2676 1819 2719 consilium
1847 2690 2008 2718 meum.

179 2733 218 2760 32
242 2734 427 2778 Stabitis
448 2749 526 2778 vos
552 2735 607 2777 ad
641 2740 814 2791 portam
847 2741 975 2778 nocte
1011 2734 1121 2790 ista3
1157 2741 1200 2779 01
1233 2750 1314 2791 ego
1347 2750 1504 2779 exeam
1534 2750 1635 2779 cum
1666 2735 1774 2777 abra
1803 2749 1931 2790 mea3
1966 2740 2011 2778 et

181 2800 321 2849 orate,
352 2799 400 2836 ut
432 2794 547 2837 sicut
575 2794 770 2849 dixistis,
801 2794 846 2836 in
880 2793 1035 2837 diebus
1072 2794 1263 2851 quinque
1298 2795 1506 2852 respiciat
1546 2794 1762 2837 Dominus
1798 2793 2011 2851 populum

180 2867 308 2896 suum
341 2853 494 2896 Israel.
521 2853 558 2880 33
589 2854 680 2896 Vos
713 2858 861 2896 autem
895 2853 994 2896 nolo
1028 2859 1075 2896 ut
1111 2854 1366 2897 scrutemini
1403 2859 1554 2897 actum
1586 2867 1758 2909 meum3
1791 2858 1834 2896 et
1873 2868 2010 2910 usque

178 2912 287 2955 dum
311 2912 562 2956 renuntiem
590 2912 737 2967 vobis,
768 2912 880 2954 nihil
912 2912 1034 2956 aliud
1064 2914 1160 2969 fiat,
1195 2913 1279 2956 nisi
1310 2914 1448 2956 010110
1477 2927 1555 2970 pro
1581 2927 1651 2956 me
1683 2912 1740 2955 ad
1768 2912 2011 2955 Dominum

181 2972 325 3014 Deum
347 2977 557 3015 nostrum.
582 2971 618 2998 34
641 2973 698 3014 Et
723 2972 838 3015 dixit
862 2972 917 3014 ad
944 2986 1042 3014 eam
1069 2972 1217 3028 Ozias,
1245 2972 1448 3029 princeps
1471 2973 1499 3015 J
1503 2972 1590 3015 uda
1619 2989 1628 3016 ε
1653 2972 1779 3016 Vade
1802 2972 1849 3014 in
1874 2986 2006 3029 pace,

179 3036 224 3073 et
246 3031 463 3074 Dominus
485 3031 542 3074 sit
564 3035 710 3074 tecum
735 3032 781 3074 111
804 3031 1018 3074 ultionem
1042 3031 1324 3075 inimicorum
1350 3036 1611 3075 nostrorum.
1632 3032 1690 3074 Et
1715 3035 2006 3087 revertentes,

182 3088 398 3132 abierunt.

239 3149 346 3193 CAP.
381 3151 462 3194 IX.
490 3178 549 3184 —
588 3151 601 3178 ¹
630 3152 796 3202 Quibus
829 3151 1191 3208 abscedentibus,
1223 3151 1383 3195 Judith
1421 3151 1621 3208 ingressa
1663 3157 1728 3195 est
1769 3151 2008 3194 oratorium

180 3222 336 3264 suum3
368 3214 411 3252 et
442 3210 632 3254 induens
662 3225 706 3255 se
734 3211 900 3265 cilicio,
926 3209 1073 3267 posuit
1103 3210 1295 3255 cinerem
1328 3225 1457 3268 super
1485 3215 1619 3266 caput
1648 3225 1802 3265 suum;
1839 3215 1883 3253 et
1910 3223 2007 3266 pro—

181 3273 378 3312 sternens
402 3283 449 3313 se
476 3271 680 3326 Domino,
709 3270 932 3314 clamabat
953 3269 1009 3312 ad
1033 3270 1288 3326 Dominum,
1316 3270 1466 3314 dicens
1493 3284 1504 3310 ε

239 3325 256 3352 2
279 3328 488 3385 Domine,
517 3331 636 3372 Deus
661 3330 798 3386 patris
826 3329 911 3372 mei
944 3328 1143 3385 Simeon,
1169 3330 1244 3386 qui
1277 3328 1438 3373 dedisti
1462 3329 1529 3371 illi
1551 3328 1751 3385 gladium
1776 3329 1822 3371 in
1853 3327 2007 3371 defen-

178 3385 348 3429 sionem
376 3387 748 3444 alienigenarum,
785 3389 857 3445 qui
890 3387 1123 3432 violatores
1163 3389 1406 3432 extiterunt
1444 3388 1490 3431 in
1523 3387 1881 3443 coinquinatione
1906 3401 2006 3442 8110,

176 3449 224 3487 01
256 3445 593 3490 denudaverunt
628 3448 777 3491 femur
808 3447 993 3503 virginis
1025 3447 1072 3489 in
1107 3448 1437 3502 confusionem;
1470 3448 1488 3473 3
1520 3452 1563 3491 et
1599 3446 1759 3490 dedisti
1802 3445 2006 3489 mulieres

178 3589 228 3623 22]
246 3590 325 3618 Gen.
346 3591 460 3627 XXII,
478 3595 503 3620 1.
521 3607 557 3612 —
575 3594 623 3626 25]
643 3593 657 3620 Ι
676 3593 747 3621 Cor.
767 3593 808 3628 X,
825 3595 851 3620 9.
869 3604 904 3611 -
925 3592 952 3624 2]
972 3591 1049 3620 Gen.
1068 3591 1226 3627 XXXIV,
1244 3595 1285 3621 26.

2126 263 2278 292 seniores

2100 308 2242 336 arcessit
2265 315 2303 336 ac

2090 352 2314 385 reprehendit.

2110 2448 2168 2478 Eis
2186 2456 2285 2477 suum

2134 2493 2189 2521 ind
2196 2493 2262 2522 icat

2102 2537 2292 2567 consilium.

2091 3164 2113 3192 J
2116 3162 2215 3191 udith
2238 3163 2297 3193 Dei

2110 3207 2277 3236 auxilium

2110 3251 2277 3285 implorat.
