2423 3861
769 142 877 184 Luc.
913 142 974 195 X,
1013 142 1067 185 16
1096 167 1155 175 —
1187 142 1274 196 XI,
1308 143 1348 185 4.
1858 145 1965 185 1167

143 330 281 371 usque
320 316 377 358 ad
415 315 573 358 (00111111
612 315 834 368 exaltata,
872 329 1008 370 usque
1045 315 1100 357 ad
1139 316 1364 358 infernum
1406 314 1686 369 demergeris
1721 313 1754 340 ¹⁶
1779 315 1860 364 Qui
1892 329 1968 358 100

139 375 289 430 audit,
317 388 387 417 me
412 374 562 428 audit3
591 381 633 416 et
659 374 729 429 qni
758 388 835 416 vos
859 374 1046 429 spernit,
1080 389 1147 416 me
1177 373 1356 430 spernit.
1385 373 1466 424 Qui
1497 379 1648 416 autem
1677 387 1746 415 me
1779 373 1965 429 spernit,

139 410 310 490 spernit
331 448 430 476 eum
457 433 530 488 qni
559 433 678 475 misit
703 448 785 475 me.

202 492 234 518 ¹⁷
257 492 435 535 Reversi
462 497 565 534 sunt
586 497 735 534 autom
761 493 1045 548 septuaginta
1072 492 1155 534 duo
1183 506 1281 534 cum
1308 492 1484 547 gaudio,
1511 493 1735 536 dicentes:
1763 492 1964 547 Domine,

134 552 274 596 etiam
307 550 526 594 daemonia
558 550 858 606 subjiciuntur
891 551 1016 593 nobis
1047 550 1090 591 in
1126 551 1302 593 nomine
1331 558 1415 593 tuo.
1448 551 1480 577 *ὅ
1508 553 1563 593 Et.
1595 552 1658 594 ait
1684 550 1805 594 illis:
1835 551 1965 593 Vide-

139 611 242 652 bam
273 612 482 653 Satanan)
508 609 624 652 sicut
649 610 803 664 fulgur
829 610 884 652 de
909 610 1019 651 caelo
1045 609 1292 651 cadentem.
1316 609 1348 635 ¹⁰
1370 611 1482 652 Ecce
1505 610 1604 652 dedi
1630 611 1753 653 vobis
1776 615 1966 675 potesta-

138 676 229 712 tem
267 669 469 712 calcandi
502 683 634 725 supra
666 674 909 724 serpenteS,
946 674 988 710 ct
1021 667 1291 723 scorpiones,
1327 674 1369 710 et
1401 683 1532 724 snper
1557 684 1731 712 omnem
1758 669 1967 712 viitutem

137 728 335 783 inimici3
365 734 408 770 et.
435 727 544 769 nihil
564 727 688 769 iobis
712 726 900 769 nocebit.
921 725 958 752 '²⁰
974 728 1289 768 Volumtunen
1315 726 1360 768 in
1383 727 1465 769 hoc
1487 728 1620 770 nolite
1639 729 1845 783 ,ις-11111010,
1865 729 1967 795 quia

135 787 318 843 spiritus
347 789 469 831 vobis
500 785 827 841 subjiciuntur-3
854 784 1047 840 gaudete
1078 789 1248 839 autern,
1276 785 1389 839 quod
1421 786 1600 827 nomina
1630 794 1774 829 vostra
1803 789 1967 844 scripta

135 851 241 888 sunt
266 848 311 890 in
339 863 373 890 0·
367 848 470 891 ⁸ielis

198 905 231 932 ²¹¹
253 907 340 948 In
328 921 423 963 ipsa
451 908 555 949 hora
578 905 795 949 exultavit
823 907 987 963 Spiritu
1010 911 1184 960 0011010,
1213 911 1255 948 et
1277 906 1421 951 dixit·
1448 907 1668 951 Confitem
1693 908 1793 963 tibi,
1823 909 1964 963 Pater,

139 966 330 1009 Domine
365 965 462 1008 caeli
497 971 540 1007 et
578 971 726 1020 te1··,1ae
762 966 876 1020 quod
911 965 1146 1007 abscondis
1152 941 1184 1007 ti'
1215 965 1312 1008 11·οο
1344 980 1370 1007 a
1395 967 1678 1033 sapientibus
1708 972 1750 1009 et
1780 981 1828 1022 pl
1834 967 1966 1009 uden

136 1025 276 1079 tibus,
306 1030 348 1067 et
369 1023 575 1067 revelasti
603 1038 655 1067 ea
678 1024 886 1080 parvulis.
912 1026 947 1067 1ss
954 1025 1080 1076 tiam,
1106 1025 1248 1076 Pater
1273 1025 1482 1080 quoniam
1507 1025 1571 1067 sic
1596 1025 1640 1081 pl
1644 1025 1764 1068 acuit
1788 1030 1890 1067 ante
1910 1032 1965 1068 te.

137 1082 175 1108 99
193 1083 351 1127 Omnia
380 1083 488 1125 mihi
521 1083 686 1126 tradita
715 1089 818 1126 sunt
847 1098 873 1126 a
908 1085 1039 1126 Patre
1069 1059 1179 1125 ineo.
1218 1084 1274 1125 Et
1306 1098 1435 1126 nemo
1469 1084 1552 1127 scit
1585 1084 1682 1140 quis
1715 1084 1773 1126 sit
1806 1084 1964 1139 Pilius,

135 1142 221 1184 nisi
257 1143 412 1197 Pater3
441 1148 484 1185 et
512 1142 608 1198 quis
633 1142 690 1185 sit
717 1143 859 1198 Pater,
888 1143 971 1185 nisi
999 1143 1140 1185 Filius
1153 1178 1171 1191 ,,
1193 1148 1234 1186 et
1269 1143 1337 1185 cui
1364 1143 1552 1186 voluerit
1586 1143 1726 1187 Filius
1758 1143 1964 1186 revelare.

137 1200 175 1226 93
191 1202 250 1244 Et
275 1216 510 1244 conversus
534 1201 590 1243 ad
614 1201 852 1258 discipulos
877 1216 991 1256 suos,
1021 1202 1160 1244 dixit:
1186 1202 1314 1244 Beati
1337 1202 1473 1258 oculi,
1502 1203 1574 1258 qui
1599 1203 1752 1246 vident
1774 1217 1870 1258 quae
1888 1216 1965 1245 vos

135 1260 309 1304 videtis.
330 1260 366 1286 “²4
387 1261 496 1303 Dico
522 1260 638 1303 enim
660 1261 804 1316 vobis,
828 1261 942 1316 quod
964 1261 1091 1302 multi
1115 1261 1340 1317 prophetae
1359 1268 1402 1304 et
1423 1276 1548 1317 10000
1565 1262 1799 1305 voluerunt
1816 1261 1966 1304 videre

135 1333 235 1375 quae
255 1334 332 1363 vos
358 1335 385 1362 x
391 1320 539 1374 idetis,
561 1325 604 1362 et
629 1334 716 1362 non
739 1320 970 1374 vider3nnt
991 1325 1033 1362 et
1055 1320 1208 1363 andire
1226 1335 1265 1375 q
1259 1335 1324 1362 100
1342 1297 1526 1375 auditis,
1550 1327 1592 1364 et
1610 1335 1696 1363 non
1714 1320 1964 1364 audierunt.

195 1378 232 1405 95
252 1381 309 1422 Et
335 1394 434 1422 ecce
459 1379 640 1434 quidam
666 1378 733 1421 100
710 1379 946 1436 oisperitus
969 1379 1156 1421 surrexit
1178 1384 1234 1422 te
1228 1385 1355 1422 110110
1377 1380 1523 1433 illum,
1552 1386 1594 1423 et
1620 1380 1796 1423 dicens:
1821 1379 1964 1435 Magi-

134 1444 236 1493 ster,
265 1438 368 1494 quid
396 1438 604 1480 faciendo
632 1437 770 1479 vitam
805 1443 1013 1480 aetelnam
1049 1438 1321 1494 possidebo?
1347 1438 1383 1465 ‘2⁶
1375 1441 1463 1481 At
1497 1416 1571 1482 ille
1604 1439 1718 1482 dixit
1743 1439 1800 1482 ad
1833 1453 1963 1483 eum:

139 1497 193 1539 In
219 1497 318 1552 lege
339 1497 444 1552 quid
467 1497 680 1555 scriptum
707 1502 772 1539 est
789 1497 810 1539 i>
836 1497 1053 1551 quomodo
1076 1497 1220 1552 legis?
1251 1497 1285 1523 97
1306 1498 1389 1541 1110
1413 1499 1682 1555 respondens
1709 1499 1822 1541 dixit
1847 1515 1857 1542 ε
1887 1498 1963 1541 Di-

136 1556 246 1611 liges
271 1556 511 1598 Dominum
537 1557 679 1598 Deum
706 1560 830 1597 tuum
857 1569 910 1597 ex
943 1562 1035 1597 toto
1070 1557 1198 1599 corde
1228 1563 1323 1611 tuo,
1352 1563 1394 1599 et
1420 1572 1474 1600 ex
1502 1563 1591 1600 tota
1617 1558 1769 1600 anima
1794 1563 1890 1611 tua,
1921 1563 1964 1600 et

133 1629 191 1658 ex
216 1615 420 1658 omnibus
446 1615 613 1658 viribus
637 1615 744 1670 tuis,
768 1621 812 1658 et
838 1630 892 1658 ex
914 1615 1033 1657 omni
1060 1621 1207 1657 mente
1237 1622 1336 1670 tua3
1362 1623 1404 1658 et
1430 1617 1680 1672 proximum
1701 1622 1825 1658 tuum
1850 1615 1964 1658 sicut

133 1674 338 1730 teipsum.
363 1673 399 1700 '2⁸
418 1674 632 1729 Dixitque
656 1673 749 1717 illi:
775 1675 911 1717 Recte
930 1674 1221 1730 respondisti,
1247 1675 1330 1717 hoc
1355 1676 1450 1726 fao,
1478 1681 1521 1717 ct
1546 1675 1681 1717 vives,

193 1732 231 1759 99
256 1733 340 1776 Ille
366 1739 516 1776 antem
544 1733 694 1776 volens
720 1733 964 1789 justificare
994 1733 1207 1789 seipsum,
1236 1734 1350 1776 dixit
1374 1734 1431 1776 ad
1462 1735 1647 1778 Jesum:
1685 1737 1737 1777 Et
1769 1737 1865 1792 quis
1898 1742 1964 1780 est

131 1807 256 1836 meus
283 1793 508 1849 proximus
524 1792 546 1834 ⁴?
573 1792 610 1819 3⁰
627 1792 879 1850 Suscipiens
902 1797 1052 1835 autem
1077 1793 1220 1846 Jesus,
1250 1793 1363 1836 dixit
1383 1806 1392 1833 :
1421 1794 1568 1836 Homo
1586 1794 1767 1850 quidam
1786 1796 1962 1838 descen-

135 1852 268 1895 debat
289 1852 345 1894 ab
372 1853 620 1895 Jerusalem
643 1852 691 1894 in
717 1852 916 1907 Jerioho,
944 1857 987 1893 et
1009 1851 1168 1894 incidit
1193 1851 1238 1893 in
1263 1852 1466 1909 latrones,
1490 1853 1564 1908 qui
1591 1854 1725 1896 etiam
1748 1854 1964 1911 despolia-

134 1916 291 1954 verunt
325 1925 445 1967 eum,
485 1916 528 1954 et
563 1911 709 1968 plagis
745 1911 965 1968 impositis
1002 1911 1228 1966 abierunt,
1262 1912 1479 1954 semivivo
1516 1912 1684 1956 relicto.
1723 1913 1757 1940 3¹
1787 1914 1964 1956 Accidit

129 1976 283 2014 autem
312 1977 360 2013 ut
393 1971 598 2014 sacerdos
631 1970 814 2026 quidam
844 1970 1131 2013 descenderet
1158 1971 1314 2014 eadem
1338 1971 1436 2026 via3
1464 1978 1506 2015 et
1532 1972 1626 2014 viso
1655 1972 1754 2029 illo,
1784 1978 1963 2029 praeter-

130 2029 228 2072 ivit.
246 2029 284 2056 39
302 2030 512 2074 Similiter
533 2035 577 2073 et
598 2030 748 2086 levita,
773 2044 873 2073 cum
895 2035 1010 2072 esset
1031 2044 1156 2073 secus
1179 2030 1326 2072 locum
1349 2036 1392 2073 et
1413 2031 1582 2073 videret
1604 2046 1716 2087 eum,
1744 2036 1963 2088 pertrans-

130 2089 198 2132 iit.
218 2089 255 2116 33
272 2089 577 2133 Samaritanus
602 2095 753 2133 autem
775 2089 956 2145 quidam
986 2089 1069 2131 iter
1094 2089 1288 2145 faciens,
1309 2090 1430 2132 venit
1452 2105 1577 2133 secus
1599 2105 1724 2146 eum3
1749 2096 1792 2134 et
1809 2091 1964 2134 videns

131 2162 252 2204 eum,
281 2149 582 2192 misericordia
610 2154 753 2192 motus
777 2154 854 2192 est.
883 2148 920 2175 34
937 2149 994 2190 Et
1019 2148 1285 2205 appropians
1311 2149 1516 2204 alligavit
1545 2150 1723 2192 vulnera
1753 2151 1870 2206 ejus,
1896 2150 1962 2192 in-

133 2207 328 2252 fundens
351 2208 496 2252 oleum
518 2214 563 2251 et
584 2208 759 2264 vinum,
784 2213 827 2251 et
847 2209 1079 2263 imponens
1102 2207 1228 2250 illum
1253 2208 1298 2249 in
1321 2208 1573 2263 jumentum
1596 2223 1745 2265 suum,
1768 2209 1895 2252 duxit
1915 2209 1962 2252 in

132 2267 379 2323 stabulum,
404 2273 448 2310 et
477 2282 627 2310 curam
659 2267 756 2323 ejus
783 2267 888 2322 egit.
923 2267 960 2293 3⁵
983 2268 1038 2308 Et
1060 2267 1198 2309 altera
1229 2267 1299 2309 die
1326 2267 1508 2323 protulit
1534 2267 1642 2310 duos
1673 2268 1896 2325 denarios,
1919 2274 1962 2312 et

130 2326 256 2369 dedit
285 2327 549 2383 stabulario,
574 2333 617 2369 et
645 2327 739 2370 ait:
766 2327 928 2371 Curam
952 2326 1073 2369 illins
1103 2326 1240 2380 habe3
1271 2331 1313 2368 et
1339 2326 1644 2383 quodcumque
1676 2341 1962 2384 supereroga—

133 2386 268 2442 veris,
304 2400 383 2442 ego
421 2401 522 2430 cum
559 2386 728 2430 rediero
765 2386 948 2429 reddam
983 2385 1077 2427 tibi.
1113 2385 1150 2411 3⁶
1175 2385 1279 2435 Quis
1315 2386 1469 2428 horum
1502 2386 1636 2428 trium
1669 2387 1845 2430 videtur
1880 2387 1961 2430 tibi

131 2445 357 2502 proximus
382 2445 522 2488 fuisse
543 2445 610 2487 illi
636 2446 709 2501 qui
734 2445 892 2488 incidit
915 2446 962 2487 in
989 2445 1214 2488 latrones?
1236 2445 1271 2471 3⁷
1289 2447 1348 2488 At
1373 2445 1449 2487 ille
1475 2445 1614 2489 dixit:
1637 2446 1720 2495 Qui
1746 2446 1856 2489 fecit
1881 2446 1961 2488 mi-

130 2504 417 2547 sericordiam
437 2505 484 2546 in
505 2504 646 2547 illum.
670 2505 728 2547 Et
752 2505 816 2547 ait
836 2504 903 2546 1111
930 2505 956 2546 J
963 2518 1059 2547 esus
1083 2521 1091 2548 :
1119 2505 1265 2558 Vade,
1289 2510 1331 2547 et
1353 2510 1399 2546 tu
1423 2505 1498 2547 fac
1523 2505 1739 2548 similiter.

190 2563 228 2590 3⁸
253 2564 444 2607 Factum
477 2569 544 2607 est
574 2569 744 2619 autem,
772 2564 877 2606 dum
904 2564 1040 2618 irent,
1067 2569 1111 2606 et
1142 2564 1238 2619 ipse
1265 2564 1449 2606 intravit
1479 2564 1525 2606 in
1554 2564 1778 2619 quoddam
1805 2567 1961 2610 castel-

131 2621 248 2678 lum3
274 2629 316 2666 et
339 2623 497 2667 mulier
522 2623 746 2679 quaedam,
771 2623 948 2666 Martha
971 2623 1168 2676 nomine,
1193 2623 1369 2680 excepit
1394 2623 1521 2665 illum
1547 2623 1593 2665 in
1615 2623 1795 2666 domum
1820 2639 1958 2669 suam.

132 2681 169 2708 39
195 2682 253 2725 Et
281 2682 385 2725 huic
410 2687 504 2726 erat
530 2697 649 2726 soror
677 2682 856 2725 nomine
885 2682 1048 2737 Maria,
1080 2697 1176 2737 quae
1203 2683 1338 2725 etiarn
1368 2683 1523 2725 sedens
1557 2697 1682 2725 secus
1712 2683 1845 2739 pedes
1873 2685 1960 2729 Do—

129 2741 262 2797 mini,
296 2741 507 2785 audiebat
533 2742 718 2785 verbum
751 2742 885 2785 illius,
912 2741 949 2768 4⁰
975 2742 1152 2783 Martha
1173 2747 1322 2784 autem
1348 2742 1583 2797 satagebat
1610 2741 1726 2785 circa
1751 2743 1960 2799 frequens

131 2801 452 2856 ministerium3
482 2815 579 2858 qpae
608 2801 732 2845 stetit
765 2806 808 2844 et
837 2800 900 2843 ait
929 2817 937 2844 ε
975 2801 1184 2855 Domine,
1218 2815 1305 2843 non
1339 2805 1405 2843 est
1434 2801 1514 2843 tibi
1545 2815 1662 2844 curae
1696 2802 1812 2857 quod
1842 2817 1961 2846 soror

130 2875 231 2904 mea
255 2860 435 2916 reliquit
460 2874 530 2903 me
555 2860 695 2903 solam
724 2859 1011 2903 ministrare?
1039 2860 1110 2902 dic
1139 2874 1244 2915 ergo
1263 2860 1331 2902 illi
1357 2865 1405 2902 ut
1434 2874 1503 2902 me
1528 2860 1725 2915 adjuvet.
1750 2860 1784 2887 4¹
1812 2861 1871 2904 Et
1894 2876 1960 2906 re-

128 2919 352 2976 spondens
379 2919 493 2962 dixit
520 2918 588 2961 illi
624 2919 839 2962 Dominus
866 2935 875 2962 :
912 2919 1109 2973 Martha,
1143 2919 1338 2974 Martha,
1369 2919 1562 2961 sollicita
1593 2933 1659 2975 es,
1694 2926 1740 2973 et
1769 2920 1959 2964 turbaris

130 2993 235 3035 erga
268 2979 472 3036 plurima.
511 2977 548 3004 42
577 2979 710 3021 Porro
745 2993 883 3028 unum
916 2983 981 3021 est
1018 2977 1328 3021 necessarium.
1366 2978 1506 3020 Maria
1540 2979 1754 3035 optimam
1787 2984 1960 3036 partem

128 3037 286 3095 elegit,
312 3053 410 3095 quae
435 3052 523 3081 non
548 3037 776 3081 auferetur
796 3037 852 3080 ab
878 3052 942 3080 ea.

190 3098 298 3142 CAP.
331 3098 413 3141 XI.
435 3123 495 3131 -—
519 3097 533 3124 ¹
554 3098 612 3140 Et
632 3097 806 3139 factum
831 3101 917 3152 est,
945 3111 1046 3140 cum
1069 3102 1183 3140 esset
1207 3096 1253 3139 in
1274 3097 1466 3153 quoda-m
1495 3098 1592 3141 loco
1621 3113 1771 3154 orans,
1794 3104 1843 3141 ut
1869 3113 1958 3142 ces-

129 3157 267 3213 savit,
294 3157 409 3200 dixit
442 3171 553 3200 unus
579 3171 635 3200 ex
659 3156 889 3212 discipulis
923 3155 1020 3212 ejus
1052 3155 1109 3199 ad
1143 3170 1242 3199 eum
1271 3173 1280 3200 ;
1317 3157 1526 3212 Domine,
1561 3157 1669 3200 doce
1701 3171 1779 3202 nos
1813 3172 1956 3214 orare,

129 3215 246 3259 sicut
267 3216 419 3259 docuit
443 3221 488 3260 et
508 3217 534 3259 J
541 3230 704 3259 oannes
731 3215 971 3272 discipulos
994 3229 1108 3258 suos.
1130 3214 1148 3241 9
1166 3217 1224 3258 Et
1244 3215 1308 3258 ait
1328 3215 1417 3258 illis
1441 3233 1449 3260 :
1477 3216 1589 3259 Cum
1611 3217 1764 3272 oratis,
1792 3217 1927 3261 dicite
1948 3235 1957 3262 :

131 3275 274 3332 Pater,
302 3275 603 3319 sanctificetur
631 3289 792 3318 nomen
825 3279 963 3317 tuum.
999 3274 1225 3318 Adveniat
1256 3289 1442 3331 regnum
1475 3281 1614 3318 tuum.
1641 3275 1659 3303 3
1685 3277 1851 3318 Panem
1881 3290 1957 3319 no-

129 3339 270 3377 strum
302 3334 611 3390 quotidianum
644 3334 700 3377 da
729 3333 855 3377 nobis
889 3333 1032 3377 hodie.
1063 3333 1082 3361 4
1105 3335 1163 3376 Et
1196 3333 1372 3377 dimitte
1404 3335 1530 3378 nobis
1563 3339 1745 3392 peccata
1781 3340 1954 3390 nostra,

129 3393 349 3449 siqnidem
381 3398 426 3437 et
453 3393 539 3450 ipsi
573 3393 839 3436 dimittimus
869 3392 988 3436 omni
1022 3392 1200 3436 debenti
1234 3393 1374 3436 nobis.
1405 3393 1464 3436 Et
1496 3408 1550 3436 ne
1583 3408 1660 3436 nos
1692 3393 1877 3436 inducas
1909 3393 1957 3436 in

129 3452 436 3495 tentationem.

131 3610 178 3643 16]
191 3610 312 3639 Matth.
331 3610 374 3646 X,
390 3613 434 3639 4ο.
448 3612 545 3639 Joan.
563 3612 663 3647 XIII,
678 3614 723 3640 20.
740 3627 777 3631 —
801 3611 848 3645 21]
867 3610 988 3638 Matth.
1007 3609 1067 3644 XI,
1085 3612 1129 3637 25.
1143 3624 1179 3629 —-
1196 3609 1243 3642 23]
1262 3607 1383 3635 Matth.
1406 3606 1505 3641 XHI,
1526 3608 1567 3633 16.
1585 3620 1620 3626 -·
1638 3606 1685 3639 25]
1705 3605 1825 3634 Matth.
1843 3606 1956 3642 XXII,

127 3656 175 3684 35.
192 3654 293 3683 Marc.
311 3654 392 3690 XII,
412 3657 456 3684 28.
479 3669 514 3674 —
530 3656 577 3689 27]
598 3657 695 3685 Deut.
712 3656 771 3692 VI,
787 3659 813 3685 5.
832 3670 866 3674 —
883 3655 912 3688 2]
931 3654 1053 3682 Matth.
1072 3654 1130 3689 VI,
1143 3656 1169 3683 9.

2043 1387 2204 1415 parabola
2221 1388 2260 1415 (10

2044 1429 2259 1458 misericorde

2041 1473 2259 1503 Samaritano.

2083 2579 2216 2606 Martha

2065 2626 2098 2649 et
2116 2623 2230 2652 Maria.

2094 3108 2197 3135 Jesus

2050 3158 2129 3180 suos
2146 3157 2241 3179 orare

2089 3195 2197 3225 docet.
