2456 3861
714 137 827 181 LEV.
862 137 975 187 VII,
1011 139 1034 181 7
1068 163 1126 170 --
1158 138 1298 192 VIII,
1331 138 1373 181 2.
1894 138 1949 181 97

130 315 184 360 (16
204 313 468 358 sacerdotali
493 328 674 370 genere,
697 313 741 356 in
765 313 860 357 loco
883 319 1037 357 sancto
1059 320 1260 358 vescetur
1281 313 1349 357 his
1375 314 1600 369 carnibus,
1624 314 1725 370 quia
1746 319 1949 358 sanctum

128 378 380 417 sanctorum
415 377 493 415 est.
525 372 539 399 7
563 372 682 416 Sicut
721 386 797 429 pro
834 377 1015 429 peccato
1053 373 1235 416 offertur
1270 373 1433 428 hostia,
1471 373 1532 416 ita
1569 378 1612 416 et
1648 386 1725 429 pro
1758 372 1948 425 delict03

127 432 352 487 utriusque
385 431 539 474 hostiae
570 431 642 474 lex
675 445 761 474 una
790 431 872 474 erit
897 447 905 474 :
934 431 991 474 ad
1024 432 1319 487 sacerdotem,
1342 431 1415 488 qui
1441 446 1538 475 eam
1565 431 1792 486 obtulerit,
1820 431 1951 487 perti-

128 490 263 534 nebit.
294 490 311 516 8
338 490 548 534 Sacerdos
581 490 652 545 qui
688 489 819 532 offert
855 489 1100 533 holocausti
1133 490 1385 545 victimam,
1416 490 1598 534 habebit
1634 489 1796 547 pellem
1829 489 1950 545 ejus,

128 549 146 576 ⁰
165 556 209 592 et
238 563 366 592 omne
398 548 664 592 sacrificium
697 548 878 602 similae,
909 548 1022 603 quod
1053 549 1253 604 coquitur
1284 549 1329 592 in
1363 549 1559 604 clibano,
1590 554 1633 593 et
1661 548 1873 605 quidquid
1907 547 1951 590 in

127 607 361 662 craticula,
381 607 450 651 vel
472 607 516 650 in
540 607 763 662 sartagine
790 612 1073 662 praeparatur,
1101 607 1198 661 ejus
1220 607 1301 650 erit
1326 608 1565 652 sacerdotis
1586 623 1612 651 a
1638 622 1722 664 quo
1744 607 1950 661 offertur;

129 666 164 693 ¹⁰
183 666 276 709 sive
312 667 406 709 0160
443 679 697 722 conspersa,
735 665 827 707 sive
863 664 988 706 arida
1017 665 1205 720 fuerint,
1241 666 1410 709 cunctis
1441 667 1541 710 filiis
1571 668 1719 710 Aaron
1750 679 1952 710 mensura

127 740 251 780 aequa
275 740 349 781 per
374 723 570 779 singulos
593 722 827 765 dividetur.

190 784 217 809 ¹¹
242 785 353 826 Haec
380 789 445 825 est
474 782 546 825 lex
579 781 735 824 hostiae
762 781 1046 838 pacificorum
1077 797 1173 838 quae
1196 783 1379 826 offertur
1404 785 1607 828 Domino.
1633 785 1668 811 ¹2
1686 785 1729 829 Si
1753 799 1830 842 pro
1855 799 1953 841 gra-

126 842 287 884 tiarum
308 841 482 884 actione
505 839 670 883 oblatio
695 840 852 895 fuerit,
883 841 1071 884 offerent
1096 855 1231 897 panes
1256 842 1421 897 absque
1449 843 1670 886 fermento
1700 858 1953 900 conspersos

126 901 242 952 cleo,
265 906 308 943 et
331 900 492 955 lagana
513 913 670 955 azyma
696 904 830 942 uncta
860 899 975 954 oleo,
1002 905 1261 955 coctamque
1286 900 1502 955 similam,
1532 906 1575 944 et
1604 902 1840 958 collyridas
1871 902 1953 945 olei

125 959 392 1002 admistione
425 971 707 1014 conspersas;
743 957 776 983 ¹3
793 972 928 1014 panes
959 972 1128 1014 quoque
1157 959 1470 1014 fermentatos,
1497 974 1598 1002 cum
1626 960 1770 1003 hostia
1791 961 1953 1016 gratia—

124 1032 242 1071 rum,
271 1031 366 1072 quae
395 1017 651 1059 immolatur
679 1030 757 1073 pro
786 1017 1009 1073 pacificis:
1037 1017 1071 1043 '¹⁴
1089 1031 1144 1060 ex
1177 1017 1334 1073 quibus
1363 1032 1475 1061 unus
1505 1033 1581 1075 pro
1611 1018 1818 1075 primitiis
1849 1020 1954 1062 offe-

124 1082 242 1119 retur
270 1076 482 1131 Domino,
513 1081 556 1119 et
586 1075 667 1118 erit
699 1075 939 1118 sacerdotis
970 1076 1042 1132 qui
1072 1076 1233 1119 fundet
1262 1076 1418 1119 hostiae
1450 1077 1727 1133 sanguinem.
1759 1077 1793 1104 ¹5
1819 1077 1955 1134 Cujus

125 1149 277 1178 carnes
316 1135 470 1178 eadem
509 1135 795 1178 comedentur
831 1134 923 1190 die,
961 1149 1041 1178 nec
1074 1135 1322 1179 remanebit
1359 1150 1414 1178 ex
1447 1136 1508 1179 eis
1544 1136 1785 1192 quidquam
1821 1150 1956 1192 usque

125 1208 268 1237 mane.
298 1194 333 1220 ¹⁶
351 1194 393 1238 Si
416 1199 539 1248 voto,
566 1193 636 1237 vel
665 1199 821 1250 sponte
850 1194 1068 1251 quispiam
1096 1194 1303 1238 obtulerit
1329 1195 1542 1250 hostiam,
1569 1195 1724 1239 eadem
1753 1195 1957 1239 similiter

125 1252 278 1296 edetur
312 1253 406 1307 die;
447 1253 524 1296 sed
559 1259 601 1295 et
633 1252 670 1295 si
704 1252 808 1308 quid
845 1252 891 1295 in
925 1253 1167 1296 crastinum
1198 1253 1480 1309 remanserit,
1506 1254 1624 1297 vesci
1654 1254 1827 1298 licitum
1860 1260 1953 1309 est;

127 1311 160 1338 ¹7
187 1311 400 1368 quidquid
422 1317 572 1355 autem
594 1311 993 1355 tertius'invenerit
1016 1311 1130 1367 dies,
1156 1312 1272 1368 ignis
1297 1313 1514 1357 absumet.
1538 1312 1573 1340 ¹⁸
1592 1313 1637 1358 Si
1663 1313 1758 1370 quis
1784 1313 1838 1357 de
1863 1328 1955 1357 car-

124 1371 254 1414 nibus
283 1371 479 1414 victimae
507 1370 792 1427 pacificorum
825 1370 896 1413 die
929 1371 1057 1414 tertio
1087 1371 1348 1427 comederit,
1383 1371 1506 1415 irrita
1543 1372 1617 1416 fiet
1650 1372 1841 1427 oblatio,
1875 1387 1955 1416 nec

124 1430 318 1487 proderit
340 1429 570 1484 offerenti3
599 1429 704 1484 quin
733 1429 878 1486 potius
905 1444 1194 1486 quaecumque
1214 1430 1364 1473 anima
1389 1430 1469 1473 tali
1494 1445 1540 1474 se
1569 1431 1715 1475 edulio
1742 1431 1957 1474 contami-

124 1488 317 1543 naverit,
347 1487 726 1545 praevaricationis
753 1501 827 1531 rea
856 1488 951 1531 erit.
983 1487 1019 1514 ¹9
1045 1489 1176 1544 Caro,
1211 1503 1308 1544 quae
1337 1489 1506 1546 aliquid
1539 1490 1735 1546 tetigem‘t
1762 1490 1956 1533 immun-

125 1548 251 1601 dum,
271 1561 358 1590 non
381 1546 647 1601 comedetur,
670 1546 746 1589 sed
766 1547 1046 1590 comburetur
1066 1547 1185 1603 igni;
1210 1547 1284 1603 qui
1305 1548 1443 1591 fuerit
1461 1549 1665 1604 mundus,
1684 1554 1886 1593 vescetur
1903 1564 1958 1593 ex

124 1621 187 1651 ea.
219 1605 255 1632 ²⁰
276 1606 441 1649 Anima
477 1605 646 1662 polluta
685 1620 781 1661 quae
823 1605 962 1649 ederit
995 1605 1050 1650 de
1084 1606 1290 1649 carnibus
1324 1607 1480 1650 hostiae
1522 1608 1828 1664 pacificorum,
1860 1622 1957 1664 quae

124 1665 272 1709 oblata
299 1671 365 1708 est
391 1664 603 1719 Domino,
629 1664 790 1721 peribit
816 1664 870 1708 de
895 1664 1068 1722 populis
1093 1665 1196 1709 suis.
1219 1664 1253 1691 2¹
1275 1667 1332 1709 Et
1362 1681 1459 1722 quae
1488 1667 1684 1723 tetigerit
1716 1667 1957 1710 immundi-

122 1724 232 1768 tiam
257 1723 472 1779 hominis,
498 1723 569 1766 vel
596 1723 809 1779 jumenti,
835 1723 930 1767 sive
962 1724 1105 1768 omnis
1137 1725 1199 1768 rei
1226 1739 1322 1780 quae
1350 1725 1544 1783 polluere
1577 1730 1743 1783 potest,
1773 1732 1816 1770 et
1840 1740 1956 1769 com-

122 1783 262 1828 ederit
284 1783 337 1826 de
359 1782 668 1839 hujuscemodi
691 1783 917 1838 carnibus,
939 1782 1140 1827 interibit
1162 1783 1217 1827 de
1242 1784 1415 1841 populis
1437 1785 1540 1828 suis.

180 1841 217 1868 29
236 1843 517 1898 Locutusque
541 1847 607 1885 est
630 1842 846 1885 Dominus
867 1842 925 1885 ad
951 1843 1158 1899 Moysen,
1182 1842 1333 1886 dicens
1360 1860 1368 1888 :
1391 1842 1428 1870 ²3
1446 1844 1645 1900 Loquere
1662 1845 1765 1888 filiis
1784 1845 1924 1889 Israel
1946 1863 1955 1889 t

121 1902 316 1958 Adipem
351 1902 464 1957 ovis,
499 1906 542 1944 et
574 1900 722 1957 boviS,
759 1906 803 1944 et
840 1916 1007 1958 caprae,
1041 1916 1128 1945 non
1164 1902 1419 1947 comedetis.
1451 1902 1487 1929 24
1503 1903 1698 1961 Adipem
1728 1903 1956 1948 cadaveris

122 1960 366 2015 morticini,
389 1965 433 2004 et
458 1960 554 2016 ejus
579 1960 786 2003 animalis
815 1960 930 2017 quod
951 1975 978 2003 a
999 1961 1141 2004 bestia
1165 1967 1346 2018 captum
1375 1967 1461 2017 est,
1492 1962 1715 2006 habebitis
1744 1963 1790 2006 in
1812 1963 1956 2006 varios

121 2034 238 2063 usus.
257 2019 294 2046 25
314 2020 357 2064 Si
383 2019 479 2075 quis
499 2019 700 2076 adipem,
723 2019 796 2075 qui
820 2019 968 2063 offerri
995 2020 1126 2064 debet
1147 2020 1193 2063 in
1215 2021 1447 2064 incensum
1473 2022 1676 2078 Domini,
1701 2022 1954 2078 comederit,

122 2079 283 2135 peribit
316 2079 369 2122 de
398 2078 559 2135 populo
584 2092 675 2121 suo.
703 2077 740 2105 ²⁶
758 2079 1029 2135 Sanguinem
1050 2093 1221 2136 quoque
1251 2080 1393 2123 omnis
1422 2080 1630 2124 animalis
1661 2095 1748 2124 non
1773 2081 1955 2125 sumetis

120 2138 166 2180 in
190 2138 309 2193 cibo,
336 2143 429 2180 tam
462 2137 516 2181 (16
544 2137 701 2180 avibus
730 2152 862 2193 quam
892 2138 946 2182 de
971 2138 1215 2195 pecon‘bus.
1239 2138 1275 2165 ‘2⁷
1299 2139 1453 2183 Omnis
1482 2139 1653 2195 anima,
1686 2155 1782 2196 quae
1817 2140 1955 2184 ederit

121 2197 404 2253 sanguinem,
427 2196 588 2253 peribit
614 2196 668 2239 de
689 2197 861 2254 populis
885 2197 990 2240 suis.

181 2255 216 2283 ‘²⁸
236 2257 516 2311 Locutusque
541 2260 606 2298 est
630 2256 845 2299 Dominus
869 2257 927 2299 ad
958 2258 1163 2313 Moysen,
1187 2257 1338 2302 dicens
1361 2274 1369 2302 ε
1392 2257 1429 2284 2⁹
1447 2259 1645 2314 Loquere
1666 2258 1768 2302 filiis
1791 2259 1953 2315 Israel,

121 2315 300 2359 dicens:
319 2315 400 2365 Qui
427 2314 559 2358 offert
583 2314 815 2357 victimam
837 2316 1121 2372 pacificorum
1145 2317 1357 2373 Domino,
1382 2318 1540 2361 offerat
1568 2317 1701 2361 simul
1723 2323 1766 2361 et
1791 2318 1955 2361 sacrifi-

122 2374 259 2429 cium,
286 2374 332 2417 id
359 2379 445 2429 est,
476 2373 720 2416 libamenta
747 2373 857 2430 ejus.
881 2374 918 2401 30
934 2375 1123 2418 Tenebit
1152 2375 1357 2419 manibus
1386 2376 1565 2433 adipem
1594 2377 1750 2420 hostiae
1781 2382 1823 2421 et
1849 2392 1956 2434 pec-

120 2434 369 2489 tusculum3
398 2447 585 2489 cumque
613 2432 746 2475 ambo
773 2433 921 2476 oblata
952 2434 1144 2477 Domino
1167 2436 1512 2490 consecraverit,
1539 2435 1684 2480 tradet
1714 2436 1953 2490 sacerdoti,

121 2492 156 2519 3¹
183 2493 256 2549 qui
285 2492 482 2536 adolebit
509 2492 688 2548 adipem
720 2506 850 2549 super
880 2493 1052 2548 altare3
1088 2493 1394 2549 pectusculum
1433 2499 1582 2537 autem
1616 2495 1698 2538 erit
1727 2496 1878 2538 Aaron
1912 2501 1953 2538 et

121 2552 311 2595 filiorum
335 2552 443 2608 ejus.
470 2549 507 2577 32
523 2551 686 2594 Armus
713 2566 883 2607 quoque
905 2552 1059 2595 dexter
1080 2551 1134 2595 de
1156 2552 1441 2608 pacificorum
1470 2553 1625 2596 hostiis
1648 2553 1774 2597 cedet
1795 2553 1841 2596 in
1868 2554 1953 2610 pri-

121 2611 270 2654 mitias
292 2610 546 2654 sacerdotis.
569 2610 605 2637 33
623 2610 705 2661 Qui
732 2611 939 2654 obtulerit
967 2610 1230 2666 sanguinem
1260 2617 1302 2654 et
1331 2612 1530 2668 adipem,
1564 2612 1755 2655 filiorum
1781 2613 1951 2668 Aaron,

120 2670 214 2727 ipse
247 2669 429 2713 habebit
465 2675 508 2713 et
540 2684 713 2712 armum
747 2669 951 2713 dextrum
983 2669 1030 2712 in
1066 2669 1266 2726 portione
1298 2685 1402 2726 sua;
1434 2671 1470 2697 34
1496 2671 1801 2728 pectusculum
1834 2672 1952 2715 enim

121 2728 402 2783 elevationis,
435 2734 478 2772 et
506 2743 679 2771 armum
709 2729 1020 2786 separationis,
1050 2729 1132 2771 tuli
1161 2744 1187 2771 a
1219 2729 1322 2772 filiis
1353 2730 1492 2774 Israel
1527 2730 1580 2773 de
1613 2730 1768 2774 hostiis
1803 2745 1951 2774 eorum

120 2788 338 2846 pacificis,
361 2794 404 2831 et
428 2787 532 2831 dedi
561 2788 711 2830 Aaron
744 2788 983 2843 sacerdoti,
1013 2794 1056 2831 et
1085 2787 1188 2831 filiis
1213 2789 1331 2845 eJ'US,
1365 2789 1463 2845 lege
1495 2795 1726 2846 perpetua,
1750 2789 1807 2832 ab
1832 2790 1951 2833 omni

119 2848 282 2904 populo
311 2847 463 2891 Israel.

179 2907 215 2933 35
238 2908 349 2950 Haec
387 2911 452 2950 est
484 2907 636 2950 unctio
671 2906 821 2948 Aaron
855 2910 897 2948 et
930 2905 1119 2949 filiorum
1156 2906 1252 2962 ejus
1285 2907 1331 2950 in
1369 2907 1628 2951 ceremoniis
1652 2909 1854 2964 Domini,
1881 2909 1952 2953 die

119 2981 203 3022 qua
242 2966 401 3009 obtulit
437 2980 509 3009 eos
546 2967 744 3022 MoyseS,
764 2969 812 3007 ut
844 2965 1089 3008 sacerdotio
1127 2966 1447 3021 fungerentur3
1479 2966 1516 2993 36
1536 2972 1579 3010 et
1612 2982 1708 3023 quae
1741 2968 1951 3024 praecepit

118 3025 180 3068 eis
210 3025 304 3068 dari
331 3025 546 3068 Dominus
575 3040 600 3068 a
630 3024 731 3067 filiis
757 3023 896 3067 Israel
920 3024 1133 3080 religione
1162 3030 1371 3082 perpetua
1395 3026 1442 3068 in
1466 3026 1824 3081 generationibus
1846 3027 1949 3070 suis.

119 3083 154 3111 3⁷
173 3085 267 3127 Ista
296 3089 362 3128 est
394 3084 466 3128 lex
500 3083 769 3138 holocausti,
799 3088 842 3126 et
869 3083 1074 3127 sacrificii
1107 3098 1184 3140 pro
1213 3089 1396 3141 peccato
1423 3090 1555 3140 atque
1588 3085 1771 3141 delicto,
1802 3091 1844 3129 et
1874 3099 1949 3142 pro

119 3143 449 3187 consecratione
478 3148 521 3186 et
550 3143 835 3200 pacificorum
859 3142 1076 3199 victimis,
1099 3143 1136 3170 33
1154 3158 1286 3199 quam
1308 3143 1537 3187 constituit
1563 3144 1779 3188 Dominus
1806 3145 1948 3201 Moysi

119 3201 163 3244 in
189 3209 339 3246 monte
367 3202 508 3257 Sinai,
531 3202 706 3259 quando
733 3201 963 3248 mandavit
988 3201 1089 3245 filiis
1113 3202 1252 3246 Israel
1274 3207 1322 3245 ut
1344 3202 1554 3247 offerrent
1580 3203 1825 3247 oblationes
1848 3217 1947 3246 suas

120 3261 311 3304 Domino
334 3261 380 3304 in
403 3261 575 3305 deserto
598 3261 732 3305 Sinai.

373 3372 573 3416 SECTIO
615 3372 684 3415 II.
718 3397 778 3405 —
815 3371 1011 3414 IN1T1A
1052 3384 1392 3416 SAcERDOTu
1433 3385 1690 3416 LEVITIOI

467 3468 490 3526 §
525 3469 561 3512 Ι.
588 3494 646 3500 -
669 3468 868 3511 Aarom's
899 3474 938 3511 et
958 3469 1162 3524 filiorum
1194 3469 1288 3525 ejus
1321 3471 1598 3513 consecratio.

179 3557 285 3600 CAP.
312 3557 446 3600 VIII.
475 3583 534 3588 —
566 3556 882 3613 ¹L0cutusque
908 3562 974 3600 est
1004 3556 1220 3600 Dominus
1248 3557 1305 3600 ad
1335 3558 1540 3614 Moysen,
1571 3557 1721 3602 dicens
1747 3575 1756 3604 ε
1786 3558 1803 3586 2
1820 3559 1944 3605 Tolle

120 3615 269 3657 Aaron
295 3629 394 3658 cum
414 3615 516 3658 filiis
539 3615 649 3671 suis,
671 3620 816 3659 vestes
837 3629 1008 3671 eorum,
1033 3620 1076 3659 et
1097 3616 1316 3660 unctionis
1343 3616 1508 3671 oleum,
1527 3616 1717 3660 vitulum
1742 3632 1819 3675 pro
1843 3633 1942 3676 pec-

1705 3704 1732 3747 7

2039 796 2109 825 Lex
2130 794 2254 825 hostioe

2068 839 2224 874 pacificae.

2076 1853 2225 1881 Iteratur

2056 1896 2240 1930 prohibitio

2063 1941 2172 1975 adipis
2197 1944 2230 1970 et

2056 1985 2240 2020 sanguinis.

2025 2276 2125 2310 Legis
2146 2276 2267 2305 hostiae

2072 2320 2220 2354 pacificae

2034 2369 2256 2395 continuatio.

2046 2921 2232 2949 Conclusio.

2031 3575 2176 3609 Praepars·
2184 3575 2232 3605 tio

2047 3621 2214 3649 SOlemuls.
