2423 3861
827 171 974 215 MAHC.
1010 173 1107 226 XV,
1143 174 1276 215 9-403.
1855 175 1967 219 1149

134 342 410 387 ascendisset
436 342 584 397 turba,
606 341 745 397 coepit
770 355 924 397 rogare
956 342 1069 384 sicut
1104 357 1276 399 semper
1307 344 1506 386 faciebat
1530 344 1632 386 illis.
1661 346 1678 369 0
1698 345 1866 387 Pilatus
1893 360 1967 387 au-

136 411 227 445 tem
258 401 487 458 respondit
519 400 600 455 eis,
631 404 675 444 et
708 399 823 442 dixit
855 400 1035 444 :Vultis
1070 400 1294 443 dimittam
1328 402 1452 445 vobis
1486 415 1633 458 regem
1666 403 1693 445 5
1700 402 1926 446 udaeorum
1946 405 1967 446 ἱ)

137 460 173 487 10
191 460 366 505 Sciebat
400 459 517 503 enim
550 458 666 514 quod
694 473 773 515 per
806 458 1026 501 invidiam
1058 459 1344 503 tradidissent
1376 474 1478 503 611111
1510 461 1672 504 summi
1704 461 1968 506 sacerdotes.

137 519 167 546 ¹¹
189 519 426 563 Pontifices
451 523 602 560 autem
628 518 963 561 concitaverunt
987 517 1182 572 turbam,
1205 526 1249 560 ut
1276 520 1417 572 magis
1448 520 1700 563 Barabbam
1726 520 1969 564 dimitteret

134 579 210 622 eis.
239 577 275 604 ¹⁹·
292 578 464 621 Pilatus
496 582 647 619 autem
679 576 841 619 iterum
875 577 1165 634 respondens,
1200 578 1261 619 ait
1291 577 1379 619 illis
1415 595 1422 621 :
1457 579 1569 628 Quid
1605 593 1708 635 ergo
1738 579 1873 622 vultis
1900 580 1968 622 fa-

133 638 250 681 ciam
281 636 374 692 regi
412 635 714 684 Judaeorum‘?
754 635 790 661 ¹3
815 638 877 678 At
912 635 979 677 illi
1016 635 1176 690 iteruin
1206 636 1513 679 clamaverunt
1556 655 1563 681 :
1598 638 1818 694 (ἐι-11011186
1855 653 1967 682 eum.

136 695 169 722 ¹⁴
188 696 358 738 Pilatus
381 709 483 738 vero
508 695 685 738 dicebat
711 695 799 736 illis
831 711 838 738 :
865 693 981 744 Quid
1007 694 1126 736 enim
1152 694 1257 736 mali
1280 694 1389 737 fecit
1412 698 1431 736 ⁵?
1455 697 1514 738 At
1542 697 1605 738 illi
1636 698 1776 752 magis
1804 698 1967 740 clama-

132 754 241 798 bant
270 771 279 798 ε
302 753 521 810 Crucifige
547 768 661 797 eum.
690 753 726 779 ¹5
746 753 915 796 Pilatus
940 757 1091 794 autem
1114 752 1266 795 volens
1296 753 1456 809 populo
1491 755 1772 811 satisfacere,
1801 757 1969 800 dimisit

131 813 221 856 illis
249 812 524 867 Barabbam,
552 818 595 855 et
620 811 804 855 tradidit
830 811 986 854 56811111
1012 810 1203 866 flagellis
1230 826 1416 863 caesum,
1439 818 1487 855 ut
1514 815 1856 869 crucifigeretur.

193 872 228 899 ¹0
243 872 410 916 Milites
432 876 584 915 autem
607 871 829 914 duxerunt
854 884 957 913 eum
980 870 1028 912 in
1056 870 1220 912 atrium
1248 871 1464 927 praetorii,
1492 877 1535 914 et
1556 880 1803 916 convocant
1830 880 1969 918 totam

132 933 370 975 cohortem.
399 930 432 957 ¹7
457 931 514 973 Et
538 930 731 972 induunt
754 943 857 972 eum
882 943 1094 985 purpura,
1117 934 1162 972 et
1182 929 1417 985 imponunt
1443 930 1481 973 ei
1504 931 1746 987 plectentes
1768 933 1969 988 spineam

132 1004 353 1034 eoronam.
382 989 417 1016 ¹8
435 990 493 1033 Et
516 994 744 1046 coeperunt
777 988 970 1031 salutare
1004 1002 1102 1030 eum
1135 1005 1145 1031 :
1169 988 1288 1043 Ave,
1323 1003 1401 1031 rex
1434 989 1709 1033 Judaeorum.
1738 990 1774 1017 ¹9
1793 993 1847 1033 Et
1875 1007 1968 1049 per-

132 1049 361 1092 cutiebant
393 1053 528 1105 caput
561 1048 657 1104 ejus
686 1047 923 1102 arundine,
953 1052 995 1089 et
1029 1047 1333 1103 conspuebant
1369 1062 1490 1104 611111,
1518 1054 1559 1092 ert
1590 1056 1802 1106 ponentes
1825 1065 1968 1106 genua

129 1108 377 1151 adorabant
395 1121 511 1151 eum.
970 1136 973 1139 -

190 1166 226 1193 '2⁰
253 1168 312 1211 Et
341 1172 578 1223 postquam
613 1166 850 1210 illuserunt
886 1166 947 1221 ei,
984 1171 1198 1209 exuerunt
1233 1166 1362 1208 11111111
1400 1181 1614 1224 purpura,
1652 1174 1698 1211 et
1729 1169 1968 1212 induerunt

128 1226 259 1270 illum
285 1226 563 1270 vestimentis
588 1225 706 1280 suis3
732 1231 777 1269 et
801 1225 996 1268 educunt
1029 1225 1157 1268 illum
1191 1235 1237 1268 ut
1273 1226 1579 1282 crucifigerent
1609 1241 1724 1270 eum.
1756 1228 1789 1254 '2¹
1811 1230 1867 1271 Et
1892 1243 1969 1271 an-

130 1285 417 1341 gariaverunt
449 1290 791 1342 praetereuntem
825 1284 1099 1341 quempiam,
1135 1284 1360 1328 Simonem
1393 1286 1677 1343 Cyrenaeum,
1715 1288 1969 1331 venientem
2003 1296 2007 1299 '

130 1344 185 1388 de
210 1345 338 1401 villa,
366 1350 538 1401 patrem
564 1343 811 1387 Alexandri
838 1349 881 1387 et
908 1343 1028 1399 Rufi,
1056 1350 1105 1386 ut
1127 1344 1302 1387 tolleret
1330 1359 1508 1388 crucem
1538 1345 1648 1401 ejus.
1679 1344 1716 1372 2²
1731 1347 1789 1388 Et
1810 1347 1967 1403 perdu-

129 1409 238 1447 cunt
260 1404 389 1446 illum
408 1404 457 1446 in
480 1403 707 1458 Golgotha
728 1403 896 1457 locum,
921 1403 1037 1458 quod
1060 1408 1126 1446 est
1146 1403 1488 1460 interpretatum
1511 1404 1733 1448 Calvariae
1756 1405 1893 1449 loeus.

184 1460 221 1487 23
235 1463 292 1504 Et
310 1461 480 1504 dabant
502 1461 542 1504 ei
569 1461 721 1504 bibere
747 1461 1024 1517 myrrhatum
1045 1462 1224 1516 111111111,
1254 1473 1297 1506 et
1326 1477 1414 1506 non
1440 1464 1626 1520 accepit.
1655 1463 1691 1490 24
1714 1465 1772 1508 Et
1797 1466 1969 1509 crucifi-

127 1526 427 1578 gentesseum,
451 1520 697 1563 diviserunt
724 1521 990 1563 vestimenta
1017 1521 1134 1575 ejus,
1163 1521 1389 1564 mittentes
1419 1528 1582 1565 sortem
1607 1537 1737 1580 super
1762 1525 1844 1581 eis,
1873 1526 1969 1582 quis

130 1579 234 1636 quid
259 1579 448 1623 tolleret.
476 1578 512 1605 25
532 1580 639 1621 Erat
676 1585 826 1622 autem
859 1579 965 1621 hora
989 1579 1140 1633 tertia,
1176 1586 1217 1622 et
1253 1581 1564 1624 crucifixerunt
1598 1597 1711 1625 eum.
1739 1582 1775 1610 ⁶²⁶
1794 1585 1851 1626 Et
1877 1591 1969 1628 erat

127 1638 285 1682 titulus
308 1652 454 1681 causae
481 1638 578 1694 ejus
601 1638 841 1695 inscriptus
870 1655 879 1681 :
912 1638 1007 1681 Rex
1040 1638 1315 1682 Judaeorum.
1350 1638 1385 1665 27
1409 1641 1466 1682 Et
1496 1654 1596 1683 cum
1627 1655 1676 1684 60
1703 1643 1969 1699 crucifigunt

125 1697 237 1741 duos
270 1697 484 1754 latrones,
511 1711 650 1740 unum
670 1712 696 1739 a
717 1697 886 1740 dextris
909 1702 952 1740 et
980 1697 1120 1740 alium
1153 1713 1179 1740 a
1210 1698 1401 1741 sinistris
1423 1699 1533 1755 ejus.
1561 1699 1596 1726 ‘28
1615 1701 1673 1742 Et
1693 1700 1879 1758 impleta
1905 1714 1967 1746 est

127 1757 354 1814 Scriptura
390 1771 489 1813 quae
527 1756 637 1800 dicit
666 1758 761 1801 :Et
794 1771 896 1799 cum
931 1756 1096 1812 iniquis
1128 1762 1358 1814 reputatus
1396 1764 1474 1802 est.
1506 1757 1543 1784 2⁰
1561 1760 1619 1801 Et
1652 1766 1968 1816 praetereuntes

126 1816 503 1873 blasphemabant
528 1830 649 1872 eum,
678 1821 908 1859 moventes
931 1816 1077 1873 capita
1099 1831 1177 1860 sua
1198 1822 1243 1860 et
1267 1817 1463 1862 dicentes
1490 1835 1502 1864 :
1531 1819 1652 1875 Vah,
1680 1819 1753 1875 qui
1778 1820 1968 1864 destruis

126 1875 346 1932 templum
373 1875 478 1932 Dei,
502 1881 548 1919 et
567 1876 615 1918 in
640 1875 782 1918 tribus
812 1875 968 1919 diebus
995 1876 1261 1932 reaedificas,
1287 1876 1327 1903 30
1343 1878 1518 1920 salvum
1550 1878 1626 1920 fac
1660 1879 1944 1936 temetipsum

124 1934 399 1978 descendens
426 1935 480 1978 de
500 1949 643 1978 cruce.
671 1934 704 1961 3¹
725 1935 940 1978 Similiter
964 1940 1008 1979 et
1032 1936 1196 1978 summi
1217 1937 1468 1980 sacerdotes
1494 1937 1746 1994 illudentes,
1762 1939 1819 1982 ad
1836 1939 1969 1983 alter-

127 1998 276 2037 utrum
301 2008 404 2037 cum
429 1994 585 2038 scribis
609 1995 818 2037 dicebant
847 2011 856 2039 z
878 1994 1005 2038 Alios
1032 1995 1178 2038 salvos
1203 1995 1339 2052 fecit,
1367 1996 1561 2053 seipsum
1588 2012 1675 2040 non
1705 2003 1850 2054 potest
1881 2000 1967 2042 sal-

127 2066 232 2097 vum
255 2053 419 2097 facere.
444 2052 481 2080 32
495 2053 695 2097 Christus
718 2068 798 2098 rex
824 2054 964 2098 Israel
1003 2054 1245 2098 descendat
1265 2070 1387 2110 ⁴nunc
1413 2056 1467 2099 de
1494 2071 1642 2113 cruce,
1663 2062 1712 2099 ut
1737 2057 1967 2101 videamus

123 2117 171 2158 et
196 2113 441 2157 credamus.
469 2114 528 2157 Et
545 2113 619 2169 qui
645 2127 748 2156 cum
773 2128 823 2157 60
851 2113 1051 2156 crucifixi
1077 2119 1203 2157 erant
1228 2115 1590 2158 convitiabantur
1616 2116 1668 2159 ei.

185 2172 223 2200 33
243 2173 303 2215 Et
323 2173 448 2216 facta
473 2173 581 2216 hora-
605 2178 752 2229 sexta,
779 2173 975 2216 tenebrae
1002 2174 1142 2217 factae
1166 2180 1269 2217 sunt
1299 2189 1376 2231 per
1399 2180 1542 2218 totam
1570 2182 1734 2218 terram
1759 2191 1896 2233 usque
1919 2178 1967 2220 in

123 2232 280 2276 horam
312 2247 489 2275 nonam.
521 2232 557 2258 34
574 2233 630 2275 Et
658 2233 766 2275 hora
795 2247 932 2288 nona,
965 2233 1237 2276 exclamavit
1270 2235 1400 2277 568118
1428 2248 1536 2277 voce
1558 2249 1743 2291 magna,
1771 2236 1923 2279 dicens
1953 2253 1967 2282 ε

125 2291 247 2347 Ε101,
286 2291 407 2347 Ε101,
445 2292 612 2335 lamma
650 2291 955 2335 sabacthani?
990 2292 1106 2348 quod
1143 2298 1209 2336 est
1243 2292 1586 2350 interpretatum
1616 2310 1625 2337 z
1660 2296 1779 2338 Deus
1819 2310 1964 2352 meus,

126 2351 247 2395 Deus
270 2365 407 2406 meus,
427 2356 475 2393 ut
495 2351 602 2409 quid
621 2351 896 2406 dereliquisti
923 2351 1085 2394 1116Ῥ-35
1106 2352 1167 2395 Et
1193 2352 1374 2408 quidam
1396 2352 1450 2396 de
1475 2353 1867 2398 circumstantibus
1886 2371 1966 2398 au-

59 2416 62 2419 ’
125 2409 320 2465 dientes,
345 2409 556 2453 dicebant
588 2427 596 2454 :
624 2411 742 2454 Ecce
765 2411 914 2453 Eliam
938 2416 1082 2454 vocat.
1103 2411 1140 2438 30
1157 2411 1346 2455 Currens
1372 2417 1522 2455 autem
1547 2427 1682 2468 unus,
1707 2419 1753 2456 et
1773 2414 1964 2471 implens

124 2469 362 2527 spongiam
386 2475 512 2513 aceto
536 2469 964 2526 circumponensque
990 2471 1175 2527 calamo,
1196 2476 1350 2528 potum
1376 2471 1512 2514 dabat
1536 2472 1589 2529 ei,
1608 2472 1759 2516 dicens
1780 2490 1790 2517 ε
1811 2474 1963 2530 Sinite,

123 2528 355 2572 videamus
388 2529 425 2572 si
457 2529 609 2572 veniat
644 2529 766 2572 Elias
799 2529 857 2572 ad
890 2529 1202 2586 deponendum
1236 2545 1349 2574 eum.
1385 2530 1420 2557 3⁷
1439 2531 1467 2574 5
1472 2545 1568 2574 68118
1602 2536 1772 2588 autem,
1805 2533 1964 2577 emissa

123 2601 232 2632 voce
257 2603 442 2645 magna,
468 2589 704 2646 expiravit.

183 2647 220 2674 38
238 2648 297 2691 Et
317 2648 467 2691 velum
492 2649 648 2705 templi
674 2650 864 2693 scissum
889 2655 954 2694 est
974 2651 1022 2694 in
1046 2651 1156 2708 duo,
1181 2666 1406 2695 a‘summo
1431 2666 1570 2708 usque
1595 2652 1812 2697 deorsum.
1833 2653 1869 2680 39
1888 2654 1963 2697 Vi-

125 2707 234 2751 dens
259 2712 410 2750 autem
434 2708 633 2752 centurio
659 2709 734 2766 qui
761 2723 816 2753 ex
838 2710 1026 2754 adverso
1051 2711 1222 2767 stabat,
1246 2711 1353 2768 quia
1373 2712 1437 2754 sic
1464 2711 1666 2755 'clamans
1694 2713 1961 2770 expirasset,

125 2766 189 2809 ait
221 2784 230 2811 :
257 2767 372 2810 Vere
396 2766 468 2810 hic
494 2767 625 2810 homo
647 2769 790 2812 Filius
817 2770 902 2813 Dei
928 2775 1034 2813 erat.
1060 2769 1099 2797 40
1117 2771 1256 2814 Erant
1281 2776 1431 2814 autem
1457 2777 1499 2814 et
1526 2771 1731 2815 mulieres
1753 2772 1807 2815 de
1831 2772 1963 2828 longe

125 2825 415 2884 aspiciente-3,
451 2826 567 2870 inter
591 2841 700 2884 quas
725 2834 819 2872 erat
843 2829 987 2872 Maria
1011 2830 1294 2887 Magdalene,
1319 2836 1362 2874 et
1392 2830 1532 2873 Maria
1564 2831 1724 2874 5600101
1758 2831 1960 2885 minoris,

124 2892 169 2929 et
188 2885 220 2929 5
224 2885 361 2942 oseph
382 2890 536 2941 mater,
564 2890 607 2929 et
632 2888 831 2944 Salome3
859 2888 894 2915 41
912 2894 955 2932 et
979 2904 1082 2932 cum
1107 2894 1223 2933 esset
1242 2890 1291 2932 in
1312 2889 1523 2946 Galilaea,
1539 2890 1838 2946 sequebantur
1862 2904 1962 2934 eum

124 2954 166 2988 et
193 2944 508 2993 ministrabant
535 2945 599 3001 ei,
627 2951 670 2990 et
694 2947 794 2991 aliae
822 2948 997 3005 multae,
1024 2963 1123 3005 quae
1149 2949 1282 2992 simul
1317 2964 1418 2992 cum
1444 2963 1492 2992 60
1518 2949 1811 2993 ascenderant
1837 2950 1864 2993 5
1870 2963 1960 2993 ero-

124 3004 356 3061 solymam.

182 3062 219 3090 42
237 3065 296 3107 Et
321 3079 423 3108 cum
447 3066 542 3122 jam
563 3080 658 3110 sero
685 3073 799 3111 esset
830 3069 1025 3124 factum,
1058 3068 1161 3124 quia
1190 3074 1283 3112 erat
1317 3070 1583 3126 Parasceve,
1611 3069 1726 3125 quod
1760 3074 1826 3113 est
1857 3076 1960 3113 ante

123 3123 381 3180 sabbatum,
415 3124 453 3152 43
469 3126 594 3168 venit
627 3126 796 3183 Joseph
828 3128 884 3171 ab
918 3127 1217 3184 Arimathaea,
1251 3128 1414 3172 nobilis
1447 3129 1646 3184 decurio,
1682 3129 1756 3185 qui
1791 3134 1835 3172 et
1866 3129 1959 3186 ipse

123 3188 217 3226 erat
242 3189 484 3241 expectans
515 3199 705 3241 regnum
732 3186 836 3241 Dei,
864 3192 908 3230 et
938 3186 1153 3231 audacter
1184 3187 1385 3231 introivit
1414 3188 1472 3232 ad
1505 3188 1727 3244 Pilatum,
1755 3195 1798 3232 et
1830 3188 1958 3245 petiit

123 3256 278 3300 corpus
300 3244 329 3286 J
333 3257 423 3287 esu.
445 3243 483 3271 44
499 3245 673 3288 Pilatus
698 3251 849 3289 autem
873 3246 1119 3290 mirabatur
1139 3247 1176 3290 si
1200 3247 1296 3303 jam
1323 3247 1515 3291 obiisset.
1537 3249 1594 3291 Et
1618 3248 1833 3291 accersito
1858 3261 1958 3290 cen-

122 3302 315 3359 turione,
341 3303 635 3361 interrogavit
661 3319 762 3349 eum
793 3305 831 3348 si
862 3306 958 3363 jam
991 3311 1188 3350 mortuus
1218 3316 1344 3350 esset.
1371 3306 1408 3333 45
1425 3309 1482 3350 Et
1500 3322 1601 3351 cum
1627 3307 1908 3364 cognovisset
1932 3321 1956 3349 a

124 3362 399 3420 centurione,
424 3363 609 3407 donavit
633 3378 790 3422 corpus
818 3366 846 3408 J
851 3366 998 3423 oseph.
1025 3364 1062 3392 40
1080 3366 1109 3409 J
1113 3367 1248 3423 oseph
1273 3372 1422 3410 autem
1456 3371 1676 3410 mercatus
1710 3366 1955 3422 sindonem,

122 3509 171 3542 12]
193 3509 316 3539 Matth.
334 3510 479 3547 XXVII,
496 3515 541 3541 22.
559 3513 640 3542 Luc.
658 3513 795 3548 XXIII,
817 3516 860 3542 14.
885 3529 922 3533 -
946 3514 993 3547 13]
1012 3514 1108 3542 Joan.
1134 3513 1266 3548 XVIII,
1282 3516 1328 3541 40.
1354 3528 1389 3532 -
1414 3513 1461 3546 16]
1480 3512 1603 3541 Matth.
1621 3512 1755 3540 XXVII
1768 3533 1775 3547 ‚
1792 3514 1836 3541 27.
1858 3513 1956 3542 Joau.

123 3552 226 3589 XIX,
243 3557 270 3583 2.
294 3569 331 3575 ——
348 3557 397 3590 21]
418 3556 541 3585 Matth.
562 3557 699 3586 XXVII
712 3579 719 3593 ,
735 3560 780 3586 32.
800 3558 880 3586 Luc.
903 3558 1046 3594 XXIII,
1063 3561 1108 3587 26.
1133 3573 1168 3578 —-
1189 3560 1237 3592 24]
1264 3559 1386 3587 Matth.
1403 3558 1556 3592 XXVII,
1575 3560 1623 3591 35,
1647 3557 1728 3585 Luc.
1745 3556 1869 3585 XXIII
1882 3578 1889 3592 ,
1910 3560 1955 3588 34.

122 3597 220 3627 Joan.
239 3599 341 3636 XIX,
358 3604 403 3630 23.
419 3616 457 3621 —
477 3603 525 3636 28]
549 3603 594 3631 Is.
611 3603 716 3638 LIII,
737 3605 782 3632 12.
800 3617 837 3623 —
861 3603 909 3636 29]
928 3603 1024 3631 Joan.
1043 3604 1096 3636 ΙΙ,
1114 3606 1158 3631 19.
1173 3618 1207 3622 -
1224 3604 1272 3637 34]
1300 3604 1352 3631 Ps.
1370 3602 1473 3637 XXI,
1490 3604 1516 3630 2.
1534 3601 1656 3630 Matth.
1680 3601 1833 3638 XXVII,
1850 3605 1896 3632 46.
1919 3617 1956 3622 -

83 3636 88 3640 ’
123 3644 173 3676 40]
191 3643 314 3676 Matth.
332 3645 485 3683 XXVII,
509 3649 554 3676 55.
575 3661 611 3667 -
635 3648 684 3681 41]
710 3647 791 3677 Luc.
817 3647 966 3682 V111‚2.
995 3663 1032 3667 —
1059 3648 1107 3681 42]
1134 3646 1256 3675 Matth.
1283 3647 1435 3682 XXVII,
1460 3649 1504 3676 57.
1529 3646 1610 3675 Luc.
1624 3646 1765 3683 XXIII,
1782 3649 1827 3678 50.
1857 3647 1953 3677 Joan.

121 3687 209 3718 XIX
219 3710 228 3726 ,
243 3692 289 3721 38.

1959 1917 1968 1936 7
1988 1939 1991 1942 .

2080 887 2212 914 Chris-ta:
2225 901 2234 906 -

2055 928 2210 957 illuditur
2240 940 2257 956 :2

2047 979 2223 1006 praetonatz
2232 982 2238 1001 ·.
2246 988 2266 999 -,

2057 1179 2116 1208 Via
2137 1179 2255 1209 crucia

2036 1473 2219 1503 crucifixio
2241 1477 2274 1503 et

2055 1525 2144 1547 mors
2163 1518 2255 1546 Jesu.

2107 3070 2191 3105 Ejus

2056 3115 2237 3149 sepultura.
