2456 3861
195 1043 366 1073 visionem
402 1048 433 1072 et

213 1089 416 1123 legationem

226 1133 351 1167 accipit
368 1132 402 1161 in

257 1178 379 1206 Horeb.

264 2406 369 2440 ungit

215 2450 363 2479 Eliseum
386 2450 418 2478 in

214 2495 422 2528 prophetam.

263 3122 375 3151 Prima

241 3165 394 3195 victoria.

502 151 585 194 342
1044 151 1119 192 ΠΙ
1157 151 1268 193 REG.
1303 151 1429 204 XIX,
1463 153 1489 192 4
1521 177 1581 184 —
1613 151 1720 206 XX,
1753 152 1793 194 5.

501 335 603 374 ergo
634 320 776 374 Elias,
805 325 847 361 et
877 334 1061 375 surgens
1086 319 1199 361 abiit
1224 333 1500 375 quocumque
1534 335 1636 363 eum
1669 320 1844 363 ferebat
1869 320 2100 376 voluntas3
2127 322 2344 379 venitque

501 380 544 420 in
574 378 790 421 Bersabee
815 379 842 421 J
847 378 954 433 uda,
978 383 1021 420 et
1047 378 1218 420 dimisit
1240 378 1301 420 ibi
1327 393 1513 435 puerum
1542 393 1683 421 suum.
1710 379 1727 405 4
1745 379 1804 421 Et
1826 379 2020 435 perrexit
2045 379 2090 422 in
2117 381 2338 425 desertum

500 438 619 479 riam
645 436 774 480 unius
808 437 909 480 diei.
942 438 1139 493 Cumque
1172 437 1388 494 venisset,
1418 443 1462 480 et
1495 438 1666 482 sederet
1703 438 1854 481 subter
1887 446 2022 481 unam
2059 438 2339 496 juniperum,

500 496 660 552 petivit
681 496 843 538 animae
866 511 956 539 suae
979 502 1028 538 ut
1054 501 1307 553 moreretur,
1332 502 1375 540 et
1398 497 1461 540 ait
1483 514 1492 541 :
1520 497 1696 541 Sufficit
1722 497 1853 552 mihi,
1879 497 2096 550 Domine,
2119 498 2226 542 tolle
2244 500 2338 542 ani-

501 570 619 597 mam
646 569 812 611 meam,
840 569 981 611 neque
1006 555 1125 598 0111111
1155 556 1310 599 11101101
1339 571 1435 599 sum
1462 571 1594 612 quam
1619 561 1767 613 patres
1797 556 1898 599 mei.
1930 556 1947 582 5
1966 556 2247 613 Projecitque
2272 572 2337 614 se,

500 624 543 657 et
569 614 838 657 obdormivit
858 614 905 657 111
927 614 1083 657 umbra
1109 615 1316 671 juniperi.
1344 616 1403 658 Et
1429 630 1531 659 ecce
1553 616 1739 672 angelus
1767 615 1948 659 Domini
1975 615 2124 672 tetigit
2149 631 2273 673 eum,
2297 622 2343 661 et

501 673 615 716 dixit
640 673 705 715 illi
728 691 736 718 :
764 674 922 730 Surge,
951 678 993 717 et
1015 675 1210 718 comede.
1238 675 1255 701 ⁶
1275 675 1506 731 Respexit,
1535 680 1578 718 et
1603 690 1705 719 ecce
1734 675 1791 718 ad
1817 680 1951 731 caput
1980 689 2109 717 suum
2138 675 2340 719 subcine-

499 732 633 775 ricius
662 733 790 790 panis
817 739 860 776 et
884 748 962 776 vas
991 748 1144 789 aquae,
1179 734 1373 777 comedit
1394 749 1520 791 ergo,
1549 740 1591 778 et
1616 730 1751 791 bibit,
1779 740 1822 778 et
1850 749 2023 777 rursum
2057 734 2339 779 obdormivit.
2381 785 2383 787 ,
2436 773 2439 779 ,

501 791 515 818 7
537 793 839 848 Reversusque
870 798 936 836 est
964 793 1150 849 angelus
1178 794 1359 837 Domini
1385 795 1598 850 secundo,
1623 800 1666 837 et
1696 794 1846 850 tetigit
1867 808 1988 849 eum,
2017 793 2218 850 dixitque
2242 794 2309 837 illi
2330 812 2340 839 z

499 852 658 907 Surge,
703 852 908 908 comede,
951 853 1132 908 grandis
1171 853 1289 896 enim
1327 853 1410 896 tibi
1450 859 1589 897 restat
1625 854 1712 897 via.
1750 853 1872 904 8Qui
1913 868 2014 896 cum
2052 853 2336 909 surrexisset,

501 911 694 955 comedit
731 916 776 955 et
815 912 951 967 bibit,
989 918 1033 955 et
1070 912 1320 955 ambulavit
1355 913 1401 955 in
1438 913 1704 956 fortitudine
1742 913 1829 956 cibi
1867 912 2007 969 illius,
2046 912 2341 969 quadraginta

501 970 656 1014 diebus
679 976 722 1014 et
747 971 1043 1027 quadraginta
1065 972 1290 1028 noctibus,
1314 986 1452 1028 usque
1473 972 1529 1015 ad
1552 978 1750 1016 montem
1774 972 1857 1016 Dei
1884 972 2049 1016 Horeb.

560 1029 577 1056 9
595 1031 794 1086 Cumque
820 1031 1015 1074 venisset
1034 1031 1164 1086 illuc,
1191 1031 1356 1074 mansit
1381 1031 1426 1073 in
1452 1032 1689 1088 spelunca;
1715 1036 1759 1075 et
1784 1046 1885 1075 ecce
1911 1045 2054 1075 sermo
2077 1032 2258 1076 Domini
2284 1032 2340 1075 ad

502 1104 622 1146 eum,
647 1090 847 1146 dixitque
870 1090 935 1132 illi
958 1107 966 1134 :
993 1090 1104 1140 Quid
1132 1090 1204 1133 hic
1230 1090 1347 1146 agis,
1375 1090 1506 1134 Elia?
1534 1090 1570 1117 ¹⁰
1586 1090 1649 1133 At
1670 1090 1746 1133 ille
1767 1091 2023 1147 respondit:
2049 1091 2152 1134 Zelo
2173 1091 2342 1135 zelatus

501 1164 599 1192 sum
620 1163 697 1205 pro
729 1149 920 1192 Domino
949 1150 1042 1192 Deo
1071 1149 1369 1206 exercituum,
1402 1150 1504 1206 quia
1531 1150 1859 1206 dereliquerunt
1891 1155 2074 1207 pactum
2106 1155 2233 1193 tuum
2261 1150 2342 1194 filii

501 1208 662 1263 Israel,
689 1208 848 1251 altaria
875 1214 950 1251 tua
978 1208 1310 1265 destruxerunt,
1337 1210 1576 1266 prophetas
1604 1214 1704 1252 tuos
1733 1209 1992 1252 occiderunt
2020 1209 2192 1267 gladio,
2220 1210 2342 1254 dere-

501 1267 632 1310 lictus
658 1281 755 1310 sum
785 1282 868 1323 ego
900 1267 1037 1324 solus,
1065 1272 1110 1311 et
1135 1274 1341 1324 quaerunt
1369 1269 1568 1311 animam
1598 1283 1745 1312 meam
1771 1274 1820 1312 ut
1848 1269 2060 1312 auferant
2085 1284 2198 1313 eam.
2225 1269 2259 1295 11
2283 1270 2342 1312 Et

500 1326 563 1369 ait
601 1326 640 1370 ei
674 1344 682 1371 :
721 1327 968 1383 Egredere,
1008 1333 1051 1371 et
1083 1333 1152 1370 sta
1187 1328 1234 1370 in
1275 1333 1426 1372 monte
1467 1343 1615 1371 coram
1653 1329 1871 1384 Domino,
1906 1333 1951 1371 et
1987 1343 2089 1372 ecce
2124 1328 2342 1372 Dominus

501 1386 674 1430 transit.
695 1387 753 1429 Et
778 1386 958 1443 spiritus
979 1387 1161 1442 grandis
1183 1392 1227 1431 et
1248 1387 1378 1430 fortis
1401 1388 1660 1431 subvertens
1682 1393 1856 1431 montes
1877 1392 1920 1431 et
1942 1392 2174 1431 conterens
2195 1393 2342 1445 petras

500 1451 604 1488 ante
639 1445 906 1501 Dominum3
942 1446 1104 1489 nonin
1138 1447 1295 1504 spiritu
1331 1447 1564 1491 Dominus.
1600 1448 1660 1490 Et
1694 1453 1794 1504 post
1830 1447 2036 1504 spiritum
2074 1448 2338 1503 commotio,

502 1519 589 1548 11011
614 1504 661 1547 111
687 1506 983 1549 commotione
1010 1506 1241 1550 Dominus.
1266 1506 1301 1532 '¹⁸2
1320 1509 1377 1550 Et
1402 1512 1500 1564 post
1523 1507 1868 1550 commotionem
1892 1506 2037 1563 ignis,
2061 1521 2151 1550 non
2171 1507 2218 1550 111
2239 1507 2350 1564 igne·

504 1564 733 1608 Dominus.
762 1566 820 1607 Et
844 1570 943 1622 post
967 1565 1119 1621 ignem
1144 1566 1300 1609 sibilus
1326 1581 1444 1609 aurae
1471 1566 1628 1610 tenuis.
1654 1566 1690 1593 ’13
1708 1567 1831 1617 Quod
1856 1581 1956 1609 cum
1978 1566 2176 1609 audisset
2198 1566 2340 1623 Elias,

503 1624 675 1680 operuit
697 1624 871 1667 vultum
893 1639 1022 1668 suum
1051 1625 1208 1682 pallio,
1236 1631 1278 1668 et
1305 1640 1507 1682 egressus
1531 1626 1656 1669 stetit
1684 1626 1732 1668 in
1754 1626 1866 1669 ostio
1892 1626 2144 1683 speluncae;
2172 1631 2216 1670 et
2240 1640 2343 1670 0000

503 1698 588 1726 vox
611 1683 667 1726 ad
691 1698 791 1726 eum
815 1684 994 1727 dicens:
1020 1685 1132 1735 Quid
1159 1685 1230 1727 1110
1252 1685 1369 1741 agis,
1395 1684 1527 1728 Elia?
1551 1686 1609 1728 Et
1630 1685 1707 1728 ille
1728 1685 1979 1742 respondit:
2002 1685 2037 1711 14
2050 1685 2154 1728 Zelo
2174 1685 2343 1729 zelatus

503 1757 600 1785 sum
630 1757 705 1799 pro
735 1743 926 1786 Domino
954 1745 1047 1786 Deo
1077 1744 1373 1800 exercituum,
1401 1745 1503 1801 quia
1530 1744 1860 1801 dereliquerunt
1891 1750 2074 1801 pactum
2107 1750 2235 1787 tuum
2263 1744 2342 1788 filii

504 1802 663 1856 Israel,
686 1802 846 1845 altaria
875 1808 952 1846 tua
981 1803 1311 1859 destruxerunt,
1343 1805 1580 1860 prophetas
1610 1809 1707 1847 tuos
1734 1804 1993 1848 occiderunt
2018 1804 2191 1861 gladio,
2221 1804 2342 1848 dere-

504 1861 633 1904 lictus
655 1875 752 1904 sum
779 1876 858 1918 ego
885 1862 1021 1918 solus,
1050 1867 1092 1905 et
1115 1868 1320 1918 quaerunt
1340 1863 1539 1905 animam
1564 1878 1711 1906 meam
1736 1868 1785 1906 ut
1809 1864 2018 1907 auferant
2043 1878 2154 1907 eam.

565 1920 599 1947 '¹5
619 1922 675 1963 Et
699 1921 762 1963 ait
789 1922 1007 1964 Dominus
1031 1922 1089 1964 ad
1114 1936 1241 1966 eum:
1264 1923 1411 1978 Vade,
1439 1928 1482 1966 et
1502 1928 1722 1966 revertere
1742 1923 1789 1965 in
1814 1923 1941 1966 viam·
1958 1928 2081 1966 tuam
2100 1937 2178 1980 per
2199 1923 2349 1967 deser-⁷

503 1985 598 2022 tum
623 1980 670 2022 in
701 1982 997 2037 Damascum,
1027 1995 1214 2037 cumque
1240 1982 1493 2038 perveneris
1517 1982 1646 2038 illuc,
1673 1997 1812 2038 unges
1840 1983 2011 2026 Hazael
2035 1997 2189 2039 regem
2213 1997 2347 2039 super

504 2039 701 2095 Syriam,
733 2039 766 2066 16
784 2045 828 2083 et
861 2040 998 2096 Jehu,
1033 2040 1175 2083 filium
1209 2041 1386 2097 Namsi,
1420 2056 1559 2097 unges
1592 2056 1742 2098 regem
1777 2057 1908 2099 super
1940 2043 2109 2098 Israel,
2145 2041 2343 2086 Eliseum

502 2104 671 2154 autem,
699 2098 840 2142 filium
871 2100 1058 2156 Saphat,
1085 2100 1158 2156 qui
1186 2105 1250 2143 est
1276 2101 1330 2144 de
1355 2101 1698 2157 Abel-Mehula,
1725 2116 1863 2157 unges
1893 2102 2157 2159 prophetam
2182 2116 2260 2159 pro
2285 2107 2340 2144 te.

507 2157 537 2184 17
559 2160 615 2201 Et
637 2158 739 2213 erit,
766 2159 1032 2215 quicumque
1054 2160 1223 2216 fugerit
1249 2160 1451 2216 gladium
1474 2161 1644 2204 Hazael
1658 2196 1666 2216 ,
1692 2161 1863 2205 occidet
1888 2176 1990 2204 eum
2012 2163 2040 2205 J
2046 2161 2156 2216 01111;
2183 2165 2227 2204 et
2248 2161 2340 2217 qui-

503 2232 690 2273 cumque
715 2218 884 2274 fugerit
908 2219 1111 2274 gladium
1137 2221 1163 2262 -J
1170 2220 1274 2275 ehu,
1301 2219 1537 2264 interficiet
1563 2235 1663 2264 eum
1690 2221 1876 2264 Eliseus.
1901 2221 1937 2248 ¹8
1956 2222 2013 2264 Et
2039 2220 2342 2276 derelinquam

503 2277 610 2319 mihi
640 2276 686 2318 in
713 2277 852 2321 Israel
877 2283 1048 2335 septem
1078 2278 1220 2321 millia
1246 2279 1460 2335 virorum,
1484 2294 1670 2336 quorum
1695 2295 1842 2336 genua
1867 2295 1954 2324 non
1981 2284 2084 2323 sunt
2108 2279 2340 2323 incurvata

501 2341 605 2379 ante
630 2336 760 2392 Baal,
788 2342 831 2380 et
853 2351 982 2381 omne
1005 2352 1050 2381 os
1074 2338 1188 2393 quod
1211 2353 1298 2381 11011
1324 2339 1528 2382 adoravit
1549 2354 1650 2382 eum
1674 2340 1877 2383 osculans
1903 2355 2097 2383 manum.

561 2395 598 2421 19
617 2396 852 2439 Profectus
880 2411 983 2453 ergo
1007 2397 1112 2440 inde
1138 2398 1262 2440 Elias
1283 2399 1445 2455 reperit
1468 2398 1680 2455 Eliseum,
1704 2399 1846 2442 filium
1871 2400 2050 2456 Saphat,
2072 2404 2274 2443 arantem
2293 2398 2340 2441 in

504 2455 738 2498 duodecim
771 2455 892 2512 jugis
922 2457 1077 2513 boum,
1110 2463 1153 2500 et
1180 2457 1275 2514 ipse
1303 2457 1350 2500 in
1381 2458 1616 2501 duodecim
1646 2459 1766 2515 jugis
1795 2459 1931 2502 boum
1963 2458 2194 2502 arantibus
2226 2471 2340 2500 unus

503 2520 627 2568 erat,
661 2528 849 2571 cumque
878 2517 1074 2560 venisset
1107 2516 1230 2559 Elias
1262 2517 1318 2560 ad
1355 2532 1476 2574 eum,
1508 2517 1631 2560 misit
1659 2518 1847 2575 pallium
1880 2533 2009 2561 suum
2038 2532 2171 2575 super
2196 2516 2339 2560 illum.

503 2572 540 2600 '²0
564 2574 646 2624 Qui
679 2574 832 2616 statim
861 2575 1029 2618 relictis
1059 2575 1200 2619 bobus
1231 2577 1426 2619 cucurrit
1458 2582 1557 2634 post
1591 2578 1760 2633 Eliam,
1795 2582 1838 2621 et
1869 2578 1934 2621 ait
1970 2595 1978 2622 :
2013 2577 2208 2633 Osculer,
2243 2591 2343 2632 oro,

504 2639 673 2690 patrem
704 2648 853 2677 meum
876 2640 919 2678 et
945 2641 1134 2679 matrem
1156 2650 1323 2691 meam,
1349 2641 1392 2679 et
1413 2636 1478 2680 sic
1506 2651 1664 2692 sequar
1692 2642 1748 2680 te.
1781 2636 1995 2693 Dixitque
2017 2636 2056 2680 ei
2084 2653 2092 2680 :
2124 2636 2273 2691 Vade,
2296 2640 2339 2679 et

503 2698 740 2748 revertere,
765 2693 881 2750 quod
905 2694 1024 2738 enim
1050 2709 1199 2738 meum
1221 2700 1315 2739 erat
1337 2695 1427 2738 feci
1451 2695 1548 2739 tibi.
1580 2695 1614 2722 2¹
1637 2697 1854 2740 Reversus
1875 2702 2027 2740 autem
2049 2695 2106 2738 ab
2133 2709 2204 2751 eo,
2235 2694 2338 2737 tulit

503 2766 581 2808 par
608 2752 764 2809 boum,
796 2758 839 2796 et
872 2754 1089 2797 mactavit
1116 2755 1250 2811 illud,
1282 2759 1326 2798 et
1357 2754 1403 2797 in
1433 2760 1579 2799 aratro
1610 2755 1746 2799 boum
1777 2755 1898 2798 coxit
1928 2769 2102 2810 carnes,
2138 2759 2182 2798 et
2218 2753 2339 2798 dedit

503 2811 685 2878 populo,
709 2818 764 2913 let
799 2813 1113 2869 comederunt,
1145 2827 1504 2870 consurgensque
1537 2814 1669 2871 abiit,
1704 2819 1748 2858 et
1780 2821 1956 2858 secutus
1990 2819 2056 2859 est
2089 2813 2258 2870 Eliam,
2295 2817 2338 2856 et

503 2870 704 2913 ministra
724 2878 787 2914 iat
808 2871 861 2914 ei.

919 2996 942 3049 ξ
964 2994 1026 3037 Π.
1053 3021 1113 3026 -
1132 2995 1294 3038 Achab
1318 2995 1384 3039 bis
1407 2997 1546 3039 victor
1569 2996 1621 3039 de
1641 3010 1739 3052 reqe
1763 2995 1919 3051 Syriae.

562 3107 669 3151 CAP.
693 3108 793 3150 XX.
819 3134 878 3141 --
907 3108 920 3133 ¹
942 3109 1075 3152 Porro
1107 3110 1343 3166 Benadad,
1365 3125 1442 3154 rex
1469 3110 1629 3167 Syriae,
1660 3110 1952 3166 congregavit
1974 3125 2152 3154 omnem
2174 3111 2343 3154 exerci-

504 3174 597 3208 tum
620 3180 762 3221 suum,
790 3172 833 3209 et
851 3167 1036 3223 triginta
1059 3168 1168 3212 duos
1188 3183 1316 3225 reges
1338 3184 1503 3225 secum,
1523 3175 1567 3213 et
1584 3183 1716 3226 equos
1740 3175 1783 3212 et
1804 3183 1981 3224 currus3
2009 3175 2053 3213 et
2073 3169 2337 3224 ascendens,

504 3224 735 3281 pugnabat
765 3231 916 3269 contra
949 3227 1218 3284 Samariam,
1247 3233 1290 3272 et
1319 3228 1553 3272 obsidebat
1579 3243 1690 3272 eam.
1721 3227 1738 3254 2
1763 3228 2036 3284 Mittensque
2069 3228 2248 3272 nuntios
2280 3227 2337 3271 ad
2394 3231 2410 3286 ’1

504 3284 676 3339 Achab,
698 3298 850 3340 regem
872 3286 1023 3342 Israel,
1050 3287 1096 3329 in
1120 3287 1364 3344 civitatem,
1387 3287 1405 3314 3
1421 3287 1486 3331 ait
1512 3304 1520 3332 :
1546 3288 1660 3331 Haec
1683 3287 1793 3331 dicit
1816 3288 2029 3331 Benadad
2055 3304 2065 3333 :
2087 3288 2338 3343 Argentum

505 3349 630 3385 tuum
660 3348 703 3386 et
730 3357 887 3385 aurum
917 3349 1044 3388 tuum
1074 3360 1223 3390 meum
1251 3352 1344 3402 est3
1378 3352 1422 3391 et
1453 3361 1611 3391 uxores
1639 3351 1729 3389 tuae
1758 3352 1801 3390 et
1834 3346 1914 3390 filii
1944 3346 2009 3390 tui
2039 3346 2216 3404 optimi,
2251 3344 2337 3389 mei

505 3408 620 3444 sunt.
655 3401 671 3428 1
699 3403 1028 3459 Responditque
1061 3419 1138 3448 rex
1168 3405 1307 3450 Israel
1336 3423 1344 3450 :
1379 3407 1520 3449 Juxta
1548 3405 1734 3449 verbum
1762 3410 1911 3462 tuum,
1942 3405 2122 3449 domine
2150 3405 2211 3448 mi
2240 3418 2335 3460 1οΧ,

505 3467 605 3503 tuus
635 3475 733 3504 sum
767 3475 869 3518 ego,
900 3467 944 3505 et
974 3464 1122 3506 omnia
1153 3479 1265 3508 mea.
1312 3465 1329 3492 ⁵
1356 3466 1732 3521 Revertentesque
1765 3465 1911 3508 nuntii
1942 3465 2151 3508 dixerunt
2184 3481 2193 3508 ε
2224 3465 2343 3507 Haec
2406 3459 2422 3523 f,

505 3519 615 3562 dicit
638 3520 870 3578 Benadad,
894 3521 968 3578 qui
991 3522 1113 3565 misit
1138 3537 1217 3567 nos
1238 3523 1295 3567 ad
1317 3529 1361 3567 te
1389 3541 1398 3569 :
1430 3525 1681 3580 Argentum
1703 3528 1850 3581 tuum,
1874 3529 1919 3568 et
1942 3537 2102 3567 aurum
2121 3528 2268 3578 tuum,
2291 3524 2334 3564 et

505 3664 552 3697 14]
572 3664 665 3691 Rom.
685 3664 746 3700 XI,
763 3667 789 3693 3.
807 3679 843 3684 —
862 3665 908 3699 16]
929 3664 979 3695 IV,
994 3664 1077 3698 Reg.
1098 3665 1158 3701 IX,
1177 3668 1202 3694 2.
1222 3681 1258 3686 —
1275 3668 1322 3701 18]
1342 3667 1438 3695 Rom.
1456 3667 1518 3700 XI,
1537 3669 1564 3696 4.
