2391 3861
176 2399 300 2428 Paulus

132 2443 272 2477 navigat
303 2442 336 2471 in

165 2487 308 2516 Italiam.

138 2982 333 3015 Tempestas

141 3028 177 3055 et
197 3026 331 3073 naufra-

186 3076 289 3103 grum.

434 141 541 183 1244
919 137 1029 180 ACT.
1065 135 1242 188 XXVI,
1281 137 1334 177 14
1366 161 1424 168 ——
1454 137 1660 191 XXVII,
1697 139 1763 180 12.

429 309 575 352 media
608 309 652 350 in
678 309 752 349 via
784 307 896 361 vidi,
927 320 1025 361 rex,
1057 305 1112 348 de
1145 306 1257 348 caelo
1292 319 1422 361 supra
1455 305 1735 361 splendorem
1768 307 1872 349 solis
1906 307 2254 353 cir-cumliulsisse

427 382 498 410 me
523 367 692 421 lumen,
721 371 765 408 et
789 379 861 408 eos
887 365 959 420 qui
987 378 1160 407 mecum
1185 364 1317 407 simul
1342 369 1481 406 erant.
1510 363 1544 390 1'2
1567 364 1818 420 Omnesque
1843 379 1921 408 nos
1944 379 2044 409 cum
2067 367 2254 411 decidis-

427 441 574 470 ¹semus
598 426 643 468 in
670 431 852 480 terram,
882 423 1033 466 audivi
1060 437 1215 466 vocem
1240 423 1494 478 loquentem
1519 423 1628 466 mihi
1653 423 1862 467 hebraica
1888 424 2042 480 lingua
2067 441 2076 468 :
2103 426 2254 482 Saule,

427 486 578 540 Saule,
607 484 712 540 quid
742 498 812 526 me
841 482 1148 539 persequeris?
1178 484 1349 525 Durum,
1373 482 1546 525 est-tibi
1573 488 1726 525 contra
1754 483 1988 526 stimulum
2009 483 2254 529 calcitrare⁸

431 545 464 571 ¹5
482 545 580 599 Ego
605 548 753 586 autern
784 542 902 585 dixi:
930 541 1035 591 Quis
1065 555 1130 596 es,
1167 541 1390 584 Domine?
1422 541 1639 584 Dominus
1672 547 1825 585 autem
1857 541 1972 585 dixit
1997 559 2005 586 :
2032 542 2128 598 Ego
2157 557 2255 587 sum

427 604 580 657 JeSUS,
600 616 730 658 quem
752 607 799 644 tu
825 600 1110 657 persequeris.
1131 600 1163 627 ¹6
1182 601 1266 644 Sed
1285 614 1470 656 exurge,
1493 605 1538 643 et
1562 605 1631 643 sta
1652 615 1782 657 super
1799 601 1933 658 pedes
1956 606 2077 653 tu0s;
2097 601 2154 644 ad
2172 601 2260 646 hoe

426 662 546 705 enim
577 661 763 718 apparui
797 660 900 707 tibi,
935 665 983 702 ut
1016 660 1283 702 constituam
1317 664 1361 702 te
1394 659 1668 714 ministrum,
1697 665 1742 703 et
1774 665 1932 704 testem
1976 674 2125 704 eorum
2157 674 2256 716 quae

426 720 599 775 vidisti,
626 725 669 763 et
698 734 848 763 eorum
873 719 1031 775 quibus
1057 719 1279 776 apparebo
1308 718 1411 774 tibi,
1440 718 1473 744 ¹⁷
1493 719 1681 776 eripiens
1707 724 1752 762 te
1782 719 1838 762 de
1865 720 2050 777 populo,
2077 724 2120 763 et
2151 734 2255 776 gen-

424 780 545 822 tibus
577 779 625 821 in
657 793 766 835 quas
798 793 915 822 nunc
952 793 1034 834 ego
1067 778 1197 821 mitto
1230 784 1293 834 te,
1331 777 1364 804 ¹8
1388 778 1558 834 aperire
1592 778 1744 828 oculos
1781 793 1952 835 eorum,
1992 784 2041 821 ut
2077 792 2258 824 conver>-

425 845 577 882 tantur
599 853 627 881 a
650 838 844 881 tenebris
869 837 926 880 ad
960 838 1127 893 lucem,
1156 843 1200 881 et
1229 838 1285 880 de
1309 842 1529 893 potestate
1559 838 1736 881 Satanae
1763 838 1821 880 ad
1855 839 2024 893 Deum3
2060 843 2110 881 ut
2140 839 2257 882 acci-

423 898 551 955 piant
574 897 879 940 remissionem
902 902 1199 953 peccatorum,
1220 902 1263 940 et
1287 901 1448 940 sortem
1470 896 1586 939 inter
1610 902 1802 952 sanctos,
1820 911 1897 954 per
1917 897 2052 940 fidem
2069 911 2171 954 quae
2191 904 2259 942 est

422 958 469 999 in
495 972 581 1000 me.

486 1016 524 1043 '¹9
539 1016 690 1071 Unde,
718 1030 793 1059 rex
813 1016 1034 1072 Agrippa,
1061 1030 1149 1058 non
1173 1014 1241 1058 fui
1267 1014 1522 1058 incredulus
1541 1015 1710 1059 caelesti
1728 1015 1889 1059 visioni
1906 1033 1915 1070 3
1943 1014 1981 1042 2⁰
1998 1015 2074 1059 sed
2096 1016 2166 1060 his
2182 1016 2258 1072 qui

423 1080 526 1119 sunt
550 1076 759 1118 Damasci.
785 1075 998 1132 primum,
1023 1080 1065 1117 et
1083 1075 1112 1117 J
1115 1074 1386 1130 erosolymis,
1414 1080 1458 1117 et
1482 1074 1528 1117 in
1554 1089 1731 1118 omnem
1753 1075 1979 1131 regionem
2000 1075 2191 1131 Judaeae,
2213 1081 2261 1118 et

424 1135 635 1191 gentibus
674 1134 998 1177 annuntiabam
1035 1139 1085 1176 ut
1120 1133 1432 1190 poenitentiam
1469 1139 1676 1190 agerent,
1716 1139 1760 1177 et
1800 1139 2164 1178 converterentur
2198 1134 2258 1178 ad

428 1196 591 1249 Deum,
616 1194 753 1250 digna
777 1193 1052 1250 poenitentiae
1080 1207 1211 1249 opera
1229 1193 1461 1236 facientes.
1485 1193 1519 1219 “2¹
1541 1194 1640 1236 Hac
1659 1208 1714 1236 ex
1732 1208 1865 1237 causa
1883 1208 1954 1237 me
1973 1195 2002 1237 J
2005 1193 2134 1249 udaei,
2155 1208 2257 1238 cum

424 1268 566 1297 essem
594 1253 641 1296 in
670 1254 856 1310 templo,
881 1254 1246 1309 comprehensum
1273 1252 1508 1295 tentabant
1535 1253 1796 1296 interficere.
1827 1252 1865 1279 ”²2
1889 1252 2072 1296 Auxilio
2106 1258 2258 1297 autem

423 1313 606 1368 adjutus
630 1313 733 1368 Dei,
758 1327 893 1368 usque
922 1312 966 1354 in
992 1312 1255 1355 hodiernum
1281 1311 1400 1354 diem
1428 1318 1515 1368 sto,
1543 1312 1786 1355 testificans
1813 1312 1974 1356 minori
2001 1317 2134 1368 atque
2164 1327 2259 1355 ma—

423 1372 528 1429 jori,
552 1372 664 1415 nihil
687 1378 810 1415 extra
834 1372 984 1415 dicens
1011 1386 1141 1427 quam
1168 1385 1219 1413 ea
1245 1386 1342 1427 quae
1365 1371 1591 1428 prophetae
1614 1371 1751 1414 locuti
1776 1377 1881 1415 sunt
1905 1373 2060 1415 futura
2085 1386 2194 1425 esse,
2212 1376 2258 1416 et

424 1432 599 1488 Moyses
622 1449 630 1475 ε
654 1430 690 1457 93
709 1432 745 1474 si
780 1431 1003 1488 passibilis
1029 1431 1249 1486 Christus,
1273 1431 1310 1473 si
1340 1431 1508 1486 primus
1533 1444 1587 1473 ex
1612 1431 1932 1475 resurrectione
1964 1435 2257 1488 mortuorum,

424 1491 574 1534 lumen
598 1491 941 1534 annuntiaturus
966 1495 1032 1534 est
1053 1490 1214 1547 populo
1242 1495 1284 1533 et
1306 1490 1527 1546 gentibus.

483 1549 519 1576 ‘24
538 1551 653 1593 Haec
678 1550 885 1606 loquente
912 1564 982 1606 οο,
1007 1555 1050 1593 et
1074 1549 1293 1592 rationem
1317 1549 1551 1605 reddente,
1586 1550 1745 1593 Festus
1776 1565 1940 1606 magna
1970 1565 2077 1594 voce
2107 1551 2222 1595 dixit-
2245 1568 2256 1594 :

424 1610 620 1666 Insanis,
645 1610 808 1665 Paule;
838 1610 992 1652 multae
1019 1614 1062 1652 te
1088 1609 1247 1651 litterae
1273 1609 1329 1652 ad
1355 1609 1575 1651 insaniam
1602 1615 1881 1653 convertunt.
1908 1609 1944 1636 ‘²5
1970 1611 2029 1654 Et
2054 1610 2219 1654 Paulus
2246 1627 2255 1654 ε

425 1670 524 1712 Non
561 1669 754 1725 insanio,
792 1669 956 1725 inquit,
999 1668 1165 1725 optime
1204 1669 1361 1722 Feste3
1402 1668 1478 1711 sed
1516 1668 1715 1711 veritatis
1752 1673 1796 1711 et
1832 1669 2086 1712 sobrietatis
2120 1669 2258 1712 verba

423 1728 588 1784 loquor.
606 1727 642 1755 2⁶
662 1729 752 1771 Scit
774 1729 893 1772 enim
920 1728 1063 1771 dehis
1088 1742 1177 1783 rex,
1201 1728 1259 1771 ad
1281 1742 1410 1783 quem
1437 1733 1480 1770 et
1502 1733 1755 1771 constanter
1780 1728 1956 1784 loquor;
1979 1728 2117 1772 latere
2136 1728 2255 1772 enim

425 1802 525 1831 cum
575 1788 687 1830 nihil
731 1788 887 1831 horum
927 1787 1134 1842 arbitror,
1178 1801 1320 1842 neque
1360 1787 1479 1829 enim
1520 1787 1567 1829 in
1607 1787 1771 1842 angulo
1812 1787 2054 1844 quidquam
2097 1788 2256 1832 horum

424 1853 598 1902 gestum
621 1853 699 1890 est.
722 1846 757 1873 ‘²⁷
778 1847 947 1902 Credis,
968 1860 1045 1889 rex
1062 1846 1277 1902 Agrippa,
1298 1846 1556 1902 prophetis?
1583 1846 1682 1890 Scio
1705 1847 1808 1902 quia
1831 1847 1988 1890 credis.
2003 1846 2039 1873 ‘²⁸
2054 1847 2256 1904 Agrippa

423 1913 572 1950 autem
604 1907 660 1950 ad
692 1907 881 1949 Paulum
907 1924 915 1951 :
946 1906 1001 1948 In
1034 1905 1207 1948 modico
1237 1905 1395 1948 suades
1429 1920 1499 1948 me
1530 1906 1824 1949 christianum
1856 1907 1964 1949 fieri.
1987 1905 2023 1932 29
2050 1907 2108 1949 Et
2141 1906 2255 1950 Pau-

424 1966 491 2008 lus
517 1983 526 2010 ;
553 1966 666 2023 Opto
691 1966 809 2022 apud
839 1968 1002 2020 Deum,
1030 1970 1073 2008 et
1101 1962 1147 2007 in
1177 1964 1351 2007 modico
1382 1969 1426 2007 et
1457 1964 1504 2007 in
1538 1979 1726 2020 magno,
1754 1979 1842 2008 non
1871 1971 2049 2009 tantum
2078 1970 2144 2021 te,
2178 1965 2256 2010 sed

423 2025 556 2068 etiam
579 2039 731 2068 omnes
753 2025 826 2080 qui
851 2025 1051 2080 audiunt,
1075 2023 1206 2066 hodie
1228 2023 1319 2066 fieri
1342 2023 1456 2066 tales
1476 2024 1620 2079 qualis
1642 2029 1686 2067 et
1708 2038 1790 2080 ego
1813 2039 1924 2081 sum,
1945 2025 2146 2081 exceptis
2159 2025 2256 2068 vin-

423 2085 532 2127 culis
557 2085 638 2128 his.
2222 2097 2225 2100 ·

479 2143 517 2171 3⁰
543 2145 599 2186 Et
624 2143 850 2188 exurrexit
878 2157 974 2199 rex,
1002 2148 1045 2187 et
1074 2158 1258 2200 praeses,
1282 2147 1326 2186 e't
1353 2143 1561 2199 Bernicc,
1588 2148 1633 2186 et
1659 2143 1731 2198 qui
1756 2142 2013 2186 assidebant
2039 2143 2115 2187 eis.
2142 2142 2175 2170 3¹
2197 2144 2257 2188 Et

422 2217 522 2245 cum
548 2204 852 2258 secessissent,
876 2202 1168 2258 loquebantur
1189 2203 1246 2245 ad
1272 2203 1485 2257 invicem,
1507 2202 1705 2245 dicentes
1728 2219 1738 2246 ε
1757 2202 1868 2252 Quia
1887 2201 2000 2246 nihil
2019 2208 2159 2246 morte
2176 2209 2255 2246 aut

422 2262 610 2306 vinculis
638 2263 823 2319 dignum
845 2262 950 2318 quid
973 2263 1084 2306 fecit
1110 2263 1240 2305 homo
1265 2262 1364 2306 iste.
1387 2261 1424 2289 3²
1442 2261 1643 2319 Agrippa
1669 2267 1818 2305 autem
1844 2262 1978 2305 Festo
2001 2261 2116 2305 dixit
2139 2279 2148 2306 ε
2177 2263 2254 2305 Di-

423 2322 539 2364 mitti
562 2327 734 2378 poterat
752 2323 886 2367 homo
910 2322 1002 2375 hic,
1025 2322 1061 2364 si
1084 2336 1173 2365 non
1197 2322 1466 2378 appellasset
1492 2323 1726 2366 Caesarem.

483 2383 589 2426 CAP.
615 2382 813 2425 XXVII.
839 2408 897 2414 -—
922 2381 933 2407 ²
955 2383 1016 2425 Ut
1047 2387 1197 2425 autem
1223 2381 1475 2437 judicatum
1496 2387 1560 2424 est
1599 2380 1810 2436 navigare
1844 2395 1944 2424 eum
1973 2380 2020 2423 in
2050 2380 2252 2436 Italiam,

421 2446 465 2484 et
486 2441 601 2485 tradi
628 2441 817 2484 Paulum
840 2456 941 2483 cum
965 2441 1146 2496 reliquis
1172 2440 1384 2484 custodiis
1411 2440 1679 2494 centurioni,
1707 2440 1885 2483 nomine
1908 2439 2043 2494 Julio,
2063 2440 2254 2483 cohortis

423 2503 659 2557 Augustae,
677 2500 701 2526 ,a
716 2500 1006 2543 ascendentes
1034 2515 1191 2543 navem
1218 2499 1583 2555 Adrumetinam,
1608 2499 1871 2555 incipientes
1897 2499 2108 2554 navigare
2136 2499 2253 2542 circa

422 2560 543 2603 Asiae
581 2559 700 2616 loca,
741 2560 1019 2614 sustulimus,
1062 2564 1372 2615 perseverant-e
1414 2559 1645 2602 nobiscum
1683 2558 1943 2602 Aristarcho
1984 2558 2252 2615 Macedone,

422 2619 822 2663 Thessalonicensi.
858 2619 875 2646 3
905 2619 1112 2674 Sequenti
1153 2624 1302 2662 autem
1340 2618 1435 2674 die,
1475 2618 1734 2661 devenimus
1776 2617 1985 2661 Sidonem
2008 2635 2017 2673 3
2043 2618 2254 2662 humane

422 2684 571 2722 autem
608 2684 804 2722 tractans
841 2679 988 2721 Julius
1022 2678 1233 2734 Paulum,
1271 2678 1472 2734 permisit
1505 2677 1561 2720 ad
1598 2677 1765 2721 amicos
1802 2677 1884 2733 ire,
1923 2682 1967 2720 et
1999 2691 2151 2720 curam
2186 2676 2253 2720 sui

422 2753 565 2794 agere.
592 2738 609 2765 4
628 2740 685 2782 Et
712 2738 816 2781 inde
842 2752 943 2781 cum
968 2737 1318 2792 sustulissemus,
1346 2736 1744 2793 subnavigavimus
1775 2736 1991 2793 Cyprum,
2023 2740 2253 2793 propterea

423 2797 538 2853 quod
562 2803 708 2842 essent
725 2797 847 2840 venti
865 2796 1087 2840 contrarii.
1107 2797 1124 2824 ⁵
1143 2798 1201 2839 Et
1219 2797 1406 2853 pelagus
1423 2796 1594 2840 Ciliciae
1614 2801 1657 2839 et
1677 2795 1955 2852 Pamphyliae
1974 2795 2251 2851 navigantes

423 2857 625 2900 venimus
659 2859 887 2913 Lystram,
922 2871 1019 2912 quae
1055 2861 1120 2899 est
1158 2856 1339 2912 Lyciae3
1375 2856 1392 2882 0
1419 2861 1462 2898 et
1496 2855 1560 2898 ibi
1593 2855 1826 2899 inveniens
1861 2854 2058 2899 centurio
2092 2867 2252 2897 navem

423 2916 776 2960 Alexandrinam
801 2916 1089 2971 navigantem
1113 2916 1159 2958 in
1187 2915 1391 2972 Italiam,
1418 2914 1690 2971 transposuit
1715 2928 1797 2958 nos
1818 2914 1864 2956 in
1887 2928 1999 2958 eam.

482 2975 496 3001 ⁷
525 2976 583 3018 Et
612 2990 713 3019 cnm
739 2976 890 3018 multis
916 2975 1072 3019 diebus
1098 2975 1222 3018 tarde
1247 2975 1582 3030 navigaremus,
1610 2979 1654 3017 et
1683 2973 1759 3016 vix
1786 2973 2115 3017 devenissemus
2149 2986 2251 3016 con-

423 3040 490 3078 tra
516 3035 733 3091 Gnidum,
757 3035 1017 3092 prohibente
1044 3048 1121 3077 nos
1153 3039 1305 3089 vento,
1332 3033 1705 3089 adnavigavimus
1733 3032 1897 3088 Cretae,
1923 3032 2052 3089 juxta
2084 3030 2252 3074 Salmo-

423 3108 537 3138 nem.
561 3094 577 3121 8
598 3096 654 3137 Et
678 3095 753 3137 vix
779 3094 909 3150 juxta
931 3094 1213 3149 navigantes,
1243 3093 1443 3136 venimus
1468 3093 1514 3135 in
1537 3092 1682 3136 locum
1706 3092 1956 3148 quemdam,
1975 3089 2048 3146 qui
2069 3095 2253 3133 vocatur

425 3153 711 3211 Boniportus,
754 3153 826 3196 cui
861 3153 989 3209 juxta
1031 3158 1124 3196 erat
1168 3153 1326 3196 civitas
1363 3152 1590 3196 Thalassa.
1630 3151 1648 3178 0
1682 3152 1824 3194 Multo
1863 3155 2013 3194 autem
2054 3154 2251 3206 tempore

423 3218 622 3270 peracto,
644 3219 687 3256 et
714 3227 813 3256 cum
838 3213 931 3268 jam
960 3227 1048 3256 non
1074 3218 1190 3256 esset
1218 3217 1314 3255 tut-a
1343 3211 1594 3267 navigatio,
1620 3225 1670 3255 eo
1696 3210 1813 3266 quod
1839 3215 1884 3253 et
1907 3208 2128 3265 jejunium
2157 3209 2251 3264 jam

424 3272 729 3329 praeteriisset,
756 3272 1067 3315 consolabatur
1091 3286 1164 3315 eos
1188 3271 1370 3327 Paulus,
1396 3270 1430 3297 ¹⁰
1448 3271 1599 3314 dicens
1621 3270 1683 3314 eis
1708 3287 1717 3313 z
1744 3268 1861 3324 Viri,
1887 3267 2018 3312 video
2041 3268 2251 3323 quoniam

423 3345 524 3375 cum
549 3331 714 3388 injuria
740 3337 783 3375 et
807 3331 949 3374 multo
973 3331 1155 3387 damno,
1186 3345 1275 3375 non
1300 3331 1444 3374 solum
1469 3330 1615 3374 oneris
1638 3335 1682 3374 et
1706 3327 1857 3383 naviS,
1885 3326 1963 3370 sed
1989 3327 2124 3370 etiam
2154 3327 2248 3371 ani-

425 3405 595 3434 marum
624 3396 893 3446 nostrarum,
924 3391 1081 3447 incipit
1105 3405 1199 3434 esse
1227 3390 1470 3446 navigatio.
1498 3389 1530 3416 ¹¹
1551 3387 1759 3432 Centurio
1784 3391 1935 3430 autem
1961 3386 2248 3443 gubernatori

424 3458 466 3492 et
491 3450 698 3494 nauclero
720 3450 861 3506 magis
884 3450 1111 3505 credebat,
1135 3464 1268 3505 quam
1293 3449 1360 3492 his
1382 3463 1482 3505 quae
1501 3463 1528 3491 a
1553 3447 1691 3492 Paulo
1714 3446 1986 3490 dicebantur.
2019 3445 2052 3472 ¹²
2070 3447 2128 3490 Et
2145 3460 2247 3491 cum

423 3515 551 3564 aptus
577 3514 729 3565 portus
752 3523 839 3553 non
861 3514 975 3553 esset
995 3509 1054 3553 ad
1077 3507 1377 3564 hiemandum,
1401 3506 1580 3565 plurimi
1602 3508 1852 3562 statuerunt
1869 3504 2105 3550 consilium
2122 3504 2249 3550 navi-

424 3654 473 3687 20]
491 3654 567 3686 sup.
586 3655 672 3682 X111
692 3659 725 3682 ct
745 3656 833 3683 XIV.
850 3667 885 3673 —·
902 3655 950 3688 21]
969 3654 1046 3687 Sul).
1065 3654 1161 3688 XXI,
1174 3657 1218 3683 31.
1238 3669 1274 3673 —
1291 3655 1319 3687 2]
1338 3654 1415 3687 Sup.
1434 3653 1534 3681 XIX.
1552 3654 1587 3680 29
1601 3655 1636 3680 et
1655 3651 1735 3683 XX,
1753 3655 1778 3679 4.
