2456 3861
189 1094 402 1123 Adulterium

193 1146 267 1167 cum
294 1140 395 1167 Beth—

240 1185 286 1211 sal
293 1190 346 1212 ›ee.

191 1798 281 1826 Mors
301 1797 396 1826 Uriae.

489 142 573 185 296
1057 142 1107 183 ΙΙ
1140 143 1253 184 REG.
1287 142 1350 195 X,
1387 142 1441 184 18
1473 167 1532 173 —
1563 142 1653 196 XI,
1686 142 1753 184 21.

486 312 741 354 direxerunt
772 310 914 352 aciem
946 310 1041 365 Syri
1076 324 1130 352 ex
1162 309 1349 352 adverso
1380 309 1548 363 David,
1580 315 1623 352 et
1656 315 1967 366 pugnaverunt
1999 315 2151 353 contra
2187 326 2317 366 eum3

488 370 521 396 ¹⁸
538 371 837 424 fugeruntque
861 368 956 424 Syri
978 383 1004 410 a
1029 368 1148 411 facie
1174 369 1334 422 Israel,
1362 374 1405 411 et
1431 368 1594 411 occidit
1621 368 1768 411 David
1795 368 1849 411 de
1873 368 1991 424 Syris
2017 369 2320 425 septingentos

485 442 634 470 currus
668 433 711 470 et
743 427 1038 483 quadraginta
1069 427 1211 469 millia
1237 427 1460 483 equitum;
1490 433 1533 470 et
1557 427 1729 471 Sobach
1754 427 2001 484 principem
2027 426 2200 470 militiae
2225 443 2320 485 per-

484 486 640 540 cussit,
679 486 752 541 qui
789 486 943 528 statim
984 492 1181 529 mortuus
1219 492 1300 531 est.
1342 486 1377 512 ¹9
1402 487 1616 530 Videntes
1657 492 1808 529 autem
1845 485 2039 529 universi
2079 500 2204 541 reges
2248 487 2321 542 qui

483 551 607 587 erant
627 545 675 587 in
700 545 906 602 praesidio
932 545 1155 588 Adarezer
1179 560 1226 588 se
1250 546 1392 589 victos
1418 560 1512 589 esse
1537 545 1593 588 ab
1628 545 1789 599 Israel,
1817 550 2092 602 expaverunt
2117 550 2160 588 et
2192 545 2321 601 fuge-

481 608 584 646 runt
609 604 932 660 quinquaginta
965 610 1008 647 et
1041 609 1138 648 octo
1173 605 1316 647 millia
1342 619 1489 648 coram
1525 604 1677 648 Israel.
1706 606 1765 647 Et
1797 604 2004 648 fecerunt
2031 618 2188 660 pacem
2222 619 2324 647 cum

482 663 642 717 Israel,
669 668 712 706 et
736 663 982 706 servierunt
1008 664 1094 720 eis3
1122 664 1454 720 timueruntque
1483 664 1580 720 Syri
1610 663 1830 706 auxilium
1855 665 2052 722 praebere
2078 662 2195 705 ultra
2220 663 2323 706 filiis

480 724 690 765 Ammon.

738 843 902 887 SECTIO
938 845 1000 887 ΙΙ.
1026 871 1085 876 -
1116 845 1372 888 PEOCATUM
1407 845 1564 887 DAer
1599 856 1802 892 EJUSQUE
1837 855 2055 892 SEQUELAE

963 967 987 1024 ξ
1022 967 1057 1010 Ι.
1087 993 1146 998 -
1177 967 1376 1010 Davidis
1409 967 1571 1022 duplex
1593 973 1837 1023 peccatum.

538 1081 645 1124 CAP.
672 1082 755 1125 XI.
774 1108 833 1114 —
858 1081 870 1107 1
889 1083 1079 1124 Factum
1105 1087 1171 1125 est
1195 1087 1367 1137 autem,
1389 1086 1587 1124 vertente
1609 1095 1746 1136 anno,
1774 1095 1824 1124 eo
1850 1086 2048 1138 tempore
2073 1095 2158 1137 quo
2180 1081 2323 1124 solent

478 1154 603 1195 reges
625 1140 682 1183 ad
704 1140 822 1184 bella
848 1140 1104 1197 procedere,
1129 1141 1251 1183 misit
1275 1140 1422 1183 David
1450 1141 1636 1195 Joab,et
1660 1154 1807 1184 servos
1834 1154 1934 1183 suos
1958 1154 2059 1182 cum
2085 1154 2149 1195 eo,
2165 1143 2209 1182 et
2227 1141 2320 1183 uni-

479 1214 655 1242 versum
682 1199 841 1253 Israel,
869 1204 911 1242 et
933 1205 1222 1242 vastaverunt
1247 1200 1361 1242 filios
1385 1201 1595 1255 Ammon,
1615 1204 1658 1242 et
1681 1199 1948 1242 obsederunt
1972 1198 2152 1254 Rabba3
2175 1199 2323 1242 David

479 1263 629 1301 autem
653 1259 866 1301 remansit
890 1258 936 1300 in
963 1259 1229 1302 Jerusalem.
1256 1258 1273 1284 ‘2
1293 1260 1411 1302 Dum
1437 1259 1535 1302 haec
1560 1263 1810 1315 agerentur,
1845 1258 2012 1301 accidit
2043 1263 2093 1300 ut
2125 1264 2323 1314 surgeret

481 1317 629 1360 David
663 1317 717 1360 de
753 1322 891 1360 strato
927 1332 1005 1361 suo
1043 1323 1142 1374 post
1178 1318 1431 1373 meridiem,
1468 1323 1511 1361 et
1548 1317 1856 1361 deambularet
1886 1317 1934 1360 in
1970 1317 2130 1360 solario
2166 1317 2322 1361 domus

478 1376 638 1432 regiae3
666 1376 866 1432 viditque
888 1377 1121 1420 mulierem
1147 1392 1193 1420 se
1219 1377 1446 1421 lavantem
1473 1392 1528 1420 ex
1553 1377 1738 1420 adverso
1764 1391 1895 1434 super
1920 1376 2133 1420 solarium
2162 1391 2291 1419 suum
2312 1394 2321 1432 3

479 1440 573 1478 erat
596 1440 748 1478 autem
773 1435 932 1479 mulier
957 1436 1141 1493 pulchra
1164 1436 1309 1480 valde.
1333 1436 1351 1463 3
1366 1437 1491 1479 Misit
1518 1451 1621 1492 ergo
1646 1451 1743 1491 reX,
1769 1441 1811 1479 et
1835 1435 2067 1491 requisivit
2085 1450 2183 1492 quae
2209 1441 2324 1479 esset

480 1494 661 1549 mulier-3
700 1495 1043 1551 nuntiatumque
1081 1501 1146 1539 est
1184 1496 1223 1538 ei
1261 1496 1377 1552 quod
1413 1496 1510 1552 ipsa
1554 1501 1668 1539 esset
1711 1495 1981 1550 Bethsabee,
2015 1494 2108 1538 filia
2152 1495 2322 1551 Eliam,

481 1567 589 1596 uxor
622 1554 744 1597 Uriae
779 1554 974 1598 Hethaei,
1002 1554 1184 1597 4Missis
1217 1555 1369 1610 itaque
1404 1555 1551 1597 David
1585 1555 1775 1610 nuntiis,
1806 1554 1911 1597 tulit
1941 1569 2052 1598 eam.
2080 1554 2188 1604 Quae
2222 1569 2324 1597 cum

477 1613 676 1668 ingressa
702 1618 816 1656 esset
847 1613 905 1656 ad
933 1613 1083 1668 illum,
1111 1613 1322 1656 dormivit
1352 1629 1453 1657 cum
1480 1629 1559 1668 03;
1592 1614 1833 1669 statimque
1866 1613 2146 1657 sanctificata
2176 1620 2242 1657 est
2265 1614 2322 1656 ab

478 1672 764 1715 immunditia
801 1686 902 1726 sua,
937 1672 954 1698 ⁵
979 1677 1022 1715 et
1054 1687 1229 1716 reversa
1263 1679 1329 1716 est
1368 1673 1415 1715 in
1453 1673 1634 1716 domum
1667 1687 1795 1715 suam
1829 1677 2043 1729 concepto
2076 1673 2190 1716 fetu.
2217 1673 2322 1716 Mit-

479 1736 662 1786 tensque
687 1731 913 1773 nuntiavit
939 1731 1108 1787 David,
1136 1737 1178 1774 et
1203 1732 1268 1775 ait
1292 1749 1300 1776 :
1328 1732 1535 1789 Concepi.

537 1790 695 1833 6Misit
720 1797 870 1834 autem
904 1791 1052 1833 David
1077 1791 1133 1833 ad
1168 1792 1197 1834 J
1202 1791 1284 1834 oab
1311 1791 1463 1834 dicens
1490 1809 1497 1835 :
1523 1792 1653 1835 Mitte
1683 1792 1739 1835 ad
1773 1807 1844 1835 me
1872 1791 2029 1836 Uriam
2064 1792 2321 1836 Hethaeum.

478 1849 690 1904 Misitque
717 1850 743 1891 J
749 1850 831 1891 oab
860 1850 1015 1893 Uriam
1041 1850 1097 1892 ad
1127 1851 1287 1893 David.
1312 1850 1326 1876 7
1347 1850 1405 1892 Et
1430 1851 1553 1893 venit
1580 1851 1711 1894 Urias
1741 1851 1798 1893 ad
1833 1851 1995 1894 David.
2022 1850 2324 1906 Quaesivitque

481 1908 627 1952 David
651 1923 784 1964 quam
816 1915 934 1951 recte
963 1914 1115 1963 ageret
1141 1910 1169 1952 J
1175 1910 1257 1951 oab
1293 1914 1335 1952 et
1368 1909 1578 1966 populus,
1614 1914 1657 1952 et
1687 1910 1908 1965 quomodo
1937 1909 2324 1953 administraretur

477 1967 660 2010 bellum.
679 1967 696 1994 8
715 1967 773 2010 Et
799 1967 913 2010 dixit
937 1967 1085 2010 David
1110 1968 1166 2010 ad
1192 1969 1375 2012 Uriam:
1395 1969 1522 2011 Vade
1543 1968 1590 2011 in
1616 1968 1798 2011 domum
1824 1974 1970 2023 tuam,
1993 1974 2038 2011 et
2063 1968 2165 2011 lava
2190 1969 2323 2025 pedes

478 2031 589 2069 tuos.
625 2028 682 2070 Et
715 2041 915 2082 egressus
948 2032 1013 2069 est
1048 2026 1179 2070 Urias
1218 2028 1272 2070 de
1309 2027 1440 2070 domo
1481 2028 1618 2083 regis,
1653 2033 1917 2083 secutusque
1961 2033 2027 2071 est
2061 2042 2162 2071 eum
2199 2028 2323 2071 cibus

477 2085 639 2141 regius.
661 2084 912 2129 ⁹D0rmivit
933 2091 1084 2128 autem
1104 2086 1234 2130 Urias
1261 2092 1365 2130 ante
1391 2092 1565 2144 portam
1592 2087 1749 2130 domus
1771 2087 1907 2143 regiae
1934 2101 2036 2130 cum
2060 2086 2161 2130 aliis
2186 2087 2324 2130 servis

478 2144 647 2187 domini
673 2144 761 2200 sui,
782 2150 824 2188 et
850 2160 937 2188 non
961 2144 1192 2188 descendit
1213 2146 1270 2189 ad
1297 2146 1478 2189 domum
1505 2161 1645 2189 suam.
1667 2145 1702 2172 ¹⁰
1717 2146 2073 2202 Nuntiatumque
2091 2151 2157 2190 est
2176 2146 2325 2189 David

477 2218 503 2246 a
530 2203 780 2246 dicentibus
803 2221 811 2247 :
839 2205 940 2247 Non
972 2203 1056 2246 ivit
1090 2204 1221 2248 Urias
1246 2205 1293 2247 in
1324 2205 1506 2248 domum
1531 2220 1670 2249 suam.
1699 2206 1758 2248 Et
1783 2205 1847 2248 ait
1873 2205 2020 2248 David
2046 2205 2103 2248 ad
2131 2205 2288 2250 Uriam
2313 2222 2322 2249 ε

478 2262 709 2318 Numquid
738 2277 826 2306 non
857 2263 910 2306 de
936 2263 1008 2306 via
1034 2263 1234 2307 venisti?
1262 2279 1396 2320 quare
1428 2279 1516 2308 non
1547 2265 1818 2308 descendisti
1854 2265 1901 2307 in
1939 2265 2122 2308 domum
2158 2270 2283 2308 tuam
2301 2264 2322 2307 ⁶?

480 2321 512 2347 ¹¹
534 2322 592 2364 Et
615 2321 680 2364 ait
706 2322 836 2365 Urias
854 2322 911 2365 ad
939 2322 1113 2366 David:
1132 2324 1250 2366 Arca
1278 2323 1361 2367 Dei
1383 2329 1426 2367 et
1453 2324 1593 2367 Israel
1619 2329 1662 2367 et
1687 2324 1807 2367 ε111113
1834 2324 2040 2367 habitant
2065 2324 2111 2366 in
2136 2323 2324 2381 papilio-

478 2381 630 2436 nibus,
665 2386 708 2424 et
741 2381 946 2424 dominus
981 2396 1104 2425 meus
1135 2377 1329 2426 Joab'et
1361 2383 1476 2426 servi
1510 2383 1678 2426 domini
1712 2383 1799 2426 mei
1834 2397 1964 2440 super
1995 2383 2163 2427 faciem
2195 2388 2323 2426 terrae

479 2444 686 2495 manent;
722 2445 765 2483 et
798 2454 879 2496 ego
903 2440 1128 2496 ingrediar
1154 2442 1337 2485 domum
1369 2457 1516 2486 meam
1542 2448 1591 2485 ut
1617 2443 1850 2486 comedam
1876 2447 1919 2485 et
1947 2442 2122 2497 bibam,
2150 2447 2193 2485 et
2225 2442 2324 2485 dor-

479 2499 617 2542 miam
647 2514 749 2542 cum
774 2514 908 2543 uxore
942 2500 1077 2544 mea?
1112 2501 1195 2544 Per
1227 2501 1419 2544 salutem
1451 2507 1575 2544 tuam
1610 2507 1653 2545 et
1685 2517 1760 2558 per
1792 2501 1983 2544 salutem
2014 2502 2178 2544 animae
2210 2506 2322 2558 tuae,

478 2573 566 2602 non
603 2558 773 2602 faciam
805 2573 899 2602 rem
930 2559 1059 2603 hanc.
1089 2559 1124 2586 ¹²
1142 2560 1220 2603 Ait
1253 2575 1355 2616 ergo
1394 2561 1542 2604 David
1575 2561 1633 2604 ad
1672 2561 1828 2605 Uriam
1862 2578 1870 2604 :
1908 2561 2041 2604 Mane
2077 2561 2149 2604 hic
2188 2561 2323 2604 etiam

478 2618 631 2673 hodie,
651 2623 695 2661 et
720 2633 816 2661 cras
843 2618 1070 2662 dimittam
1096 2625 1151 2662 te.
1173 2620 1338 2663 Mansit
1362 2621 1493 2664 Urias
1516 2620 1564 2662 in
1587 2620 1838 2664 Jerusalem
1854 2620 1900 2662 in
1919 2619 1991 2663 die
2007 2619 2086 2662 illa
2105 2625 2148 2664 et
2168 2620 2322 2663 altera.

481 2676 516 2703 ¹3
534 2677 592 2719 Et
617 2677 796 2720 vocavit
825 2692 925 2721 eum
953 2678 1100 2721 David
1127 2683 1176 2721 ut
1201 2679 1454 2723 comederet
1480 2694 1629 2723 coram
1653 2694 1700 2723 se
1725 2686 1768 2723 et
1792 2679 1984 2733 biberet,
2016 2684 2060 2722 et
2083 2679 2324 2722 inebriavit

481 2750 606 2792 eum3
635 2737 730 2792 qui,
758 2750 957 2792 egressus
978 2752 1176 2794 vespere,
1198 2738 1409 2782 dormivit
1433 2739 1480 2781 in
1505 2744 1642 2782 strato
1665 2753 1742 2782 suo
1770 2752 1871 2781 cum
1892 2737 2031 2781 servis
2050 2738 2219 2781 domini
2240 2738 2322 2793 sui,

481 2801 524 2838 et
547 2795 594 2837 in
620 2795 801 2838 domum
826 2811 953 2839 suam
975 2811 1063 2840 non
1090 2797 1332 2841 descendit.

541 2853 576 2879 ¹4
596 2855 785 2897 Factum
811 2860 877 2898 est
903 2870 1005 2911 ergo
1032 2871 1182 2911 mane,
1210 2862 1253 2900 et
1286 2857 1463 2914 scripsit
1490 2857 1638 2900 David
1672 2856 1906 2914 epistolam
1931 2856 1988 2899 ad
2016 2857 2045 2900 J
2049 2857 2154 2913 oab,
2181 2857 2322 2901 misit-

482 2927 565 2969 que
597 2927 673 2969 per
698 2928 881 2956 manum
908 2915 1051 2969 Uriae,
1081 2915 1115 2942 ¹5
1133 2916 1330 2959 scribens
1355 2916 1402 2958 in
1429 2916 1646 2973 epistola:
1680 2915 1838 2959 Ponite
1866 2915 2023 2959 Uriam
2050 2930 2105 2959 ex
2137 2917 2322 2960 adverso

481 2971 609 3027 belli,
648 2972 723 3014 ubi
759 2973 1056 3017 fortissimum
1098 2980 1164 3018 est
1204 2975 1430 3032 praelium,
1466 2980 1509 3018 et
1546 2974 1838 3030 derelinquite
1872 2989 1973 3017 eum
2010 2980 2059 3017 ut
2091 2989 2324 3033 percussus

480 3031 684 3074 intereat.
712 3031 747 3058 ¹⁶
765 3032 910 3087 Igitur
938 3047 1039 3076 cum
1073 3035 1100 3077 J
1106 3035 1189 3078 oab
1222 3033 1444 3078 obsideret
1476 3034 1652 3090 urbem,
1679 3033 1826 3091 posuit
1853 3034 2011 3078 Uriam
2038 3035 2086 3078 in
2118 3035 2216 3079 loco
2247 3034 2323 3077 ubi

482 3089 652 3133 sciebat
687 3090 803 3134 viros
841 3105 935 3135 esse
971 3093 1253 3137 fortissimos.
1289 3093 1323 3120 ¹⁷
1350 3093 1617 3150 Egressique
1655 3092 1736 3136 viri
1779 3092 1833 3135 de
1875 3093 2058 3137 civitate
2093 3093 2325 3137 bellabant

482 3149 719 3193 adversum
746 3150 773 3192 J
778 3150 882 3205 oab,
909 3156 952 3194 et
978 3152 1233 3195 ceciderunt
1259 3152 1312 3196 de
1337 3152 1500 3210 populo
1524 3166 1751 3196 servorum
1777 3152 1946 3208 David,
1966 3158 2010 3196 et
2035 3158 2233 3196 mortuus
2259 3156 2325 3195 est

483 3208 619 3252 etiam
646 3209 777 3253 Urias
805 3210 1034 3254 Hethaeus.

543 3267 579 3294 18
598 3267 722 3311 Misit
745 3267 896 3324 itaque
919 3269 1055 3324 Joab,
1083 3275 1125 3313 et
1151 3271 1376 3315 nuntiavit
1402 3272 1549 3315 David
1577 3272 1725 3315 omnia
1750 3271 1885 3314 verba
1897 3271 2075 3328 ⁷praelii,
2107 3269 2143 3297 ¹9
2160 3285 2322 3328 praece-

484 3327 636 3384 pitque
677 3327 833 3370 nuntio
873 3327 1024 3371 dicens
1062 3346 1070 3372 :
1112 3329 1225 3373 Cum
1267 3331 1558 3388 compleveris
1598 3331 1827 3374 universos
1865 3344 2090 3374 sermones
2125 3329 2232 3372 belli
2265 3329 2323 3372 ad

484 3401 656 3442 regem,
685 3385 723 3413 2⁰
742 3386 778 3430 si
804 3400 905 3430 011111
930 3387 1094 3430 videris
1119 3387 1365 3445 indignari,
1393 3396 1436 3433 et
1470 3390 1632 3433 dixerit
1653 3407 1661 3434 :
1688 3390 1830 3440 Quare
1855 3388 2106 3433 accessistis
2137 3388 2194 3431 ad
2228 3402 2322 3430 mu-

485 3460 583 3487 rum
608 3450 658 3488 ut
689 3445 1037 3503 praeliaremini?
1070 3461 1127 3489 an
1159 3447 1433 3502 ignorabatis
1468 3449 1584 3505 quod
1617 3448 1759 3491 multa
1785 3449 1972 3505 desuper
1996 3462 2051 3491 ex
2083 3461 2207 3491 muro
2233 3447 2323 3490 tela

487 3504 751 3549 mittantur?
777 3504 811 3531 ⁶²¹
831 3505 936 3555 Quis
969 3505 1185 3562 percussit
1209 3506 1496 3562 Abimelech,
1530 3507 1671 3550 filium
1697 3506 1939 3553 Jerobaal‘?
1973 3507 2132 3550 Nonne
2165 3505 2323 3549 mulier

489 3647 519 3679 1¹.
538 3647 552 3674 1
568 3647 640 3676 Par.
660 3648 733 3683 XX,
752 3652 776 3676 1.
794 3664 829 3668 -
847 3651 876 3683 4]
896 3650 974 3678 ch.
993 3649 1065 3681 XV.
1084 3651 1126 3676 18.
