2391 3861
768 156 915 197 illenn.
953 155 1003 201 V,
1038 154 1064 195 8
1096 179 1153 184 ——
1187 153 1299 205 VII,
1335 152 1374 194 5.
1877 150 1986 191 1323

164 326 372 381 lacrymis
395 326 598 372 offerens.
618 325 852 368 exauditus
874 331 940 368 est
962 339 1038 381 pro
1064 338 1141 367 sua
1160 322 1419 366 reverentia.
1438 323 1455 347 ὅ
1474 319 1732 376 Ε1,(1ι11(10111
1752 335 1848 361 cun:
1874 327 1987 364 esset

163 384 199 427 F
203 384 304 427 ilius
333 385 436 439 Dei,
463 384 619 427 didicit
645 399 699 427 ex
721 384 774 427 iis
800 398 897 439 quae
920 397 1073 439 passus
1100 387 1166 425 est
1191 381 1517 433 obedientiam;
1543 380 1560 405 9
1577 383 1621 422 01
1643 385 1985 433 consummatus,

162 444 312 486 fac-tus
338 451 403 486 est
435 443 639 486 omnibus
670 441 1076 499 obtemperantibus
1102 440 1186 484 sibi
1210 453 1342 483 causa
1367 439 1522 483 salutis
1551 444 1748 492 aeteruae,
1785 436 1816 462 ¹⁰
1837 437 1987 493 appel-

162 501 277 545 latus
302 518 328 545 a
351 503 445 545 Deo
468 502 673 557 pontifex
699 502 829 557 juxta
853 500 1051 544 ordinem
1082 498 1423 543 Melchisedech.

225 561 253 587 ¹¹
278 562 343 603 De
366 576 449 616 quo
477 561 604 603 uobis
630 560 811 615 grandis
834 574 997 614 sermo,
1020 564 1066 602 et
1092 556 1490 613 ininterpretabilis
1520 554 1575 598 ad
1599 555 1857 611 dicendum,
1882 569 1986 610 quo-

163 620 284 661 niam
325 619 572 663 imbecilles
613 619 727 662 facti
763 614 868 662 estis
904 618 961 660 ad
1002 617 1286 660 audiendum.
1328 615 1362 641 ¹²
1396 614 1574 660 Etenim
1620 628 1721 657 cum
1765 613 1986 658 deberetis

162 678 362 734 magistri
397 693 490 722 esse.
520 684 697 735 propter
730 683 924 732 tempus,
959 690 1132 720 rursum
1166 675 1374 730 indigetis
1409 680 1457 716 ut.
1489 688 1566 715 vos
1604 673 1854 716 doceamini
1889 687 1986 729 quae

161 737 247 778 sint
275 736 495 780 elementa
521 737 688 780 exordii
715 750 967 779 sermonum
992 735 1074 778 Dei
1095 752 1104 788 ς
1133 739 1176 777 et
1197 733 1309 776 facti
1336 732 1439 776 estis
1463 732 1622 788 quibus
1648 732 1762 779 lacte
1781 746 1888 789 opus
1914 732 1984 787 sit,

162 810 247 838 non
283 796 423 839 solido
457 796 568 841 cibo.
609 795 642 821 ¹3
667 795 821 839 Omnis
851 794 968 837 0111111
996 793 1070 848 qui
1096 792 1225 835 lactis
1255 796 1321 835 est
1354 792 1596 847 particeps,
1623 805 1777 847 expers
1807 796 1874 834 est
1898 805 1986 834 ser-

161 855 304 898 monis
340 855 556 911 justit-iae;
597 853 806 911 parvulus
845 853 963 896 enim
1001 857 1080 895 est.
1121 851 1155 877 '¹¹
1187 851 1491 894 Persectorum
1532 854 1681 892 autem
1718 855 1784 892 est
1821 849 1987 893 solidus

162 913 316 966 cibns;
344 928 491 956 eornm
519 913 591 969 qui
619 928 695 969 pro
726 911 1045 958 consuctmlinc
1076 910 1341 954 exercitatos
1375 909 1542 951 habent
1568 923 1719 951 sensus
1743 908 1801 950 ad
1826 909 1986 952 discre-

161 972 326 1015 tionem
354 973 455 1014 boni
478 988 530 1014 ac
558 973 675 1015 mali.

220 1032 326 1074 CAr.
346 1032 427 1074 VI.
449 1058 508 1063 —
534 1031 542 1057 ¹
564 1032 838 1088 Quapropter
859 1029 1202 1073 intermittentes
1225 1027 1520 1071 inchoationis
1544 1026 1706 1070 Christi
1729 1040 1987 1082 sermonem,

159 1090 214 1132 ad
239 1091 506 1146 perfectiora
533 1091 744 1147 feramur,
773 1104 862 1134 11011
890 1103 1062 1132 rursum
1092 1088 1310 1144 jacientes
1335 1086 1683 1129 fundamentum
1713 1085 1989 1141 poenitentiae

160 1148 215 1191 ab
247 1149 451 1205 operibns
478 1151 674 1205 mort-uis,
704 1155 750 1193 ,et
775 1148 878 1192 fidei
904 1148 959 1191 ad
987 1149 1142 1202 Deum,
1171 1146 1188 1172 9
1211 1147 1531 1202 baptis-matum
1558 1144 1785 1199 doctrinae,
1812 1143 1990 1200 imposi-

160 1207 292 1250 tionis
327 1222 496 1263 quoque
526 1223 759 1264 manuum,
793 1223 845 1251 ac
878 1207 1209 1251 resurrectionis
1234 1210 1527 1259 mortuorum,
1559 1210 1603 1247 et
1635 1202 1793 1259 judicii
1820 1203 1987 1248 aeterni,

160 1266 178 1292 3
196 1268 253 1310 Et
274 1267 356 1311 1100
379 1267 619 1323 faciemus,
646 1268 683 1311 si
708 1268 885 1324 quidem
911 1267 1160 1324 permiserit
1185 1267 1317 1309 Deus.

218 1326 235 1352 1
255 1326 538 1383 Impossibile
565 1333 629 1370 est
651 1327 768 1370 enim
790 1341 863 1370 eos
880 1326 954 1382 qui
974 1326 1111 1369 semel
1136 1329 1239 1369 sunt
1256 1324 1512 1378 illuminati,
1532 1327 1827 1378 gustaverunt
1853 1321 1987 1364 etiam

160 1385 326 1429 donum
369 1386 566 1442 caeleste,
602 1392 646 1430 et
685 1386 924 1443 participes
957 1385 1069 1428 facti
1104 1390 1207 1428 sunt
1238 1383 1426 1441 Spiritus
1459 1382 1623 1438 sancti,
1654 1381 1670 1408 5
1695 1386 1988 1437 gustaverunt

160 1444 448 1488 nihilominus
475 1445 639 1487 bonum
671 1445 752 1488 Dei
780 1445 976 1500 verbnm,
1003 1445 1274 1499 virtutesque
1299 1441 1451 1485 saeculi
1478 1441 1664 1497 venturi,
1691 1442 1709 1467 ‘³'
1726 1446 1770 1484 et
1793 1439 1987 1497 prolapsi

160 1509 282 1559 sunt,
308 1518 456 1547 rursus
483 1505 684 1547 renovari
710 1505 767 1547 ad
794 1503 1126 1561 poenitentiam,
1153 1516 1325 1546 rursum
1355 1500 1666 1556 crucifigentes
1688 1499 1988 1555 sibimetipsis

161 1563 324 1606 Filium
358 1562 460 1619 Dei,
489 1572 531 1606 et
558 1563 749 1606 ostentui
772 1563 1000 1606 habentes.
1030 1562 1044 1588 7
1063 1564 1199 1606 Terra
1224 1561 1341 1605 enim
1368 1574 1485 1617 saepe
1510 1559 1763 1603 venientem
1788 1572 1919 1615 super
1942 1571 1988 1600 50

159 1622 314 1664 bibens
348 1621 557 1674 imbrem,
593 1628 637 1664 et
672 1636 888 1678 generans
917 1621 1101 1664 herbam
1132 1626 1424 1677 opportunam
1454 1619 1542 1662 illis
1571 1633 1598 1661 a
1627 1618 1785 1674 quibus
1816 1616 1987 1672 colitur,

158 1681 322 1737 accipit
360 1680 719 1724 benedictionem
758 1695 784 1723 a
828 1681 934 1723 Deo.
977 1680 994 1707 ⁸
1027 1680 1265 1723 Profer-ens
1305 1684 1456 1721 autem
1496 1677 1645 1734 spinas
1686 1692 1738 1719 ac
1779 1675 1987 1731 tribulos,

160 1740 341 1795 reproba
378 1745 463 1795 est,
485 1746 542 1782 ·et
579 1739 818 1783 maledicto
852 1739 1081 1796 proxima3
1115 1738 1242 1794 cujus
1283 1736 1606 1780 consummatio
1641 1736 1688 1778 in
1723 1734 1989 1779 combustio-

158 1812 274 1843 nem.
600 1822 602 1825 ν

218 1858 235 1884 9
253 1859 528 1902 Oonfidimus
552 1864 703 1902 autem
735 1858 788 1901 de
811 1858 956 1914 vobis,
987 1857 1287 1913 dilectissimi,
1315 1857 1499 1900 meliora
1523 1860 1567 1898 et
1593 1854 1808 1897 viciniora
1834 1854 1988 1907 saluti,

158 1917 339 1973 tametsi
371 1917 434 1960 ita
457 1917 689 1974 loquimur.
718 1917 753 1944 ¹⁰
772 1918 872 1960 Non
905 1917 1024 1960 enim
1056 1917 1249 1973 injustus
1284 1918 1426 1971 Deus,
1460 1920 1508 1958 ut
1533 1913 1822 1958 obliviscatur
1849 1913 1990 1969 operis

158 1976 314 2032 vestri,
339 1983 383 2019 et
406 1976 660 2020 dilectionis
686 1991 819 2032 quam
845 1976 1101 2020 ostendistis
1129 1976 1176 2018 in
1205 1976 1385 2019 nomine
1410 1975 1570 2031 ipsiUS,
1596 1973 1672 2029 qui
1705 1972 1990 2015 ministrastis

159 2035 346 2086 sanctis,
363 2041 406 2079 et
427 2035 706 2079 ministratis.
734 2036 767 2062 ¹¹
787 2036 1001 2093 Cupimus
1025 2040 1175 2078 autem
1196 2047 1554 2091 unumquemque
1571 2037 1769 2075 vestrum
1786 2031 1991 2075 eamdem

160 2100 382 2138 ostentare
413 2095 760 2139 sollicitudinem
793 2095 851 2138 ad
877 2095 1175 2151 expletionem
1209 2094 1303 2151 spei
1335 2107 1472 2149 usque
1503 2092 1552 2134 in
1584 2092 1747 2145 finem;
1775 2089 1812 2116 ¹⁹2
1829 2095 1878 2132 ut
1903 2104 1991 2136 non

159 2167 318 2209 segnes
343 2151 620 2210 efficiamini,
648 2169 800 2198 verum
824 2154 1069 2196 imitatores
1091 2152 1242 2198 eornm
1269 2154 1355 2208 qui,
1385 2152 1469 2195 fide
1495 2157 1538 2194 et
1562 2150 1791 2207 patientia,
1819 2149 1989 2192 heredi-

158 2213 320 2256 tabunt
345 2214 669 2270 promissiones.
1158 2254 1162 2258 .

223 2272 255 2299 ¹³
281 2273 475 2316 Abrahae
509 2287 700 2329 namque
734 2274 996 2330 promittens
1033 2275 1170 2328 Deus,
1206 2273 1415 2328 quoniam
1447 2270 1671 2314 neminem
1703 2269 1880 2323 habuit,
1916 2282 1993 2325 per

161 2346 291 2388 quem
315 2332 504 2388 juraret,
528 2332 767 2388 majorem,
793 2332 962 2388 juravit
987 2346 1063 2388 per
1084 2331 1393 2388 semetipsum,
1423 2330 1457 2356 ¹¹
1475 2329 1626 2373 dicens
1656 2345 1664 2371 ε
1689 2327 1786 2370 Nisi
1810 2327 1990 2371 benedi-

160 2404 263 2434 cens
285 2390 549 2434 benedicam
569 2396 626 2447 te,
649 2396 695 2434 et
720 2387 1023 2447 multiplicans
1051 2390 1360 2447 multiplicabo
1378 2395 1434 2434 te.
1463 2389 1498 2415 ¹5
1517 2390 1575 2431 Et
1596 2388 1658 2431 510
1677 2386 1993 2443 longanimiter

159 2449 331 2505 ferens,
366 2450 553 2508 adeptus
586 2456 653 2494 est
684 2451 1082 2508 repromissionem.
1112 2450 1146 2484 16
1166 2450 1384 2493 Homines
1415 2449 1532 2492 enim
1566 2462 1643 2504 per
1676 2446 1893 2501 majorem
1923 2445 1991 2489 sui

159 2509 332 2565 jurant,
362 2516 407 2552 et
441 2510 582 2553 omnis
610 2509 921 2553 controversiae
943 2524 1094 2553 eorum
1120 2509 1239 2563 finis,
1263 2509 1319 2551 ad
1347 2507 1749 2561 confirmationem,
1777 2510 1844 2548 est
1872 2505 1991 2561 jura*

161 2576 374 2612 mentum.
415 2569 448 2595 ¹⁷
480 2570 533 2612 In
572 2584 656 2626 quo
697 2569 998 2612 abundantius
1032 2569 1184 2612 volens
1229 2569 1346 2611 Deus
1386 2566 1616 2611 ostendere
1655 2563 1992 2622 pollicitationis

160 2627 395 2671 heredibus
421 2628 784 2672 immobilitatem
812 2629 985 2672 consilii
1012 2629 1099 2680 sui,
1131 2627 1396 2684 interposuit
1420 2624 1758 2682 jusjurandum,
1784 2623 1820 2650 ¹3
1838 2628 1886 2665 ut
1916 2637 1993 2680 per

161 2686 270 2729 duas
300 2701 368 2730 res
399 2687 672 2743 immobiles,
700 2688 860 2743 quibus
893 2687 1167 2745 impossibile
1201 2692 1266 2730 est
1295 2685 1473 2730 mentiri
1504 2686 1668 2740 Deum,
1695 2683 1992 2728 fortissimum

162 2745 369 2788 solatium
406 2746 669 2803 habeamus,
709 2747 782 2802 qui
823 2747 1108 2802 confugimus
1149 2747 1205 2789 ad
1245 2745 1486 2789 tenendam
1522 2743 1795 2801 propositam
1840 2755 1989 2798 spem3

164 2804 198 2830 ¹⁰
216 2819 350 2863 quam
376 2804 492 2848 sicut
508 2806 748 2849 anchoram
773 2806 988 2849 habemus
1006 2807 1170 2849 animae
1196 2811 1340 2848 tutam
1363 2818 1416 2847 ac
1439 2805 1624 2854 firmam,
1645 2807 1688 2845 et
1709 2800 1992 2844 incedentem

161 2876 299 2920 usque
323 2864 380 2907 ad
407 2864 617 2908 interiora
641 2865 898 2919 velaminis,
925 2864 962 2892 2⁰
979 2865 1055 2908 ubi
1081 2878 1323 2922 praecursor
1349 2877 1428 2920 pro
1453 2863 1581 2906 nobis
1606 2860 1808 2904 introivit
1837 2860 1865 2903 J
1870 2873 1989 2914 esus,

162 2923 407 2966 secundum
432 2923 632 2967 ordinem
657 2924 989 2968 Melchisedech
1010 2924 1218 2981 pontifex
1242 2924 1393 2966 factus
1417 2923 1463 2966 in
1487 2926 1716 2965 aeternum.

211 2983 328 3026 cup,
364 2983 472 3026 VII.
514 3009 572 3021 ...-
612 2982 625 3008 ¹
658 2983 748 3027 Hic
785 2984 904 3027 enim
941 2983 1292 3039 Melchisedech,
1332 2997 1410 3026 rex
1455 2981 1622 3036 Salem,
1664 2978 1868 3023 sacerdos
1907 2977 1990 3021 Dei

162 3043 345 3098 summi,
381 3042 454 3099 qui
488 3041 688 3086 obviavit
721 3042 917 3086 Abrahae
946 3057 1146 3099 regresso
1178 3058 1205 3085 a
1238 3042 1359 3085 caede
1392 3055 1568 3097 regum,
1595 3044 1638 3083 et
1663 3037 1894 3082 benedixit
1923 3036 1988 3091 ei;

165 3104 182 3126 ”-’
196 3102 273 3155 cuis
293 3106 338 3145 et
363 3101 560 3147 decimas
585 3101 784 3145 omnium
800 3102 955 3151 divisit
976 3101 1204 3146 Abraham
1227 3119 1235 3146 :
1257 3102 1449 3158 primum
1475 3099 1655 3156 quidem
1677 3097 1751 3154 qui
1778 3097 1988 3152 interpre-

162 3165 282 3204 tatur
318 3175 395 3204 rex
428 3160 643 3218 justitiae,
681 3160 843 3210 deinde
878 3166 1029 3205 autem
1065 3167 1110 3206 et
1131 3176 1221 3212 ,rex
1253 3160 1422 3214 Salem,
1457 3158 1574 3216 quod
1605 3163 1692 3214 est,
1726 3171 1803 3200 rex
1836 3154 1987 3211 pacis3

161 3219 180 3246 3
197 3220 292 3263 sine
322 3226 467 3278 patre,
495 3219 589 3264 sine
614 3225 778 3275 matre,
799 3220 898 3264 ⁴sine
932 3221 1223 3278 genealogia;
1252 3233 1394 3275 neque
1425 3218 1605 3261 initium
1632 3216 1822 3267 dierum,
1849 3227 1990 3269 neque

161 3277 296 3327 finem
320 3280 426 3322 vitae
451 3279 641 3336 habens,
667 3279 938 3322 assimilatus
968 3285 1117 3323 autem
1144 3279 1258 3324 Filio
1286 3279 1389 3333 Dei,
1417 3282 1566 3320 manet
1591 3275 1794 3319 sacerdos
1821 3273 1866 3317 in
1895 3286 1990 3329 per÷

161 3343 360 3396 petuum.

221 3396 501 3444 ¹Intuemini
527 3403 677 3442 autem
703 3403 893 3454 quantus
918 3398 976 3442 sit
999 3399 1094 3454 hic,
1121 3399 1190 3442 cui
1224 3404 1268 3442 et
1298 3398 1494 3442 decimas
1524 3394 1648 3438 dedit
1673 3394 1726 3437 de
1756 3391 1991 3450 praecipuis

164 3456 397 3500 Abraham
421 3457 686 3514 patriarcha.
716 3458 733 3484 ⁵
751 3458 808 3500 Et
835 3457 1014 3513 quidem
1039 3457 1094 3502 de
1118 3457 1222 3500 filiis
1250 3456 1359 3499 'Levi
1384 3453 1681 3498 sacerdotium
1706 3451 1990 3508 accipienteS,

167 3615 199 3649 43
216 3616 337 3643 matth.
360 3616 441 3651 XII,
458 3618 503 3645 45.
522 3617 588 3645 Inf.
611 3617 653 3650 X,
667 3618 711 3642 5³⁶.
728 3616 759 3642 11
783 3614 873 3642 Petr.
895 3614 941 3649 ΙΙ,
958 3617 1003 3642 20.
1021 3628 1057 3634 —-
1075 3614 1122 3648 14]
1138 3614 1218 3642 Gen.
1232 3612 1347 3647 XXII,
1362 3613 1404 3640 17.
1423 3626 1459 3630 -
1481 3611 1509 3645 1]
1530 3609 1607 3639 Gen.
1625 3609 1718 3643 XIV,
1735 3612 1779 3638 15.
1793 3623 1828 3629 -
1846 3609 1876 3643 5]
1895 3609 1999 3638 Dent..

167 3660 298 3693 XVIII,
316 3662 343 3688 3.
361 3659 432 3688 Jos.
452 3660 545 3695 XIV,
561 3664 587 3689 4.
1666 3667 1669 3669 ’

2103 566 2244 595 Grandi*

2072 613 2105 638 et
2126 610 2271 638 «inflent.

2089 661 2196 682 serino
2217 656 2254 680 «lv

2079 699 2242 726 sacerdoti
2260 709 2265 722 ι

2107 742 2242 770 Christi.

2054 1337 2296 1368 Apostatznnnr
2316 1322 2319 1323 ⁷

2028 1414 2033 1419 θ
2053 1379 2201 1413 pericula
2221 1382 2294 1412 post

2074 1426 2125 1452 tot
2142 1424 2280 1457 gratias.

2064 1863 2289 1892 Incitamentrz

2074 1908 2114 1936 ad
2127 1911 2280 1940 perseve-

2101 1951 2253 1980 rantiam.
2290 1987 2292 1989 Ι

2125 2985 2228 3012 Jesus

2101 3028 2257 3056 sacerdos

2086 3080 2140 3101 sec
2147 3072 2270 3100 undum

2055 3116 2206 3145 ordinem
2219 3116 2297 3144 Mel—

2083 3161 2272 3190 chisedech.

2075 3209 2106 3234 1ο
2126 3204 2280 3234 Historia

2091 3249 2267 3278 Melchise-

2130 3295 2224 3323 dech.

2065 3404 2099 3429 2⁰
2117 3399 2291 3430 Melchise-

2073 3446 2159 3475 dech
2174 3444 2283 3478 major

2131 3489 2224 3519 Levi.
