2391 3861
681 164 792 206 11111.
830 162 953 215 xiv,
988 165 1042 204 253
1077 189 1134 193 .-
1168 163 1263 206 xv.
1298 165 1367 204 22».
1826 163 1933 200 12:22)

112 332 283 376 habes?
325 347 457 389 penes
502 333 805 388 temetipsum
826 332 937 374 habe
979 346 1123 374 coram
1168 333 1275 375 Deo.
1320 333 1482 374 Beatus
1525 330 1595 386 qui
1640 343 1725 371 11011
1763 330 1934 384 judicat

111 391 398 448 semetipsum
423 392 468 434 in
499 405 549 434 eo
574 391 689 446 quod
721 391 888 447 probat.
912 390 1047 440 ‘2³Qui
1075 396 1224 433 autem
1250 390 1481 445 discernit,
1508 389 1545 431 si
1577 387 1931 441 manducaverit,

111 450 346 493 damnatus
368 456 446 505 est,
468 450 570 505 quia
596 464 681 491 non
709 463 763 492 ex
788 449 887 491 fide.
907 450 1048 493 Omne
1072 455 1221 491 autem
1246 449 1361 503 quod
1384 463 1471 491 non
1493 453 1559 491 est
1581 461 1635 489 ex
1657 446 1754 501 fide,
1779 460 1932 502 pecca—

109 514 204 550 tum
234 515 312 552 est.

168 568 275 612 CAP.
302 568 402 610 XV.
424 592 482 598 —-
513 567 519 592 ¹
544 567 766 609 Debemus
788 572 936 609 autem
965 581 1042 608 nos
1067 567 1276 608 firmiores
1303 566 1634 609 imbecillitates
1659 564 1933 608 infirmorum

109 626 344 679 sustinere,
371 631 414 668 et
439 639 525 667 non
551 625 678 667 nobis
705 625 890 680 placere.
918 624 935 649 ”2
956 625 1268 679 Unusquisque
1297 631 1489 667 vestrum
1515 625 1714 680 proximo
1737 637 1814 667 suo
1841 623 1932 680 pla-

109 690 207 727 ccat
239 684 284 726 in
318 683 504 739 bonum,
535 683 591 726 ad
626 682 991 736 aediticat-ioiiem3
1028 683 1045 708 ³
1071 683 1234 725 etenim
1269 683 1468 726 Christus
1507 699 1591 725 non
1626 683 1710 725 sibi
1743 682 1932 739 placuit,

108 743 182 785 sed
210 742 324 785 sicut
350 743 564 798 scriptum
589 747 682 785 est:
709 741 985 797 [inproperia
1009 741 1404 797 improperantium
1433 742 1512 783 tibi
1534 743 1787 784 ceciderunt
1804 756 1934 797 super

109 815 191 844 me.
215 801 231 827 4
248 801 546 856 Quaecumque
573 801 691 843 enim
713 800 879 856 scripta
903 805 1025 855 sunt,
1052 800 1108 842 ad
1135 805 1330 842 nostram
1354 800 1600 842 doctrinam
1627 801 1791 856 scripta
1816 806 1932 855 sunt,

107 868 156 904 ut
195 874 272 916 per
311 860 599 916 patientiam,
637 866 682 902 et
725 858 1075 902 consolationem
1118 859 1440 914 scripturarum
1461 894 1468 913 ,
1516 873 1637 914 spem
1675 859 1932 902 habeamus.

107 919 122 943 ³*
143 919 261 962 Deus
285 925 434 962 autem
457 919 685 975 patientiz‘e
709 922 753 961 et
778 917 924 961 solatii
952 918 1026 961 det
1051 917 1176 960 vobis
1201 917 1393 973 idipsum
1419 932 1571 973 sapere
1602 918 1642 959 in
1674 918 1934 960 alterutrum

106 978 348 1021 secundum
372 978 526 1021 Jesum
553 977 798 1032 Christum,
822 977 839 1003 ⁶
858 983 906 1019 ut
936 977 1187 1032 unanimes,
1219 991 1306 1019 uuo
1336 990 1407 1019 ore
1442 976 1738 1019 honorificetis
1768 978 1931 1031 Deum,

106 1047 149 1080 et.
177 1038 351 1079 Patrem
376 1037 554 1079 Domini
581 1036 716 1079 nostri
744 1037 770 1078 J
776 1050 851 1079 esu
875 1036 1053 1079 Christi.
1077 1035 1091 1061 ⁷
1118 1036 1299 1092 Propter
1324 1035 1439 1090 quod
1474 1035 1684 1090 suscipite
1717 1035 1931 1091 invicem,

105 1096 221 1138 sicut
241 1102 285 1138 et
309 1095 510 1138 Christus
536 1095 730 1152 suscepit
755 1110 833 1138 vos
857 1095 903 1138 in
925 1095 1136 1138 honorem
1166 1094 1261 1138 Dei.

164 1153 180 1180 3
208 1155 318 1198 Dico
345 1155 463 1196 enim
490 1154 715 1198 Christum
742 1155 770 1197 J
774 1169 898 1198 esum
930 1154 1182 1197 ministrum
1211 1153 1351 1196 fuisse
1378 1153 1728 1196 circumcisionis
1758 1159 1934 1209 propter

61 1219 75 1232 '
104 1213 338 1256 veritatem
373 1214 476 1268 Dei,
510 1214 567 1256 ad
601 1214 926 1257 confirmandas
963 1213 1274 1269 promissiones
1312 1218 1517 1269 patruni,
1554 1212 1570 1237 9
1592 1218 1746 1267 gentes
1782 1218 1933 1256 autem

105 1287 234 1328 super
259 1272 560 1316 misericordia
589 1273 803 1316 honorare
834 1274 998 1328 Deum,
1023 1272 1138 1315 sicut
1167 1272 1381 1328 scriptum
1407 1276 1501 1315 est:
1538 1271 1772 1327 Propterea
1800 1272 1931 1314 confi-

105 1331 229 1374 tebor
251 1331 329 1373 tibi
353 1332 398 1374 in
425 1332 646 1388 gentibus,
672 1332 873 1384 Domine,
894 1337 937 1375 et
961 1332 1130 1374 nomini
1154 1337 1228 1374 tuo
1252 1331 1454 1373 cantabo.
1477 1330 1512 1356 ‘¹⁰
1530 1331 1587 1372 Et
1611 1329 1774 1372 iterum
1796 1330 1904 1373 dicit
1926 1348 1933 1374 :

106 1390 363 1446 Laetamini,
391 1396 566 1446 gentes,
593 1405 695 1434 cum
717 1391 846 1447 plebe
868 1391 979 1446 ejus.
1010 1391 1038 1417 ¹¹
1060 1392 1118 1434 Et
1141 1391 1302 1434 iterum
1323 1407 1331 1433 :
1357 1389 1569 1444 Laudate,
1586 1403 1740 1432 01111166
1762 1394 1929 1444 gentes,

106 1449 370 1502 Dominum;
397 1455 440 1493 et
466 1450 750 1506 magnificate
773 1464 885 1505 eum,
906 1464 1057 1494 omnes
1079 1450 1244 1507 populi.
1266 1448 1301 1474 '¹⁹2
1319 1450 1376 1492 Et
1396 1463 1544 1493 rursus
1569 1447 1709 1491 Isaias
1726 1448 1817 1491 ait:
1838 1448 1932 1490 Erit

103 1508 231 1551 radix
248 1509 277 1551 J
283 1523 388 1563 esse,
408 1515 452 1552 et
473 1509 545 1564 qui
569 1515 753 1564 exurget
770 1523 921 1564 regere
943 1515 1111 1565 gentes,
1130 1509 1177 1551 in
1200 1523 1300 1552 eum
1317 1515 1471 1564 gentes
1489 1508 1744 1565 sperabunt.
1765 1507 1800 1534 13
1815 1508 1934 1550 Deus

103 1574 251 1610 autem
277 1567 369 1623 spei
395 1568 563 1623 repleat
589 1582 666 1610 vos
691 1568 810 1610 omni
834 1568 995 1623 gaudio
1022 1573 1066 1610 et
1090 1581 1200 1624 pace
1224 1567 1271 1609 in
1297 1567 1536 1623 credendo,
1559 1571 1608 1610 ut
1630 1566 1866 1609 abundetis
1887 1566 1933 1608 in

103 1640 197 1682 spe,
226 1631 269 1669 et
293 1626 454 1668 virtute
480 1626 666 1682 Spiritus
693 1626 850 1669 sancti.

428 1741 627 1784 SECTIO
671 1742 832 1785 11.-
871 1743 978 1784 RES
1022 1742 1207 1784 PAULO
1252 1751 1606 1783 PERsouALEs

655 1850 678 1906 ξ
713 1850 750 1892 Ι.
785 1876 841 1882 —-
874 1850 1118 1893 Excusatz'o
1150 1857 1192 1893 et
1217 1851 1388 1906 petitio..

164 1949 370 1993 ¹¹Certus
404 1964 499 1992 sum
534 1954 703 2006 autem,
737 1950 900 1993 fratres
934 1951 1041 2007 mei,
1074 1956 1118 1994 et
1150 1965 1232 2007 ego
1263 1951 1358 2007 ipse
1385 1950 1438 1993 de
1466 1951 1610 2005 vobis,
1646 1950 1855 2006 quoniam
1889 1955 1933 1992 et

100 2008 185 2066 ipsi
206 2009 328 2066 pleni
354 2008 458 2052 estis
483 2007 732 2065 dilectione,
759 2009 916 2066 repleti
942 2010 1062 2053 omni
1083 2009 1284 2064 scientia,
1307 2010 1371 2052 ita
1393 2015 1442 2052 ut
1467 2009 1643 2066 possitis
1669 2008 1932 2051 alterutrum

102 2082 292 2112 monere.
317 2068 353 2094 ¹5
370 2068 600 2111 Audacius
625 2073 776 2111 autem
808 2069 965 2125 scripsi
989 2069 1134 2124 vobis,
1162 2069 1343 2124 fratres,
1375 2083 1430 2111 ex
1455 2074 1599 2125 parte,
1635 2073 1850 2124 tanquam
1885 2068 1932 2110 in

102 2128 362 2171 memoriam
383 2141 460 2170 vos
482 2127 716 2183 reducens,
744 2132 922 2184 propter
943 2128 1134 2184 gratiam
1159 2142 1258 2184 quae
1282 2128 1386 2170 data
1413 2133 1478 2171 est
1503 2128 1611 2170 mihi
1637 2142 1664 2170 a
1687 2128 1801 2182 Deo,
1829 2127 1866 2153 1⁶
1884 2132 1933 2169 ut

101 2187 186 2230 sim
210 2187 413 2230 minister
438 2186 602 2230 Christi
629 2187 737 2230 Jesu
769 2187 816 2229 in
849 2187 1077 2243 gentibus,
1108 2187 1392 2229 sanctificans
1427 2187 1710 2242 evangelium
1746 2185 1850 2239 Dei,
1884 2191 1933 2229 ut

101 2246 179 2289 fiat
203 2245 370 2289 oblatio
396 2245 598 2302 gentium
628 2251 832 2303 accepta,
860 2251 903 2289 et
936 2246 1214 2289 sanctificata
1238 2246 1284 2288 111
1319 2245 1483 2302 Spiritu
1515 2250 1682 2288 sancto.
1710 2245 1744 2271 1⁷
1774 2245 1932 2288 Habeo

100 2305 237 2360 igitur
261 2305 449 2360 gloriam
473 2305 520 2347 in
546 2305 722 2348 Christo
748 2306 774 2348 J
779 2319 854 2348 esu
880 2305 936 2348 ad
964 2306 1120 2348 Deum.
1143 2304 1178 2331 18
1199 2306 1299 2348 Non
1321 2305 1440 2348 enim
1461 2305 1601 2348 audeo
1623 2304 1793 2360 aliquid
1811 2304 1931 2360 loqui

102 2366 253 2408 eorum
274 2377 373 2420 quae
394 2379 470 2421 per
491 2379 561 2407 me
587 2379 676 2407 non
703 2363 837 2407 efficit
863 2364 1062 2407 Christus
1086 2365 1133 2406 in
1159 2364 1462 2408 obedientiam
1487 2364 1708 2419 gentium,
1732 2363 1867 2406 verbo
1889 2367 1933 2406 et

101 2423 258 2480 factis,
286 2423 386 2466 19111
410 2423 575 2466 virtute
603 2423 829 2479 signorum
861 2429 904 2466 et
928 2424 1251 2480 prodigiorum,
1277 2423 1325 2465 in
1346 2424 1510 2466 virtute
1536 2422 1727 2479 'Spiritus
1760 2422 1931 2478 sancti,

102 2483 165 2526 ita
194 2487 244 2525 ut
273 2483 330 2525 ab
356 2482 605 2526 Jerusalem
634 2496 712 2539 per
737 2482 968 2526 circuitum
997 2497 1132 2538 usque
1161 2483 1218 2525 ad
1243 2482 1477 2539 Illyricum
1501 2481 1765 2539 repleverim
1799 2495 1930 2524 evan-

102 2541 272 2598 gelium
296 2541 474 2584 Christi.
498 2540 535 2568 90
550 2542 623 2585 Sic
648 2546 799 2585 autem
824 2542 1065 2599 praedicavi
1092 2541 1377 2598 evangelium
1397 2541 1501 2597 hoc,
1524 2555 1612 2583 non
1634 2541 1709 2583 ubi
1730 2540 1930 2583 nomina-

103 2610 173 2643 tus
199 2605 267 2644 est
296 2600 517 2656 Christus,
548 2615 603 2644 ne
632 2615 762 2658 super
786 2601 983 2644 alienum
1010 2601 1358 2644 fundamentum
1392 2600 1680 2655 aedificarem,
1707 2599 1783 2643 sed
1808 2597 1932 2642 'sicut

104 2660 317 2716 scriptum
342 2664 408 2702 est
429 2677 438 2704 ε
460 2658 494 2686 2¹
514 2660 680 2710 Quibus
705 2674 793 2703 non
815 2666 881 2703 est
906 2660 1221 2703 annuntiatum
1246 2659 1300 2702 de
1327 2674 1396 2715 eo,
1420 2659 1658 2714 videbunt3
1684 2663 1728 2701 et
1749 2658 1822 2715 qui
1845 2673 1932 2701 non

103 2719 338 2762 audierunt
349 2754 358 2775 ,
383 2719 652 2775 intelligent.

163 2777 199 2803 '2²
228 2778 408 2834 Propter
433 2778 548 2834 quod
582 2784 625 2821 et
655 2779 933 2836 impediebar
955 2779 1198 2836 plurimum
1228 2779 1377 2822 venire
1403 2778 1459 2821 ad
1486 2793 1582 2833 vos,
1616 2783 1659 2820 et
1684 2777 1932 2834 prohibitus

102 2852 201 2882 sum
230 2851 366 2893 usque
392 2837 551 2881 adhuc.
578 2836 615 2864 23
633 2839 763 2882 Nunc
788 2853 892 2882 vero
920 2838 1104 2882 ulterius
1135 2839 1282 2882 locum
1307 2852 1396 2882 non
1424 2837 1593 2880 habens
1618 2836 1669 2879 in·
1688 2837 1758 2879 his
1789 2837 1932 2893 regio-

103 2897 255 2953 nibus,
279 2896 570 2953 cupiditatem
595 2903 745 2941 autem
768 2896 939 2941 habens
961 2897 1170 2941 veniendi
1195 2897 1252 2940 ad
1282 2911 1360 2940 vos
1383 2911 1438 2940 ex
1467 2896 1620 2939 multis
1643 2895 1739 2951 jam
1767 2909 1932 2951 praece-

105 2955 312 3000 dentibus
337 2955 486 3012 annis,
511 2954 547 2982 24
569 2970 668 2999 cum
689 2957 737 2999 in
767 2957 1037 3014 Hispaniam
1061 2956 1279 3014 proficisci
1305 2970 1498 3013 coepero,
1524 2968 1650 3012 spero
1680 2954 1796 3011 quod
1822 2969 1932 3011 prte-

104 3015 265 3059 teriens
291 3015 470 3058 videam
499 3030 598 3072 vos,
633 3021 676 3059 et
704 3031 731 3058 a
759 3017 886 3060 vobis
919 3016 1114 3060 deducar
1139 3016 1269 3072 illuc,
1299 3015 1337 3058 si
1363 3016 1487 3057 vobis
1514 3014 1703 3071 primum
1729 3028 1784 3057 ex
1808 3020 1933 3071 parte

102 3075 269 3121 fruitus
297 3075 437 3118 fuero.
465 3073 501 3101 *2⁵
523 3075 654 3118 Nunc
676 3075 815 3132 igitur
838 3076 1091 3133 proficiscar
1118 3076 1164 3118 in
1187 3074 1436 3118 Jerusalem
1469 3073 1718 3116 ministrare
1751 3073 1930 3118 sanctis,

105 3132 140 3160 2⁶
163 3134 468 3177 Probaverunt
490 3134 609 3177 enim
635 3133 898 3178 Macedonia
924 3141 967 3178 et
988 3134 1162 3178 Achaia
1188 3133 1474 3176 collationem
1494 3131 1691 3188 aliquam
1712 3132 1862 3175 facere
1886 3131 1933 3173 111

104 3207 318 3250 pauperes
347 3199 602 3236 sanctorum
629 3193 703 3249 qui
731 3198 834 3236 sunt
858 3194 904 3236 in
930 3193 1193 3237 Jerusalem.
1219 3189 1254 3216 '2⁹¹
1276 3191 1452 3234 Placuit
1478 3191 1595 3234 enim
1621 3191 1703 3245 eis,
1735 3196 1778 3234 et
1811 3190 1932 3233 debi-

104 3261 220 3295 tores
245 3257 348 3295 sunt
373 3266 537 3296 eorum.
566 3253 683 3295 Nam
711 3252 748 3295 si
777 3253 1076 3310 spiritualium
1110 3266 1261 3295 eorum
1286 3250 1526 3309 participes
1550 3250 1663 3293 facti
1692 3255 1794 3292 sunt
1826 3262 1932 3304 gen-

103 3311 225 3366 tiles,
249 3311 412 3354 debent
437 3317 481 3355 et
508 3312 555 3354 in
582 3311 834 3355 carnalibus
859 3312 1109 3355 ministrare
1129 3311 1235 3355 illis.
1258 3308 1295 3338 28
1313 3311 1413 3354 Hoc
1443 3309 1580 3366 igitur
1605 3322 1705 3351 cum
1731 3321 1933 3350 consum-

105 3384 303 3425 mavero,
331 3376 374 3413 et
403 3371 690 3427 assignavero
723 3370 785 3414 eis
818 3370 1017 3414 fructum
1041 3371 1182 3428 hunc,
1215 3387 1293 3430 per
1312 3375 1391 3415 vos
1420 3369 1674 3428 proficiscar
1697 3367 1742 3408 in
1768 3366 1933 3423 Hispa-

104 3429 240 3472 niam.
263 3427 300 3455 29
318 3429 418 3474 Scio
442 3435 592 3474 aut-em
618 3429 825 3485 quoniam
847 3430 1030 3473 veniens
1054 3430 1112 3474 ad
1130 3445 1221 3486 vos,
1239 3430 1286 3473 in
1313 3428 1590 3474 abundantia
1611 3424 1933 3468 benedictionis

105 3487 327 3544 evangelii
357 3488 518 3532 Christi
545 3489 736 3532 veniam.

104 3619 203 3652 3311’3.
222 3619 383 3654 vam,
400 3621 444 3647 10.
454 3600 491 3638 '-
508 3620 538 3653 5]
560 3621 573 3647 1
593 3620 765 3654 cor.1‚1‹.›.
785 3633 818 3637 -
836 3620 864 3652 υ]
886 3620 919 3647 11
940 3619 1022 3654 Reg.
1049 3621 1165 3656 xx11,
1188 3622 1235 3651 50.
1253 3618 1307 3649 Ps.
1325 3619 1498 3652 Xv11,:‚0.
1520 3633 1557 3638 —
1574 3618 1622 3651 11]
1643 3617 1696 3645 ΡΞ.
1713 3615 1838 3652 cxvi,
1855 3617 1936 3646 1»—

104 3663 153 3696 12]
172 3663 217 3691 rs.
234 3663 297 3691 xi.
315 3665 358 3692 10.
376 3678 412 3682 —
432 3664 480 3697 21]
499 3664 544 3692 1s.
562 3663 700 3698 L11,15.
717 3678 753 3682 -
771 3664 817 3696 27]
838 3663 853 3690 1
871 3663 942 3691 cor.
963 3664 1022 3698 1x,
1040 3668 1081 3692 11.

1998 580 2030 603 3⁰
2042 576 2237 608 Exeinpluz‘·

1999 619 2124 647 Christi
2142 620 2241 648 docet

2008 662 2231 692 tolerantiam.

2060 1963 2183 1991 Paulus

2042 2006 2203 2035 audacius

2013 2050 2152 2083 scripsit
2164 2071 2171 2085 ,
2191 2056 2228 2077 ur

2026 2095 2212 2128 apostotus.

2001 2789 2070 2816 Iter
2083 2787 2219 2816 facturn
2230 2801 2238 2813 7

2060 2837 2175 2863 prece÷

2031 2873 2207 2908 efflagitat.
