2423 3861
140 770 171 793 ‘20
197 772 255 797 per
279 766 382 793 verba

194 806 329 836 Christi.

156 1711 259 1739 Jesus
277 1716 372 1737 suam

167 1753 358 1787 passionem

161 1797 265 1827 tertia
291 1797 366 1826 vice

184 1841 347 1876 praedicit.

185 2129 348 2160 Filiorum

189 2175 339 2204 Zebedaei

206 2219 329 2253 petitio

180 2262 347 2299 rejicitur.

171 3130 371 3160 Bartimaeus

216 3182 324 3203 caecus

204 3222 342 3247 sanatur

221 3270 320 3295 prope

199 3306 216 3333 ιΙ
223 3305 345 3334 ericho.

452 176 561 216 1142
1143 171 1292 212 MARo.
1326 170 1368 211 X
1381 203 1389 223 ,
1424 170 1480 212 20
1492 196 1506 200 -
1517 171 1585 212 50.

448 344 630 398 fureris,
667 345 734 385 Ne
764 342 932 383 falsum
965 339 1271 383 testimonium
1304 339 1489 393 dixeris,
1528 339 1596 382 Ne
1633 339 1841 382 fraudem
1878 340 2059 396 feceris,
2097 342 2279 385 Honora

449 408 619 460 patrem
649 407 774 443 tuum
808 405 851 442 et
880 404 1080 441 matrem.
1111 397 1148 424 90
1165 399 1227 441 Αῖ
1255 397 1331 440 ille
1361 398 1651 453 respondens,
1678 398 1742 440 ait
1773 397 1840 440 1111
1878 414 1886 442 :
1921 398 2148 453 Magister,
2181 401 2279 444 haec

449 462 598 505 omnia
627 458 859 502 observavi
892 473 918 500 a
950 458 1186 514 juventute
1212 471 1324 500 mea.
1348 455 1381 482 ‘²¹
1411 458 1541 500 desus
1574 462 1724 500 autem
1756 457 1944 499 intuitus
1975 471 2097 513 eum,
2124 458 2280 502 dilexit

448 535 569 574 eum,
597 524 639 562 et
666 517 779 561 dixit
804 517 844 560 ei
872 535 880 563 z
910 519 1061 561 Unum
1092 516 1175 560 tibi
1203 517 1327 560 deest
1357 532 1365 560 :
1399 515 1533 571 vade,
1569 530 1860 571 quaecumque
1893 516 2030 559 habes
2063 517 2207 560 vende
2238 524 2281 562 et

448 579 505 622 da
537 577 827 634 pauperibus,
863 582 906 620 et
945 576 1131 619 habebis
1166 576 1423 619 thesaurum
1463 575 1510 617 in
1553 575 1693 630 coelo;
1737 580 1781 619 et
1817 575 1941 631 veni,
1980 589 2161 631 sequere
2197 591 2279 620 me.

448 637 484 663 99
503 637 584 687 Qui
608 636 894 680 contristatus
918 635 965 678 in
991 635 1124 678 verbo
1149 635 1260 678 abiit
1291 649 1480 678 moerens
1501 651 1509 689 3
1538 639 1632 677 erat
1657 634 1775 677 enim
1800 634 1970 679 habens
1996 633 2160 677 multas
2184 648 2281 691 pos-

447 696 676 739 sessiones.

506 754 543 782 93
568 757 625 798 Εῖ
667 754 1026 810 circumspiciens
1064 755 1215 810 Jesus,
1250 754 1314 797 ait
1352 754 1582 811 discipulis
1622 753 1713 796 suis
1755 771 1763 798 :
1802 754 1945 804 Quam
1983 753 2171 797 difficile
2212 754 2284 810 qui

446 815 657 873 pecunias
696 814 864 857 habent
903 813 948 855 in
986 828 1174 869 regnum
1206 813 1288 857 Dei
1320 813 1590 857 introibunt!
1626 811 1662 839 94
1689 813 1910 869 Discipuli
1948 818 2099 856 autem
2137 813 2283 856 obstu-
2329 860 2331 862 ,

446 874 688 932 pescebant
719 874 766 916 in
798 872 943 916 verbis
975 873 1083 929 ejus.
1115 873 1177 916 At
1206 873 1337 916 <lesus
1367 887 1514 915 rursus
1548 873 1839 929 respondens,
1865 872 1929 915 ait
1962 872 2085 916 illis:
2112 872 2284 929 Filioli,

447 948 581 989 quam
629 932 816 976 difficile
858 938 925 975 est
973 932 1245 976 confidentes
1288 932 1335 974 in
1383 932 1583 989 pecuniis
1627 932 1675 974 in
1723 946 1911 987 regnum
1953 932 2037 976 Dei
2078 931 2285 975 introire!

447 991 484 1020 95
503 993 700 1036 Facilius
723 998 788 1035 est
815 991 1035 1035 camelum
1062 1006 1138 1048 per
1163 992 1368 1035 foramen
1394 1006 1500 1034 acus
1528 992 1728 1047 transire,
1753 1006 1887 1047 quam
1909 991 2098 1035 divitem
2121 991 2287 1034 intrare

446 1053 493 1096 in
518 1067 706 1108 regnum
733 1051 829 1095 Dei.
866 1049 902 1077 96
921 1051 1002 1101 Qui
1030 1051 1175 1107 magis
1204 1051 1554 1106 admirabantur,
1588 1051 1785 1095 dicentes
1815 1051 1872 1094 ad
1902 1051 2163 1108 semetipsos
2193 1067 2202 1095 ε
2229 1050 2288 1094 Εῖ

448 1111 544 1168 quis
573 1116 720 1168 potest
753 1111 903 1153 salvus
937 1110 1068 1153 fieri?
1103 1110 1138 1136 97
1166 1111 1224 1153 Εῖ
1258 1110 1435 1154 intuens
1468 1110 1568 1154 illos
1604 1111 1756 1166 Jesus,
1787 1110 1851 1153 ait
1883 1128 1891 1154 ε
1923 1111 2057 1168 Apud
2085 1110 2287 1154 homines

446 1171 721 1228 impossibile
751 1175 836 1225 est,
864 1170 940 1213 sed
970 1184 1058 1213 non
1092 1170 1211 1227 apud
1247 1171 1420 1225 Deum,
1450 1170 1601 1214 omnia
1633 1170 1753 1213 enim
1778 1169 2009 1227 possibilia
2037 1175 2142 1213 sunt
2169 1169 2288 1227 apud

448 1231 607 1274 Deum.
630 1228 666 1256 98
685 1231 743 1272 Εῖ
768 1229 902 1286 coepit
927 1229 965 1272 ei
990 1230 1146 1272 Petrus
1173 1229 1319 1273 dicere
1349 1246 1356 1273 :
1385 1230 1501 1273 Ecce
1523 1244 1602 1273 nos
1627 1229 1876 1272 dimisimus
1899 1229 2060 1286 omnia,
2085 1234 2129 1273 et
2149 1228 2289 1272 secuti

447 1304 599 1332 sumus
633 1295 689 1333 te.
726 1288 762 1315 99
790 1289 1078 1345 Respondens
1112 1289 1263 1345 Jesus,
1298 1288 1363 1331 ait
1401 1305 1410 1333 :
1443 1289 1588 1332 Amen
1633 1288 1732 1332 dico
1766 1289 1914 1344 vobis,
1949 1303 2078 1332 nemo
2116 1293 2182 1332 est
2215 1287 2288 1344 qui

447 1348 674 1405 reliquerit
699 1349 901 1404 domum,
928 1353 1007 1391 aut
1027 1348 1209 1404 fratres,
1233 1353 1311 1390 aut
1333 1362 1519 1404 sorores,
1547 1352 1624 1391 aut
1649 1353 1842 1404 patrem,
1869 1355 1948 1391 aut
1977 1353 2186 1404 matrem,
2212 1353 2290 1390 aut

447 1408 582 1464 filios,
613 1413 691 1451 aut
723 1422 873 1464 agros,
905 1413 1082 1464 propter
1112 1422 1182 1451 me
1214 1413 1257 1451 et
1286 1413 1465 1464 propter
1498 1407 1803 1464 evangelium,
1835 1407 1872 1434 3⁰
1890 1408 1963 1464 qui
1986 1422 2076 1451 non
2097 1406 2290 1464 accipiat

448 1468 614 1511 centies
648 1473 845 1524 tantum,
875 1481 993 1510 nunc
1022 1467 1070 1510 in
1095 1472 1293 1523 tempore
1324 1467 1428 1523 hoc,
1458 1467 1630 1523 domos,
1663 1472 1707 1510 et
1739 1467 1923 1523 fratres,
1955 1472 2000 1511 et
2028 1481 2217 1523 sorores,
2247 1470 2290 1510 et

448 1532 633 1583 matres,
672 1532 714 1570 et
751 1527 886 1582 filios,
922 1531 965 1570 et
1000 1541 1152 1583 agros,
1191 1540 1293 1569 cum
1326 1526 1728 1583 persecutionibus,
1769 1532 1812 1570 et
1850 1527 1896 1569 in
1934 1526 2098 1570 saeculo
2135 1526 2289 1569 futuro

448 1586 590 1629 vitam
633 1591 858 1629 aeternam.
901 1586 935 1612 3¹
966 1586 1100 1629 Multi
1141 1590 1292 1629 autem
1335 1590 1462 1628 erunt
1502 1585 1634 1642 primi
1677 1586 1931 1640 novissimi,
1976 1592 2020 1629 et
2059 1584 2288 1629 novissimi

448 1660 597 1702 pr1m1.
1590 1690 1593 1694 .

509 1704 545 1731 39
564 1707 704 1748 Erant
736 1710 886 1749 autem
912 1705 957 1748 in
987 1705 1060 1747 Via
1089 1705 1380 1748 ascendentes
1415 1705 1769 1761 Jerosolymam3
1804 1710 1846 1748 et
1881 1704 2162 1762 praecedebat
2190 1703 2290 1747 illos

450 1765 477 1808 J
483 1778 593 1821 esus,
610 1771 654 1808 et
671 1765 922 1821 stupebant,
947 1770 990 1808 et
1012 1769 1244 1820 sequentes
1267 1764 1500 1807 timebant.
1525 1765 1583 1807 Et
1604 1778 1834 1807 assumens
1855 1765 2018 1808 iterum
2040 1763 2288 1818 duodecim,

451 1824 584 1881 coepit
609 1823 698 1866 illis
729 1824 874 1867 dicere
903 1838 1003 1879 quae
1029 1829 1177 1867 essent
1201 1824 1241 1867 ei
1268 1828 1480 1867 eventura
1503 1840 1511 1867 :
1539 1823 1575 1850 33
1593 1823 1704 1873 Quia
1736 1838 1838 1866 ecce
1860 1823 2144 1866 ascendimus
2166 1823 2195 1866 J
2199 1836 2289 1866 ero-

451 1883 690 1940 solymam,
724 1889 767 1926 et
793 1883 934 1925 Filius
963 1883 1157 1926 hominis
1185 1883 1385 1925 tradetur
1410 1882 1686 1938 principibus
1712 1882 2013 1938 sacerdotum,
2041 1887 2085 1925 et
2110 1881 2285 1937 scribis,

450 1948 494 1986 et
519 1943 788 1998 senioribus,
817 1947 860 1985 et
890 1942 1168 1985 damnabunt
1195 1956 1296 1985 eum
1322 1946 1482 1997 morte,
1518 1947 1561 1984 et
1590 1941 1767 1984 tradent
1795 1956 1896 1985 eum
1921 1940 2130 1997 gentibus
2153 1957 2163 1995 3
2192 1940 2228 1967 3'*
2247 1946 2291 1984 et

450 2001 639 2045 illudent
665 2002 725 2057 ei,
753 2007 796 2044 et
822 2006 1066 2058 conspuent
1093 2015 1214 2057 eum,
1247 2006 1290 2044 et
1316 2000 1613 2056 flagellabunt
1643 2014 1764 2058 eum,
1794 2005 1838 2044 et
1861 2000 2130 2044 interficient
2160 2014 2288 2056 eum3

451 2066 494 2104 et
517 2061 646 2104 tertia
673 2061 744 2104 die
766 2066 977 2116 resurget.

511 2120 546 2147 35
565 2121 624 2163 Et
648 2119 870 2163 accedunt
897 2119 954 2162 ad
989 2134 1089 2164 eum
1119 2120 1316 2163 Jacobus
1347 2125 1391 2163 et
1424 2120 1453 2170 J
1458 2134 1642 2176 oannes,
1675 2119 1755 2162 filii
1789 2120 2014 2176 Zebedaei,
2051 2119 2249 2163 dicentes
2281 2135 2291 2163 τ

451 2179 679 2236 Magister,
719 2179 924 2222 volumus
957 2184 1006 2222 ut
1039 2179 1349 2235 quodcumque
1390 2179 1647 2236 petierimus
1682 2179 1826 2222 facias
1864 2179 2005 2222 nobis.
2047 2178 2084 2205 3⁶
2113 2179 2176 2221 At
2216 2177 2292 2221 ille

451 2239 566 2283 dixit
599 2238 661 2282 eis
692 2255 700 2282 ε
738 2238 852 2289 Quid
885 2239 1022 2282 vultis
1051 2243 1100 2281 ut
1131 2239 1301 2281 faciam
1334 2238 1498 2282 vobis?
1533 2238 1568 2265 3⁷
1595 2240 1653 2281 Et
1687 2238 1897 2282 dixerunt
1933 2255 1941 2282 :
1977 2239 2046 2282 Da
2082 2237 2211 2281 nobis
2243 2241 2292 2280 ut

451 2313 562 2342 unus
592 2298 649 2342 ad
676 2298 907 2341 dexteram
936 2303 1079 2354 tuam,
1112 2303 1155 2342 et
1184 2298 1298 2341 alius
1323 2298 1381 2341 ad
1407 2298 1635 2341 sinistram
1662 2302 1788 2340 tuam
1814 2298 2047 2341 sedeamus
2077 2297 2123 2340 in
2149 2296 2291 2353 gloria

450 2363 542 2401 tua.
568 2357 604 2385 38
622 2359 651 2401 J
656 2372 754 2401 esus
775 2363 925 2401 autem
947 2357 1011 2400 ait
1037 2357 1099 2401 eis
1129 2374 1138 2401 :
1166 2357 1360 2400 Nescitis
1386 2357 1492 2413 quid
1516 2357 1692 2414 petatis.
1721 2357 1912 2400 Potestis
1932 2356 2084 2400 bibere
2107 2356 2293 2400 calicem

452 2432 583 2473 quem
621 2431 701 2473 ego
739 2417 880 2460 bibo?
917 2423 995 2459 aut
1030 2417 1255 2474 baptismo
1290 2431 1376 2472 quo
1414 2430 1494 2472 ego
1535 2416 1737 2473 baptizor
1769 2415 2026 2473 baptizari?
2062 2415 2099 2443 39
2128 2416 2191 2458 Αῖ
2225 2414 2292 2458 1111

453 2477 661 2520 dixerunt
686 2476 725 2519 ei
759 2493 767 2520 2
795 2477 1046 2519 Possumus.
1075 2477 1104 2519 J
1108 2490 1206 2520 esus
1231 2481 1381 2519 autem
1404 2475 1468 2518 ait
1499 2476 1560 2519 eis
1592 2492 1599 2519 :
1627 2475 1825 2519 Calicem
1852 2475 2031 2532 quidem
2057 2489 2189 2532 quem
2211 2488 2292 2530 ego

453 2536 557 2579 bibo
576 2536 753 2591 bibetis,
782 2541 825 2578 et
845 2536 1067 2592 baptismo
1091 2550 1176 2591 quo
1196 2550 1279 2592 ego
1295 2535 1498 2592 baptizor
1517 2534 1859 2592 baptizabimini
1880 2552 1888 2590 ;
1914 2534 1952 2561 4⁰
1969 2535 2120 2578 sedere
2142 2538 2291 2577 autem

453 2595 510 2638 ad
534 2595 763 2639 dexteram
786 2609 932 2638 meam
957 2595 1028 2638 vel
1053 2595 1110 2637 ad
1133 2595 1379 2650 sinistram,
1410 2609 1498 2637 non
1527 2600 1593 2638 est
1622 2608 1773 2637 meum
1799 2594 1904 2637 dare
1929 2593 2076 2650 vobis,
2099 2593 2177 2637 sed
2199 2592 2291 2648 qui-

453 2654 536 2697 bus
565 2659 769 2711 paratum
800 2659 878 2698 est.
909 2654 943 2680 41
964 2654 1023 2697 Εῖ
1047 2654 1280 2698 audientes
1307 2654 1480 2709 decem,
1516 2658 1746 2710 coeperunt
1777 2653 2003 2709 indignari
2034 2653 2090 2696 de
2121 2652 2297 2696 Jacobo

454 2720 498 2757 et
523 2714 551 2757 J
556 2727 710 2757 oanne.
738 2713 775 2739 4'2
793 2714 821 2756 J
826 2728 924 2756 esus
946 2719 1096 2757 autem
1122 2728 1286 2756 vocans
1312 2727 1406 2769 eos,
1433 2713 1498 2756 ait
1524 2713 1615 2756 illis
1645 2730 1654 2757 z
1681 2712 1813 2757 Scitis
1841 2712 1945 2768 quia
1965 2712 2011 2755 hi
2037 2712 2112 2768 qui
2137 2711 2292 2754 viden-

454 2778 526 2815 tur
550 2773 789 2830 principari
816 2773 1045 2829 gentibus,
1074 2773 1362 2816 dominantur
1387 2772 1470 2828 eis,
1507 2778 1550 2816 et
1583 2772 1806 2829 principes
1841 2786 1992 2815 eorum
2025 2774 2288 2828 potestatem

454 2832 621 2876 habent
652 2832 861 2889 ipsorum.
889 2832 926 2858 ‘¹3
945 2833 1044 2876 Non
1071 2832 1135 2875 ita
1160 2837 1227 2876 est
1255 2837 1405 2875 autem
1430 2831 1476 2874 in
1504 2831 1631 2875 vobis
1664 2848 1672 2875 ε
1707 2830 1783 2875 sed
1812 2831 2077 2887 quicumque
2102 2828 2290 2872 voluerit

453 2891 546 2935 fieri
579 2892 734 2948 major,
771 2891 853 2934 erit
885 2897 1031 2935 vester
1064 2891 1293 2947 minister3
1329 2891 1365 2917 ‘¹⁴
1391 2895 1435 2934 et
1461 2891 1728 2946 quicumque
1754 2890 1944 2933 voluerit
1974 2889 2021 2932 in
2054 2887 2180 2931 vobis
2205 2887 2290 2943 pri-

455 2965 552 2994 mus
586 2965 699 3007 esse,
735 2950 816 2994 erit
850 2951 1049 2994 omnium
1083 2965 1248 2994 servus.
1282 2950 1318 2977 45
1345 2951 1463 2994 Nam
1497 2956 1541 2993 et
1573 2950 1717 2993 Filius
1750 2948 1944 2993 hominis
1975 2962 2062 2991 non
2088 2946 2211 2990 venit
2244 2951 2291 2989 ut

456 3009 781 3054 ministraretur
806 3010 858 3065 ei,
886 3010 962 3054 sed
987 3015 1036 3053 ut
1059 3010 1343 3066 ministraret,
1363 3015 1407 3053 et
1426 3009 1550 3053 daret
1568 3009 1767 3052 animam
1789 3022 1915 3052 suam
1939 3005 2292 3062 redemptionem

454 3082 531 3124 pro
558 3069 721 3112 multis.

514 3126 551 3153 46
570 3127 628 3170 Et
652 3129 836 3172 veniunt
862 3130 1069 3185 Jericho;
1095 3135 1138 3173 et
1162 3129 1469 3186 proficiscente
1495 3143 1544 3172 eo
1571 3128 1626 3172 de
1647 3129 1677 3171 J
1681 3128 1842 3182 ericho,
1869 3131 1913 3169 et
1938 3124 2168 3181 discipulis
2194 3124 2291 3180 ejus

456 3192 499 3229 et
531 3186 723 3242 plurima
752 3188 1059 3244 multitudine,
1090 3188 1415 3244 filius'Timaei,
1448 3187 1716 3232 Bartimaeus
1750 3199 1908 3239 caecus,
1943 3183 2128 3227 sedebat
2160 3183 2290 3239 juxta

455 3245 575 3288 viam
609 3246 881 3290 mendicans.
908 3248 944 3274 47
963 3247 1045 3297 Qui
1080 3262 1180 3290 cum
1214 3248 1412 3291 audisset
1446 3247 1549 3304 quia
1579 3247 1710 3290 Jesus
1746 3246 2003 3288 Nazarenus
2032 3248 2118 3298 est,
2153 3242 2290 3298 coepit

457 3304 650 3348 clamare
676 3310 719 3349 et
741 3305 885 3349 dicere
919 3323 926 3350 :
954 3307 1083 3361 Jesu,
1107 3306 1170 3348 fili
1197 3307 1367 3362 David,
1395 3307 1601 3350 miserere
1631 3304 1731 3348 mei.
1759 3303 1794 3331 ⁴3
1815 3304 1872 3346 Et
1898 3301 2289 3345 comminabantur

456 3363 494 3405 ei
521 3364 650 3406 multi
677 3369 724 3407 ut
748 3370 928 3409 taceret.
955 3366 1018 3407 At
1045 3365 1121 3408 ille
1147 3366 1286 3409 multo
1312 3366 1455 3421 magis
1486 3364 1711 3409 clamabat
1740 3380 1749 3407 ε
1776 3362 1863 3406 Fili
1890 3360 2058 3415 David,
2082 3360 2297 3403 miserere

457 3423 556 3464 mei.
584 3422 622 3449 ‘¹9
641 3424 698 3466 Et
719 3429 841 3467 stans
863 3425 994 3468 Jesus
1019 3425 1231 3481 praecepit
1260 3425 1389 3467 illum
1415 3424 1577 3468 vocari.
1601 3423 1659 3466 Et
1684 3426 1847 3465 vocant
1873 3434 2064 3475 caecum,
2089 3420 2287 3463 dicentes

457 3479 495 3522 ei
529 3497 537 3524 ε
569 3481 876 3539 Animaequior
908 3489 1029 3538 esto3
1058 3497 1207 3539 surge,
1235 3488 1366 3527 vocat
1396 3488 1452 3526 te.
1479 3482 1516 3510 ⁵⁰
1533 3481 1636 3538 Qui,
1663 3480 1863 3538 projecto
1893 3479 2157 3523 vestimento
2187 3492 2291 3536 suoy

458 3636 506 3669 28]
524 3637 645 3665 Matth.
663 3639 766 3674 xrx,
782 3641 827 3668 27.
846 3641 927 3669 Luc.
946 3641 1084 3676 xvm,
1100 3642 1145 3669 28.
1163 3654 1199 3660 -
1215 3641 1264 3674 31]
1282 3640 1404 3668 Matth.
1423 3639 1526 3675 xlx,
1543 3641 1588 3668 30.
1606 3653 1642 3658 —
1657 3639 1706 3672 32]
1725 3638 1805 3667 Luc.
1828 3637 1967 3674 xvm,
1984 3641 2029 3667 31.
2043 3652 2080 3658 —
2096 3639 2146 3674 35]
2164 3637 2292 3669 matth.

459 3678 535 3714 xx,
552 3683 596 3709 20.
613 3696 648 3701 -
664 3684 712 3717 42]
731 3683 811 3713 Luc.
829 3684 945 3720 xxn,
963 3687 1006 3713 25.
1022 3698 1059 3703 —
1075 3684 1123 3719 46]
1150 3683 1272 3711 Matth.
1290 3683 1366 3718 xx,
1383 3685 1429 3712 29.
1447 3683 1528 3711 Luc.
1545 3682 1677 3717 xvm,
1695 3685 1739 3711 35.
