2456 3861
178 494 264 522 Arca
297 494 381 526 arnul

162 539 317 566 Betl15a112
328 538 398 564 51:13.

239 1625 325 1652 Arca

160 1669 190 1698 iu
218 1666 400 1697 (ariathia-

241 1712 313 1740 11111.

226 2227 329 2254 ist-2101

159 2271 333 2300 rolin-{tur
360 2270 397 2297 :ul

223 2317 337 2343 Dfflllli.

162 2929 405 2957 Percutiuntttr

186 2973 383 3001 Philistinae.

466 143 553 187 258
1022 144 1043 185 1
1079 145 1189 186 nm.
1224 145 1313 198 vi,
1351 145 1404 186 13
1435 171 1495 176 -
1526 146 1640 199 vri,
1676 146 1743 189 11.

466 317 511 355 et
543 312 812 366 mugientes,
847 316 891 353 et
927 325 1015 353 non
1052 310 1341 354 declinabant
1379 326 1521 367 neque
1562 312 1618 355 ad
1652 313 1882 356 dexteram
1922 329 2063 369 neque
2098 317 2156 359 ad
2194 317 2300 360 sini-

466 376 626 424 stram3
655 370 733 412 sed
765 375 808 411 et
834 374 1024 425 satrapae
1052 369 1324 412 Philisthiim
1350 371 1648 426 sequebantur
1676 386 1812 428 usque
1841 372 1901 415 ad
1925 373 2138 417 terminos
2165 377 2301 418 Beth-

465 443 620 473 0011100.

527 488 560 513 13
579 489 711 530 Porro
747 488 1039 531 Bethsamitae
1069 489 1300 531 metebant
1332 489 1530 532 triticum
1564 490 1609 532 in
1639 491 1782 544 valle3
1816 496 1860 534 et
1891 491 2120 535 elevantes
2153 494 2302 537 oculos

465 562 583 602 suos,
611 546 820 589 viderunt
844 561 994 590 arcam
1019 553 1064 590 et
1089 547 1232 604 gavisi
1258 553 1361 590 sunt
1387 562 1487 590 cum
1510 549 1738 593 vidissent.
1766 549 1802 576 ¹4
1825 551 1884 592 Et
1908 550 2156 606 plaustrum
2179 551 2304 594 venit

465 607 509 648 in
535 620 691 661 agrum
717 607 852 649 Josue
881 607 1191 663 Bethsamitae,
1219 612 1264 650 et
1285 607 1411 650 stetit
1435 607 1511 652 ibi.
1546 610 1654 651 Erat
1678 614 1829 652 autem
1855 609 1917 651 ibi
1949 609 2064 666 lapis
2089 624 2299 666 magnus,

464 670 509 708 et
537 665 827 707 conciderunt
855 666 980 721 ligna
1013 666 1219 722 plaustri,
1247 680 1494 722 vaccasque
1525 667 1830 724 imposuerunt
1863 683 1994 724 super
2017 683 2070 711 ea
2095 669 2301 713 holocau-

464 730 579 767 stum
607 725 812 767 Domino.
833 724 868 751 ¹5
884 726 1053 768 Levitae
1076 731 1227 768 autem
1253 726 1550 782 deposuerunt
1572 738 1722 769 arcam
1747 727 1851 783 Dei,
1872 732 1916 770 et
1939 728 2181 784 capsellam
2204 743 2302 784 quae

465 789 558 827 crat
589 783 722 839 juxta
755 799 874 840 eam,
909 784 953 826 111
989 799 1075 840 qua
1107 790 1235 828 erant
1267 799 1376 828 vasa
1403 800 1558 841 aurea,
1589 792 1634 829 et
1665 792 1907 843 posuerunt
1944 801 2075 843 super
2107 787 2305 844 lapidem

464 843 692 899 grandem.
714 843 810 886 Viri
832 849 982 887 autem
1003 844 1292 887 Bethsamitae
1316 845 1572 888 obtulerunt
1594 846 1874 901 holocausta,
1894 851 1940 889 et
1957 846 2305 890 immolaverunt

464 902 671 945 victimas
696 902 741 944 in
769 903 838 946 die
865 903 943 946 illa
967 904 1172 947 Domino.

526 962 560 988 ¹⁰
586 963 643 1004 Et
683 961 876 1018 quinque
916 968 1107 1019 satrapae
1150 963 1519 1007 Philisthinorum
1560 964 1787 1020 viderunt,
1827 970 1872 1008 et
1911 965 2075 1008 reversi
2116 970 2219 1008 sunt
2258 965 2304 1008 in

463 1023 668 1065 Acearon
697 1022 743 1063 in
780 1022 848 1064 die
882 1022 974 1065 illa.
1002 1022 1036 1048 ¹7
1058 1023 1118 1065 Hi
1152 1028 1255 1065 sunt
1287 1029 1438 1066 autem
1471 1023 1545 1065 ani
1581 1024 1704 1067 aurei
1737 1038 1844 1079 quos
1878 1024 2167 1067 reddiderunt
2201 1024 2304 1067 Phi-

463 1081 649 1124 listhiim
674 1095 753 1137 pro
777 1081 939 1124 delicto
968 1082 1159 1125 Domino
1183 1099 1190 1125 :
1221 1084 1388 1124 Azotus
1414 1097 1572 1138 unum,
1601 1084 1724 1126 Gaza
1746 1098 1904 1139 unum,
1933 1084 2129 1131 Ascalon
2152 1099 2302 1140 unum,

461 1141 583 1184 Geth
625 1155 782 1196 unum,
822 1142 1025 1183 Accaron
1065 1156 1232 1195 unum3
1277 1141 1309 1167 ¹⁸
1335 1146 1379 1184 et
1415 1156 1561 1184 mures
1598 1157 1752 1186 aureos
1789 1143 2035 1185 secundum
2067 1158 2303 1186 numerum

463 1199 638 1242 urbium
682 1200 956 1242 Philisthiim
997 1200 1187 1256 quinque
1226 1201 1580 1256 provinciarum,
1619 1201 1676 1243 ab
1714 1201 1820 1244 urbe
1861 1207 2036 1244 murata
2073 1217 2209 1258 usque
2246 1203 2302 1246 ad

462 1259 620 1301 villam
643 1273 741 1314 quae
768 1264 863 1302 erat
895 1259 1060 1315 absque
1091 1274 1236 1315 muro,
1264 1265 1309 1303 et
1341 1274 1479 1316 usque
1512 1260 1569 1303 ad
1599 1261 1715 1304 Abel
1750 1262 1987 1317 Magnum,
2019 1276 2149 1318 super
2173 1276 2305 1317 quem

463 1324 705 1374 posuerunt
737 1333 887 1360 arcam
916 1319 1115 1375 Domini,
1143 1334 1241 1374 (111εο
1266 1325 1363 1362 erat
1387 1334 1523 1375 usque
1550 1321 1595 1362 in
1621 1321 1748 1363 illum
1775 1320 1893 1363 diem
1925 1321 1972 1363 in
2004 1335 2113 1377 agro
2146 1321 2304 1377 Josue,

466 1377 768 1420 Bethsainitis.
790 1377 825 1403 19
844 1378 1066 1421 Percussit
1091 1384 1241 1421 autem
1269 1379 1322 1421 (10
1345 1378 1452 1421 viris
1479 1380 1853 1436 Bethsamitibus,
1877 1394 1929 1422 eo
1954 1380 2070 1435 quod
2088 1379 2306 1424 vidissent

462 1451 611 1479 arcam
638 1437 844 1492 Domini3
873 1443 917 1480 et
941 1438 1160 1493 percussit
1182 1439 1235 1481 de
1258 1438 1421 1495 populo
1443 1439 1730 1495 septuaginta
1752 1439 1889 1495 viros,
1912 1444 1957 1482 et
1979 1439 2306 1495 quinquaginta

462 1495 605 1538 millia
637 1496 793 1552 plebis.
830 1497 1050 1552 Luxitque
1083 1497 1292 1554 populus,
1322 1512 1373 1541 eo
1406 1498 1522 1553 quod
1557 1499 1776 1542 Dominus
1809 1499 2097 1555 percussisset
2127 1498 2306 1555 plebem

462 1555 598 1612 plaga
622 1570 801 1612 magna.

523 1613 559 1641 2⁰
578 1615 636 1657 Et
663 1614 871 1658 dixerunt
888 1616 970 1658 viri
995 1617 1311 1660 Bethsamitae:
1335 1617 1441 1668 Quis
1466 1618 1630 1674 poterit
1654 1623 1770 1660 stare
1794 1618 1839 1659 in
1863 1622 2104 1673 conspectu
2125 1616 2306 1660 Domini

463 1675 548 1718 Dei
574 1675 718 1718 sancti
744 1675 906 1731 liujus?
933 1681 977 1718 et
1001 1676 1058 1718 ad
1085 1690 1215 1731 quem
1245 1676 1457 1720 ascendet
1489 1692 1516 1719 a
1541 1677 1707 1720 nobis?
1738 1677 1771 1703 111
1795 1677 2099 1733 Miseruntque
2126 1677 2306 1719 nuntios

462 1735 519 1778 ad
555 1735 832 1777 habitatores
868 1735 1201 1791 Cariathiarim,
1242 1735 1473 1779 dicentes:
1515 1736 1806 1779 Reduxerunt
1843 1735 2119 1778 Philisthiim
2157 1749 2306 1778 arcam

464 1794 670 1849 Domini,
697 1794 972 1849 descendite,
1000 1800 1044 1837 et
1069 1794 1265 1837 reducite
1291 1810 1389 1838 eam
1411 1796 1468 1838 ad
1490 1810 1582 1839 vos.

522 1854 630 1899 CAP.
659 1853 765 1896 VII.
791 1880 850 1886 -—
872 1853 884 1879 ’1
908 1855 1137 1896 Venerunt
1162 1868 1265 1909 ergo
1290 1854 1372 1896 viri
1408 1854 1742 1910 Cariat-hiarim,
1771 1860 1816 1897 et
1849 1855 2122 1898 reduxerunt
2155 1868 2304 1897 arcam

465 1912 668 1968 Domini,
700 1918 744 1956 et
777 1913 1021 1955 intulerunt
1055 1927 1153 1955 eam
1187 1914 1232 1955 in
1268 1913 1448 1956 domum
1479 1914 1719 1956 Abinadab
1747 1915 1792 1956 in
1824 1914 2008 1968 Gabaa3
2042 1914 2307 1956 Eleazarum

463 1977 611 2015 autem
634 1972 775 2014 filium
799 1972 896 2027 ejus
922 1972 1335 2028 sanctificaverunt,
1360 1978 1408 2015 ut
1434 1973 1676 2016 custodiret
1701 1987 1850 2015 arcam
1878 1972 2073 2016 Domini.

957 2094 980 2150 ξ
1015 2095 1076 2138 H.
1110 2119 1171 2126 --
1202 2093 1387 2137 Samuel
1404 2095 1550 2150 judex
1581 2096 1627 2137 in
1659 2095 1818 2139 Israel.

524 2211 541 2236 ‘⁴’
560 2211 618 2253 Et
643 2209 816 2251 factum
844 2213 930 2264 est,
951 2223 1006 2251 ex
1030 2223 1115 2264 qua
1139 2208 1210 2252 die
1237 2209 1402 2252 mansit
1424 2224 1527 2252 arca
1554 2209 1736 2252 Domini
1762 2210 1807 2251 in
1834 2209 2171 2266 Cariathiarim,
2194 2210 2309 2253 mul-

464 2269 656 2325 tiplicati
680 2273 783 2311 sunt
809 2267 902 2310 dies
931 2270 1049 2323 (erat
1074 2268 1237 2324 quippe
1263 2269 1358 2324 jam
1385 2283 1527 2311 annus
1552 2269 1841 2325 vigesimus),
1861 2275 1906 2311 et
1927 2269 2146 2324 requievit
2164 2269 2308 2312 omnis

465 2329 620 2371 domus
647 2327 788 2370 Israel
818 2332 918 2383 post
946 2328 1202 2371 Dominum.
1234 2328 1251 2354 3
1270 2328 1348 2371 Ait
1373 2333 1523 2371 autem
1554 2328 1733 2372 Samuel
1759 2328 1815 2370 ad
1841 2328 2095 2371 universam
2127 2328 2308 2371 domum

467 2388 626 2443 Israel,
655 2387 835 2430 dicens:
863 2387 907 2429 Si
933 2386 979 2428 in
1002 2391 1094 2429 toto
1122 2387 1252 2430 corde
1278 2393 1425 2430 vestro
1450 2387 1727 2431 revertimini
1757 2387 1813 2430 ad
1842 2387 2105 2443 Dominum,
2132 2387 2309 2430 auferte

467 2448 570 2490 deos
604 2446 773 2489 alienos
805 2446 859 2488 de
893 2446 1041 2489 medio
1066 2446 1222 2501 vestri,
1261 2447 1436 2489 Baalim
1467 2453 1511 2490 et
1541 2447 1780 2501 Astaroth3
1815 2452 1860 2489 et
1891 2451 2140 2503 praeparate
2175 2447 2310 2489 corda

466 2511 615 2549 vestra
653 2505 865 2560 Domino,
905 2510 949 2548 et
987 2506 1149 2548 servite
1191 2505 1231 2548 ei
1272 2506 1373 2562 soli,
1409 2512 1453 2549 et
1485 2512 1610 2550 eruet
1639 2521 1717 2549 vos
1751 2506 1805 2549 de
1846 2521 1980 2548 manu
2018 2505 2307 2550 Philisthiim.

468 2566 481 2592 ‘¹
502 2565 798 2608 Abstulerunt
820 2579 926 2620 ergo
952 2564 1033 2606 filii
1064 2564 1201 2607 Israel
1234 2566 1408 2608 Baalim
1439 2571 1483 2609 et
1509 2566 1743 2620 Astaroth,
1771 2571 1816 2608 et
1840 2565 2086 2608 servierunt
2116 2565 2311 2608 Domino

467 2625 560 2670 soli.
587 2625 603 2651 5
623 2624 749 2667 Dixit
781 2629 930 2667 autem
959 2624 1165 2668 Samuel:
1193 2624 1473 2680 Congregate
1507 2626 1762 2668 universum
1796 2625 1935 2667 Israel
1968 2624 2013 2666 in
2044 2624 2308 2680 Masphath,

467 2690 515 2726 ut
538 2698 657 2727 orem
683 2697 761 2740 pro
787 2683 914 2726 vobis
941 2684 1196 2726 Dominum.
1225 2685 1242 2710 ⁶
1262 2686 1319 2727 Et
1349 2690 1654 2727 convenerunt
1679 2684 1725 2726 in
1751 2684 2012 2740 Masphath,
2046 2683 2309 2726 hauserunt-

468 2758 549 2798 que
576 2757 758 2798 aquam,
786 2748 831 2785 et
856 2742 1112 2786 effuderunt-
1143 2743 1190 2785 in
1220 2749 1462 2800 conspectu
1494 2744 1697 2799 Domini,
1725 2749 1769 2787 et
1801 2743 2123 2799 jejunaverunt
2155 2743 2200 2784 in
2238 2742 2309 2786 die

469 2802 566 2857 illa,
595 2808 726 2857 atque
752 2802 962 2845 dixerunt
984 2802 1074 2845 ibi:
1104 2803 1394 2845 Peccavimus
1425 2803 1627 2846 Domino.
1648 2802 1966 2858 ,Judioavitque
1992 2802 2170 2845 Samuel
2196 2801 2312 2845 filios

470 2861 608 2904 Israel
634 2862 679 2903 in
708 2861 962 2918 Masphath.

528 2920 543 2946 ⁷
573 2922 628 2963 Et
672 2921 909 2963 audierunt
955 2921 1229 2964 Philisthiim
1278 2922 1394 2978 quod
1443 2921 1703 2978 congregati
1749 2926 1896 2964 essent
1944 2920 2023 2963 filii
2070 2921 2210 2965 Israel
2262 2919 2308 2962 in

470 2980 730 3035 Masphath,
760 2986 807 3022 et
841 2980 1135 3023 ascenderunt
1165 2987 1356 3037 satrapae
1384 2981 1752 3024 Philisthinorum
1785 2981 1841 3022 ad
1873 2981 2024 3024 Israel.
2050 2980 2175 3031 Quod
2209 2994 2310 3023 cum

471 3039 699 3081 audissent
726 3038 804 3080 lilii
832 3039 992 3095 Israel,
1019 3040 1265 3083 timuerunt
1289 3055 1316 3082 a
1340 3041 1460 3083 facie
1485 3040 1865 3083 philisthinorum.
1889 3042 1906 3066 ὅ
1922 3040 2230 3095 Dixeruntque
2253 3038 2310 3082 ad

473 3097 752 3143 Samuelem:
781 3099 847 3140 Ne
875 3112 1016 3141 cesses
1048 3113 1126 3155 pro
1159 3099 1288 3142 nobis
1321 3100 1514 3143 clama-re
1548 3100 1610 3144 ad
1639 3099 1879 3142 Dominum
1912 3100 2054 3142 Deum
2088 3103 2309 3154 nostrum,

472 3163 521 3200 ut
557 3157 700 3199 salvet
737 3171 816 3199 nos
853 3157 906 3199 de
946 3172 1079 3201 manu
1123 3159 1504 3202 Philisthinorum.
1535 3159 1553 3185 9
1578 3158 1701 3202 Tulit
1737 3164 1885 3201 autem
1924 3158 2103 3202 Samuel
2143 3171 2310 3213 agnum

473 3217 714 3259 lactentem
739 3230 899 3271 unum,
927 3225 972 3258 ot
998 3218 1159 3261 obtulit
1180 3218 1310 3260 illum
1337 3219 1643 3261 holocaustum
1669 3217 1893 3274 integrum
1918 3217 2131 3272 Domino,
2153 3222 2200 3259 et
2221 3216 2310 3258 cla-

475 3275 616 3318 mavit
655 3275 832 3319 Samuel
869 3275 925 3317 ad
968 3277 1209 3319 Dominum
1255 3292 1333 3334 pro
1376 3277 1538 3333 Israel,
1580 3282 1624 3320 et
1664 3277 1896 3320 exaudivit
1934 3291 2037 3320 eum
2079 3277 2309 3319 Dominus.

479 3335 511 3361 ¹0
538 3336 725 3377 Factum
767 3340 834 3377 est
870 3340 1044 3390 autem,
1084 3350 1183 3378 cum
1227 3337 1402 3380 Samuel
1445 3337 1625 3380 offerret
1664 3335 1996 3391 holocaustum,
2036 3333 2311 3378 philisthiim

475 3393 612 3437 iniere
638 3394 841 3450 praelium
869 3398 1021 3435 contra
1049 3395 1212 3450 lsrae13
1238 3396 1432 3438 intonuit
1454 3401 1603 3438 autem
1632 3394 1847 3437 Dominus
1872 3395 2052 3450 fragore
2074 3407 2240 3449 magno
2263 3392 2311 3434 111

477 3453 546 3496 (110
571 3453 651 3495 1110
683 3467 812 3509 super
840 3453 1133 3508 Philisthiim,
1164 3460 1208 3496 et
1237 3455 1452 3497 exterruit
1477 3469 1570 3510 eos,
1597 3459 1642 3497 et
1671 3454 1774 3496 caesi
1809 3459 1912 3497 sunt
1943 3468 1970 3496 a
2002 3454 2121 3496 facie
2158 3451 2310 3495 Israel.

480 3512 509 3537 ¹¹
531 3512 794 3568 Egressique
820 3512 902 3554 viri
926 3512 1066 3554 Israel
1089 3513 1142 3555 de
1170 3514 1410 3569 Masphath
1441 3512 1660 3570 persecuti
1683 3518 1785 3555 sunt
1812 3513 2116 3568 Philisthaeos,
2144 3516 2190 3554 et
2213 3524 2311 3567 per-

475 3658 506 3690 3]
526 3658 623 3685 Dent.
643 3657 686 3683 VI
703 3677 708 3691 ‚
727 3660 769 3685 13.
792 3657 911 3685 Manili.
933 3658 990 3692 IV,
1009 3660 1050 3685 10.
1070 3672 1104 3676 --
1124 3658 1168 3690 10]
1190 3657 1290 3685 Eccli.
1313 3658 1418 3685 XLVI
1436 3678 1443 3689 ,
1457 3660 1492 3684 20
1519 3673 1556 3677 -—
1581 3658 1627 3690 11]
1648 3656 1749 3684 Eccli.
1772 3658 1876 3685 XLVI
1892 3678 1898 3691 ‚
1914 3660 1959 3686 21.
