2456 3861
673 130 798 175 NUM.
835 131 1012 182 XXIX,
1046 132 1102 173 34
1134 158 1193 164 —
1223 132 1401 185 XXXI,
1435 134 1473 176 9.
1904 135 1991 178 153-

159 300 289 342 mina
316 299 592 353 singulorum
624 314 700 356 per
729 301 891 343 vitulos
924 307 968 344 et
998 301 1156 344 arietes
1186 308 1229 345 et
1261 316 1399 357 agnos
1432 302 1515 345 rite
1547 302 1848 357 celebrabitis,
1883 303 1917 329 3'·
1943 310 1986 346 et

162 359 334 401 hircum
359 372 436 414 pro
458 364 660 415 peccato,
686 359 852 415 absque
886 360 1142 402 holocausto
1173 361 1460 417 sempiterno,
1487 361 1789 416 sacrificioque
1822 361 1918 416 ejus
1943 367 1986 405 et

163 416 387 459 libamine.
414 417 553 460 35⁴Die
579 424 754 473 octavo,
781 419 853 474 qui
877 425 942 462 est
968 419 1297 475 celeberrimus,
1322 434 1455 462 omne·¹
1479 433 1586 476 opus
1615 420 1773 463 servile
1806 435 1893 463 non
1916 421 1984 463 fa—

163 475 307 530 cietis,
334 475 371 501 ³³⁶
389 476 621 519 offerentes
644 477 949 520 holocaustum
967 477 1011 519 in
1032 477 1208 521 odorem
1226 479 1539 521 suavissimum
1567 479 1776 534 Domino,
1797 480 1986 522 vitulum

163 548 319 589 mlum,
345 534 528 577 arietem
562 549 719 590 unum,
753 551 891 591 agnos
923 536 1154 578 anniculos
1185 537 1495 580 immaculatos
1527 544 1726 595 septem3
1761 538 1795 565 ³⁷
1822 538 1985 581 sacrifi-

161 592 316 648 ciaque
339 599 382 635 et
407 593 620 636 libamina
642 594 918 649 singulorum
941 608 1016 650 per
1034 595 1195 637 vitulos
1218 602 1260 638 et
1281 597 1440 639 arietes
1462 602 1511 640 et·
1526 611 1664 653 agnos
1688 597 1771 641 rite
1793 597 1984 641 celebra-

161 651 286 706 bitis,
322 652 358 677 ²³⁸
384 658 426 695 et
457 652 627 694 hircum
663 667 739 708 pro
773 659 975 708 peccato,
1009 653 1175 708 absque
1209 654 1466 697 holocausto
1501 656 1788 712 sempiterno,
1822 656 1986 699 sacrifis

162 710 316 765 cioque
341 711 436 765 ejus
463 717 506 753 et
530 710 755 754 libamine.

221 769 258 795 ³¹³
289 770 401 811 Haec
440 768 638 812 offeretis
673 769 864 812 Domino
903 770 950 811 in
990 771 1346 813 solemnitatibus
1387 773 1564 828 vestris,
1602 780 1762 829 praeter
1802 780 1905 817 vota
1944 779 1987 818 et

162 828 406 870 oblationes
446 832 710 883 spontaneas
747 828 793 870 in
830 828 1107 884 holocausto,
1144 829 1191 871 in
1231 830 1466 886 sacrificio,
1504 832 1550 873 in
1588 831 1820 887 libamine,
1860 840 1903 876 et
1941 833 1986 876 iu

159 886 315 928 hostiis
341 886 551 942 pacificis.

219 945 325 988 CAP.
349 945 492 988 XXX.
510 970 569 978 —-
595 945 606 970 ¹
630 946 924 1002 Narravitque
948 946 1123 1002 Moyses
1149 947 1251 990 filiis
1271 948 1408 990 Israel
1428 949 1575 991 omnia
1594 963 1697 1004 quae
1712 949 1749 992 ei
1771 950 1987 993 Dominus

160 1004 422 1060 imperarat3
447 1003 465 1030 '²
482 1010 525 1047 et
546 1005 723 1047 locutus»
744 1011 810 1048 est
837 1005 894 1047 ad
920 1005 1140 1062 principes
1166 1007 1362 1049 tribuum
1391 1007 1581 1050 filiorum
1609 1008 1745 1051 Israel
1771 1024 1779 1051 :
1807 1009 1897 1051 Iste
1923 1015 1988 1052 est

159 1076 302 1106 sermo
324 1077 455 1118 quem
479 1064 692 1120 praecepit
712 1064 928 1106 Dominus
955 1081 963 1107 :
989 1063 1006 1089 3
1025 1064 1067 1108 Si
1087 1065 1183 1120 quis
1209 1065 1399 1108 virorum
1421 1071 1573 1108 votum
1595 1067 1786 1109 Domino
1804 1068 1986 1121 voverit,

150 1127 236 1164 aut
272 1135 320 1164 se
355 1122 666 1165 constrinxerit
701 1123 972 1178 juramentO,
1007 1137 1091 1166 non
1130 1124 1269 1167 faciet
1304 1124 1478 1167 irritum
1511 1125 1696 1168 verbum
1728 1140 1877 1182 suum,
1912 1126 1988 1169 sed

159 1195 289 1224 omne
323 1181 438 1236 quod
472 1182 674 1238 promisit
706 1182 924 1239 implebit.
955 1182 972 1208 4
996 1183 1157 1226 Mulier
1188 1183 1224 1225 si
1259 1184 1488 1240 quippiam
1520 1185 1710 1240 voverit,
1741 1190 1784 1227 et
1816 1199 1862 1228 se
1888 1199 1988 1228 con-

159 1240 386 1283 strinxerit
411 1240 682 1296 juramento,
703 1255 801 1296 quae
828 1246 893 1284 est
913 1241 960 1283 in
983 1241 1113 1285 domo
1138 1243 1274 1299 patris
1300 1242 1388 1298 sui,
1412 1249 1455 1286 et
1476 1243 1522 1285 in
1548 1248 1678 1286 aetate
1699 1244 1851 1286 adhuc·
1868 1244 1987 1301 puel-

160 1298 261 1353 lari,
288 1299 324 1341 si
360 1299 617 1355 cognoverit
651 1306 775 1357 pater
807 1306 960 1342 votum
991 1301 1105 1356 quod
1139 1302 1338 1357 pollicita
1371 1307 1455 1357 est,
1491 1307 1534 1345 et
1570 1303 1872 1358 juramentum
1905 1316 1987 1359 quo

159 1357 377 1413 obligavit
401 1358 600 1400 animam
622 1373 768 1409 suam,
789 1365 832 1402 et
857 1360 1064 1415 tacuerit,
1085 1360 1176 1403 voti
1198 1375 1272 1403 rea
1295 1361 1400 1416 erit;
1429 1362 1451 1387 5·
1464 1361 1677 1417 quidquid
1700 1361 1899 1418 pollicita
1924 1367 1988 1405 est

158 1422 203 1460 et
227 1416 414 1472 juravit,
435 1431 564 1473 opere
590 1418 843 1474 complebit.
871 1418 888 1444 ⁰
907 1418 982 1462 Sin
1007 1424 1177 1474 autem,
1197 1420 1351 1462 statim
1376 1425 1425 1462 ut
1442 1420 1652 1475 audierit,
1673 1420 1988 1464 contradixerit

158 1482 295 1532 pater,
316 1480 358 1519 et
384 1482 486 1518 vota
509 1482 553 1518 et
577 1476 830 1531 juramenta
854 1477 950 1532 ejus
972 1477 1096 1520 irrita
1122 1484 1268 1533 erunt,
1292 1493 1372 1522 nec
1400 1479 1590 1521 obnoxia
1615 1479 1837 1522 tenebitur
1861 1494 1987 1536 spon-

159 1535 293 1590 sioni,
320 1548 370 1577 eo
395 1535 510 1589 quod
537 1535 853 1578 contradixerit
883 1541 1020 1592 pater.
1048 1535 1062 1562 ⁷
1087 1537 1130 1580 Si
1158 1537 1367 1579 maritum
1397 1538 1621 1593 habuerit,
1649 1544 1692 1580 et
1717 1539 1886 1581 voverit
1910 1539 1990 1581 ali-

158 1593 284 1649 quid,
316 1599 359 1636 et
391 1593 527 1636 semel
562 1594 616 1637 de
649 1608 720 1637 ore
753 1594 849 1649 ejus
888 1595 1071 1638 verbum
1105 1596 1334 1651 egrediens
1367 1597 1565 1639 animam
1598 1597 1694 1652 ejus
1728 1597 1991 1653 obligaverit

150 1653 428 1708 juramento,
456 1652 473 1679 8
499 1667 584 1708 quo
610 1653 680 1696 die
705 1653 895 1697 audierit
914 1653 993 1709 vir,
1018 1660 1061 1697 et
1082 1668 1169 1697 non
1196 1655 1532 1711 contradixerit,
1556 1656 1648 1698 voti
1670 1670 1745 1698 rea
1770 1657 1871 1712 erit,
1894 1656 1991 1699 red-

158 1711 321 1767 detque
341 1712 649 1768 quodcumque
675 1713 949 1768 promiserat.
975 1714 992 1739 ⁰
1011 1714 1086 1757 Sin
1104 1719 1255 1757 autem
1281 1714 1466 1757 audiens
1484 1715 1639 1757 statim
1661 1715 1989 1770 contradixerit,

150 1776 201 1813 -et
228 1770 374 1813 irritas
408 1771 566 1814 fecerit
598 1772 942 1828 pollicitationes
977 1773 1093 1829 ejus,
1121 1773 1343 1828 verbaque
1377 1773 1535 1829 quibus
1571 1774 1866 1817 obstrinxerat
1897 1774 1991 1816 ani-

157 1844 278 1872 mam
311 1844 457 1886 suam,
489 1831 704 1887 propitius
740 1831 821 1874 erit
854 1831 894 1874 ei
930 1832 1161 1875 Dominus.
1198 1832 1235 1858 ¹⁰
1255 1832 1404 1875 Vidua
1437 1838 1480 1876 et
1513 1833 1744 1889 repudiata
1778 1833 1990 1889 quidquid

156 1889 378 1945 voverint,
405 1890 604 1933 reddent.
639 1890 672 1916 ¹1
697 1891 821 1933 Uxor
844 1890 891 1933 in
918 1891 1048 1934 domo
1073 1891 1155 1934 viri
1183 1906 1284 1934 cum
1306 1892 1352 1935 se
1378 1897 1480 1934 voto
1511 1892 1822 1935 constrinxerit
1851 1898 1894 1935 et
1922 1892 1990 1948 ju-

150 1953 376 2004 ramento,
405 1947 441 1974 ¹2
458 1949 494 1991 si
519 1949 710 1993 audierit
735 1950 814 2005 vir,
836 1955 879 1992 et
901 1950 1109 2006 tacuerit,
1130 1965 1211 1994 nec
1238 1951 1556 1994 contradixerit
1573 1951 1818 2008 sponsioni,
1837 1952 1990 1995 reddet

156 2007 466 2064 quodcumque
490 2009 765 2065 promiserat.
799 2009 836 2035 13
859 2009 934 2052 Sin
962 2015 1113 2053 autem
1141 2010 1365 2066 extemplo
1394 2011 1730 2066 contradixerit,
1758 2025 1845 2053 non
1870 2017 1988 2054 terre—

156 2065 277 2108 bitur
297 2067 599 2122 promissionis
624 2082 720 2124 rea,
746 2068 848 2123 quia
872 2069 1061 2111 maritus
1084 2069 1374 2125 contradixit,
1401 2075 1444 2112 et
1472 2070 1688 2112 Dominus
1711 2071 1749 2113 ei
1775 2070 1990 2127 propitius

156 2125 253 2168 erit.
288 2125 323 2152 ¹4
353 2127 397 2170 Si
431 2127 622 2182 voverit,
657 2132 700 2170 et
733 2127 986 2183 juramento
1017 2142 1064 2171 se
1098 2128 1431 2184 constrinxerit,
1465 2134 1514 2171 ut
1546 2143 1623 2186 per
1647 2129 1888 2184 jejunium,
1919 2128 1990 2171 vel

149 2190 402 2228 ceterarum
423 2200 571 2228 rerum.
594 2186 933 2242 abstinentiam,
953 2187 1124 2243 affligat
1146 2188 1345 2230 animam
1366 2202 1514 2243 suam,
1532 2188 1579 2230 in
1601 2188 1783 2230 arbitrio
1804 2188 1887 2230 viri
1910 2188 1991 2231 erit

154 2249 207 2285 ut
238 2244 399 2300 faciat,
426 2244 520 2288 sive
553 2259 640 2288 non
672 2245 827 2288 faciat.
862 2245 903 2272 ¹5⁴
924 2246 1049 2296 Quod
1079 2247 1115 2289 si
1138 2247 1327 2290 audiens
1349 2247 1417 2289 vir
1438 2248 1645 2302 tacuerit,
1674 2252 1716 2290 et
1736 2247 1783 2289 in
1804 2248 1991 2290 alteram

149 2302 277 2345 -diem
305 2303 527 2346 distulerit
560 2304 848 2360 sententiam,
885 2305 1099 2361 quidquid
1130 2311 1316 2349 voveratv
1344 2312 1478 2361 atque
1508 2307 1787 2362 promiserat,
1817 2306 1990 2360 reddet,

150 2362 265 2417 quia.
278 2363 432 2405 statim
449 2367 498 2404 ut
514 2363 701 2419 audivit,
720 2364 877 2407 tacuit.
895 2364 931 2390 ‘¹6
950 2364 1024 2408 Sin
1042 2370 1193 2408 autem
1212 2365 1530 2408 contradixerit
1548 2371 1782 2422 postquam
1799 2364 1990 2419 rescivit,

154 2421 351 2476 portabit
375 2422 470 2478 ipse
494 2422 778 2478 iniquitatem
801 2423 911 2478 ejus.
935 2423 969 2449 ¹⁷
989 2424 1094 2466 Istae
1117 2429 1221 2466 sunt
1237 2424 1379 2480 leges,
1400 2439 1507 2479 quas
1527 2424 1757 2467 constituit
1777 2423 1992 2467 Dominus

155 2480 319 2536 Moysi,
354 2481 469 2524 inter
500 2482 647 2524 virum
680 2488 723 2524 et
756 2496 957 2538 uxorem,
992 2482 1108 2525 inter
1136 2488 1309 2539 patrem
1341 2489 1385 2526 et
1414 2483 1573 2538 filiam,
1601 2498 1700 2539 quae
1735 2483 1781 2525 in
1807 2481 1992 2540 puellari

147 2538 306 2582 adhue
330 2545 464 2583 aetate
484 2546 569 2596 est,
595 2542 663 2584 vel
686 2555 791 2596 quaev
808 2546 958 2584 manet
979 2541 1026 2583 in
1048 2541 1242 2598 parentis
1265 2542 1409 2584 domo.

410 2668 574 2712 Sucrio
608 2670 698 2713 IH.
724 2697 784 2701 -
815 2670 974 2713 INITIAv
1007 2682 1320 2714 Possnssionis
1355 2683 1518 2713 TERRAE
1554 2683 1739 2714 SANOTAE

553 2790 577 2847 ξ
611 2790 647 2833 I.
673 2816 732 2823 —
771 2791 978 2834 Vindicta
1009 2793 1199 2834 sumitur
1229 2792 1282 2835 de
1314 2792 1598 2835 Madianitis.

217 2895 323 2939 CAP.
347 2897 521 2939 XXXI.
539 2922 600 2930 —-
628 2897 647 2923 1⁷
667 2899 950 2954 Locutusque
971 2904 1037 2942 est
1061 2900 1278 2942 Dominus
1300 2900 1357 2942 ad
1378 2901 1583 2956 Moysen,
1608 2900 1759 2943 dicens
1789 2917 1798 2944 ε
1831 2898 1848 2925 ²
1870 2899 1992 2943 Ulci-

149 2968 277 2997 scere
298 2955 418 3011 prius
439 2955 552 2999 filios
582 2957 722 3000 Israel
745 2957 799 3001 de
826 2958 1106 3014 Madianitis,
1131 2964 1175 3002 et
1203 2958 1266 3001 sic
1290 2959 1513 3014 colligeris
1538 2959 1594 3002 ad
1617 2959 1830 3016 populum
1851 2964 1991 3001 tuum.

156 3012 178 3038 3
205 3013 452 3069 Statimque
486 3015 661 3071 Moyses
692 3032 700 3060 :
736 3018 941 3072 Armate,
976 3017 1141 3074 inquit,
1178 3032 1232 3061 ex
1265 3018 1394 3060 vobis·
1424 3018 1541 3060 viros
1574 3018 1631 3060 ad
1664 3032 1883 3074 pugnam,
1919 3017 1991 3073 qui

149 3072 328 3128 ‘possint
351 3073 566 3117 ultionem
591 3075 771 3118 Domini
801 3081 1005 3132 expetere
1036 3076 1090 3120 de
1115 3077 1386 3120 Madianitis.
1417 3076 1435 3103 4
1454 3077 1580 3121 Mille
1607 3077 1693 3119 viri
1722 3077 1775 3120 de
1803 3076 1989 3132 singulis

157 3131 361 3174 tribubus
383 3132 607 3188 eligantur
628 3148 683 3177 ex
705 3135 857 3191 Israel,
881 3136 954 3190 qui
978 3135 1214 3179 mittantur
1234 3136 1291 3179 ad
1313 3136 1496 3179 bellum.
1518 3137 1536 3163 5
1558 3137 1872 3191 Dederuntque
1894 3135 1989 3177 milk

158 3189 280 3233 lenos
311 3190 364 3234 de
392 3191 580 3248 singulis
611 3193 835 3249 tribub-us,
865 3194 911 3236 id
941 3200 1026 3250 est,
1058 3195 1294 3238 duodecim
1324 3195 1465 3238 millia
1494 3195 1799 3252 expeditorum
1828 3194 1885 3236 ad
1914 3208 1991 3250 pu·-

150 3262 315 3305 ,gnam,
346 3250 364 3276 ὃ
385 3264 491 3306 quos
521 3252 644 3294 misit
671 3253 846 3309 Moyses
877 3268 979 3296 cum
1009 3254 1218 3310 Phinees,
1249 3254 1340 3297 filio
1371 3254 1570 3297 Eleazari
1601 3253 1861 3308 sacerdotis,
1885 3267 1991 3295 vasa

156 3321 332 3364 quoque
352 3315 527 3365 sancta,
551 3316 594 3353 et
615 3311 745 3354 tubas
767 3312 824 3354 ad
847 3311 1148 3368 clangendum
1170 3313 1355 3356 tradidit
1377 3313 1429 3356 ei.
1461 3313 1476 3339 ⁷
1499 3314 1698 3368 Cumque
1719 3316 1992 3369 pugnassent

151 3373 314 3410 contra
345 3368 617 3412 Madianitas
651 3375 784 3426 atque
816 3371 1048 3427 vicissent,
1085 3386 1236 3415 omnes
1270 3387 1418 3415 mares
1447 3372 1721 3425 occiderunt,
1752 3371 1769 3396 ⁸
1791 3375 1834 3412 et
1866 3383 1990 3424 reges

151 3438 330 3482 eorum,
352 3427 455 3483 Evi,
476 3433 518 3471 et
542 3429 724 3485 Recem,
748 3436 791 3473 et
814 3431 906 3485 Sur,
930 3436 974 3473 et
996 3431 1107 3487 Hur,
1131 3436 1176 3474 et
1197 3431 1336 3486 Rebe,
1360 3431 1553 3486 quinque
1574 3429 1793 3486 principes
1819 3427 1988 3483 gentis3

163 3483 349 3527 Balaam
370 3500 542 3542 quoque
564 3487 706 3530 filium
731 3489 854 3545 Beor,
877 3489 1201 3533 interfecerunt
1223 3490 1398 3545 gladi03
1430 3489 1452 3515 9*
1469 3494 1764 3544 ceperuntque
1786 3486 1991 3529 mulieres

155 3629 215 3662 31,
233 3629 263 3661 3]
283 3628 360 3660 Sup.
378 3629 484 3663 XXV,
502 3633 547 3658 17.
563 3646 600 3650 —-
616 3632 646 3664 8]
660 3631 731 3658 Jos.
750 3631 851 3666 XIII,
867 3633 910 3659 21,

2078 791 2268 820 conclusio.

2067 964 2283 993 conditiones

2099 1009 2138 1036 de
2159 1007 2250 1036 votis

2084 1052 2269 1080 reddendis.

2113 2904 2244 2933 Madian

2077 2948 2217 2976 caeditur
2246 2948 2280 2977 in

2120 2992 2242 3025 praelio.
