2423 3861
697 150 804 191 Luc.
837 149 970 205 XXI,
1005 149 1060 193 ‘2ss
1094 175 1152 182 -—
1184 150 1342 205 XXII,
1377 152 1444 193 ⁶22.
1867 153 1973 194 1181

149 258 286 267 -—
294 261 380 265 --.
1400 258 1765 263 —-„v.-—..——.,—„
1783 261 1806 263 st-
1817 260 1830 263 ..
1840 261 1848 263 -
1862 260 1896 263 -.-
1921 259 1963 264 -.

154 335 243 377 prae
270 320 531 363 confusione
556 320 724 362 sonitus
752 321 883 362 maris
904 327 949 363 et
974 320 1203 375 fluctuum,
1228 320 1264 347 '2⁶
1281 321 1581 364 arescentibus
1607 320 1860 364 hominibus
1883 337 1975 378 prae

153 379 308 421 timore
343 384 385 421 et
419 379 748 435 expectatione,
776 394 872 434 quae
914 379 1226 435 supervenient
1260 380 1463 422 universo
1495 379 1619 434 orbi;
1655 393 1756 421 nain
1791 380 1975 423 virtutes

154 438 363 480 melorum
390 438 708 490 movebuntur3
745 436 779 463 ‘2⁷
799 444 842 480 et
868 444 972 479 tunc
996 438 1214 480 videbunt
1242 439 1405 481 Filium
1435 438 1625 481 hominis
1650 438 1900 481 venientem
1930 439 1974 480 in

152 496 268 539 nube
294 510 394 538 cum
420 501 637 552 potestate
663 509 824 551 magna
851 502 895 539 ct
920 497 1167 552 majestate.
1194 496 1230 523 ‘³⁸
1250 497 1333 539 His
1359 503 1505 540 autem
1533 497 1623 540 fieri
1647 495 1974 553 incipientibus,

152 555 375 611 respicite,
427 559 470 598 et
516 554 661 596 levate
707 555 853 610 capita
895 560 1060 610 vestra,
1108 556 1315 610 quoniam
1359 555 1684 612 appropinquat
1731 556 1975 612 redemptio

151 620 308 656 vestra.

211 672 248 698 ³⁰
266 672 322 714 Et
348 671 462 715 dixit
486 671 575 713 illis
601 671 940 714 similitudinem
975 688 983 715 :
1010 672 1173 714 Videte
1207 673 1463 726 ficulneam,
1499 679 1541 716 ct
1573 689 1723 718 omnes
1755 674 1932 718 arbores
1960 690 1973 718 ·.

113 743 119 748 ·
149 730 186 755 3⁰
212 744 312 774 curn
347 730 594 787 producunt
625 730 719 785 jam
753 743 808 772 ex
839 743 886 772 se
917 730 1140 784 fructum,
1175 731 1298 772 scitis
1333 732 1539 785 qnoniam
1566 746 1698 789 prope
1732 738 1798 776 est
1831 739 1972 777 aestas.

149 788 181 814 ³¹
205 789 273 831 Ita
305 796 347 832 ct
374 802 448 831 vos
474 802 574 831 cum
601 788 800 831 videritis
833 788 931 830 haec
956 787 1070 844 fieri,
1103 789 1260 832 scitote
1286 790 1492 844 quoniam
1524 805 1657 846 prope
1690 797 1756 834 est
1787 806 1973 848 regnum

150 847 245 891 Dei.
281 849 317 874 '2³²’
348 850 491 891 Amen
530 846 628 889 dico
670 847 815 901 vobis,
858 847 960 901 quia
998 861 1085 889 non
1127 848 1369 903 praeteribit
1409 850 1635 903 generatio
1676 851 1792 905 heco,
1834 852 1972 894 donec

149 908 295 949 omnia
326 905 448 949 fiant.
482 905 520 931 33
538 905 708 948 Caelum
740 910 783 948 et
808 912 925 948 terra
950 906 1228 960 transibunt3
1261 907 1394 949 verba
1420 914 1567 950 antem
1595 922 1692 951 mea
1723 924 1807 951 non
1833 916 1971 952 trans-

147 965 287 1009 ibunt.

206 1024 242 1050 3⁴
269 1024 500 1067 Attendite
523 1030 672 1067 autem
698 1024 843 1079 vobis,
871 1038 925 1066 ne
950 1025 1066 1067 forte
1092 1029 1332 1080 graventur
1364 1024 1496 1067 corda
1522 1031 1667 1068 vestra
1698 1027 1745 1069 in
1772 1027 1970 1084 crapula,

147 1089 190 1125 ct
225 1083 458 1138 ebrietate,
496 1088 541 1126 et
578 1082 692 1125 curis
725 1083 859 1138 hujus
893 1083 1018 1138 vitae,
1053 1089 1096 1126 et
1127 1083 1412 1140 superveniat
1439 1083 1484 1125 in
1511 1098 1587 1128 vos
1620 1086 1851 1140 repentina
1880 1086 1972 1129 dies

145 1141 251 1196 illa;
289 1140 325 1168 35
349 1147 564 1197 tanquam
596 1142 778 1197 laqueus
817 1141 935 1184 enim
968 1142 1248 1199 superveniet
1278 1142 1325 1184 in
1355 1156 1505 1185 omnes
1539 1143 1612 1199 qui
1653 1144 1809 1186 sedent
1845 1159 1974 1200 super

144 1201 309 1244 faciem
343 1201 486 1244 omnis
509 1206 651 1244 terrae.
686 1201 722 1228 3⁶
740 1200 936 1256 Vigilate
961 1201 1132 1257 itaque,
1167 1201 1287 1244 omni
1319 1205 1516 1257 tempore
1545 1208 1740 1257 oranteS‚
1776 1209 1823 1245 ut
1849 1203 1972 1258 digni

144 1259 399 1303 habeamini
434 1260 594 1316 fugere
629 1260 714 1302 ista
752 1260 898 1303 omnia
941 1275 1038 1316 quae
1074 1261 1227 1302 futura
1260 1266 1383 1316 sunt,
1424 1266 1467 1303 et
1509 1266 1624 1304 stare
1663 1266 1767 1304 ante
1808 1262 1973 1304 Filium

143 1318 347 1362 hominis.

203 1377 236 1403 3⁷
258 1380 366 1421 Erat
397 1384 547 1422 autem
574 1378 728 1422 diebus
752 1379 915 1422 docens
947 1379 994 1421 in
1023 1379 1218 1434 templo;
1250 1379 1455 1422 noctibus
1488 1393 1589 1422 vero
1623 1379 1795 1436 exiens,
1830 1394 1970 1424 mora-

142 1437 273 1479 batur
302 1438 347 1480 in
382 1443 532 1481 monte
567 1438 639 1493 qui
669 1443 854 1481 vocatur
887 1436 1064 1482 Oliveti.
1099 1437 1135 1464 38
1162 1436 1220 1480 Et
1252 1438 1394 1480 omnis
1420 1439 1608 1495 populus
1634 1439 1891 1482 manicabat
1914 1440 1971 1482 ad

143 1509 242 1538 eum
267 1496 312 1538 in
339 1497 503 1552 templo
525 1497 676 1539 audire
702 1510 814 1539 eum.

391 1623 555 1666 Sucrro
590 1624 738 1666 11.-
769 1623 965 1667 Cnrnsrr
1000 1635 1176 1679 PASSIO,
1214 1636 1333 1667 noas
1369 1636 1424 1666 ΕΤ
1461 1636 1729 1668 sEPUL'rnnA

199 1746 305 1790 CAP.
345 1745 498 1789 XXII.
533 1773 591 1778 -
620 1744 633 1772 ¹
669 1746 1071 1803 Appropinquabat
1103 1751 1253 1789 autem
1284 1746 1376 1789 dies
1406 1746 1549 1789 festus
1581 1761 1858 1805 azymorum,
1898 1750 1970 1805 qui

141 1805 302 1848 dicitur
332 1804 504 1848 Pascha
518 1821 532 1859 ‘3
561 1804 578 1830 '2
595 1810 639 1848 et
668 1805 928 1861 quaerebant
949 1805 1171 1862 principes
1193 1805 1473 1848 sacerdotum
1499 1811 1542 1848 et
1567 1806 1722 1849 scrib'ae
1755 1809 1971 1863 quomodo

139 1865 166 1907 J
171 1878 296 1908 esum
327 1864 646 1920 interficerent,
672 1863 893 1908 timebant
917 1878 1022 1907 vero
1051 1864 1241 1921 plebem.
1272 1863 1290 1890 3
1318 1864 1512 1907 Intravit
1538 1870 1686 1908 autem
1711 1865 1900 1910 Satanas
1923 1868 1970 1910 in

140 1922 167 1966 J
173 1923 327 1979 udam,
361 1924 434 1979 qui
468 1923 868 1980 cognominabatur
898 1923 1153 1979 Iscariotes,
1184 1937 1322 1966 unum
1356 1923 1410 1966 de
1444 1924 1692 1968 duodecim.
1719 1924 1737 1950 4
1755 1925 1813 1968 Et
1837 1926 1968 1983 abiit,

140 1988 183 2025 et
216 1983 387 2025 locutus
425 1988 491 2026 est
525 1997 626 2025 cum
659 1981 936 2039 principibus
969 1982 1251 2025 sacerdotum
1287 1987 1332 2025 et
1365 1983 1721 2039 magistratibus,
1761 1985 1969 2040 quemad-

139 2041 320 2084 modum
350 2040 478 2084 illum
508 2041 700 2086 traderet
730 2042 806 2086 eis,
832 2042 850 2068 ⁵
868 2043 925 2084 Et
958 2042 1101 2098 gavisi
1134 2047 1256 2097 sunt,
1284 2047 1327 2085 et
1359 2041 1479 2099 pacti
1513 2048 1615 2085 sunt
1637 2043 1875 2099 pecuniam
1905 2045 1969 2086 illi

139 2099 254 2145 dare.
287 2100 304 2127 6
322 2099 380 2142 Et
405 2101 654 2158 spopondit.
687 2100 746 2143 Et
771 2101 997 2157 quaerebat
1023 2101 1400 2158 opportunitatem
1426 2105 1474 2143 ut
1499 2101 1692 2144 traderet
1724 2101 1851 2145 illum
1876 2104 1970 2146 sine

137 2158 292 2204 turbis.

198 2219 213 2245 ⁷
238 2218 376 2262 Venit
402 2225 552 2263 autem
575 2218 669 2263 dies
694 2220 972 2277 azymorum,
995 2220 1043 2262 in
1070 2235 1154 2275 qua
1181 2233 1359 2262 necesse
1382 2225 1476 2262 erat
1502 2220 1644 2263 occidi
1670 2221 1848 2277 pascha.
1876 2221 1893 2248 ⁸
1912 2222 1969 2265 Et

138 2278 258 2321 misit
282 2279 462 2322 Petrum
487 2284 532 2322 et
556 2279 583 2322 J
589 2292 798 2336 oannem,
827 2279 978 2322 dicens
1009 2296 1018 2323 ε
1041 2279 1209 2321 Euntes
1232 2284 1384 2334 parate
1409 2279 1535 2322 nobis
1559 2280 1744 2336 pascha,
1772 2286 1819 2322 ut
1844 2295 1968 2324 man-

138 2338 362 2381 ducemus.
389 2337 406 2364 9
423 2340 484 2381 At
508 2339 575 2381 illi
599 2338 805 2382 dixerunt
837 2355 846 2382 ε
874 2337 963 2382 Ubi
989 2338 1056 2380 vis
1082 2337 1320 2394 paremus?
1347 2337 1384 2363 '1⁰
1401 2337 1460 2380 Et
1487 2338 1604 2381 dixit
1628 2339 1685 2381 ad
1710 2353 1783 2382 eos
1817 2356 1826 2383 ε
1853 2340 1969 2383 Ecce

137 2396 462 2440 introeuntibus
485 2398 609 2441 vobis
635 2397 681 2440 in
708 2397 949 2453 civitatem,
975 2402 1172 2440 occurret
1199 2396 1322 2439 vobis
1347 2397 1479 2440 homo
1501 2398 1681 2453 qnidam
1707 2398 1968 2455 amphoram

137 2470 263 2511 aquae
297 2462 507 2513 portans3
536 2456 771 2513 sequimini
802 2470 899 2500 eum
929 2457 975 2498 in
1011 2456 1193 2498 domum
1229 2455 1275 2498 in
1309 2470 1442 2511 quam
1474 2457 1632 2513 intrat,
1676 2457 1708 2483 '¹¹
1734 2463 1780 2500 et
1809 2457 1967 2501 dicetis

137 2515 454 2572 patrifamilias
491 2515 648 2559 domus
693 2534 701 2560 :
740 2516 863 2559 Dicit
897 2515 979 2558 tibi
1015 2515 1230 2570 Magister
1273 2532 1282 2559 ε
1328 2514 1415 2558 Ubi
1456 2521 1522 2559 est
1563 2515 1852 2560 diversorium
1891 2517 1966 2560 ubi

137 2575 302 2631 pascha
328 2589 429 2618 cum
455 2575 685 2633 discipulis
713 2576 824 2618 meis
850 2574 1151 2618 manducem?
1175 2573 1214 2600 ‘¹2
1233 2575 1290 2617 Et
1314 2574 1410 2631 ipse
1436 2575 1639 2618 ostendet
1663 2575 1788 2619 vobis
1820 2591 1966 2619 coena-

138 2633 288 2676 culum
312 2648 526 2690 magnum
552 2640 740 2677 stratum
756 2651 769 2689 ‘3
799 2639 842 2676 et
865 2633 928 2676 ibi
953 2639 1119 2691 parate.
1145 2632 1183 2660 43
1201 2633 1369 2677 Euntes
1392 2639 1542 2677 autem
1563 2635 1832 2678 invenerunt
1853 2635 1966 2678 sicut

138 2692 252 2735 dixit
275 2692 377 2749 illis,
401 2698 444 2736 et
469 2700 736 2750 paraverunt
758 2694 937 2749 pascha.
962 2692 998 2718 ¹4
1017 2691 1075 2735 Et
1100 2707 1202 2735 cum
1226 2693 1351 2736 facta
1377 2699 1491 2737 esset
1517 2693 1636 2749 hora,
1655 2693 1898 2751 discubuit,
1923 2700 1965 2738 et

137 2751 372 2795 duodecim
391 2753 579 2808 apostoli
606 2767 707 2795 cum
731 2767 795 2796 e0.

196 2811 232 2837 ¹5
256 2810 312 2854 Et
335 2811 401 2854 ait
420 2810 512 2854 illis
541 2827 551 2855 τ
581 2811 809 2855 Desiderio
836 2812 1085 2856 desideravi
1116 2813 1198 2856 hoc
1225 2813 1391 2869 pascha
1417 2812 1688 2857 manducare
1712 2813 1963 2870 vobiscum,

136 2876 375 2926 antequam
398 2871 556 2928 patiar.
580 2871 617 2897 1⁶
636 2871 746 2914 Dico
773 2871 891 2915 enim
914 2872 1062 2929 vobis,
1090 2873 1192 2928 quia
1216 2886 1273 2915 ex
1301 2872 1383 2915 hoc
1406 2886 1498 2915 'non
1526 2871 1805 2916 manducabo
1833 2871 1963 2930 illud,

136 2929 275 2973 donec
300 2930 539 2987 impleatur
561 2930 608 2972 in
633 2943 770 2987 regno
794 2931 893 2974 Dei.
922 2930 956 2957 1⁷
977 2930 1034 2974 Et
1059 2936 1242 2988 accepto
1266 2931 1417 2986 calice,
1437 2932 1604 2987 gratias
1623 2932 1727 2988 egit,
1755 2937 1798 2975 et
1820 2931 1934 2975 dixit
1950 2949 1964 2976 ·:

135 2989 360 3046 Accipite,
396 2995 439 3033 et
469 2988 656 3033 dividite
685 2990 801 3034 inter
829 3003 921 3034 vos.
950 2989 984 3017 ²⁸
1005 2989 1116 3034 Dico
1149 2991 1269 3034 enim
1301 2990 1427 3034 vobis
1458 2991 1573 3046 quod
1605 3005 1692 3034 non
1726 2990 1878 3034 bibam
1912 2992 1964 3035 de

135 3049 420 3104 generatione
452 3049 569 3105 vitis,
602 3049 742 3092 donec
772 3064 959 3106 regnum
989 3051 1071 3093 Dei
1101 3050 1265 3093 veniat.
1293 3050 1329 3075 ¹9
1347 3051 1405 3092 Et
1429 3055 1611 3107 accepto
1637 3064 1770 3107 pane,
1797 3051 1964 3107 gratias

136 3108 238 3164 egit,
266 3114 310 3151 et
330 3108 483 3165 fregit,
508 3114 551 3152 et
573 3108 697 3152 dedit
722 3108 797 3164 eis,
818 3108 970 3153 dicens
999 3126 1008 3154 ε
1032 3108 1131 3153 Hoc
1156 3114 1220 3152 est
1246 3122 1402 3166 corpus
1422 3123 1583 3164 meum,
1603 3108 1718 3165 quod
1743 3123 1821 3166 pro
1838 3110 1964 3154 vobis

136 3166 293 3222 datur;
326 3167 409 3211 hoc
438 3168 580 3211 facite
611 3168 658 3210 in
692 3182 838 3211 meam
868 3168 1346 3213 commemorationem.
1378 3167 1417 3195 ‘2⁰
1435 3169 1647 3212 Similiter
1676 3174 1720 3212 et
1754 3169 1960 3225 calicem,

135 3232 370 3283 postquam
403 3226 619 3283 coenavit,
655 3227 806 3271 dicens
839 3244 848 3272 z
874 3225 963 3270 Hic
993 3234 1059 3272 est
1092 3228 1210 3273 calix
1237 3241 1403 3271 novum
1435 3234 1753 3271 testamentum
1785 3229 1831 3270 i'n
1863 3242 1961 3270 san-

135 3286 268 3341 guine
290 3300 406 3343 meo,
434 3287 506 3343 qui
525 3300 605 3344 pro
620 3287 757 3330 vobis
782 3286 1008 3331 fundetur.
1747 3306 1749 3308 ·

195 3344 228 3371 2¹
255 3346 569 3390 Verumtamen
600 3360 701 3390 ecce
730 3360 891 3389 manus
918 3345 1135 3390 tradentis
1167 3360 1238 3390 me
1267 3360 1441 3391 mecum
1472 3353 1539 3391 est
1569 3348 1616 3390 in
1650 3362 1815 3391 mensa.
1850 3345 1963 3390 ‘2²’Et

136 3403 313 3460 quidem
338 3402 479 3448 Filius
504 3405 709 3462 hominis,
729 3405 972 3450 secundum
989 3405 1106 3463 quod
1133 3405 1360 3450 definitum
1381 3412 1460 3462 est,
1480 3405 1630 3462 vadit3
1657 3412 1962 3450 verumtamen

134 3572 185 3603 28]
202 3571 297 3599 Rom.
311 3570 474 3606 V111‚23.
488 3572 567 3606 -ῃ
581 3572 704 3601 Matth.
723 3566 1010 3606 xxv1,2.Marc.
1024 3570 1116 3607 XrV,
1138 3575 1163 3600 1.
1180 3586 1216 3592 -
1236 3573 1266 3606 3]
1285 3573 1406 3600 Mattn.
1425 3571 1558 3606 XXVI,
1575 3573 1618 3600 Μ
1637 3572 1737 3600 Mam
1755 3571 1848 3608 xxm,
1866 3576 1909 3602 10.
1926 3588 1962 3594 ω

135 3616 183 3648 14]
200 3614 321 3643 Matth.
336 3613 462 3650 XXVI,
480 3618 524 3644 20.
542 3614 644 3644 Marc.
659 3615 750 3651 m,
768 3618 813 3645 17.
827 3628 860 3636 -—
878 3613 924 3647 19]
941 3615 956 3642 Ι
971 3616 1042 3644 Cor.
1060 3615 1126 3651 XI,
1149 3619 1193 3644 24.
1212 3630 1246 3635 -
1264 3617 1316 3650 21]
1335 3615 1456 3644 Matth.
1474 3615 1589 3644 XXVI
1603 3636 1610 3651 ‚
1624 3618 1670 3644 21.
1688 3617 1788 3645 Marc.
1801 3616 1894 3650 XIV„
1915 3620 1958 3646 20.

133 3659 354 3696 Joan.·X111‚
372 3662 416 3689 18.
433 3676 468 3681 —-
486 3664 532 3696 22]
559 3663 612 3691 rs.
639 3664 708 3699 xi„
727 3667 769 3692 10.
1249 3682 1255 3686 -

2092 1040 2124 1065 3⁰
2145 1037 2226 1065 Pars

2086 1079 2234 1108 moralis.

2055 1387 2175 1416 Ultimi
2191 1388 2265 1418 dies

2065 1433 2146 1460 Jesu
2167 1440 2253 1460 conr·

2082 1477 2241 1509 pendiose

2071 1521 2243 1554 descripti„

2071 1764 2245 1792 Horrenda

2036 1806 2133 1835 aud-„e
2154 1806 2274 1839 pactio.

2104 2233 2204 2261 Coena

2066 2274 2244 2307 paschalis.

2104 2829 2202 2857 Coena

2034 2870 2266 2902 eucharistica.

2067 3353 2225 3382 Proditor

2029 3396 2262 3426 denuntiatur.
