2456 3861
672 121 693 165 Ι
727 122 838 166 PAR.
874 123 962 176 IX,
995 123 1046 165 21
1083 148 1141 155 -—
1173 123 1234 177 X,
1270 123 1308 166 6.
1819 120 1904 164 389

81 292 115 320 ²¹
146 294 279 336 Porro
314 292 570 348 Zacharias,
610 292 724 336 filius
763 292 1062 348 Mosollamia,
1099 293 1265 349 janitor
1297 297 1436 350 portae
1470 291 1745 335 tabernaculi
1783 291 1906 334 testi-

81 352 232 397 monii.
258 351 296 378 22
317 352 480 396 Omnes
510 351 554 394 hi
584 351 715 395 electi
746 352 793 394 in
822 352 1021 395 ostiarios
1055 366 1131 408 per
1163 357 1334 409 portas,
1361 351 1538 395 ducenti
1569 350 1833 406 duodecim;
1862 355 1906 393 et

81 412 290 470 descripti
311 411 359 454 in
381 410 499 454 villis
526 410 731 467 propriis,
758 425 865 466 quos
888 411 1211 454 constituerunt
1242 410 1408 465 David,
1435 415 1479 453 et
1507 409 1685 454 Samuel
1712 409 1900 463 Videns,

79 471 126 514 in
155 471 240 514 fide
268 484 368 524 sua,
396 469 432 496 '²3
454 474 546 512 tam
571 469 710 526 ipsos,
737 483 870 525 quam
896 469 1009 512 filios
1034 483 1205 525 eorum,
1236 470 1281 512 in
1304 469 1426 513 ostiis
1453 468 1607 512 domus
1638 468 1839 524 Domini,
1862 473 1906 512 et

78 530 125 573 in
146 528 453 583 tabernaculo,
481 528 653 570 vicibus
679 527 782 570 suis.
816 526 852 554 ‘2²‘
878 528 962 571 Per
986 533 1173 584 quatuor
1205 533 1358 571 ventos
1392 532 1518 571 erant
1551 527 1739 583 ostiarii,
1768 527 1814 570 id
1840 532 1906 571 est

77 588 134 631 ad
161 587 395 642 orientem,
415 592 459 630 et
475 586 533 628 ad
551 586 845 638 occidentem,
868 592 911 629 et
935 586 991 628 ad
1010 587 1282 642 aquilonem,
1303 593 1346 630 et
1362 587 1418 629 ad
1437 592 1649 630 austrum.
1673 585 1710 613 2⁵
1729 587 1905 630 Fratres

76 651 227 690 autem
251 659 401 689 eorum
420 645 467 688 in
492 644 652 687 viculis
677 644 972 700 morabantur,
994 650 1037 688 et
1062 645 1300 688 veniebant
1325 646 1370 687 in
1395 645 1594 688 sabbatis
1616 645 1705 688 suis
1724 645 1777 689 de
1794 650 1904 688 tem-

71 718 181 761 pore
207 719 343 760 usque
362 704 419 747 ad
445 708 634 759 tempus.
661 702 697 729 36
717 703 801 745 His
827 708 1013 759 quatuor
1034 703 1182 746 levitis
1205 704 1397 746 creditus
1416 709 1509 747 erat
1535 705 1676 747 omnis
1699 718 1904 748 numerus

70 763 341 819 janitorum,
372 768 414 806 et
447 767 574 806 erant
605 776 736 819 super
768 761 973 818 exedras,
1004 768 1048 805 et
1076 762 1304 805 thesauros
1341 762 1496 805 domus
1533 763 1726 806 Domini.
1761 762 1795 789 2⁷
1824 763 1906 806 Per

77 837 236 879 gyrum
272 836 441 878 quoque
478 821 633 878 templi
679 820 859 864 Domini
905 821 1192 863 morabantur
1230 821 1277 863 in
1318 821 1529 864 custodiis
1569 822 1679 877 suis,
1720 827 1768 864 ut
1805 836 1906 865 cum

76 887 251 938 tempus
272 881 452 936 fuisset,
477 880 562 936 ipsi
593 894 723 923 mane
749 880 972 936 aperirent
999 880 1131 924 fores.
1167 878 1203 906 28
1227 880 1292 922 De
1321 880 1478 923 horum
1510 894 1671 936 genere
1704 886 1830 923 erant
1862 885 1906 924 et

76 954 205 997 super
225 954 332 983 vasa
359 939 592 982 ministerii
612 957 621 994 ;
650 939 707 982 ad
729 952 962 982 numerum
987 939 1108 982 enim
1133 944 1177 982 et
1202 938 1511 982 inferebantur
1532 953 1659 995 vasa,
1683 943 1727 982 et
1749 939 1905 983 effere-

76 999 250 1042 bantur.
277 998 313 1025 29
337 1000 402 1042 De
433 999 560 1055 ipsis,
594 1004 639 1041 et
675 998 749 1054 qui
787 998 954 1041 credita
990 998 1219 1042 habebant
1251 998 1460 1041 utensilia
1493 997 1756 1053 sanctuarii,
1794 1013 1905 1054 prae-

76 1063 203 1101 erant
227 1058 407 1114 similae,
434 1063 479 1101 et
503 1058 627 1114 vino,
651 1063 695 1101 et
717 1057 832 1113 oleo,
859 1063 904 1100 et
925 1058 1063 1113 thuri,
1091 1062 1136 1100 et
1160 1057 1448 1102 aromatibus.
1481 1057 1518 1084 3⁰
1536 1057 1640 1100 Filii
1667 1061 1816 1099 autem
1838 1071 1905 1100 sa-

76 1118 305 1161 cerdotum
327 1122 555 1173 unguenta
581 1131 636 1160 ex
657 1117 929 1159 aromatibus
951 1117 1260 1160 conficiebant.
1286 1116 1319 1143 3¹
1345 1117 1402 1159 Et
1426 1116 1700 1159 Mathathias
1727 1116 1903 1173 levites,

75 1177 396 1233 primogenitus
435 1176 601 1221 Sellum
639 1176 822 1232 Coritae,
861 1176 1102 1233 praefectus
1139 1181 1234 1219 erat
1270 1190 1420 1219 eorum
1461 1190 1558 1232 quae
1598 1175 1645 1218 in
1678 1176 1904 1231 sartagine

75 1236 370 1292 frigebantur.
400 1235 437 1262 32
463 1236 594 1278 Porro
625 1235 678 1278 de
704 1235 807 1278 filiis
837 1236 999 1291 Caath,
1030 1236 1245 1278 fratribus
1270 1249 1441 1292 eorum,
1468 1249 1598 1291 super
1620 1249 1756 1291 panes
1778 1240 1905 1278 erant

74 1295 406 1352 propositionis,
434 1300 483 1338 ut
518 1309 690 1351 semper
723 1309 859 1338 novos
893 1309 970 1351 per
1001 1294 1177 1350 singula
1210 1293 1398 1336 sabbata
1430 1297 1743 1351 praepararent.
1779 1293 1815 1320 33
1841 1293 1903 1336 Hi

74 1359 177 1397 sunt
209 1354 430 1411 principes
464 1359 694 1397 cantorum
726 1368 804 1410 per
835 1354 1036 1397 familias
1069 1354 1326 1409 levitarum,
1362 1354 1435 1410 qui
1471 1354 1518 1396 in
1551 1353 1724 1396 exedris
1761 1367 1903 1396 mora-

73 1413 247 1469 bantur,
274 1418 323 1456 ut
347 1413 418 1456 die
443 1427 496 1455 ac
516 1418 646 1455 nocte
667 1413 835 1468 jugiter
860 1426 936 1455 suo
967 1413 1212 1455 ministerio
1238 1412 1523 1456 deservirent.
1550 1412 1586 1439 34
1609 1412 1766 1468 Capita
1792 1412 1901 1455 levi-

73 1478 238 1526 tarum,
261 1486 338 1529 per
362 1471 562 1514 familias
587 1485 688 1514 suas
713 1471 954 1528 principes,
979 1476 1237 1514 manserunt
1261 1471 1308 1513 in
1335 1472 1597 1515 Jerusalem.

131 1531 167 1558 35
200 1532 256 1574 111
285 1531 472 1575 Gabaon
497 1536 648 1574 autem
673 1531 934 1573 commorati
961 1536 1064 1574 sunt
1095 1536 1221 1587 pater
1247 1531 1434 1574 Gabaon
1460 1530 1628 1587 Jehiel,
1663 1535 1708 1573 ct
1739 1545 1903 1574 nomen

71 1591 220 1634 uxoris
245 1591 343 1646 ejus
366 1590 568 1633 Maacha.
595 1590 632 1617 33
654 1590 795 1633 Filius
816 1590 1138 1647 primogenitus
1161 1591 1257 1646 ejus
1282 1590 1466 1647 Abdon,
1492 1595 1536 1633 et
1562 1592 1652 1645 Sur,
1678 1595 1721 1633 et
1743 1590 1835 1645 Cis,
1859 1595 1904 1633 et

74 1650 203 1706 Baal,
227 1655 272 1693 et
297 1651 399 1706 Ner,
427 1654 470 1693 et
496 1649 668 1706 Nadab,
704 1649 738 1676 3⁷
763 1650 910 1694 Gedor
939 1664 1130 1706 quoque,
1161 1656 1205 1693 et
1231 1649 1367 1705 Ahio,
1391 1654 1435 1692 et
1459 1649 1716 1705 Zacharias,
1740 1654 1784 1692 et
1808 1649 1902 1691 Ma-

72 1709 249 1752 celloth.
283 1709 319 1736 38
345 1710 478 1752 Porro
509 1709 752 1752 Macelloth
777 1710 932 1765 genuit
958 1710 1179 1765 Samaan3
1214 1709 1288 1752 isti
1321 1709 1638 1752 habitaverunt
1670 1723 1693 1751 e
1721 1708 1902 1764 regione

70 1768 262 1811 fratrum
286 1783 462 1812 suorum
487 1769 534 1811 in
567 1769 836 1825 Jerusalem,
869 1783 971 1812 cum
1003 1769 1218 1812 fratribus
1251 1768 1352 1812 suis.
1387 1768 1424 1794 39
1447 1770 1536 1812 Ner
1565 1773 1715 1811 autem
1748 1767 1907 1823 genuit

71 1827 172 1883 Cis3
199 1833 244 1871 et
269 1828 342 1871 Cis
367 1828 523 1884 genuit
544 1828 676 1884 Saul,
705 1833 749 1871 et
780 1828 883 1872 Saul
908 1829 1064 1885 genuit
1089 1829 1338 1885 Jonathan,
1366 1833 1410 1872 et
1436 1828 1701 1883 Melchisua,
1729 1832 1773 1870 et
1794 1826 1902 1870 Abi-

70 1887 239 1943 nadab,
270 1892 314 1930 et
347 1888 525 1931 Esbaal.
560 1887 598 1914 4⁰
623 1888 764 1931 Filius
797 1893 948 1931 autem
983 1889 1231 1944 Jonathan,
1265 1887 1541 1943 Meribbaal;
1578 1892 1621 1930 et
1653 1886 1903 1930 Meribbaal

69 1946 227 2002 genuit
253 1947 415 1990 Micha.
453 1947 487 1973 4¹
513 1948 646 1990 Porro
679 1947 758 1990 filii
792 1948 943 1990 Micha
974 1964 982 1991 :
1020 1947 1234 2003 Phithon,
1262 1953 1305 1991 et
1338 1948 1532 2003 Melech,
1561 1951 1603 1990 et
1637 1947 1831 2002 Tharaa,
1858 1950 1903 1989 et

69 2005 208 2049 Ahaz.
244 2005 282 2032 4⁶2
303 2007 429 2049 Ahaz
455 2012 606 2049 autem
630 2007 786 2063 genuit
812 2007 840 2049 J
844 2022 941 2063 ara,
965 2011 1010 2050 et
1035 2008 1144 2050 Jara
1173 2007 1329 2063 genuit
1354 2007 1588 2058 Alamath,
1614 2010 1657 2050 et
1686 2005 1899 2061 Azmoth,

69 2070 114 2107 et
135 2066 293 2109 Zamri.
320 2066 465 2108 Zamri
499 2071 649 2108 autem
677 2066 834 2122 genuit
866 2067 1004 2110 Mosa.
1035 2066 1072 2093 43
1096 2067 1223 2109 Mosa
1251 2080 1354 2109 vero
1388 2066 1544 2122 genuit
1574 2067 1746 2120 Banaa,
1775 2065 1901 2120 cujus

69 2123 186 2167 filius
209 2125 411 2181 Raphaia
436 2125 591 2180 genuit
612 2125 765 2181 Elasa,
786 2125 839 2168 de
862 2140 947 2181 quo
969 2130 1088 2168 ortus
1111 2132 1177 2169 est
1201 2126 1322 2169 Asel.
1346 2125 1382 2152 44
1401 2126 1534 2168 Porro
1558 2125 1664 2168 Asel
1690 2139 1768 2167 sex
1788 2124 1902 2166 filios

69 2182 226 2284 lliiabuit
246 2184 315 2227 his
340 2184 594 2227 nominibus
618 2200 626 2227 :
656 2184 879 2240 Ezricam,
909 2186 1073 2241 Bocru,
1106 2185 1320 2241 Ismahel,
1354 2184 1498 2241 Saria,
1527 2184 1691 2239 Obdia,
1722 2184 1900 2226 Hanan.

118 2242 132 2284 i
158 2247 260 2285 sunt
285 2243 365 2285 filii
391 2243 511 2286 Asel.

613 2373 827 2428 PARS
879 2373 1362 2429 POSTERIOR

563 2513 893 2553 HISTORIA
944 2514 1146 2552 DAVID
1200 2514 1404 2554 REGIS

414 2649 577 2693 Sso‘mo
612 2651 647 2693 I.
673 2677 731 2683 —
764 2652 1013 2694 PRAECIPUA
1047 2662 1193 2694 FACTA
1226 2663 1369 2694 REGNI
1404 2652 1558 2694 DAVID

619 2772 642 2829 ξ
677 2773 713 2816 Ι.
740 2799 798 2804 -
835 2772 1011 2816 Corruit
1041 2773 1195 2815 domus
1227 2772 1354 2816 Saul.

126 2888 233 2932 CAP.
256 2889 311 2931 X.
333 2914 393 2922 —
425 2887 438 2914 ¹
467 2888 741 2931 Philisthiim
766 2893 916 2931 autem
945 2887 1207 2944 pugnabant
1232 2893 1385 2932 contra
1411 2889 1571 2945 Israel,
1598 2889 1900 2947 fugeruntque

68 2947 151 2989 viri
169 2946 310 2990 Israel
328 2947 643 3003 Palaesthinos,
664 2953 708 2990 et
725 2947 980 2990 ceciderunt
996 2947 1217 2990 vulnerati
1236 2947 1281 2990 in
1300 2952 1449 2991 monte
1469 2949 1650 2993 Gelboe.
1671 2948 1688 2975 '2
1702 2949 1899 3006 Cumque

68 3006 496 3062 appropinquassent
520 3007 771 3050 Philisthaei
794 3011 1106 3063 persequentes
1140 3006 1263 3062 Saul,
1298 3013 1343 3050 et
1374 3007 1488 3051 filios
1521 3008 1637 3065 ejus,
1672 3023 1898 3065 percusse-

67 3069 170 3107 runt
191 3065 220 3107 J
224 3066 441 3122 onathan,
468 3070 513 3109 et
535 3065 797 3122 Abinadab,
823 3070 866 3108 et
891 3065 1156 3122 Melchisua,
1187 3065 1300 3110 filios
1326 3067 1442 3111 Saul.
1477 3067 1495 3094 3
1520 3068 1578 3110 Et
1603 3073 1900 3125 aggravatum

69 3128 136 3166 est
158 3123 363 3180 praelium
385 3129 538 3168 contra
561 3125 664 3169 Saul
684 3143 693 3181 3
717 3125 1068 3180 inveneruntque
1090 3139 1190 3168 eum
1219 3126 1462 3183 sagittarii,
1486 3131 1530 3171 et
1554 3127 1900 3171 vulneraverunt

67 3182 242 3238 jaculis.
264 3182 282 3210 4
303 3184 362 3226 Et
390 3183 506 3227 dixit
531 3184 635 3229 Saul
657 3184 716 3227 ad
747 3184 1018 3240 armigerum
1042 3198 1170 3228 suum
1195 3201 1203 3229 :
1231 3185 1437 3242 Evagina
1461 3186 1662 3242 gladium
1682 3191 1828 3241 tuum,
1856 3190 1900 3229 et

67 3241 266 3286 interfice
291 3257 383 3299 me,
409 3257 464 3286 ne
495 3243 612 3287 forte
637 3243 822 3287 veniant
848 3243 1147 3287 incircumcisi
1175 3244 1271 3301 isti,
1299 3250 1344 3288 et
1373 3245 1568 3289 illudant
1596 3245 1720 3288 mihi.
1743 3245 1900 3288 Noluit

69 3305 218 3344 autem
253 3302 448 3358 armiger
481 3302 579 3359 ejus
610 3302 694 3346 hoc
726 3303 896 3358 facere,
931 3302 1088 3347 timore
1121 3304 1407 3361 perterritus;
1442 3304 1629 3361 arripuit
1654 3318 1759 3360 ergo
1794 3303 1899 3349 Saul

70 3372 240 3416 ensem,
274 3365 319 3404 et
348 3361 477 3404 irruit
511 3361 558 3404 in
595 3376 707 3406 eum.
741 3362 758 3389 5
787 3361 911 3413 Quod
948 3376 1049 3404 cum
1084 3362 1271 3407 vidisset
1306 3364 1500 3420 armiger
1536 3364 1653 3420 ejus,
1687 3362 1900 3407 videlicet

70 3423 292 3462 mortuum
320 3434 413 3464 esse
440 3421 564 3477 Saul,
591 3421 717 3464 irruit
749 3421 884 3465 etiam
908 3421 1004 3477 ipse
1035 3421 1082 3465 in
1111 3422 1310 3478 gladium
1335 3438 1482 3479 suum,
1518 3428 1561 3466 et
1587 3427 1782 3465 mortuus
1817 3426 1896 3466 est.

70 3475 88 3501 6
112 3476 290 3521 Interiit
310 3493 414 3536 ergo
442 3479 566 3536 Saul,
594 3485 639 3523 et
667 3485 755 3524 tres
780 3480 859 3522 filii
889 3480 1007 3536 ejus,
1031 3486 1076 3524 et
1105 3481 1248 3524 omnis
1280 3482 1434 3525 domus
1463 3481 1583 3524 illius
1608 3481 1773 3538 pariter
1795 3495 1897 3523 con-

65 3627 119 3661 35]
136 3627 214 3660 Sup.
238 3629 342 3665 VIH,
360 3632 405 3658 29.
429 3645 465 3650 —
489 3631 538 3664 39]
551 3631 628 3663 Sup.
645 3631 752 3667 VIII,
768 3634 813 3660 33.
837 3646 874 3651 —
898 3632 926 3665 l]
951 3632 966 3659 I
985 3632 1068 3665 Rog.
1086 3633 1202 3660 XXXI
1215 3653 1223 3668 ‚
1240 3635 1266 3662 1.

2015 1541 2165 1569 Iteratur

1993 1582 2192 1619 genealogia

2046 1628 2134 1657 saur

1995 2891 2086 2920 Mors
2103 2891 2181 2919 Saul

1985 2937 2021 2963 et
2040 2934 2187 2963 filiorum

2027 2986 2144 3012 ipsms.
