2423 3861
866 116 926 157 Is.
962 116 1005 163 1,
1043 116 1092 156 17
1126 140 1185 146 -
1218 115 1285 170 11,
1323 116 1386 157 11.
1951 115 2030 160 791

215 286 428 342 quiescite
457 299 588 340 agere
622 299 845 342 perverse,
884 284 915 310 ¹⁷
944 284 1100 327 discite
1131 283 1424 338 benefacer03
1457 285 1641 340 quaerite
1669 285 1908 341 judicium,
1936 286 2035 329 sub-

214 344 364 387 venite
400 358 627 400 oppresso,
666 343 865 399 judicato
900 343 1088 399 pupillo,
1128 342 1357 385 defendite
1394 342 1586 386 viduam.
1628 343 1662 369 ¹⁸
1693 343 1750 386 Et
1787 344 1955 400 venite,
1992 350 2035 387 et

213 403 384 458 arguite
411 417 501 454 me,
528 402 637 444 dicit
662 403 890 445 Dominus,
916 401 963 444 Si
987 401 1155 444 fuerint
1180 406 1365 457 peccata
1390 408 1534 443 vestra
1562 408 1608 444 ut
1634 402 1881 457 coccinum,
1911 404 2034 459 quasi

213 462 291 504 nix
319 460 673 514 dealbabuntur3
702 467 745 504 et
775 461 809 503 si
837 461 1004 503 fuerint
1035 460 1166 502 rubra
1196 459 1319 515 quasi
1348 460 1635 516 vermiculus,
1663 461 1785 504 velut
1810 461 1913 504 lana
1933 462 2035 505 alba

213 525 352 563 erunt.
380 519 415 545 '¹9
431 520 475 562 Si
503 519 750 574 volueritis,
779 525 821 561 et
842 519 1070 561 audieritis
1098 533 1188 573 me,
1216 519 1331 570 bona
1364 523 1489 561 terrae
1520 520 1772 563 comedetis.
1795 519 1832 546 2⁰
1850 520 1974 570 Quod
1999 521 2035 563 si

212 578 460 634 nolueritis,
498 586 541 621 et
575 592 643 620 me
677 578 733 620 ad
768 577 1044 620 iracundiam
1079 576 1447 633 provocaveritis,
1479 577 1654 632 gladius
1681 578 1912 622 devorabit
1937 593 2034 634 vos,

211 637 314 692 quia
338 652 385 680 os
410 637 587 680 Domini
613 637 806 679 locutum
835 642 914 679 est.

270 695 303 721 2¹
325 696 551 746 Quomodo
585 696 709 738 facta
741 700 807 738 est
837 696 1046 738 meretrix
1074 695 1233 737 civitas
1268 695 1430 750 fidelis,
1465 696 1596 751 plena
1629 696 1825 753 judicii?
1852 697 1879 739 J
1886 697 2035 739 ustitia

211 755 433 797 habitavit
458 755 502 797 in
529 769 599 808 ea,
626 768 743 796 nunc
765 758 914 796 autem
940 753 1190 796 homicidae.
1215 753 1251 779 2‘2
1270 754 1520 809 Argentum
1546 759 1671 797 tuum
1697 770 1872 798 versum
1899 760 1965 798 est
1990 756 2035 798 in

210 814 419 861 scoriam,
454 814 606 855 vinum
640 817 765 855 tuum
809 813 989 855 mistum
1020 818 1086 856 est
1111 827 1238 868 aqua.
1267 811 1304 838 23
1323 812 1550 868 Principes
1583 814 1646 855 tui
1673 814 1893 869 infideles,
1927 815 2033 858 socii

211 873 373 915 furum.
410 873 572 916 Omnes
611 871 806 927 diligunt
847 886 1051 927 munera,
1093 876 1335 926 sequuntur
1371 872 1695 915 retributiones.
1736 873 1910 928 Pupillo
1948 888 2035 916 non

209 931 433 986 judicant,
473 935 516 973 et
553 944 685 973 causa
721 930 871 973 viduae
909 945 996 974 non
1034 929 1280 986 ingreditur
1320 930 1377 973 ad
1419 930 1531 974 illos.
1570 930 1605 957 2¹
1635 932 1819 988 Propter
1855 932 1937 974 hoc
1973 933 2036 974 ait

210 990 445 1045 Dominus,
490 990 608 1032 Deus
649 989 945 1045 exercituum,
987 990 1131 1032 Fortis
1171 989 1309 1032 Israel
1358 1006 1366 1033 :
1422 990 1550 1032 Heu!
1601 990 1860 1032 consolabor
1907 1005 2036 1046 super

209 1048 409 1092 hostibus
443 1049 572 1104 meis,
603 1053 648 1091 ct
677 1048 938 1091 vindicabor
969 1048 1020 1091 dc
1055 1048 1248 1091 inimicis
1287 1049 1408 1092 meis.
1440 1047 1475 1074 '25
1494 1049 1553 1090 Et
1575 1055 1830 1092 convertam
1855 1063 2035 1092 manum

208 1122 353 1151 meam
387 1108 444 1151 ad
477 1113 541 1163 te,
575 1112 619 1151 et
651 1121 895 1174 excoquam
929 1107 985 1150 ad
1014 1122 1174 1164 purum
1208 1107 1396 1152 scoriam
1427 1112 1569 1164 tuam,
1604 1113 1650 1152 et
1678 1108 1881 1151 auferam
1908 1122 2035 1151 omne

209 1173 418 1210 stannum
436 1172 574 1210 tuum.
603 1165 640 1193 2⁶
658 1166 716 1210 Et
741 1167 973 1210 restituam
998 1167 1170 1222 judices
1197 1174 1294 1210 tuos
1320 1174 1368 1210 ut
1390 1167 1488 1210 fuer
1492 1171 1569 1210 unt
1598 1167 1736 1234 prius,
1763 1172 1807 1210 et
1831 1167 2036 1210 consilia—

207 1225 294 1269 rios
326 1231 422 1269 tuos
453 1226 568 1269 sicut
593 1225 867 1281 antiquitus3
894 1231 994 1282 post
1024 1226 1120 1268 haec
1146 1226 1375 1270 vocabeiis
1402 1226 1561 1269 civitas
1594 1226 1723 1293 justi,
1750 1226 1853 1268 uibs
1879 1226 2034 1284 fidelis.

208 1284 243 1311 ²¹
261 1285 366 1328 Sion
399 1285 443 1327 in
477 1285 644 1341 judicio
677 1262 929 1339 redimet’ui,
957 1290 1000 1328 et
1029 1285 1241 1328 reducent
1275 1300 1372 1328 eam
1405 1285 1451 1328 in
1484 1285 1673 1341 justitia.
1700 1285 1736 1312 2⁸
1756 1286 1814 1328 Et
1839 1290 2036 1328 conteret

208 1344 436 1400 scelestos,
459 1350 503 1388 et
524 1349 778 1400 peccatmes
803 1320 964 1399 81111111;
991 1349 1035 1387 et
1060 1344 1133 1399 qui
1161 1344 1488 1400 dereliquerunt
1509 1345 1751 1387 Dominum
1777 1359 2035 1388 consumen-

207 1408 291 1446 tur.
316 1402 352 1430 29
371 1403 713 1447 Confundentur
738 1404 856 1446 enim
877 1403 934 1445 ab
961 1402 1092 1446 idolis
1116 1403 1274 1459 quibus
1301 1403 1673 1459 sacrificaverunt,
1698 1408 1742 1447 et
1768 1403 2035 1447 erubescetis

207 1476 339 1518 super
371 1462 509 1505 hortis
542 1477 648 1517 quos
681 1461 936 1517 elegeratis,
971 1461 1008 1488 3⁰
1025 1476 1126 1504 cum
1159 1463 1336 1505 fueritis
1367 1462 1489 1505 velut
1525 1477 1708 1517 quercus
1740 1462 2035 1505 defluentibus

206 1521 350 1576 foliis,
379 1526 422 1564 et
446 1521 569 1564 velut
593 1521 745 1563 hortus
775 1520 939 1575 absque
973 1535 1100 1575 aqua.
1127 1521 1161 1547 3¹
1184 1523 1241 1564 Et
1271 1521 1352 1565 erit
1378 1521 1596 1564 fortitudo
1619 1527 1765 1564 vestra
1797 1526 1846 1564 ut
1875 1521 2036 1563 favilla

207 1584 392 1636 stuppae,
419 1585 464 1622 et.
489 1594 597 1635 opus
622 1584 818 1622 vestrum
843 1579 968 1634 quasi
994 1579 1189 1622 scintilla
1210 1597 1218 1635 3
1249 1585 1292 1623 et
1317 1579 1609 1623 succendetur
1636 1585 1869 1635 utrumque
1890 1579 2034 1632 simul,

206 1643 251 1681 et
275 1653 360 1682 non
388 1639 470 1682 erit
492 1638 564 1693 qui
591 1638 837 1693 extinguat.

305 1760 328 1816 ξ
351 1760 412 1802 Π.
440 1785 498 1791 —-
527 1759 686 1804 Gloria
694 1761 862 1816 futura
886 1760 1014 1803 Juda
1039 1766 1080 1803 et
1101 1761 1369 1814 Jerusalem,
1391 1761 1711 1816 perjudicium
1735 1761 1936 1804 divinum

986 1825 1254 1875 praeparata.

204 1994 233 2036 J
265 1935 381 2035 CAP.l
399 1935 461 1977 ΙΙ.
488 1960 548 1966 --
572 1933 586 1960 1
606 1934 805 1978 Verbum
835 1935 951 1991 quod
988 1934 1102 1978 vidit
1136 1934 1299 1991 Isaias,
1334 1935 1450 1978 filius
1483 1936 1642 1991 Amos,
1679 1950 1809 1992 super
1839 1936 1958 1979 Juda
1992 1942 2035 1978 et

237 2007 363 2036 erusa
384 2007 467 2036 em.

263 2051 281 2078 ‘2
299 2053 356 2095 Et
382 2052 465 2095 erit
493 2052 539 2095 in
565 2053 815 2096 novissimis
842 2052 996 2096 diebus
1028 2058 1300 2110 praeparatus
1327 2068 1453 2097 mons
1483 2054 1638 2097 domus
1665 2054 1844 2097 Domini
1871 2054 1916 2096 in
1940 2069 2032 2098 ver-

203 2111 291 2155 tice
314 2111 546 2167 montium,
576 2116 619 2155 et
644 2111 892 2155 elevabitur
917 2125 1046 2168 super
1068 2113 1202 2156 colles
1223 2131 1232 2168 ;
1257 2119 1299 2156 et
1324 2112 1463 2157 fiuent
1484 2113 1540 2156 ad
1566 2128 1667 2156 eum
1689 2128 1842 2156 omnes
1863 2118 2031 2169 gentes,

205 2170 223 2196 3
246 2176 290 2215 et
320 2170 451 2213 ibunt
483 2171 634 2227 populi
667 2170 817 2226 multi,
852 2175 896 2213 et
930 2170 1079 2215 dicent
1112 2189 1121 2217 :
1157 2172 1341 2228 Venite,
1369 2177 1412 2216 et
1437 2173 1728 2215 ascendamus
1753 2172 1811 2215 ad
1836 2177 2033 2215 montem

205 2229 399 2285 Domini,
423 2235 468 2273 et
487 2230 544 2273 ad
572 2230 752 2273 domum
784 2229 866 2273 Dei
890 2230 1032 2274 Jacob
1052 2248 1062 2286 3
1091 2236 1133 2274 et
1160 2231 1336 2275 docebit
1362 2246 1440 2275 nos
1462 2232 1557 2275 vias
1584 2246 1696 2286 suas,
1718 2236 1762 2274 et
1783 2231 2030 2274 ambulabi-

205 2303 300 2332 mus
325 2289 372 2331 in
398 2289 568 2332 semitis
594 2289 706 2345 ejus,
733 2289 835 2344 quia
861 2288 914 2331 de
939 2290 1045 2333 Sion
1071 2290 1212 2333 exibit
1234 2290 1319 2346 leX,
1348 2296 1392 2334 et
1412 2291 1598 2334 verbum
1625 2291 1806 2334 Domini
1832 2291 1885 2333 de
1905 2291 1932 2333 J
1937 2305 2030 2333 eru-

204 2348 356 2391 salem.
390 2347 408 2374 4
430 2348 487 2391 Et
517 2348 741 2404 judicabit
770 2352 945 2404 gentes,
981 2354 1025 2392 et
1055 2354 1211 2405 arguet
1245 2350 1430 2406 populos
1465 2350 1656 2405 multos;
1696 2354 1740 2393 et
1777 2350 2033 2394 conflabunt

203 2407 375 2463 gladios
409 2421 509 2450 suos
546 2407 591 2450 in
628 2421 848 2463 1101118188,
883 2412 927 2450 et
963 2408 1141 2452 lanceas
1178 2423 1278 2451 suas
1312 2409 1357 2451 in
1390 2410 1546 2453 falces.
1584 2411 1684 2453 Non
1716 2408 1886 2452 levabit
1923 2423 2032 2464 gens

203 2471 356 2509 contra
377 2471 556 2522 gentem
578 2466 798 2522 gladium,
826 2480 906 2510 nec
934 2468 1265 2511 exercebuntur·
1282 2468 1396 2510 ultra
1417 2469 1474 2512 ad
1497 2469 1714 2525 praelium.

262 2526 278 2552 ⁵
297 2527 466 2569 Domus
492 2525 656 2581 Jacob,
688 2525 858 2581 venite,
886 2530 930 2568 et
963 2527 1243 2570 ambulemus
1273 2527 1317 2569 in
1349 2527 1515 2570 lumine
1543 2528 1737 2571 Domini.
1761 2527 1778 2554 6
1797 2528 2031 2584 Projecisti

203 2585 321 2628 enim
343 2585 555 2641 populum
579 2590 719 2641 tuum,
744 2585 924 2628 domum
950 2586 1106 2641 Jacob,
1134 2586 1236 2641 quia
1258 2586 1416 2642 repleti
1438 2592 1540 2630 sunt
1562 2592 1611 2629 ut
1636 2587 1754 2642 olim,
1779 2591 1822 2630 et
1843 2601 2031 2643 augures

201 2643 537 2687 habuerunt'ut
575 2644 868 2699 Philisthiim,
907 2649 951 2688 et
984 2645 1129 2701 pueris
1164 2645 1321 2688 alienis
1359 2645 1655 2690 adhaeserunt.
1696 2646 1710 2672 ⁷
1743 2646 1928 2702 Repleta
1967 2651 2032 2689 est

202 2709 318 2746 terra
342 2708 527 2759 argento
558 2708 601 2746 et
626 2718 752 2759 auro,
779 2708 824 2747 et
848 2717 936 2746 non
961 2709 1027 2748 est
1051 2705 1150 2747 finis
1176 2705 1482 2748 thesaurorum
1514 2705 1623 2762 ejus.
1650 2706 1667 2733 8
1687 2707 1744 2749 Et
1770 2705 1940 2761 repleta
1966 2711 2031 2748 est

202 2768 316 2805 terra
342 2762 440 2818 ejus
466 2763 602 2818 equis,
629 2768 673 2806 et
696 2762 1044 2806 innumerabiles
1067 2764 1293 2820 quadrigae
1320 2765 1430 2820 ejus.
1452 2766 1510 2808 Et
1526 2765 1694 2821 repleta
1715 2769 1780 2808 est
1799 2770 1912 2807 terra
1935 2764 2030 2820 ejus

201 2821 361 2876 idolis3
396 2836 503 2878 opus
537 2836 750 2865 manuum
783 2836 960 2865 suarum
986 2823 1304 2879 adoraverunt,
1332 2824 1448 2879 quod
1479 2824 1685 2867 fecerunt
1709 2823 1837 2879 digiti
1865 2837 2026 2866 eorum.

191 2879 219 2917 ,9
236 2882 294 2923 Et
318 2881 572 2924 incurvavit
596 2895 640 2924 se
666 2881 811 2937 homo,
838 2885 881 2924 et
906 2881 1166 2925 humiliatus
1188 2887 1255 2926 est
1277 2883 1344 2926 vir
1364 2900 1373 2938 3
1401 2898 1455 2926 ne
1480 2897 1582 2938 ergo
1608 2882 1807 2926 dimittas
1833 2882 1909 2925 eis.

260 2939 296 2966 ¹⁰
315 2940 554 2996 Ingredere
585 2941 630 2983 in
663 2946 855 2997 petram,
894 2946 938 2984 et
969 2941 1238 2984 abscondere
1273 2942 1319 2984 in
1354 2942 1474 2985 fossa
1501 2942 1635 2984 humo
1661 2956 1688 2984 a
1712 2941 1831 2985 facie
1858 2941 2028 2985 timoris

201 2999 401 3055 Domini,
434 3004 478 3042 et
505 3014 531 3042 a
563 3000 704 3056 gloria
729 3000 980 3056 majestatis
1006 3000 1116 3056 ejus.
1143 2999 1176 3026 ¹¹
1199 3001 1326 3044 Oculi
1355 3001 1567 3044 sublimes
1593 3000 1784 3044 hominis
1806 3000 2027 3043 humiliati

200 3062 322 3114 sunt,
346 3064 391 3101 et
415 3058 722 3102 incurvabitur
744 3059 933 3103 altitudo
957 3059 1150 3102 virorum
1170 3077 1178 3114 ;
1207 3060 1478 3103 exaltabitur
1498 3065 1649 3104 autem
1673 3059 1889 3103 Dominus
1911 3060 2027 3103 solus

199 3116 246 3158 111
271 3117 341 3160 (118
364 3117 455 3160 illa.
490 3117 526 3144 ¹2
543 3118 655 3168 Quia
685 3118 777 3162 dies
811 3119 991 3162 Domini
1024 3119 1297 3163 exercituum
1325 3134 1454 3176 super
1484 3133 1659 3163 omnem
1691 3119 1949 3175 superbum,
1984 3125 2028 3162 et

200 3176 444 3233 excelsum,
479 3182 523 3220 et
559 3192 689 3233 super
725 3192 901 3221 omnem
947 3183 1249 3234 fir-,mgantem
1289 3183 1334 3222 et
1372 3178 1709 3234 humiliabitur3
1750 3178 1786 3205 ¹3
1815 3183 1858 3221 et
1898 3192 2027 3234 super

201 3248 353 3278 01111188
376 3212 528 3279 cedros
552 3236 714 3280 Libani
739 3238 951 3280 sublimes
977 3244 1020 3280 et
1046 3242 1228 3293 er,ectas
1257 3243 1301 3281 et
1326 3252 1456 3295 super
1478 3252 1629 3281 omnes
1655 3215 1839 3293 qiiercus
1864 3239 2024 3321 Ba1san,

220 3293 299 3337 4et
329 3309 457 3351 super
486 3310 637 3339 omnes
664 3301 836 3340 montes
866 3296 1085 3352 excelsos,
1117 3302 1160 3340 et
1185 3311 1315 3354 super
1345 3311 1496 3340 omnes
1523 3297 1658 3340 colles
1684 3297 1780 3339 elev
1770 3304 1899 3351 7atos,
1947 3302 2025 3338 ‘’et

200 3367 330 3409 supe]
355 3368 530 3398 omnem
555 3355 711 3398 turrim
737 3356 980 3410 excelsam,
1008 3361 1051 3398 et
1081 3370 1210 3412 super
1236 3370 1411 3400 omnem
1445 3371 1619 3399 murum
1650 3355 1892 3409 munitum,
1921 3354 1956 3381 ¹⁰
1981 3360 2025 3398 et

200 3426 330 3469 super
353 3427 504 3457 omnes
526 3429 663 3458 naves
690 3416 890 3470 Tharsis,
918 3420 962 3458 ct
986 3429 1116 3472 super
1143 3429 1271 3458 omne
1293 3415 1408 3471 quod
1433 3415 1531 3458 11811
1556 3414 1788 3480 pulchrum
1818 3418 1903 3469 est,
1928 3413 1961 3440 ¹7
1981 3418 2024 3456 et

199 3470 504 3516 incurvabitur
536 3473 786 3518 sublimitas
822 3474 1073 3530 hominum,
1108 3478 1153 3517 et
1185 3474 1493 3519 humiliabitur
1525 3473 1715 3517 altitudo
1739 3473 1952 3529 virorum,
1979 3477 2026 3515 et

200 3616 249 3648 23]
265 3616 333 3646 Jer.
351 3617 390 3653 11,
406 3620 451 3647 28.
468 3633 504 3637 -
525 3619 553 3652 2]
571 3618 670 3647 Mich.
692 3619 747 3654 111,
765 3622 789 3648 1.

2101 711 2200 740 Minae
2215 713 2249 740 ct
2270 718 2342 743 pro—

2127 761 2315 783 nnssrones.

2155 1944 2288 1972 Titulus

2151 1988 2288 2017 oraculi.

2116 2074 2302 2102 Jerusalem
2312 2095 2320 2110 ‚

2142 2121 2295 2147 centrum

2112 2162 2185 2192 veri
2204 2163 2327 2191 cultus.

2129 2543 2150 2571 J
2153 2542 2303 2571 udicium

2115 2585 2175 2614 Dei
2203 2588 2320 2613 contra

2154 2637 2284 2658 omnem

2110 2673 2327 2703 altitudinem

2139 2717 2173 2746 in
2192 2718 2213 2746 J
2217 2718 2292 2746 uda.
