<?xml version="1.0" encoding="UTF-8"?>
<!DOCTYPE html PUBLIC "-//W3C//DTD XHTML 1.0 Transitional//EN"
    "http://www.w3.org/TR/xhtml1/DTD/xhtml1-transitional.dtd">
<html xmlns="http://www.w3.org/1999/xhtml" xml:lang="en" lang="en">
 <head>
  <title>
</title>
<meta http-equiv="Content-Type" content="text/html;charset=utf-8" />
  <meta name='ocr-system' content='tesseract 3.04.00' />
  <meta name='ocr-capabilities' content='ocr_page ocr_carea ocr_par ocr_line ocrx_word'/>
</head>
<body>
  <div class='ocr_page' id='page_1' title='image "./bibliasacrajuxta00fill_0697.png"; bbox 0 0 2423 3861; ppageno 0'>
   <div class='ocr_carea' id='block_1_1' title="bbox 616 111 1899 176">
    <p class='ocr_par' dir='ltr' id='par_1_1' title="bbox 616 111 1899 176">
     <span class='ocr_line' id='line_1_1' title="bbox 616 111 1899 176; baseline -0.012 -7"><span class='ocrx_word' id='word_1_1' title='bbox 616 127 755 169; x_wconf 64' lang='lat' dir='ltr'>Pnox‘.</span> <span class='ocrx_word' id='word_1_2' title='bbox 789 123 976 176; x_wconf 76' lang='lat' dir='ltr'>XVIII,</span> <span class='ocrx_word' id='word_1_3' title='bbox 1011 122 1035 164; x_wconf 77' lang='lat' dir='ltr'>G</span> <span class='ocrx_word' id='word_1_4' title='bbox 1069 146 1126 152; x_wconf 91' lang='lat'>-—</span> <span class='ocrx_word' id='word_1_5' title='bbox 1160 119 1290 172; x_wconf 83' lang='lat' dir='ltr'>XIX,</span> <span class='ocrx_word' id='word_1_6' title='bbox 1324 117 1364 158; x_wconf 83' lang='lat'>7.</span> <span class='ocrx_word' id='word_1_7' title='bbox 1818 111 1899 154; x_wconf 78' lang='lat'>681</span> 
     </span>
    </p>
   </div>
   <div class='ocr_carea' id='block_1_2' title="bbox 1631 219 1826 226">
    <p class='ocr_par' dir='ltr' id='par_1_2' title="bbox 1631 219 1826 226">
     <span class='ocr_line' id='line_1_2' title="bbox 1631 219 1826 226; baseline 0 3635"><span class='ocrx_word' id='word_1_8' title='bbox 1631 219 1826 226; x_wconf 95' lang='lat' dir='ltr'> </span> 
     </span>
    </p>
   </div>
   <div class='ocr_carea' id='block_1_3' title="bbox 161 293 2224 3556">
    <p class='ocr_par' dir='ltr' id='par_1_3' title="bbox 161 293 2224 3556">
     <span class='ocr_line' id='line_1_3' title="bbox 274 293 1033 347; baseline -0.017 0"><span class='ocrx_word' id='word_1_9' title='bbox 274 304 296 329; x_wconf 63' lang='lat'>⁴⁵</span> <span class='ocrx_word' id='word_1_10' title='bbox 318 302 457 346; x_wconf 77' lang='lat' dir='ltr'>Labi-a</span> <span class='ocrx_word' id='word_1_11' title='bbox 479 298 603 343; x_wconf 86' lang='lat' dir='ltr'>stulti</span> <span class='ocrx_word' id='word_1_12' title='bbox 627 296 815 339; x_wconf 85' lang='lat' dir='ltr'>miscent</span> <span class='ocrx_word' id='word_1_13' title='bbox 836 308 881 337; x_wconf 87' lang='lat' dir='ltr'>se</span> <span class='ocrx_word' id='word_1_14' title='bbox 905 293 1033 347; x_wconf 84' lang='lat' dir='ltr'>rixis,</span> 
     </span>
     <span class='ocr_line' id='line_1_4' title="bbox 379 354 1032 415; baseline -0.015 -11"><span class='ocrx_word' id='word_1_15' title='bbox 379 368 423 404; x_wconf 88' lang='lat' dir='ltr'>et</span> <span class='ocrx_word' id='word_1_16' title='bbox 448 375 494 403; x_wconf 91' lang='lat' dir='ltr'>os</span> <span class='ocrx_word' id='word_1_17' title='bbox 520 359 616 415; x_wconf 84' lang='lat' dir='ltr'>ejus</span> <span class='ocrx_word' id='word_1_18' title='bbox 641 354 790 412; x_wconf 77' lang='lat' dir='ltr'>jurgia</span> <span class='ocrx_word' id='word_1_19' title='bbox 810 357 1032 410; x_wconf 85' lang='lat' dir='ltr'>provocat.</span> 
     </span>
     <span class='ocr_line' id='line_1_5' title="bbox 280 413 902 468; baseline -0.019 -2"><span class='ocrx_word' id='word_1_20' title='bbox 280 420 295 447; x_wconf 69' lang='lat'><strong>7</strong></span> <span class='ocrx_word' id='word_1_21' title='bbox 318 422 377 466; x_wconf 89' lang='lat' dir='ltr'>Os</span> <span class='ocrx_word' id='word_1_22' title='bbox 402 418 526 463; x_wconf 85' lang='lat' dir='ltr'>stulti</span> <span class='ocrx_word' id='word_1_23' title='bbox 553 414 758 460; x_wconf 87' lang='lat' dir='ltr'>contritio</span> <span class='ocrx_word' id='word_1_24' title='bbox 785 413 902 468; x_wconf 82' lang='lat' dir='ltr'>ejus,</span> 
     </span>
     <span class='ocr_line' id='line_1_6' title="bbox 380 469 1199 533; baseline -0.016 -10"><span class='ocrx_word' id='word_1_25' title='bbox 380 487 423 523; x_wconf 84' lang='lat' dir='ltr'>et</span> <span class='ocrx_word' id='word_1_26' title='bbox 445 477 563 521; x_wconf 84' lang='lat' dir='ltr'>labia</span> <span class='ocrx_word' id='word_1_27' title='bbox 583 475 721 533; x_wconf 88' lang='lat' dir='ltr'>ipsius</span> <span class='ocrx_word' id='word_1_28' title='bbox 747 472 873 515; x_wconf 88' lang='lat' dir='ltr'>ruina</span> <span class='ocrx_word' id='word_1_29' title='bbox 898 470 1062 513; x_wconf 69' lang='lat' dir='ltr'>animae</span> <span class='ocrx_word' id='word_1_30' title='bbox 1089 469 1199 525; x_wconf 87' lang='lat' dir='ltr'>ejus.</span> 
     </span>
     <span class='ocr_line' id='line_1_7' title="bbox 283 529 1112 591; baseline -0.018 -7"><span class='ocrx_word' id='word_1_31' title='bbox 283 540 300 567; x_wconf 74' lang='lat'>⁸</span> <span class='ocrx_word' id='word_1_32' title='bbox 321 539 470 583; x_wconf 86' lang='lat' dir='ltr'>Verba</span> <span class='ocrx_word' id='word_1_33' title='bbox 491 533 703 591; x_wconf 82' lang='lat' dir='ltr'>bilinguis</span> <span class='ocrx_word' id='word_1_34' title='bbox 726 530 849 588; x_wconf 82' lang='lat' dir='ltr'>quasi</span> <span class='ocrx_word' id='word_1_35' title='bbox 871 529 1112 586; x_wconf 86' lang='lat' dir='ltr'>simplicia,</span> 
     </span>
     <span class='ocr_line' id='line_1_8' title="bbox 381 582 1505 654; baseline -0.016 -12"><span class='ocrx_word' id='word_1_36' title='bbox 381 603 425 642; x_wconf 89' lang='lat' dir='ltr'>et</span> <span class='ocrx_word' id='word_1_37' title='bbox 448 598 544 654; x_wconf 90' lang='lat' dir='ltr'>ipsa</span> <span class='ocrx_word' id='word_1_38' title='bbox 569 592 833 652; x_wconf 86' lang='lat' dir='ltr'>perveniunt</span> <span class='ocrx_word' id='word_1_39' title='bbox 857 602 994 644; x_wconf 90' lang='lat' dir='ltr'>usque</span> <span class='ocrx_word' id='word_1_40' title='bbox 1014 588 1070 630; x_wconf 88' lang='lat' dir='ltr'>ad</span> <span class='ocrx_word' id='word_1_41' title='bbox 1096 585 1305 629; x_wconf 86' lang='lat' dir='ltr'>interiora</span> <span class='ocrx_word' id='word_1_42' title='bbox 1327 582 1505 626; x_wconf 87' lang='lat' dir='ltr'>ventris.</span> 
     </span>
     <span class='ocr_line' id='line_1_9' title="bbox 322 651 869 713; baseline -0.016 -13"><span class='ocrx_word' id='word_1_43' title='bbox 322 658 506 713; x_wconf 78' lang='lat' dir='ltr'>Pigruni</span> <span class='ocrx_word' id='word_1_44' title='bbox 531 653 688 710; x_wconf 78' lang='lat' dir='ltr'>dejicit</span> <span class='ocrx_word' id='word_1_45' title='bbox 713 651 869 704; x_wconf 87' lang='lat' dir='ltr'>timor;</span> 
     </span>
     <span class='ocr_line' id='line_1_10' title="bbox 381 704 1328 759; baseline -0.014 0"><span class='ocrx_word' id='word_1_46' title='bbox 381 716 543 759; x_wconf 84' lang='lat' dir='ltr'>animae</span> <span class='ocrx_word' id='word_1_47' title='bbox 564 718 714 756; x_wconf 87' lang='lat' dir='ltr'>autem</span> <span class='ocrx_word' id='word_1_48' title='bbox 739 708 1099 754; x_wconf 84' lang='lat' dir='ltr'>effeminatorum</span> <span class='ocrx_word' id='word_1_49' title='bbox 1123 704 1328 748; x_wconf 84' lang='lat' dir='ltr'>esurient.</span> 
     </span>
     <span class='ocr_line' id='line_1_11' title="bbox 283 766 1322 828; baseline -0.016 -8"><span class='ocrx_word' id='word_1_50' title='bbox 283 776 300 803; x_wconf 80' lang='lat'>⁰</span> <span class='ocrx_word' id='word_1_51' title='bbox 321 776 404 828; x_wconf 83' lang='lat' dir='ltr'>Qui</span> <span class='ocrx_word' id='word_1_52' title='bbox 430 774 576 818; x_wconf 89' lang='lat' dir='ltr'>mollis</span> <span class='ocrx_word' id='word_1_53' title='bbox 598 776 642 816; x_wconf 88' lang='lat' dir='ltr'>et</span> <span class='ocrx_word' id='word_1_54' title='bbox 666 769 905 814; x_wconf 85' lang='lat' dir='ltr'>dissolutus</span> <span class='ocrx_word' id='word_1_55' title='bbox 931 772 998 810; x_wconf 87' lang='lat' dir='ltr'>est</span> <span class='ocrx_word' id='word_1_56' title='bbox 1021 766 1067 808; x_wconf 93' lang='lat' dir='ltr'>in</span> <span class='ocrx_word' id='word_1_57' title='bbox 1095 777 1224 821; x_wconf 87' lang='lat' dir='ltr'>opere</span> <span class='ocrx_word' id='word_1_58' title='bbox 1245 775 1322 804; x_wconf 87' lang='lat' dir='ltr'>suo</span> 
     </span>
     <span class='ocr_line' id='line_1_12' title="bbox 382 824 1163 885; baseline -0.017 -7"><span class='ocrx_word' id='word_1_59' title='bbox 382 836 522 877; x_wconf 74' lang='lat' dir='ltr'>frater</span> <span class='ocrx_word' id='word_1_60' title='bbox 547 837 612 876; x_wconf 89' lang='lat' dir='ltr'>est</span> <span class='ocrx_word' id='word_1_61' title='bbox 635 845 715 874; x_wconf 90' lang='lat' dir='ltr'>sua</span> <span class='ocrx_word' id='word_1_62' title='bbox 740 842 872 885; x_wconf 84' lang='lat' dir='ltr'>opera</span> <span class='ocrx_word' id='word_1_63' title='bbox 893 824 1163 883; x_wconf 83' lang='lat' dir='ltr'>dissipantis.</span> 
     </span>
     <span class='ocr_line' id='line_1_13' title="bbox 272 883 1160 937; baseline -0.015 1"><span class='ocrx_word' id='word_1_64' title='bbox 272 895 303 921; x_wconf 79' lang='lat'>¹⁰</span> <span class='ocrx_word' id='word_1_65' title='bbox 323 894 473 937; x_wconf 79' lang='lat' dir='ltr'>Turris</span> <span class='ocrx_word' id='word_1_66' title='bbox 499 891 744 935; x_wconf 80' lang='lat' dir='ltr'>fortissima</span> <span class='ocrx_word' id='word_1_67' title='bbox 768 901 929 930; x_wconf 89' lang='lat' dir='ltr'>nomen</span> <span class='ocrx_word' id='word_1_68' title='bbox 953 883 1160 937; x_wconf 87' lang='lat' dir='ltr'>Domini;</span> 
     </span>
     <span class='ocr_line' id='line_1_14' title="bbox 387 942 1336 1009; baseline -0.013 -13"><span class='ocrx_word' id='word_1_69' title='bbox 387 955 443 995; x_wconf 84' lang='lat' dir='ltr'>ad</span> <span class='ocrx_word' id='word_1_70' title='bbox 469 953 613 1009; x_wconf 90' lang='lat' dir='ltr'>ipsum</span> <span class='ocrx_word' id='word_1_71' title='bbox 640 948 775 992; x_wconf 87' lang='lat' dir='ltr'>currit</span> <span class='ocrx_word' id='word_1_72' title='bbox 798 947 965 1003; x_wconf 80' lang='lat' dir='ltr'>justus,</span> <span class='ocrx_word' id='word_1_73' title='bbox 989 950 1033 988; x_wconf 90' lang='lat' dir='ltr'>et</span> <span class='ocrx_word' id='word_1_74' title='bbox 1054 942 1336 987; x_wconf 81' lang='lat' dir='ltr'>exaltabitur.</span> 
     </span>
     <span class='ocr_line' id='line_1_15' title="bbox 270 1003 1220 1059; baseline -0.014 -2"><span class='ocrx_word' id='word_1_75' title='bbox 270 1015 298 1040; x_wconf 89' lang='lat'>¹¹</span> <span class='ocrx_word' id='word_1_76' title='bbox 324 1011 582 1056; x_wconf 74' lang='lat' dir='ltr'>Substantia</span> <span class='ocrx_word' id='word_1_77' title='bbox 608 1007 759 1052; x_wconf 79' lang='lat' dir='ltr'>divitis</span> <span class='ocrx_word' id='word_1_78' title='bbox 786 1006 888 1048; x_wconf 89' lang='lat' dir='ltr'>urbs</span> <span class='ocrx_word' id='word_1_79' title='bbox 910 1003 1076 1048; x_wconf 82' lang='lat' dir='ltr'>roboris</span> <span class='ocrx_word' id='word_1_80' title='bbox 1102 1003 1220 1059; x_wconf 82' lang='lat' dir='ltr'>ejus,</span> 
     </span>
     <span class='ocr_line' id='line_1_16' title="bbox 383 1062 1392 1127; baseline -0.011 -13"><span class='ocrx_word' id='word_1_81' title='bbox 383 1076 426 1114; x_wconf 88' lang='lat' dir='ltr'>et</span> <span class='ocrx_word' id='word_1_82' title='bbox 452 1070 576 1127; x_wconf 81' lang='lat' dir='ltr'>quasi</span> <span class='ocrx_word' id='word_1_83' title='bbox 603 1082 752 1111; x_wconf 88' lang='lat' dir='ltr'>murus</span> <span class='ocrx_word' id='word_1_84' title='bbox 775 1065 947 1109; x_wconf 87' lang='lat' dir='ltr'>validus</span> <span class='ocrx_word' id='word_1_85' title='bbox 971 1062 1251 1107; x_wconf 88' lang='lat' dir='ltr'>circumdans</span> <span class='ocrx_word' id='word_1_86' title='bbox 1277 1074 1392 1103; x_wconf 87' lang='lat' dir='ltr'>eum.</span> 
     </span>
     <span class='ocr_line' id='line_1_17' title="bbox 271 1118 1440 1186; baseline -0.014 -11"><span class='ocrx_word' id='word_1_87' title='bbox 271 1132 303 1159; x_wconf 65' lang='lat'>¹2</span> <span class='ocrx_word' id='word_1_88' title='bbox 324 1132 579 1186; x_wconf 78' lang='lat' dir='ltr'>Antequam</span> <span class='ocrx_word' id='word_1_89' title='bbox 596 1130 858 1178; x_wconf 53' lang='lat' dir='ltr'>‚conteratur</span> <span class='ocrx_word' id='word_1_90' title='bbox 882 1124 1104 1168; x_wconf 81' lang='lat' dir='ltr'>exaltatur</span> <span class='ocrx_word' id='word_1_91' title='bbox 1129 1136 1203 1165; x_wconf 90' lang='lat' dir='ltr'>cor</span> <span class='ocrx_word' id='word_1_92' title='bbox 1226 1118 1440 1173; x_wconf 84' lang='lat' dir='ltr'>hominis,</span> 
     </span>
     <span class='ocr_line' id='line_1_18' title="bbox 386 1180 1283 1244; baseline -0.012 -12"><span class='ocrx_word' id='word_1_93' title='bbox 386 1196 429 1232; x_wconf 90' lang='lat' dir='ltr'>et</span> <span class='ocrx_word' id='word_1_94' title='bbox 454 1194 694 1244; x_wconf 80' lang='lat' dir='ltr'>antequam</span> <span class='ocrx_word' id='word_1_95' title='bbox 720 1184 990 1241; x_wconf 82' lang='lat' dir='ltr'>glorificetur</span> <span class='ocrx_word' id='word_1_96' title='bbox 1010 1180 1283 1225; x_wconf 79' lang='lat' dir='ltr'>humiliatur.</span> 
     </span>
     <span class='ocr_line' id='line_1_19' title="bbox 268 1241 1158 1306; baseline -0.011 -14"><span class='ocrx_word' id='word_1_97' title='bbox 268 1249 304 1276; x_wconf 83' lang='lat'>&#39;¹3</span> <span class='ocrx_word' id='word_1_98' title='bbox 324 1249 405 1299; x_wconf 85' lang='lat' dir='ltr'>Qui</span> <span class='ocrx_word' id='word_1_99' title='bbox 429 1249 548 1306; x_wconf 90' lang='lat' dir='ltr'>prius</span> <span class='ocrx_word' id='word_1_100' title='bbox 573 1245 809 1304; x_wconf 74' lang='lat' dir='ltr'>respondet</span> <span class='ocrx_word' id='word_1_101' title='bbox 831 1257 963 1300; x_wconf 86' lang='lat' dir='ltr'>quam</span> <span class='ocrx_word' id='word_1_102' title='bbox 984 1241 1158 1296; x_wconf 79' lang='lat' dir='ltr'>audiat,</span> 
     </span>
     <span class='ocr_line' id='line_1_20' title="bbox 386 1295 1636 1352; baseline -0.013 -1"><span class='ocrx_word' id='word_1_103' title='bbox 386 1308 573 1352; x_wconf 86' lang='lat' dir='ltr'>stultum</span> <span class='ocrx_word' id='word_1_104' title='bbox 595 1321 640 1349; x_wconf 90' lang='lat' dir='ltr'>se</span> <span class='ocrx_word' id='word_1_105' title='bbox 667 1319 760 1348; x_wconf 85' lang='lat' dir='ltr'>esse</span> <span class='ocrx_word' id='word_1_106' title='bbox 787 1304 1060 1347; x_wconf 87' lang='lat' dir='ltr'>demonstrat</span> <span class='ocrx_word' id='word_1_107' title='bbox 1085 1306 1128 1343; x_wconf 89' lang='lat' dir='ltr'>et</span> <span class='ocrx_word' id='word_1_108' title='bbox 1154 1298 1414 1343; x_wconf 66' lang='lat' dir='ltr'>confusione</span> <span class='ocrx_word' id='word_1_109' title='bbox 1437 1295 1636 1350; x_wconf 82' lang='lat' dir='ltr'>dignum.</span> 
     </span>
     <span class='ocr_line' id='line_1_21' title="bbox 270 1360 1428 1424; baseline -0.013 -12"><span class='ocrx_word' id='word_1_110' title='bbox 270 1368 303 1395; x_wconf 72' lang='lat'>¹4</span> <span class='ocrx_word' id='word_1_111' title='bbox 328 1368 514 1424; x_wconf 82' lang='lat' dir='ltr'>Spiritus</span> <span class='ocrx_word' id='word_1_112' title='bbox 539 1366 623 1408; x_wconf 76' lang='lat' dir='ltr'>viri</span> <span class='ocrx_word' id='word_1_113' title='bbox 646 1367 868 1407; x_wconf 88' lang='lat' dir='ltr'>sustentat</span> <span class='ocrx_word' id='word_1_114' title='bbox 892 1360 1251 1403; x_wconf 79' lang='lat' dir='ltr'>imbecillitatem</span> <span class='ocrx_word' id='word_1_115' title='bbox 1277 1371 1428 1409; x_wconf 61' lang='lat' dir='ltr'>suamg</span> 
     </span>
     <span class='ocr_line' id='line_1_22' title="bbox 384 1406 1887 1483; baseline -0.013 -14"><span class='ocrx_word' id='word_1_116' title='bbox 384 1426 588 1483; x_wconf 86' lang='lat' dir='ltr'>spiritum</span> <span class='ocrx_word' id='word_1_117' title='bbox 616 1438 717 1466; x_wconf 83' lang='lat' dir='ltr'>vero</span> <span class='ocrx_word' id='word_1_118' title='bbox 744 1422 800 1465; x_wconf 90' lang='lat' dir='ltr'>ad</span> <span class='ocrx_word' id='word_1_119' title='bbox 822 1419 1102 1463; x_wconf 87' lang='lat' dir='ltr'>irascendum</span> <span class='ocrx_word' id='word_1_120' title='bbox 1123 1418 1307 1459; x_wconf 77' lang='lat' dir='ltr'>facilem</span> <span class='ocrx_word' id='word_1_121' title='bbox 1331 1415 1426 1470; x_wconf 83' lang='lat' dir='ltr'>quis</span> <span class='ocrx_word' id='word_1_122' title='bbox 1453 1411 1613 1469; x_wconf 87' lang='lat' dir='ltr'>poterit</span> <span class='ocrx_word' id='word_1_123' title='bbox 1639 1406 1887 1453; x_wconf 74' lang='lat' dir='ltr'>sustinere?</span> 
     </span>
     <span class='ocr_line' id='line_1_23' title="bbox 273 1476 1166 1542; baseline -0.015 -12"><span class='ocrx_word' id='word_1_124' title='bbox 273 1488 304 1514; x_wconf 80' lang='lat'>¹5</span> <span class='ocrx_word' id='word_1_125' title='bbox 326 1487 411 1531; x_wconf 85' lang='lat' dir='ltr'>Cor</span> <span class='ocrx_word' id='word_1_126' title='bbox 431 1484 623 1542; x_wconf 87' lang='lat' dir='ltr'>prudens</span> <span class='ocrx_word' id='word_1_127' title='bbox 645 1480 888 1538; x_wconf 69' lang='lat' dir='ltr'>possidebit</span> <span class='ocrx_word' id='word_1_128' title='bbox 909 1476 1166 1531; x_wconf 86' lang='lat' dir='ltr'>scientiam,</span> 
     </span>
     <span class='ocr_line' id='line_1_24' title="bbox 387 1534 1336 1597; baseline -0.014 -10"><span class='ocrx_word' id='word_1_129' title='bbox 387 1550 430 1588; x_wconf 84' lang='lat' dir='ltr'>et</span> <span class='ocrx_word' id='word_1_130' title='bbox 455 1543 573 1586; x_wconf 88' lang='lat' dir='ltr'>auris</span> <span class='ocrx_word' id='word_1_131' title='bbox 599 1539 868 1597; x_wconf 87' lang='lat' dir='ltr'>sapientium</span> <span class='ocrx_word' id='word_1_132' title='bbox 891 1537 1049 1592; x_wconf 73' lang='lat' dir='ltr'>quaerit</span> <span class='ocrx_word' id='word_1_133' title='bbox 1074 1534 1336 1578; x_wconf 88' lang='lat' dir='ltr'>doctrinam.</span> 
     </span>
     <span class='ocr_line' id='line_1_25' title="bbox 273 1595 1200 1649; baseline -0.015 -1"><span class='ocrx_word' id='word_1_134' title='bbox 273 1606 305 1632; x_wconf 71' lang='lat'>¹⁶</span> <span class='ocrx_word' id='word_1_135' title='bbox 328 1607 505 1648; x_wconf 87' lang='lat' dir='ltr'>Donum</span> <span class='ocrx_word' id='word_1_136' title='bbox 530 1599 725 1644; x_wconf 87' lang='lat' dir='ltr'>hominis</span> <span class='ocrx_word' id='word_1_137' title='bbox 747 1597 908 1640; x_wconf 84' lang='lat' dir='ltr'>dilatat</span> <span class='ocrx_word' id='word_1_138' title='bbox 933 1596 1053 1637; x_wconf 86' lang='lat' dir='ltr'>viam</span> <span class='ocrx_word' id='word_1_139' title='bbox 1080 1595 1200 1649; x_wconf 82' lang='lat' dir='ltr'>ejus3</span> 
     </span>
     <span class='ocr_line' id='line_1_26' title="bbox 388 1650 1239 1715; baseline -0.013 -10"><span class='ocrx_word' id='word_1_140' title='bbox 388 1667 432 1705; x_wconf 86' lang='lat' dir='ltr'>et</span> <span class='ocrx_word' id='word_1_141' title='bbox 452 1665 557 1703; x_wconf 85' lang='lat' dir='ltr'>ante</span> <span class='ocrx_word' id='word_1_142' title='bbox 581 1657 804 1715; x_wconf 83' lang='lat' dir='ltr'>principes</span> <span class='ocrx_word' id='word_1_143' title='bbox 826 1654 1022 1710; x_wconf 89' lang='lat' dir='ltr'>spatium</span> <span class='ocrx_word' id='word_1_144' title='bbox 1038 1652 1087 1702; x_wconf 80' lang='lat' dir='ltr'>-,ei</span> <span class='ocrx_word' id='word_1_145' title='bbox 1112 1650 1239 1694; x_wconf 79' lang='lat' dir='ltr'>facit.</span> 
     </span>
     <span class='ocr_line' id='line_1_27' title="bbox 273 1711 1090 1776; baseline -0.017 -10"><span class='ocrx_word' id='word_1_146' title='bbox 273 1723 304 1750; x_wconf 84' lang='lat'>¹⁷</span> <span class='ocrx_word' id='word_1_147' title='bbox 327 1724 355 1766; x_wconf 83' lang='lat' dir='ltr'>J</span> <span class='ocrx_word' id='word_1_148' title='bbox 360 1726 482 1765; x_wconf 86' lang='lat' dir='ltr'>ustus</span> <span class='ocrx_word' id='word_1_149' title='bbox 509 1719 627 1776; x_wconf 88' lang='lat' dir='ltr'>prior</span> <span class='ocrx_word' id='word_1_150' title='bbox 651 1722 717 1760; x_wconf 83' lang='lat' dir='ltr'>est</span> <span class='ocrx_word' id='word_1_151' title='bbox 742 1718 973 1758; x_wconf 85' lang='lat' dir='ltr'>accusator</span> <span class='ocrx_word' id='word_1_152' title='bbox 997 1711 1090 1765; x_wconf 83' lang='lat' dir='ltr'>sui3</span> 
     </span>
     <span class='ocr_line' id='line_1_28' title="bbox 388 1769 1372 1830; baseline -0.015 -7"><span class='ocrx_word' id='word_1_153' title='bbox 388 1779 509 1824; x_wconf 87' lang='lat' dir='ltr'>veuit</span> <span class='ocrx_word' id='word_1_154' title='bbox 534 1778 704 1821; x_wconf 88' lang='lat' dir='ltr'>amicus</span> <span class='ocrx_word' id='word_1_155' title='bbox 731 1775 846 1830; x_wconf 80' lang='lat' dir='ltr'>ejus,</span> <span class='ocrx_word' id='word_1_156' title='bbox 874 1777 918 1815; x_wconf 90' lang='lat' dir='ltr'>et</span> <span class='ocrx_word' id='word_1_157' title='bbox 940 1769 1234 1826; x_wconf 81' lang='lat' dir='ltr'>investigabit</span> <span class='ocrx_word' id='word_1_158' title='bbox 1259 1782 1372 1811; x_wconf 89' lang='lat' dir='ltr'>eum.</span> 
     </span>
     <span class='ocr_line' id='line_1_29' title="bbox 275 1831 1126 1890; baseline -0.016 -5"><span class='ocrx_word' id='word_1_159' title='bbox 275 1842 307 1868; x_wconf 69' lang='lat'>¹8</span> <span class='ocrx_word' id='word_1_160' title='bbox 329 1837 714 1884; x_wconf 86' lang='lat' dir='ltr'>Contradictiones</span> <span class='ocrx_word' id='word_1_161' title='bbox 740 1831 992 1890; x_wconf 85' lang='lat' dir='ltr'>comprimit</span> <span class='ocrx_word' id='word_1_162' title='bbox 1013 1845 1126 1885; x_wconf 81' lang='lat' dir='ltr'>sors,</span> 
     </span>
     <span class='ocr_line' id='line_1_30' title="bbox 389 1888 1256 1953; baseline -0.015 -11"><span class='ocrx_word' id='word_1_163' title='bbox 389 1905 433 1943; x_wconf 90' lang='lat' dir='ltr'>et</span> <span class='ocrx_word' id='word_1_164' title='bbox 459 1898 573 1941; x_wconf 86' lang='lat' dir='ltr'>inter</span> <span class='ocrx_word' id='word_1_165' title='bbox 598 1899 800 1953; x_wconf 87' lang='lat' dir='ltr'>potentes</span> <span class='ocrx_word' id='word_1_166' title='bbox 826 1905 996 1948; x_wconf 83' lang='lat' dir='ltr'>quoquc</span> <span class='ocrx_word' id='word_1_167' title='bbox 1023 1888 1256 1945; x_wconf 80' lang='lat' dir='ltr'>dijudicat.</span> 
     </span>
     <span class='ocr_line' id='line_1_31' title="bbox 278 1943 1561 2012; baseline -0.015 -9"><span class='ocrx_word' id='word_1_168' title='bbox 278 1960 310 1986; x_wconf 78' lang='lat'>¹9</span> <span class='ocrx_word' id='word_1_169' title='bbox 332 1960 488 2002; x_wconf 83' lang='lat' dir='ltr'>Frater</span> <span class='ocrx_word' id='word_1_170' title='bbox 509 1956 584 2012; x_wconf 90' lang='lat' dir='ltr'>qui</span> <span class='ocrx_word' id='word_1_171' title='bbox 605 1955 847 2010; x_wconf 79' lang='lat' dir='ltr'>adjuvatur</span> <span class='ocrx_word' id='word_1_172' title='bbox 871 1966 897 1994; x_wconf 89' lang='lat' dir='ltr'>a</span> <span class='ocrx_word' id='word_1_173' title='bbox 919 1951 1060 1992; x_wconf 71' lang='lat' dir='ltr'>fratre</span> <span class='ocrx_word' id='word_1_174' title='bbox 1082 1946 1206 2003; x_wconf 81' lang='lat' dir='ltr'>quasi</span> <span class='ocrx_word' id='word_1_175' title='bbox 1233 1945 1392 1989; x_wconf 85' lang='lat' dir='ltr'>civitas</span> <span class='ocrx_word' id='word_1_176' title='bbox 1414 1943 1561 1999; x_wconf 81' lang='lat' dir='ltr'>firma,</span> 
     </span>
     <span class='ocr_line' id='line_1_32' title="bbox 395 2008 1165 2073; baseline -0.013 -13"><span class='ocrx_word' id='word_1_177' title='bbox 395 2023 438 2061; x_wconf 91' lang='lat' dir='ltr'>et</span> <span class='ocrx_word' id='word_1_178' title='bbox 461 2015 631 2073; x_wconf 81' lang='lat' dir='ltr'>judicia</span> <span class='ocrx_word' id='word_1_179' title='bbox 657 2013 782 2070; x_wconf 86' lang='lat' dir='ltr'>quasi</span> <span class='ocrx_word' id='word_1_180' title='bbox 804 2016 954 2055; x_wconf 83' lang='lat' dir='ltr'>vectes</span> <span class='ocrx_word' id='word_1_181' title='bbox 975 2008 1165 2051; x_wconf 86' lang='lat' dir='ltr'>urbium.</span> 
     </span>
     <span class='ocr_line' id='line_1_33' title="bbox 275 2064 1376 2127; baseline -0.015 -5"><span class='ocrx_word' id='word_1_182' title='bbox 275 2078 312 2105; x_wconf 74' lang='lat'>&#39;²0</span> <span class='ocrx_word' id='word_1_183' title='bbox 332 2080 399 2122; x_wconf 90' lang='lat' dir='ltr'>De</span> <span class='ocrx_word' id='word_1_184' title='bbox 423 2077 576 2119; x_wconf 78' lang='lat' dir='ltr'>fructu</span> <span class='ocrx_word' id='word_1_185' title='bbox 601 2074 686 2117; x_wconf 90' lang='lat' dir='ltr'>oris</span> <span class='ocrx_word' id='word_1_186' title='bbox 707 2072 791 2115; x_wconf 77' lang='lat' dir='ltr'>viri</span> <span class='ocrx_word' id='word_1_187' title='bbox 815 2068 1057 2127; x_wconf 87' lang='lat' dir='ltr'>replebitur</span> <span class='ocrx_word' id='word_1_188' title='bbox 1081 2071 1235 2109; x_wconf 69' lang='lat' dir='ltr'>venter</span> <span class='ocrx_word' id='word_1_189' title='bbox 1261 2064 1376 2120; x_wconf 79' lang='lat' dir='ltr'>ejus,</span> 
     </span>
     <span class='ocr_line' id='line_1_34' title="bbox 394 2124 1524 2191; baseline -0.015 -12"><span class='ocrx_word' id='word_1_190' title='bbox 394 2143 437 2180; x_wconf 88' lang='lat' dir='ltr'>et</span> <span class='ocrx_word' id='word_1_191' title='bbox 462 2134 690 2191; x_wconf 84' lang='lat' dir='ltr'>genimina</span> <span class='ocrx_word' id='word_1_192' title='bbox 715 2131 934 2174; x_wconf 85' lang='lat' dir='ltr'>labiorum</span> <span class='ocrx_word' id='word_1_193' title='bbox 954 2128 1094 2185; x_wconf 84' lang='lat' dir='ltr'>ipsius</span> <span class='ocrx_word' id='word_1_194' title='bbox 1120 2124 1386 2169; x_wconf 86' lang='lat' dir='ltr'>saturabunt</span> <span class='ocrx_word' id='word_1_195' title='bbox 1410 2135 1524 2165; x_wconf 89' lang='lat' dir='ltr'>eum.</span> 
     </span>
     <span class='ocr_line' id='line_1_35' title="bbox 277 2189 1094 2243; baseline -0.016 -2"><span class='ocrx_word' id='word_1_196' title='bbox 277 2197 310 2223; x_wconf 70' lang='lat'>2¹</span> <span class='ocrx_word' id='word_1_197' title='bbox 333 2197 451 2240; x_wconf 88' lang='lat' dir='ltr'>Mors</span> <span class='ocrx_word' id='word_1_198' title='bbox 478 2200 522 2237; x_wconf 90' lang='lat' dir='ltr'>et</span> <span class='ocrx_word' id='word_1_199' title='bbox 545 2194 639 2235; x_wconf 86' lang='lat' dir='ltr'>vita</span> <span class='ocrx_word' id='word_1_200' title='bbox 663 2193 711 2234; x_wconf 89' lang='lat' dir='ltr'>in</span> <span class='ocrx_word' id='word_1_201' title='bbox 736 2205 871 2233; x_wconf 88' lang='lat' dir='ltr'>manu</span> <span class='ocrx_word' id='word_1_202' title='bbox 896 2189 1064 2243; x_wconf 75' lang='lat' dir='ltr'>linguae</span> <span class='ocrx_word' id='word_1_203' title='bbox 1086 2203 1094 2229; x_wconf 75' lang='grc' dir='ltr'>ε</span> 
     </span>
     <span class='ocr_line' id='line_1_36' title="bbox 396 2243 1403 2311; baseline -0.014 -13"><span class='ocrx_word' id='word_1_204' title='bbox 396 2255 471 2311; x_wconf 89' lang='lat' dir='ltr'>qui</span> <span class='ocrx_word' id='word_1_205' title='bbox 497 2253 690 2308; x_wconf 83' lang='lat' dir='ltr'>diligunt</span> <span class='ocrx_word' id='word_1_206' title='bbox 716 2264 813 2294; x_wconf 88' lang='lat' dir='ltr'>eam</span> <span class='ocrx_word' id='word_1_207' title='bbox 836 2247 1070 2291; x_wconf 87' lang='lat' dir='ltr'>comedent</span> <span class='ocrx_word' id='word_1_208' title='bbox 1095 2246 1269 2287; x_wconf 79' lang='lat' dir='ltr'>fructus</span> <span class='ocrx_word' id='word_1_209' title='bbox 1292 2243 1403 2298; x_wconf 78' lang='lat' dir='ltr'>ejus.</span> 
     </span>
     <span class='ocr_line' id='line_1_37' title="bbox 278 2302 1463 2366; baseline -0.015 -7"><span class='ocrx_word' id='word_1_210' title='bbox 278 2315 315 2342; x_wconf 64' lang='lat'>‘²⁸²</span> <span class='ocrx_word' id='word_1_211' title='bbox 337 2315 420 2366; x_wconf 88' lang='lat' dir='ltr'>Qui</span> <span class='ocrx_word' id='word_1_212' title='bbox 445 2312 617 2356; x_wconf 87' lang='lat' dir='ltr'>invenit</span> <span class='ocrx_word' id='word_1_213' title='bbox 638 2309 871 2353; x_wconf 87' lang='lat' dir='ltr'>mulierem</span> <span class='ocrx_word' id='word_1_214' title='bbox 895 2308 1057 2350; x_wconf 85' lang='lat' dir='ltr'>bonam</span> <span class='ocrx_word' id='word_1_215' title='bbox 1079 2303 1252 2346; x_wconf 78' lang='lat' dir='ltr'>invenit</span> <span class='ocrx_word' id='word_1_216' title='bbox 1277 2302 1463 2356; x_wconf 79' lang='lat' dir='ltr'>bonum,</span> 
     </span>
     <span class='ocr_line' id='line_1_38' title="bbox 397 2363 1275 2426; baseline -0.016 -9"><span class='ocrx_word' id='word_1_217' title='bbox 397 2379 441 2417; x_wconf 90' lang='lat' dir='ltr'>et</span> <span class='ocrx_word' id='word_1_218' title='bbox 465 2372 639 2416; x_wconf 86' lang='lat' dir='ltr'>hauriet</span> <span class='ocrx_word' id='word_1_219' title='bbox 664 2368 994 2426; x_wconf 79' lang='lat' dir='ltr'>jucunditatem</span> <span class='ocrx_word' id='word_1_220' title='bbox 1017 2380 1043 2407; x_wconf 88' lang='lat' dir='ltr'>a</span> <span class='ocrx_word' id='word_1_221' title='bbox 1070 2363 1275 2407; x_wconf 87' lang='lat' dir='ltr'>Domino.</span> 
     </span>
     <span class='ocr_line' id='line_1_39' title="bbox 339 2421 1498 2489; baseline -0.015 -12"><span class='ocrx_word' id='word_1_222' title='bbox 339 2434 422 2485; x_wconf 84' lang='lat' dir='ltr'>Qui</span> <span class='ocrx_word' id='word_1_223' title='bbox 445 2431 629 2489; x_wconf 83' lang='lat' dir='ltr'>expellit</span> <span class='ocrx_word' id='word_1_224' title='bbox 654 2428 885 2472; x_wconf 88' lang='lat' dir='ltr'>mulierem</span> <span class='ocrx_word' id='word_1_225' title='bbox 909 2426 1074 2469; x_wconf 88' lang='lat' dir='ltr'>bonam</span> <span class='ocrx_word' id='word_1_226' title='bbox 1099 2421 1282 2478; x_wconf 76' lang='lat' dir='ltr'>expellit</span> <span class='ocrx_word' id='word_1_227' title='bbox 1303 2421 1498 2475; x_wconf 81' lang='lat' dir='ltr'>bonum3</span> 
     </span>
     <span class='ocr_line' id='line_1_40' title="bbox 400 2477 1605 2549; baseline -0.014 -13"><span class='ocrx_word' id='word_1_228' title='bbox 400 2493 474 2549; x_wconf 83' lang='lat' dir='ltr'>qui</span> <span class='ocrx_word' id='word_1_229' title='bbox 499 2496 649 2534; x_wconf 89' lang='lat' dir='ltr'>autem</span> <span class='ocrx_word' id='word_1_230' title='bbox 670 2493 793 2531; x_wconf 91' lang='lat' dir='ltr'>tenet</span> <span class='ocrx_word' id='word_1_231' title='bbox 814 2485 1064 2529; x_wconf 87' lang='lat' dir='ltr'>adulteram</span> <span class='ocrx_word' id='word_1_232' title='bbox 1085 2481 1247 2524; x_wconf 87' lang='lat' dir='ltr'>stultus</span> <span class='ocrx_word' id='word_1_233' title='bbox 1270 2485 1336 2523; x_wconf 91' lang='lat' dir='ltr'>est</span> <span class='ocrx_word' id='word_1_234' title='bbox 1361 2484 1405 2522; x_wconf 88' lang='lat' dir='ltr'>et</span> <span class='ocrx_word' id='word_1_235' title='bbox 1429 2477 1605 2534; x_wconf 88' lang='lat' dir='ltr'>impius.</span> 
     </span>
     <span class='ocr_line' id='line_1_41' title="bbox 281 2545 1277 2601; baseline -0.018 -3"><span class='ocrx_word' id='word_1_236' title='bbox 281 2553 318 2580; x_wconf 69' lang='lat'>23</span> <span class='ocrx_word' id='word_1_237' title='bbox 338 2554 450 2597; x_wconf 77' lang='lat' dir='ltr'>Cum</span> <span class='ocrx_word' id='word_1_238' title='bbox 472 2547 852 2595; x_wconf 85' lang='lat' dir='ltr'>obsecrationibus</span> <span class='ocrx_word' id='word_1_239' title='bbox 874 2545 1074 2601; x_wconf 89' lang='lat' dir='ltr'>loquetur</span> <span class='ocrx_word' id='word_1_240' title='bbox 1099 2553 1277 2597; x_wconf 83' lang='lat' dir='ltr'>pauper,</span> 
     </span>
     <span class='ocr_line' id='line_1_42' title="bbox 400 2604 1007 2661; baseline -0.016 -5"><span class='ocrx_word' id='word_1_241' title='bbox 400 2617 443 2656; x_wconf 90' lang='lat' dir='ltr'>et</span> <span class='ocrx_word' id='word_1_242' title='bbox 468 2611 593 2654; x_wconf 88' lang='lat' dir='ltr'>dives</span> <span class='ocrx_word' id='word_1_243' title='bbox 617 2607 828 2652; x_wconf 80' lang='lat' dir='ltr'>effabitur</span> <span class='ocrx_word' id='word_1_244' title='bbox 852 2604 1007 2661; x_wconf 83' lang='lat' dir='ltr'>rigide.</span> 
     </span>
     <span class='ocr_line' id='line_1_43' title="bbox 283 2665 1018 2716; baseline -0.015 0"><span class='ocrx_word' id='word_1_245' title='bbox 283 2672 319 2699; x_wconf 78' lang='lat'>24</span> <span class='ocrx_word' id='word_1_246' title='bbox 339 2672 421 2716; x_wconf 88' lang='lat' dir='ltr'>Vir</span> <span class='ocrx_word' id='word_1_247' title='bbox 445 2669 652 2714; x_wconf 88' lang='lat' dir='ltr'>amabilis</span> <span class='ocrx_word' id='word_1_248' title='bbox 678 2667 735 2710; x_wconf 87' lang='lat' dir='ltr'>ad</span> <span class='ocrx_word' id='word_1_249' title='bbox 757 2665 1018 2708; x_wconf 87' lang='lat' dir='ltr'>societatem</span> 
     </span>
     <span class='ocr_line' id='line_1_44' title="bbox 401 2723 1187 2786; baseline -0.015 -12"><span class='ocrx_word' id='word_1_250' title='bbox 401 2744 545 2786; x_wconf 75' lang='lat' dir='ltr'>magis</span> <span class='ocrx_word' id='word_1_251' title='bbox 571 2728 742 2771; x_wconf 85' lang='lat' dir='ltr'>amicus</span> <span class='ocrx_word' id='word_1_252' title='bbox 768 2725 851 2768; x_wconf 86' lang='lat' dir='ltr'>erit</span> <span class='ocrx_word' id='word_1_253' title='bbox 876 2738 1009 2780; x_wconf 85' lang='lat' dir='ltr'>quam</span> <span class='ocrx_word' id='word_1_254' title='bbox 1034 2723 1187 2765; x_wconf 78' lang='lat' dir='ltr'>frater.</span> 
     </span>
     <span class='ocr_line' id='line_1_45' title="bbox 161 2768 2214 2841; baseline -0.016 -2"><span class='ocrx_word' id='word_1_255' title='bbox 161 2795 272 2839; x_wconf 84' lang='lat' dir='ltr'>CAP.</span> <span class='ocrx_word' id='word_1_256' title='bbox 300 2793 427 2836; x_wconf 90' lang='lat' dir='ltr'>XIX.</span> <span class='ocrx_word' id='word_1_257' title='bbox 445 2815 504 2824; x_wconf 90' lang='lat'>—-</span> <span class='ocrx_word' id='word_1_258' title='bbox 526 2789 539 2815; x_wconf 90' lang='grc'>’1</span> <span class='ocrx_word' id='word_1_259' title='bbox 561 2787 719 2831; x_wconf 88' lang='lat' dir='ltr'>Melior</span> <span class='ocrx_word' id='word_1_260' title='bbox 743 2790 810 2828; x_wconf 88' lang='lat' dir='ltr'>est</span> <span class='ocrx_word' id='word_1_261' title='bbox 831 2797 998 2841; x_wconf 89' lang='lat' dir='ltr'>pauper</span> <span class='ocrx_word' id='word_1_262' title='bbox 1023 2781 1096 2838; x_wconf 88' lang='lat' dir='ltr'>qui</span> <span class='ocrx_word' id='word_1_263' title='bbox 1118 2778 1320 2822; x_wconf 86' lang='lat' dir='ltr'>ambulat</span> <span class='ocrx_word' id='word_1_264' title='bbox 1345 2777 1391 2820; x_wconf 90' lang='lat' dir='ltr'>in</span> <span class='ocrx_word' id='word_1_265' title='bbox 1416 2773 1706 2833; x_wconf 82' lang='lat' dir='ltr'>simplicitate</span> <span class='ocrx_word' id='word_1_266' title='bbox 1729 2785 1806 2814; x_wconf 82' lang='lat' dir='ltr'>sua</span> <span class='ocrx_word' id='word_1_267' title='bbox 2031 2768 2214 2818; x_wconf 57' lang='lat' dir='ltr'>proverbia</span> 
     </span>
     <span class='ocr_line' id='line_1_46' title="bbox 401 2819 2224 2907; baseline -0.015 -14"><span class='ocrx_word' id='word_1_268' title='bbox 401 2864 535 2907; x_wconf 90' lang='lat' dir='ltr'>quam</span> <span class='ocrx_word' id='word_1_269' title='bbox 557 2848 679 2891; x_wconf 86' lang='lat' dir='ltr'>dives</span> <span class='ocrx_word' id='word_1_270' title='bbox 701 2852 906 2900; x_wconf 89' lang='lat' dir='ltr'>torquens</span> <span class='ocrx_word' id='word_1_271' title='bbox 928 2841 1048 2885; x_wconf 89' lang='lat' dir='ltr'>labia</span> <span class='ocrx_word' id='word_1_272' title='bbox 1069 2854 1169 2894; x_wconf 82' lang='lat' dir='ltr'>sua,</span> <span class='ocrx_word' id='word_1_273' title='bbox 1193 2843 1236 2882; x_wconf 91' lang='lat' dir='ltr'>et</span> <span class='ocrx_word' id='word_1_274' title='bbox 1259 2836 1486 2893; x_wconf 87' lang='lat' dir='ltr'>insipiens.</span> <span class='ocrx_word' id='word_1_275' title='bbox 2024 2819 2224 2850; x_wconf 58' lang='lat'>¹²¹‘⁰¹¹¹¹³(&#39;¹¹³·</span> 
     </span>
     <span class='ocr_line' id='line_1_47' title="bbox 305 2896 1470 2956; baseline -0.015 -1"><span class='ocrx_word' id='word_1_276' title='bbox 305 2910 322 2936; x_wconf 70' lang='lat'>‘²</span> <span class='ocrx_word' id='word_1_277' title='bbox 344 2911 434 2955; x_wconf 89' lang='lat' dir='ltr'>Ubi</span> <span class='ocrx_word' id='word_1_278' title='bbox 456 2924 544 2952; x_wconf 88' lang='lat' dir='ltr'>non</span> <span class='ocrx_word' id='word_1_279' title='bbox 571 2912 636 2951; x_wconf 89' lang='lat' dir='ltr'>est</span> <span class='ocrx_word' id='word_1_280' title='bbox 661 2904 848 2949; x_wconf 85' lang='lat' dir='ltr'>scientia</span> <span class='ocrx_word' id='word_1_281' title='bbox 872 2902 1058 2956; x_wconf 77' lang='lat' dir='ltr'>animae,</span> <span class='ocrx_word' id='word_1_282' title='bbox 1083 2913 1170 2942; x_wconf 89' lang='lat' dir='ltr'>non</span> <span class='ocrx_word' id='word_1_283' title='bbox 1198 2902 1265 2941; x_wconf 88' lang='lat' dir='ltr'>est</span> <span class='ocrx_word' id='word_1_284' title='bbox 1284 2896 1470 2951; x_wconf 88' lang='lat' dir='ltr'>bonum,</span> 
     </span>
     <span class='ocr_line' id='line_1_48' title="bbox 405 2957 1300 3024; baseline -0.016 -12"><span class='ocrx_word' id='word_1_285' title='bbox 405 2974 449 3013; x_wconf 92' lang='lat' dir='ltr'>et</span> <span class='ocrx_word' id='word_1_286' title='bbox 474 2968 547 3024; x_wconf 86' lang='lat' dir='ltr'>qui</span> <span class='ocrx_word' id='word_1_287' title='bbox 573 2966 764 3010; x_wconf 76' lang='lat' dir='ltr'>festinus</span> <span class='ocrx_word' id='word_1_288' title='bbox 791 2968 856 3006; x_wconf 89' lang='lat' dir='ltr'>est</span> <span class='ocrx_word' id='word_1_289' title='bbox 881 2961 1066 3018; x_wconf 91' lang='lat' dir='ltr'>pedibus</span> <span class='ocrx_word' id='word_1_290' title='bbox 1089 2957 1300 3002; x_wconf 83' lang='lat' dir='ltr'>offendet.</span> 
     </span>
     <span class='ocr_line' id='line_1_49' title="bbox 307 3014 1385 3079; baseline -0.017 -5"><span class='ocrx_word' id='word_1_291' title='bbox 307 3030 326 3057; x_wconf 83' lang='lat'><strong>3</strong></span> <span class='ocrx_word' id='word_1_292' title='bbox 346 3028 546 3074; x_wconf 84' lang='lat' dir='ltr'>Stultitia</span> <span class='ocrx_word' id='word_1_293' title='bbox 570 3025 763 3069; x_wconf 88' lang='lat' dir='ltr'>hominis</span> <span class='ocrx_word' id='word_1_294' title='bbox 784 3022 1044 3079; x_wconf 85' lang='lat' dir='ltr'>supplantat</span> <span class='ocrx_word' id='word_1_295' title='bbox 1067 3031 1241 3075; x_wconf 82' lang='lat' dir='ltr'>gressus</span> <span class='ocrx_word' id='word_1_296' title='bbox 1267 3014 1385 3071; x_wconf 86' lang='lat' dir='ltr'>ejus,</span> 
     </span>
     <span class='ocr_line' id='line_1_50' title="bbox 407 3079 1250 3132; baseline -0.018 0"><span class='ocrx_word' id='word_1_297' title='bbox 407 3094 450 3132; x_wconf 90' lang='lat' dir='ltr'>et</span> <span class='ocrx_word' id='word_1_298' title='bbox 475 3091 630 3130; x_wconf 90' lang='lat' dir='ltr'>contra</span> <span class='ocrx_word' id='word_1_299' title='bbox 653 3087 796 3128; x_wconf 86' lang='lat' dir='ltr'>Deum</span> <span class='ocrx_word' id='word_1_300' title='bbox 818 3083 964 3125; x_wconf 75' lang='lat' dir='ltr'>fervet</span> <span class='ocrx_word' id='word_1_301' title='bbox 988 3079 1136 3122; x_wconf 88' lang='lat' dir='ltr'>animo</span> <span class='ocrx_word' id='word_1_302' title='bbox 1159 3090 1250 3119; x_wconf 88' lang='lat' dir='ltr'>suo.</span> 
     </span>
     <span class='ocr_line' id='line_1_51' title="bbox 309 3138 1182 3196; baseline -0.016 -4"><span class='ocrx_word' id='word_1_303' title='bbox 309 3149 327 3176; x_wconf 86' lang='lat'>4</span> <span class='ocrx_word' id='word_1_304' title='bbox 347 3147 531 3191; x_wconf 79' lang='lat' dir='ltr'>Divitiae</span> <span class='ocrx_word' id='word_1_305' title='bbox 555 3145 729 3188; x_wconf 89' lang='lat' dir='ltr'>addunt</span> <span class='ocrx_word' id='word_1_306' title='bbox 752 3142 919 3185; x_wconf 88' lang='lat' dir='ltr'>amicos</span> <span class='ocrx_word' id='word_1_307' title='bbox 945 3138 1182 3196; x_wconf 80' lang='lat' dir='ltr'>plurimos3</span> 
     </span>
     <span class='ocr_line' id='line_1_52' title="bbox 408 3195 1572 3263; baseline -0.014 -12"><span class='ocrx_word' id='word_1_308' title='bbox 408 3222 434 3250; x_wconf 87' lang='lat' dir='ltr'>a</span> <span class='ocrx_word' id='word_1_309' title='bbox 459 3219 652 3263; x_wconf 87' lang='lat' dir='ltr'>paupere</span> <span class='ocrx_word' id='word_1_310' title='bbox 676 3209 826 3246; x_wconf 87' lang='lat' dir='ltr'>autem</span> <span class='ocrx_word' id='word_1_311' title='bbox 852 3206 895 3244; x_wconf 89' lang='lat' dir='ltr'>et</span> <span class='ocrx_word' id='word_1_312' title='bbox 915 3199 961 3242; x_wconf 89' lang='lat' dir='ltr'>hi</span> <span class='ocrx_word' id='word_1_313' title='bbox 987 3211 1093 3254; x_wconf 88' lang='lat' dir='ltr'>quos</span> <span class='ocrx_word' id='word_1_314' title='bbox 1118 3195 1274 3238; x_wconf 88' lang='lat' dir='ltr'>habuit</span> <span class='ocrx_word' id='word_1_315' title='bbox 1299 3195 1572 3250; x_wconf 83' lang='lat' dir='ltr'>separantur.</span> 
     </span>
     <span class='ocr_line' id='line_1_53' title="bbox 311 3256 1168 3315; baseline -0.016 -4"><span class='ocrx_word' id='word_1_316' title='bbox 311 3268 329 3294; x_wconf 76' lang='lat'>5</span> <span class='ocrx_word' id='word_1_317' title='bbox 348 3266 494 3311; x_wconf 87' lang='lat' dir='ltr'>Testis</span> <span class='ocrx_word' id='word_1_318' title='bbox 518 3265 661 3308; x_wconf 74' lang='lat' dir='ltr'>falsus</span> <span class='ocrx_word' id='word_1_319' title='bbox 683 3277 771 3306; x_wconf 89' lang='lat' dir='ltr'>non</span> <span class='ocrx_word' id='word_1_320' title='bbox 797 3260 879 3305; x_wconf 89' lang='lat' dir='ltr'>erit</span> <span class='ocrx_word' id='word_1_321' title='bbox 902 3256 1168 3315; x_wconf 76' lang='lat' dir='ltr'>impunitus,</span> 
     </span>
     <span class='ocr_line' id='line_1_54' title="bbox 411 3313 1362 3381; baseline -0.016 -11"><span class='ocrx_word' id='word_1_322' title='bbox 411 3332 454 3370; x_wconf 90' lang='lat' dir='ltr'>et</span> <span class='ocrx_word' id='word_1_323' title='bbox 479 3325 552 3381; x_wconf 90' lang='lat' dir='ltr'>qui</span> <span class='ocrx_word' id='word_1_324' title='bbox 579 3322 813 3367; x_wconf 90' lang='lat' dir='ltr'>mendacia</span> <span class='ocrx_word' id='word_1_325' title='bbox 838 3318 1033 3374; x_wconf 88' lang='lat' dir='ltr'>loquitur</span> <span class='ocrx_word' id='word_1_326' title='bbox 1052 3330 1141 3360; x_wconf 89' lang='lat' dir='ltr'>non</span> <span class='ocrx_word' id='word_1_327' title='bbox 1163 3313 1362 3369; x_wconf 81' lang='lat' dir='ltr'>effugiet.</span> 
     </span>
     <span class='ocr_line' id='line_1_55' title="bbox 310 3375 1152 3439; baseline -0.015 -9"><span class='ocrx_word' id='word_1_328' title='bbox 310 3388 328 3414; x_wconf 75' lang='grc'>6</span> <span class='ocrx_word' id='word_1_329' title='bbox 348 3385 480 3429; x_wconf 86' lang='lat' dir='ltr'>Multi</span> <span class='ocrx_word' id='word_1_330' title='bbox 504 3384 655 3427; x_wconf 84' lang='lat' dir='ltr'>colunt</span> <span class='ocrx_word' id='word_1_331' title='bbox 679 3394 913 3439; x_wconf 88' lang='lat' dir='ltr'>personam</span> <span class='ocrx_word' id='word_1_332' title='bbox 938 3375 1152 3434; x_wconf 84' lang='lat' dir='ltr'>potentis,</span> 
     </span>
     <span class='ocr_line' id='line_1_56' title="bbox 411 3435 1148 3488; baseline -0.014 0"><span class='ocrx_word' id='word_1_333' title='bbox 411 3450 455 3488; x_wconf 89' lang='lat' dir='ltr'>et</span> <span class='ocrx_word' id='word_1_334' title='bbox 476 3443 608 3486; x_wconf 89' lang='lat' dir='ltr'>amici</span> <span class='ocrx_word' id='word_1_335' title='bbox 630 3447 733 3485; x_wconf 88' lang='lat' dir='ltr'>sunt</span> <span class='ocrx_word' id='word_1_336' title='bbox 759 3441 874 3483; x_wconf 86' lang='lat' dir='ltr'>dona</span> <span class='ocrx_word' id='word_1_337' title='bbox 899 3435 1148 3480; x_wconf 88' lang='lat' dir='ltr'>tribuentis.</span> 
     </span>
     <span class='ocr_line' id='line_1_57' title="bbox 314 3495 1321 3556; baseline -0.015 -8"><span class='ocrx_word' id='word_1_338' title='bbox 314 3505 328 3531; x_wconf 83' lang='lat'><strong>7</strong></span> <span class='ocrx_word' id='word_1_339' title='bbox 351 3505 528 3548; x_wconf 85' lang='lat' dir='ltr'>Fratres</span> <span class='ocrx_word' id='word_1_340' title='bbox 549 3501 742 3545; x_wconf 89' lang='lat' dir='ltr'>hominis</span> <span class='ocrx_word' id='word_1_341' title='bbox 764 3497 968 3556; x_wconf 77' lang='lat' dir='ltr'>pauperis</span> <span class='ocrx_word' id='word_1_342' title='bbox 995 3495 1179 3538; x_wconf 87' lang='lat' dir='ltr'>oderunt</span> <span class='ocrx_word' id='word_1_343' title='bbox 1198 3506 1321 3546; x_wconf 82' lang='lat' dir='ltr'>eum3</span> 
     </span>
    </p>
   </div>
   <div class='ocr_carea' id='block_1_4' title="bbox 340 3598 565 3606">
    <p class='ocr_par' dir='ltr' id='par_1_4' title="bbox 340 3598 565 3606">
     <span class='ocr_line' id='line_1_58' title="bbox 340 3598 565 3606; baseline 0 255"><span class='ocrx_word' id='word_1_344' title='bbox 340 3598 565 3606; x_wconf 95' lang='lat' dir='ltr'> </span> 
     </span>
    </p>
   </div>
   <div class='ocr_carea' id='block_1_5' title="bbox 128 3602 337 3610">
    <p class='ocr_par' dir='ltr' id='par_1_5' title="bbox 128 3602 337 3610">
     <span class='ocr_line' id='line_1_59' title="bbox 128 3602 337 3610; baseline 0 251"><span class='ocrx_word' id='word_1_345' title='bbox 128 3602 337 3610; x_wconf 95' lang='lat' dir='ltr'> </span> 
     </span>
    </p>
   </div>
   <div class='ocr_carea' id='block_1_6' title="bbox 120 3646 798 3688">
    <p class='ocr_par' dir='ltr' id='par_1_6' title="bbox 120 3646 798 3688">
     <span class='ocr_line' id='line_1_60' title="bbox 120 3646 798 3688; baseline -0.019 -6"><span class='ocrx_word' id='word_1_346' title='bbox 120 3655 167 3688; x_wconf 82' lang='lat'>13]</span> <span class='ocrx_word' id='word_1_347' title='bbox 186 3650 288 3681; x_wconf 85' lang='lat' dir='ltr'>Eccli.</span> <span class='ocrx_word' id='word_1_348' title='bbox 306 3650 373 3680; x_wconf 71' lang='lat' dir='ltr'>XT..</span> <span class='ocrx_word' id='word_1_349' title='bbox 391 3652 419 3678; x_wconf 87' lang='grc'>8.</span> <span class='ocrx_word' id='word_1_350' title='bbox 436 3663 474 3668; x_wconf 96' lang='grc'><strong>-</strong></span> <span class='ocrx_word' id='word_1_351' title='bbox 491 3649 520 3680; x_wconf 83' lang='grc'>5]</span> <span class='ocrx_word' id='word_1_352' title='bbox 540 3647 620 3674; x_wconf 80' lang='lat' dir='ltr'>Dan·</span> <span class='ocrx_word' id='word_1_353' title='bbox 639 3646 740 3674; x_wconf 73' lang='lat' dir='ltr'>XIII,</span> <span class='ocrx_word' id='word_1_354' title='bbox 755 3646 798 3669; x_wconf 83' lang='grc'>61-</span> 
     </span>
    </p>
   </div>
  </div>
 </body>
</html>
