2423 3861
147 553 279 583 Titulus

125 604 297 626 sermonis.

154 667 268 697 Oratio

135 712 291 741 Jeremiae

124 756 299 785 occasione

124 800 300 829 siccitatis.

89 1506 178 1534 Deus
213 1505 327 1533 renuit

101 1550 198 1577 illum
215 1557 315 1578 exau-

87 1594 170 1629 dire,
190 1597 328 1626 propter

154 1638 262 1666 falsos

112 1683 303 1716 {rophetaa

151 2815 266 2844 Altera

132 2859 287 2888 Jeremiae

109 2903 299 2935 deprecatio
308 2923 315 2938 ‚

122 3348 293 3380 alteraque

184 3390 244 3418 Dei

122 3433 302 3463 recusatio.

402 98 485 140 862
1008 101 1110 141 dici-³..
1146 99 1272 152 XIV,
1310 100 1330 140 1
1366 125 1425 130 ——
1455 100 1555 144 XV.
1594 101 1629 142 1.

667 310 822 352 Sanno
857 309 911 350 V.
938 334 996 340 —
1031 309 1250 351 DOMINUS
1286 320 1462 351 POPULo
1497 321 1582 351 suo
1616 321 1709 351 NON
1743 320 1967 352 Ionoscnr

476 433 500 473 ὅ
526 434 563 475 Ι.
596 457 656 465 -—
682 431 915 486 Prophe-tce
947 431 1192 486 deprecatio
1216 446 1303 486 pro
1335 431 1510 474 ιῙιι-(ἶαῑὶε
1545 432 1610 474 bis
1643 433 1863 488 respuitur
1894 447 1924 474 α
1955 433 2163 482 Domino,

456 548 562 591 CAP.
589 547 716 589 XIV.
735 573 794 578 —-
822 546 832 571 ¹
854 546 976 596 Quod
1002 546 1177 589 factum
1200 551 1265 589 est
1286 534 1471 589 vei-bum
1500 546 1681 589 Domini
1706 547 1761 590 ad
1790 547 2045 603 Jeremiam,
2070 549 2123 592 de
2144 563 2228 593 ser-

396 605 600 649 monibus
626 605 855 648 siccitatis.

454 663 471 690 “2
490 664 626 707 Luxit
651 665 835 720 Judaea,
863 671 907 707 et
932 671 1071 721 portae
1098 665 1195 721 ejus
1229 671 1507 720 corruerunt,
1534 670 1578 708 et
1611 666 1857 709 obscuratae
1888 673 1991 710 sunt
2014 667 2062 711 in
2095 672 2230 725 terra,

395 729 438 767 et
457 723 624 766 clamor
642 725 892 767 Jerusalem
909 724 1125 769 ascendit.
1146 724 1164 750 3
1180 724 1375 780 Majores
1393 719 1610 767 miserunt
1633 725 1823 768 minores
1846 740 1946 769 suos
1968 726 2025 769 ad
2042 742 2230 784 aquam;

395 788 612 826 venerunt
651 783 707 826 ad
741 783 1060 839 hauriendum,
1102 798 1190 827 non
1230 784 1497 828 invenerunt
1532 799 1715 840 aquam,
1757 790 2094 841 reportaverunt
2126 801 2234 831 vasa

395 857 473 885 sua
498 857 665 897 vacua3
698 843 875 886 confusi
908 848 1013 885 sunt
1045 848 1088 886 et
1120 842 1306 898 afflicti,
1333 849 1377 886 et
1411 850 1678 900 operuerunt
1711 845 1859 900 capita
1885 860 1976 889 sua.
2007 845 2024 872 4
2051 847 2234 903 Propter

394 908 522 945 terrae
556 902 836 958 vastitatem,
871 903 973 958 quia
1007 917 1095 945 non
1128 903 1252 946 venit
1284 903 1437 959 pluvia
1470 903 1515 944 in
1550 913 1734 959 terram,
1770 904 1947 947 confusi
1980 912 2084 949 sunt
2115 907 2231 962 agri-

395 962 532 1017 colae,
560 967 828 1019 operuerunt
853 962 1001 1018 capita
1027 977 1119 1007 sua.
1143 962 1160 988 5
1178 963 1296 1005 Nam
1319 968 1362 1006 et
1387 977 1518 1006 cerva
1542 963 1589 1005 in
1614 977 1722 1019 agro
1749 963 1941 1020 peperit,
1964 970 2008 1008 et
2033 965 2232 1022 reliquit,

394 1021 497 1077 quia
521 1035 609 1064 non
636 1026 729 1065 erat
761 1021 912 1065 herba.
940 1021 957 1048 6
976 1023 1033 1064 Et
1059 1022 1214 1077 onagri
1243 1027 1462 1065 steterunt
1490 1022 1537 1064 in
1561 1022 1765 1079 rupibus,
1796 1028 2024 1067 'traxerunt
2050 1030 2233 1068 ventum

394 1081 518 1136 quasi
545 1081 779 1137 dracones,
806 1081 1071 1124 defecerunt
1096 1081 1213 1125 oculi
1236 1096 1409 1137 eorum,
1429 1081 1533 1138 quia
1558 1096 1647 1125 non
1674 1087 1767 1125 erat
1792 1082 1942 1126 herba.
1970 1083 1986 1110 ⁷
2006 1084 2049 1128 Si
2071 1084 2235 1140 iniqui-

393 1145 506 1183 tates
528 1146 692 1183 nostrae
714 1141 1022 1197 responderint
1046 1141 1197 1197 nobis,
1226 1141 1437 1197 Domine,
1460 1141 1537 1184 fac
1559 1147 1739 1199 propter
1763 1156 1925 1186 nomen
1953 1148 2102 1199 tuum3
2128 1158 2234 1200 quo-

393 1199 515 1241 niam
541 1200 695 1242 multae
717 1205 821 1242 sunt
840 1200 1093 1244 aversiones
1115 1206 1290 1256 nostrae,
1316 1200 1397 1243 tibi
1424 1201 1724 1258 peccavimus.
1748 1201 1766 1228 8
1785 1203 2049 1258 Expectatio
2077 1203 2231 1260 Israel,

393 1259 588 1301 salvator
613 1259 710 1315 ejus
735 1259 783 1302 in
809 1264 1007 1317 tempore
1033 1260 1355 1316 tribulationiS,
1384 1275 1517 1316 quare
1541 1261 1665 1316 quasi
1693 1261 1872 1304 colonus
1898 1262 2076 1306 futurus
2111 1276 2156 1306 es
2183 1262 2232 1305 in

392 1323 528 1374 terra,
556 1324 599 1361 et
625 1319 750 1374 quasi
774 1319 920 1363 viator
946 1320 1175 1363 declinans
1200 1320 1258 1363 ad
1285 1320 1559 1363 manendum
1576 1320 1597 1362 ⁴?
1628 1319 1646 1346 9
1663 1320 1806 1371 Quare
1835 1321 2014 1365 futurus
2041 1336 2086 1365 es
2110 1321 2234 1365 velut
2283 1321 2286 1324 ’

391 1377 459 1420 vir
483 1392 645 1435 vagus,
674 1384 722 1421 ut
746 1379 878 1422 fortis
904 1379 978 1435 qui
1002 1394 1090 1422 non
1116 1384 1264 1437 potest
1289 1379 1492 1423 salvare?
1519 1380 1586 1422 Tu
1616 1385 1769 1423 autem
1802 1380 1849 1422 in
1882 1381 2009 1424 nobis
2042 1395 2108 1437 es,
2144 1382 2232 1425 Do-

393 1437 533 1494 mine,
561 1442 605 1481 et
626 1452 788 1482 nomen
813 1443 941 1482 tuum
964 1439 1224 1482 invocatum
1250 1445 1316 1482 est
1341 1453 1473 1496 super
1493 1454 1593 1495 nos,
1622 1454 1677 1483 ne
1703 1440 1981 1496 derelinquas
2007 1455 2101 1484 nos.

453 1496 489 1523 ¹0
511 1498 626 1540 Haec
652 1497 762 1540 dicit
788 1498 1006 1541 Dominus
1032 1499 1195 1555 populo
1227 1498 1331 1542 huic
1362 1499 1437 1554 qui
1470 1499 1629 1542 dilexit
1658 1514 1836 1543 movere
1868 1500 2002 1556 pedes
2032 1514 2154 1555 suos,
2189 1506 2232 1543 et

392 1571 480 1599 non
515 1557 702 1613 quievit,
741 1565 786 1600 et
819 1558 1011 1601 Domino
1052 1573 1140 1601 non
1178 1558 1347 1615 placuit
1378 1574 1386 1601 ε
1430 1558 1561 1601 Nunc
1604 1559 1908 1601 recordabitur
1944 1559 2232 1615 iniquitatum

393 1631 563 1671 eorum,
603 1622 646 1659 et
678 1616 880 1660 visitabit
916 1622 1100 1674 peccata
1133 1631 1298 1660 eorum.
1334 1616 1367 1643 ¹1
1396 1618 1454 1660 Et
1492 1617 1608 1660 dixit
1645 1618 1862 1660 Dominus
1895 1619 1952 1661 ad
1985 1633 2091 1663 me:
2127 1619 2232 1661 Noli

394 1690 515 1718 orare
552 1689 628 1732 pro
670 1676 832 1732 populo
870 1676 954 1720 isto
988 1676 1034 1719 in
1074 1677 1254 1720 bonum.
1296 1676 1330 1702 ¹⁵2
1356 1677 1468 1720 Cum
1501 1677 1832 1732 jejunaverint,
1871 1692 1960 1720 non
1993 1678 2232 1721 exaudiam

393 1749 543 1792 preces
570 1749 744 1788 eorum;
773 1742 817 1779 et
838 1736 874 1778 si
898 1736 1138 1779 obtulerint
1163 1736 1526 1779 holocautomata
1548 1743 1591 1780 et
1618 1736 1847 1792 victimas,
1878 1751 1966 1780 non
1989 1737 2232 1794 suscipiam

393 1808 464 1848 ea,
488 1794 698 1849 quoniam
723 1794 894 1850 gladio,
923 1801 966 1838 et
990 1795 1133 1850 fame,
1161 1802 1204 1839 et
1230 1801 1352 1852 peste
1378 1810 1640 1838 consumam
1665 1810 1751 1841 eos

454 1853 489 1880 ¹3
508 1855 565 1896 Et
591 1853 712 1897 dixi:
746 1856 787 1897 A
814 1869 839 1896 a
869 1870 916 1909 a,
947 1855 1137 1898 Domine
1165 1856 1308 1906 Deus3
1337 1855 1566 1912 prophetae
1594 1855 1749 1898 dicunt
1775 1856 1835 1899 eis
1858 1873 1866 1900 ε
1895 1857 1994 1899 Non
2019 1855 2232 1900 videbitis

393 1913 614 1970 gladium,
643 1918 686 1956 et
714 1913 860 1957 fames
891 1929 978 1956 non
1004 1914 1087 1957 erit
1118 1914 1165 1956 in
1193 1914 1346 1969 vobis,
1382 1914 1459 1957 sed
1493 1929 1650 1971 pacem
1684 1929 1836 1958 veram
1871 1915 1996 1958 dabit
2028 1915 2156 1958 vobis
2184 1916 2233 1960 in

393 1973 490 2015 loco
521 1973 621 2015 isto.
653 1972 688 1998 ¹4
708 1974 765 2016 Et
794 1973 909 2016 dixit
944 1973 1161 2017 Dominus
1194 1973 1252 2016 ad
1286 1988 1386 2017 me:
1421 1974 1556 2016 Falso
1586 1974 1814 2031 prophetae
1848 1974 2153 2018 vaticinantur
2184 1975 2232 2018 in

393 2032 572 2075 nomine
601 2046 724 2087 meo;
760 2047 848 2075 non
878 2033 979 2075 misi
1012 2047 1105 2088 eos,
1133 2038 1176 2076 et
1208 2047 1297 2076 non
1326 2033 1519 2090 praecepi
1551 2033 1635 2088 eis,
1669 2048 1812 2090 neque
1844 2033 2018 2078 locutus
2050 2049 2149 2077 sum
2174 2034 2232 2078 ad

394 2106 479 2135 eos.
499 2091 729 2134 Visionem
751 2092 1035 2147 mendacem,
1056 2097 1099 2135 et
1121 2092 1466 2148 divinationem,
1488 2098 1531 2136 et
1552 2093 1927 2150 fraudulentiam,
1947 2099 1991 2137 et
2011 2094 2231 2138 seductio-

392 2165 494 2194 nem
528 2150 671 2193 cordis
704 2151 792 2207 sui,
823 2152 1091 2208 prophetant
1116 2151 1257 2195 vobis.
1285 2151 1320 2178 15
1340 2152 1514 2195 Idcirco
1541 2153 1640 2195 haec
1666 2153 1776 2196 dicit
1805 2153 2024 2197 Dominus
2053 2153 2108 2198 de
2133 2168 2230 2211 pros

392 2210 537 2267 phetis
564 2210 636 2265 qui
658 2211 927 2267 prophetant
950 2211 996 2253 in
1019 2211 1198 2254 nomine
1224 2226 1344 2267 meo,
1369 2226 1475 2268 quos
1502 2227 1583 2268 ego
1607 2227 1695 2256 non
1722 2213 1844 2268 misi,
1869 2213 2067 2257 dicentes
2087 2230 2098 2258 t
2125 2213 2231 2258 Gla-

393 2269 490 2312 dius
522 2275 567 2312 et
595 2270 741 2312 fames
775 2284 862 2313 non
897 2270 980 2313 erit
1011 2271 1058 2313 in
1091 2277 1206 2314 terra
1239 2272 1356 2315 hac:
1394 2272 1449 2314 In
1487 2271 1639 2328 gladio
1676 2277 1720 2315 et
1756 2273 1879 2316 fame
1917 2277 2233 2317 consumentur

392 2329 618 2386 prophetae
643 2329 723 2372 illi.
750 2330 785 2356 16
807 2331 866 2373 Et
894 2330 1047 2387 populi
1078 2330 1238 2387 quibus
1268 2331 1536 2388 prophetant
1562 2338 1691 2375 erunt
1716 2332 1905 2389 projecti
1927 2333 1973 2375 in
1996 2333 2080 2375 viis
2101 2333 2231 2376 Jeru-

390 2388 531 2432 salem
561 2403 652 2445 prae
685 2389 810 2433 fame
839 2395 883 2433 et
914 2389 1087 2447 gladio,
1118 2395 1163 2434 et
1191 2405 1280 2433 non
1313 2390 1396 2434 erit
1421 2391 1496 2447 qui
1529 2391 1717 2448 sepeliat
1747 2406 1819 2436 eos
1843 2408 1852 2436 :
1877 2391 1963 2449 ipsi
1997 2397 2041 2435 et
2073 2406 2231 2435 uxores

393 2462 563 2503 eorum,
594 2448 674 2490 filii
708 2453 751 2492 et
780 2448 886 2492 filiae
920 2463 1096 2505 eorum3
1129 2454 1173 2493 et
1206 2450 1437 2493 effundam
1471 2465 1601 2508 super
1634 2465 1706 2494 eos
1738 2451 1906 2494 malum
1935 2465 2078 2495 suum.
2110 2450 2145 2477 ¹⁷
2171 2451 2231 2494 Et

393 2507 513 2550 dices
537 2508 595 2550 ad
618 2522 691 2551 eos
712 2509 898 2552 verbum
923 2509 1042 2552 istud
1064 2526 1073 2553 :
1099 2509 1337 2553 Deducant
1358 2509 1475 2553 oculi
1498 2510 1585 2553 mei
1607 2510 1855 2568 lacrymam
1879 2525 1957 2568 per
1981 2516 2159 2554 noctem
2185 2514 2231 2554 et

393 2566 530 2622 diem,
555 2572 598 2610 et
619 2582 708 2611 non
731 2573 931 2624 taceant,
957 2569 1167 2624 quoniam
1193 2569 1460 2613 contritione
1485 2584 1651 2626 magna
1678 2571 1868 2614 contrita
1893 2575 1959 2614 est
1984 2570 2111 2626 virgo
2137 2569 2231 2613 filia

392 2626 543 2683 populi
570 2627 670 2681 mei,
693 2627 827 2683 plaga
849 2628 1041 2685 pessima
1063 2629 1362 2672 vehementer.
1387 2628 1422 2656 18
1442 2629 1486 2672 Si
1512 2644 1713 2685 egressus
1736 2631 1863 2673 fuero
1885 2629 1943 2673 ad
1963 2644 2107 2686 agrOS‚
2127 2644 2231 2673 ecce

393 2685 526 2728 occisi
551 2686 726 2742 gladio;
755 2693 799 2730 et
823 2687 859 2730 si
881 2687 1091 2731 introiero
1115 2688 1162 2730 in
1189 2688 1440 2744 civitatem,
1469 2703 1571 2732 ecce
1597 2690 1816 2733 attenuati
1843 2690 1979 2733 fame.
2008 2689 2230 2746 Propheta

393 2759 564 2801 quoque
589 2751 634 2789 et
658 2746 861 2789 sacerdos
887 2747 1094 2790 abierunt
1116 2748 1164 2790 in
1187 2753 1351 2791 terram
1373 2763 1506 2804 quam
1528 2748 1810 2804 ignorabant.

453 2804 488 2830 ¹9
502 2805 731 2861 Numquid
757 2806 998 2862 projiciens
1019 2807 1229 2863 abjecisti
1255 2809 1283 2850 J
1288 2808 1453 2851 udam?
1475 2814 1554 2851 aut
1576 2808 1683 2852 Sion
1705 2809 1963 2852 abominata
1986 2813 2052 2852 est
2077 2808 2230 2851 anima

393 2864 501 2906 tua?
529 2864 672 2915 Quare
697 2879 801 2920 ergo
826 2865 1083 2922 percussisti
1114 2881 1194 2910 nos
1222 2867 1287 2910 ita
1313 2872 1362 2909 ut
1391 2867 1515 2910 nulla
1547 2867 1606 2910 sit
1639 2867 1842 2911 sanitas?
1879 2867 2229 2924 Expectavimus

395 2937 563 2979 pacem,
584 2930 626 2966 et
648 2938 735 2967 non
753 2931 819 2967 est
837 2925 1001 2968 bonum
1020 2943 1029 2979 3
1055 2931 1098 2970 et
1119 2932 1294 2983 tempus
1317 2927 1572 2983 curationis,
1592 2933 1636 2970 et
1658 2941 1760 2970 ecce
1778 2927 1983 2970 turbatio.
2003 2925 2040 2952 ⁶²⁰
2054 2927 2228 2984 Cogno—

395 2982 559 3038 vimus,
584 2983 793 3038 Domine,
820 2984 1074 3040 impietates
1107 2991 1299 3043 nostras,
1331 2986 1590 3042 iniquitates
1621 2992 1798 3044 patrum
1827 2992 2096 3042 nostrorum,
2124 2985 2228 3043 quia

395 3042 677 3097 peccavimus
696 3043 791 3085 tibi.
815 3042 847 3069 ‘2¹
870 3045 938 3087 Ne
956 3044 1032 3088 des
1051 3059 1130 3088 nos
1148 3045 1195 3088 in
1214 3045 1518 3103 opprobrium,
1542 3050 1719 3103 propter
1736 3059 1896 3088 nomen
1918 3051 2066 3100 tuum,
2086 3059 2228 3102 neque

394 3100 539 3143 facias
564 3101 691 3143 nobis
718 3103 1035 3146 contumeliam
1059 3104 1159 3147 solii
1185 3105 1340 3161 gloriae
1370 3110 1486 3160 tuae3
1517 3105 1768 3159 recordare,
1799 3119 1853 3148 ne
1882 3105 2057 3148 irritum
2081 3105 2223 3148 facias

395 3159 545 3202 foedus
581 3165 705 3202 tuum
747 3161 992 3205 nobiscum.
1030 3162 1068 3189 22
1098 3164 1327 3220 Numquid
1364 3170 1469 3208 sunt
1504 3165 1550 3207 in
1591 3163 1871 3220 sculptilibus
1912 3165 2116 3220 gentium
2151 3163 2227 3220 qui

394 3219 570 3275 pluant,
597 3225 674 3262 aut
696 3219 794 3262 caeli
817 3228 1000 3276 possunt
1022 3223 1125 3266 dare
1147 3223 1344 3267 imbres‘.>
1371 3238 1517 3268 nonne
1538 3230 1584 3266 tu
1607 3237 1652 3266 es
1676 3223 1893 3267 Dominus
1919 3225 2037 3268 Deus
2063 3228 2226 3280 noster,

396 3293 525 3334 quem
550 3278 915 3334 expectavimus?
938 3286 984 3323 tu
1010 3282 1129 3325 enim
1155 3283 1306 3326 fecisti
1329 3283 1479 3326 omnia
1499 3283 1611 3326 haec.

454 3338 561 3381 CAP.
584 3338 685 3381 XV.
714 3364 768 3370 —-
797 3338 807 3364 ¹
831 3340 886 3381 Et
907 3339 1020 3382 dixit
1049 3341 1264 3384 Dominus
1290 3343 1345 3385 ad
1368 3357 1439 3386 me
1472 3359 1481 3386 :
1507 3342 1551 3386 Si
1581 3343 1752 3385 steterit
1778 3344 1952 3401 Moyses
1978 3349 2022 3388 et
2047 3343 2226 3388 Samuel

396 3411 543 3439 coram
565 3411 648 3453 me,
674 3412 762 3440 non
785 3403 850 3441 est
875 3398 1025 3441 anima
1048 3414 1144 3443 mea
1166 3401 1222 3443 ad
1245 3402 1457 3458 populum
1481 3401 1616 3443 istum
1635 3418 1644 3456 3
1669 3401 1781 3457 ejice
1802 3402 1901 3446 illos
1922 3418 1948 3445 a
1970 3404 2090 3448 facie
2111 3418 2223 3456 mea,

400 3572 445 3604 11]
465 3571 540 3603 Sup.
564 3574 627 3600 VII
642 3594 648 3607 ‚
666 3576 700 3601 16
724 3576 759 3601 ct
785 3575 913 3608 X1,14.
936 3589 971 3593 —
994 3573 1135 3607 1338111).
1153 3573 1337 3607 v,12.1nr.
1358 3574 1561 3608 xx111,15.
1580 3589 1613 3592 —
1638 3576 1682 3608 33]
1705 3576 1767 3603 Inf.
1788 3577 1922 3621 XXIX³
1942 3588 1969 3616 9,
1986 3599 2023 3605 —
2043 3581 2092 3615 17]
2108 3579 2229 3608 'Phren-

400 3614 434 3649 1,
453 3617 486 3642 16
504 3618 538 3641 et
560 3616 1070 3651 11,13.—iu]s111‘1.vllr,15.
