2423 3861
686 175 732 217 ΙΙ
766 175 919 216 MAcu.
955 173 1016 229 X,
1050 175 1105 217 ‘27
1138 200 1196 205 —
1227 174 1316 227 XI,
1354 173 1419 216 15.
1851 176 1962 219 1089

140 351 270 398 retur,
294 349 408 387 sicut
434 347 504 387 lex
531 346 652 386 dicit..
676 344 710 370 '²⁷
735 346 787 387 Et
809 345 869 386 ita
899 349 996 400 post
1022 344 1284 396 orationem,
1316 344 1503 400 sumptis
1527 344 1681 399 arinis,
1709 344 1882 400 longius
1909 346 1961 390 dc

139 402 322 445 civitate
356 402 662 458 procedentes,
701 410 743 446 et
783 402 971 459 proximi
1009 402 1207 445 hostibus
1243 402 1414 457 effecti,
1453 402 1721 446 resederunt.
1756 401 1792 429 ²⁸
1816 404 1960 446 Primo

138 465 288 504 autem
317 462 422 504 solis
454 467 549 504 ortu
585 462 757 517 utrique
787 461 1120 516 commiserunt,
1148 461 1219 503 isti
1247 461 1424 516 quidem
1452 461 1648 505 victoriae
1676 466 1719 505 et
1747 464 1961 519 prosperi-

138 520 242 562 tatis
265 535 518 577 sponsorem
549 535 648 563 cum
675 520 838 563 virtute
873 520 1111 562 Dominum
1138 520 1371 574 habentes,
1400 520 1465 562 illi
1495 526 1642 564 autem
1674 521 1829 564 ducem
1855 521 1960 564 belli

137 579 335 621 animum
381 579 617 622 habebant.
659 578 696 604 '2⁰
730 579 836 633 Sed,
883 593 982 621 cum
1024 578 1260 621 vehemens
1301 593 1449 634 pugna
1490 585 1626 635 esset,
1663 586 1960 637 apparuerunt

135 637 401 680 adversariis
431 637 484 680 de
510 637 619 680 caelo
646 637 726 680 viri
754 637 945 692 quinque
976 636 1019 678 in
1046 637 1187 691 equis,
1211 637 1350 680 frenis
1380 638 1521 680 aureis
1556 639 1723 694 decori,
1750 639 1960 682 ducatum

136 696 307 738 ‹Judaeis
347 701 620 752 praestantes.
660 696 697 722 3⁰
731 697 797 738 Ex
835 695 992 750 quibus
1031 695 1115 737 duo
1151 696 1458 738 Machabaeum
1494 697 1688 740 medium
1722 698 1958 754 habentes,

134 755 268 796 armis
290 755 379 797 suis
406 755 748 811 circumseptum
774 753 1042 797 incolumem
1071 754 1416 810 conservabant3
1440 756 1485 797 in
1511 755 1786 800 adversarios
1811 762 1960 801 autem

135 813 224 855 tela
250 819 293 856 et
318 813 509 855 fulmina
531 813 770 868 jaciebant,
794 827 849 855 ex
871 827 954 868 quo
980 818 1024 855 et
1050 812 1252 855 caecitate
1275 814 1463 869 confusi,
1488 820 1531 857 et
1552 815 1705 871 repleti
1734 816 1959 872 perturba-

135 871 272 927 tione,
309 871 540 915 cadebant.
581 871 613 897 3¹
638 871 873 914 Interfecti
911 876 1014 913 sunt
1053 876 1202 913 autem
1240 872 1399 927 viginti
1438 873 1578 915 millia
1618 874 1875 930 quingenti,
1917 880 1960 918 et

133 930 301 985 equites
330 930 542 973 sexcenti.

191 987 228 1014 32
260 988 518 1031 Timotheus
560 1003 661 1032 vero
699 989 904 1045 confugit
940 989 986 1032 in
1028 990 1271 1046 Gazaram,
1314 991 1569 1046 praesidium
1607 992 1849 1048 munitum,
1889 994 1957 1036 cui

131 1052 319 1103 praeerat
353 1047 572 1090 Chaereas.
605 1047 642 1074 33
665 1048 952 1092 Machabaeus
985 1053 1156 1103 autem,
1180 1054 1223 1091 et
1249 1049 1321 1104 qui
1353 1063 1451 1091 cum
1482 1064 1530 1093 eo
1562 1056 1705 1106 erant,
1733 1051 1955 1106 laetantes,

132 1105 398 1149 obsederunt
423 1106 680 1163 praesidium
704 1107 858 1150 diebus
882 1112 1079 1163 quatuor.
1103 1107 1139 1133 34
1154 1107 1215 1150 At
1241 1107 1285 1150 hi
1312 1108 1384 1163 qui
1410 1108 1527 1151 intus
1554 1115 1690 1166 erant,
1714 1109 1798 1152 loci
1825 1110 1958 1153 firmi-

131 1169 222 1207 tate
260 1165 432 1220 confisi,
468 1180 600 1222 supra
637 1166 817 1209 modum
855 1166 1204 1222 maledicebant,
1236 1171 1279 1210 et
1311 1181 1531 1211 sermones
1565 1168 1784 1211 nefandos
1815 1169 1957 1225 jacta-

129 1223 250 1268 bant.
279 1223 315 1250 35
331 1224 418 1267 Sed
445 1238 546 1267 cum
574 1225 666 1268 dies
689 1225 844 1281 quinta
869 1226 1167 1281 illucesceret,
1195 1225 1356 1282 viginti
1378 1226 1562 1282 juvenes
1588 1241 1644 1269 ex
1668 1227 1736 1270 his
1757 1228 1829 1283 qui
1856 1242 1957 1270 cum

129 1282 390 1326 Machabaeo
417 1289 560 1339 erant,
592 1285 766 1327 accensi
795 1285 956 1327 animis
982 1290 1159 1341 propter
1180 1284 1525 1341 blasphemiam,
1553 1286 1738 1329 viriliter
1762 1300 1955 1330 accesse-

129 1346 230 1384 runt
263 1342 319 1384 ad
345 1357 544 1397 murum,
572 1348 614 1386 et
646 1344 786 1386 feroci
811 1343 960 1387 animo
986 1343 1243 1387 incedentes
1275 1344 1600 1399 ascendebant3
1637 1344 1673 1371 3⁰
1694 1345 1770 1389 sed
1805 1351 1848 1388 et
1879 1346 1955 1389 alii

129 1400 334 1444 similiter
358 1401 669 1458 ascendentes,
705 1408 846 1445 turres
876 1407 1110 1459 portasque
1143 1402 1409 1446 succendere
1442 1403 1639 1459 aggressi
1669 1410 1791 1460 sunt,
1824 1410 1956 1460 atque

127 1459 244 1515 ipsos
270 1460 511 1503 maledicos
536 1461 660 1504 vivos
687 1475 980 1506 concremare.
1009 1461 1043 1487 3⁷
1068 1462 1152 1504 Per
1173 1461 1433 1503 continuum
1458 1467 1607 1505 autem
1633 1462 1819 1506 biduum
1844 1478 1956 1520 prae—

127 1517 237 1561 sidio
257 1523 445 1573 vastato,
464 1519 749 1562 Timotheum
773 1520 1071 1563 occultantem
1096 1534 1155 1575 se,
1181 1519 1228 1561 in
1253 1519 1446 1575 quodam
1471 1527 1692 1577 repertum
1715 1522 1808 1565 loco
1835 1537 1955 1578 pere-

127 1582 323 1630 merunt3
353 1582 397 1620 et
420 1577 608 1620 fratrem
632 1577 752 1621 illius
779 1578 1031 1633 Chaeream,
1054 1583 1098 1621 et
1119 1578 1478 1634 Apollophanem
1504 1579 1773 1622 occiderunt..
1796 1580 1832 1607 38
1854 1581 1954 1631 Qui-

128 1633 206 1678 bus
246 1636 407 1691 gestis,
445 1636 492 1678 in
529 1636 706 1692 hymnis
745 1642 788 1680 et
826 1637 1180 1679 confessionibus
1216 1636 1543 1679 benedicebant
1580 1638 1847 1694 Dominum,
1882 1639 1955 1695 qui

126 1708 289 1750 magna
311 1695 423 1738 fecit
447 1695 494 1737 in
516 1695 677 1751 Israel,
705 1700 749 1738 et
774 1695 1007 1738 victoriam
1034 1695 1157 1738 dedit
1181 1694 1284 1738 illis.

384 1844 408 1901 ξ
442 1845 505 1888 Π.
539 1870 597 1877 —-
636 1845 832 1887 Victoria
863 1844 915 1888 de
946 1844 1089 1900 Lysia
1121 1845 1241 1888 duce.
1276 1845 1381 1887 Pax
1413 1847 1695 1901 componitur.

182 1989 287 2032 CAP.
314 1988 396 2030 XI.
415 2013 474 2020 —
499 1987 512 2014 ¹
533 1988 617 2031 Sed
642 2002 778 2045 parvo
799 1993 899 2044 post
920 1993 1137 2044 tempore,
1167 1988 1344 2044 Lysias,
1367 1993 1623 2044 procurator
1643 1989 1771 2046 regis,
1793 1995 1836 2034 et
1858 2005 1954 2047 pro-

122 2047 334 2104 pinquus,
361 2061 412 2090 ac
445 2047 725 2102 negotiorum
752 2046 1036 2103 praepositus,
1063 2046 1259 2102 graviter
1288 2046 1436 2090 ferens
1463 2046 1517 2089 de
1545 2047 1613 2089 his
1648 2061 1746 2103 quae
1780 2050 1953 2094 accide-

122 2112 242 2161 rant,
280 2105 297 2131 2
326 2105 607 2161 congregatis
644 2105 872 2161 octoginta
908 2105 1128 2161 millibus,
1166 2110 1208 2149 et
1245 2105 1445 2161 equitatu
1478 2105 1706 2161 universo,
1746 2108 1953 2152 veniebat

122 2165 333 2208 adversus
351 2165 556 2222 Judaeos,
580 2164 839 2207 existimans
865 2179 911 2207 se
937 2164 1166 2208 civitatem
1189 2164 1369 2220 quidem
1395 2168 1572 2221 captam
1594 2165 1803 2220 gentibus
1828 2167 1951 2210 habi-

123 2224 321 2267 taculum
355 2224 606 2279 facturum,
641 2223 660 2250 3
683 2224 901 2280 templum
933 2237 1036 2266 vero
1067 2223 1114 2265 in
1143 2222 1344 2280 pecuniae
1381 2228 1619 2279 quaestum,
1657 2223 1772 2267 sicut,
1808 2232 1953 2270 cetera

125 2283 308 2326 delubra
334 2282 557 2339 gentium,
584 2282 861 2337 habiturum,
889 2287 932 2325 et
957 2296 1033 2338 per
1054 2282 1253 2338 singulos
1278 2295 1416 2324 annos
1439 2282 1596 2325 venale
1624 2283 1950 2341 sacerdotium

123 2341 140 2368 4
158 2356 376 2398 nusquam
401 2342 652 2397 recogitans
680 2341 762 2384 Dei
788 2346 1076 2397 potestatem,
1106 2341 1184 2384 sed
1215 2345 1362 2383 mente
1388 2340 1648 2396 effrenatus,
1678 2341 1725 2384 in
1751 2343 1950 2387 multitu-

125 2401 227 2444 dine
252 2401 474 2457 peditum,
506 2406 549 2443 et
581 2400 626 2442 in
657 2400 854 2443 millibus
888 2400 1107 2456 equitum,
1134 2405 1177 2443 et
1208 2400 1254 2442 in
1284 2400 1511 2455 octoginta
1542 2399 1789 2457 elephantis
1820 2404 1950 2447 confi-

123 2460 269 2503 debat.
292 2460 309 2486 5
328 2460 558 2516 Ingressus
583 2465 733 2502 autem
763 2459 790 2502 J
795 2459 993 2515 udaeam,
1017 2464 1060 2502 et
1081 2459 1349 2516 appropians
1376 2459 1626 2514 Bethsurae,
1656 2474 1754 2514 quae
1784 2468 1877 2505 erat
1904 2463 1952 2505 in

124 2525 313 2575 angusto
344 2519 461 2576 loco,
487 2519 543 2562 ab
570 2518 849 2577 Jerosolyma
877 2517 1113 2564 intervallo
1147 2518 1340 2576 quinque
1365 2517 1632 2573 stadiorum,
1663 2518 1774 2562 illud
1800 2522 1952 2577 praesi-

122 2578 244 2622 dium
266 2579 567 2636 expugnabat,

182 2638 198 2664 6
225 2639 287 2682 Ut
319 2645 470 2682 autem
501 2638 808 2695 Machabaeus,
836 2644 879 2682 et
901 2639 973 2695 qui
1001 2653 1102 2682 cum
1128 2652 1176 2682 eo
1203 2642 1348 2694 erant,
1376 2642 1680 2694 cognoverunt
1704 2639 1950 2696 expugnari

121 2697 348 2755 praesidia,
384 2712 485 2740 cum
517 2697 623 2740 fietu
661 2703 704 2741 et
744 2698 953 2754 lacrymis
993 2697 1211 2754 rogabant
1252 2697 1512 2752 Dominum,
1555 2701 1598 2740 et
1638 2697 1780 2740 omnis
1820 2698 1948 2741 turba

121 2757 273 2813 simul,
301 2763 349 2800 ut
374 2757 540 2800 bonum
569 2757 780 2812 angelum
814 2757 1010 2801 mitteret
1038 2757 1094 2800 ad
1128 2756 1315 2800 salutem
1349 2755 1501 2799 Israel.
1528 2755 1543 2781 7
1570 2757 1627 2798 Et
1658 2755 1753 2812 ipse
1782 2757 1948 2813 primus

119 2817 429 2872 Machabaeus,
463 2816 650 2873 sumptis
680 2816 834 2871 armis,
870 2822 1036 2860 ceteros
1070 2815 1328 2859 adhortatus
1358 2820 1424 2858 est
1448 2814 1579 2858 simul
1604 2828 1754 2858 secum
1780 2816 1947 2872 pericu-

120 2876 213 2918 lum
237 2876 404 2931 subire,
432 2881 476 2919 et
509 2876 625 2918 ferre
658 2875 877 2918 auxilium
909 2875 1122 2918 fratribus
1155 2874 1258 2918 suis.
1285 2874 1518 2930 8Cumque
1550 2873 1714 2930 pariter
1745 2880 1947 2931 prompto

120 2935 268 2979 animo
299 2935 608 2992 procederent,
637 2935 926 2991 Jerosolymis
959 2934 1165 2991 apparuit
1196 2933 1452 2990 praecedens
1482 2946 1554 2976 eos
1588 2947 1718 2988 eques
1747 2933 1793 2976 in
1826 2939 1947 2977 veste

121 2994 332 3050 candida,
359 2994 493 3036 armis
524 2994 668 3037 aureis
690 2994 864 3036 hastam
885 2993 1078 3038 vibrans.
1107 2993 1124 3019 9
1141 2994 1266 3036 Tunc
1292 3006 1442 3035 omnes
1467 2991 1599 3034 simul
1624 2992 1948 3035 benedixerunt

119 3053 449 3097 misericordem
472 3053 726 3109 Dominum,
755 3059 797 3096 et
823 3053 1142 3096 convaluerunt
1164 3052 1336 3107 animis,
1360 3066 1447 3094 non
1469 3051 1611 3094 solum
1638 3051 1850 3107 homines,
1870 3052 1947 3095 sed

120 3117 163 3155 et
183 3112 350 3156 bestias
375 3113 698 3168 ferocissimas,
725 3117 768 3155 et
793 3126 939 3155 muros
965 3112 1130 3155 ferreos
1156 3111 1298 3168 parati
1325 3115 1566 3167 penetrare.
1595 3109 1630 3137 ¹⁰
1648 3110 1783 3153 Ibant
1810 3110 1948 3166 igitur

119 3171 331 3228 prompti,
357 3172 410 3216 de
432 3172 541 3215 caelo
563 3172 777 3215 habentes
798 3171 1070 3227 adjutorem,
1090 3176 1133 3214 et
1151 3170 1434 3213 miserantem
1451 3183 1580 3226 super
1598 3183 1669 3212 eos
1691 3169 1944 3213 Dominum.

122 3229 156 3255 ¹¹
182 3232 380 3274 Leonum
406 3237 557 3275 autem
584 3245 702 3274 more
727 3231 895 3287 impetu
926 3230 1140 3272 irruentes
1172 3229 1218 3271 in
1250 3229 1418 3285 hostes,
1445 3233 1774 3285 prostraverunt
1800 3243 1854 3272 ex
1883 3228 1944 3272 eis

121 3289 327 3333 undecim
353 3291 496 3334 millia
521 3290 741 3348 peditum,
769 3295 812 3333 et
837 3289 1035 3345 equitum
1062 3288 1183 3332 mille
1208 3293 1464 3342 sexcentos3
1491 3286 1526 3313 '¹⁵2
1543 3287 1770 3330 universos
1795 3292 1944 3330 autem

120 3349 166 3391 in
193 3349 351 3405 fugam
383 3355 633 3404 verterunt,
667 3349 813 3406 plures
846 3353 995 3391 autem
1022 3362 1076 3392 ex
1105 3347 1166 3391 eis
1191 3347 1411 3390 vulnerati
1438 3346 1545 3389 nudi
1574 3351 1807 3389 evaserunt
1832 3363 1841 3391 :
1867 3346 1944 3389 sed

120 3408 277 3463 etipse
303 3409 460 3465 Lysias
485 3409 673 3466 turpiter
697 3409 877 3464 fugiens
903 3408 1056 3451 evasit.

180 3466 214 3492 ¹3
240 3469 297 3509 Et
330 3469 431 3523 quia
459 3483 547 3512 non
579 3468 829 3511 insensatus
859 3472 972 3521 erat,
1007 3481 1155 3510 secum
1188 3467 1283 3523 ipse
1318 3472 1527 3523 reputans
1564 3466 1736 3509 factam
1765 3480 1869 3522 erga
1898 3480 1944 3510 se

119 3525 480 3583 diminutionem,
519 3533 562 3570 et
594 3527 850 3583 intelligens
886 3526 1077 3569 invictos
1110 3540 1204 3569 esse
1238 3526 1473 3580 Hebraeos,
1508 3524 1822 3582 omnipotentis
1860 3525 1943 3568 Dei

117 3584 285 3627 auxilio
309 3585 572 3642 innitentes,
595 3586 716 3629 misit
747 3586 802 3628 ad
834 3600 929 3640 eos;
956 3584 990 3610 ¹²
1009 3585 1295 3641 promisitque
1320 3599 1366 3627 se
1399 3598 1713 3627 consensurum
1738 3583 1942 3627 omnibus

117 3657 214 3698 quae
245 3643 366 3698 justa
397 3650 518 3701 sunt,
554 3650 597 3688 et
630 3659 779 3701 regem
815 3643 1143 3701 compulsurum
1175 3643 1369 3686 amicum
1402 3642 1509 3686 fieri.
1542 3642 1576 3669 ¹5
1594 3643 1765 3686 Annuit
1793 3647 1943 3687 autem

1684 3723 1736 3767 69

2088 2008 2204 2037 Clades

2063 2051 2233 2080 exercitus

2089 2092 2208 2126 Lysiae.

2033 3484 2104 3512 Pax
2131 3485 2237 3514 initur

2014 3528 2149 3557 Judaeos
2167 3528 2247 3557 inte!

2052 3573 2086 3600 ct
2108 3571 2218 3604 syros,
