2423 3861
0 2270 9 2325 -υ-
0 2118 9 2260 ὴ-νψ-κ-Ἴ-
0 2071 3 2104 *vv

723 174 872 217 MARC.
910 174 995 227 VI,
1029 174 1084 215 32
1118 200 1176 205 —
1209 174 1322 221 VII,
1356 175 1395 217 9.
1859 177 1972 222 1137

143 359 228 390 nec
252 345 447 402 spatium
474 343 772 387 manducandi
797 344 1034 387 habebant.
1057 344 1094 370 ³⁵²
1113 346 1169 387 Et
1194 345 1484 389 ascendentes
1505 346 1551 388 in
1577 346 1741 401 navim,
1767 347 1972 391 abierunt

143 403 192 448 in
217 403 440 447 desertum
464 403 611 445 locum
635 417 844 445 scorsum.

204 462 242 489 ³3
269 463 324 506 Et
354 462 559 505 viderunt
590 476 663 504 eos
694 462 931 517 abeunteS,
968 469 1011 506 et
1049 469 1351 518 cognoverunt
1390 464 1543 519 1nulti;
1583 470 1626 508 et
1661 463 1884 520 pedestres
1916 465 1974 508 de

138 521 351 565 omnibus
376 519 634 564 civitatibus
661 527 977 564 concurrerunt
1001 521 1130 577 illuc,
1158 528 1201 565 et
1222 529 1534 578 praevenerunt
1558 537 1644 567 eos.
1672 522 1707 550 3⁴
1732 524 1791 566 Et
1819 523 1970 566 exiens

144 580 259 623 vidit
283 580 461 623 turbam
485 579 676 622 multam
702 580 862 634 Jesus3
893 586 937 623 et
969 580 1174 623 misertus
1199 587 1265 624 est
1294 596 1424 637 super
1453 596 1547 638 eos,
1575 583 1678 638 quia
1708 587 1833 626 erant
1857 582 1971 625 sicut

142 653 246 683 oves
268 652 357 682 non
379 639 594 682 habentes
616 643 859 696 pastorem,
887 645 931 682 et
955 639 1091 695 coepit
1116 639 1217 681 illos
1249 639 1404 682 docere
1431 641 1583 683 multa.
1611 641 1647 668 3⁵·
1673 643 1729 684 Et
1751 655 1853 684 cum
1878 641 1972 697 jam

141 699 248 741 hora
274 697 416 740 multa
441 698 577 754 fieret,
601 702 882 742 accesserunt
908 697 1115 754 discipuli
1138 698 1258 753 ejus,
1280 698 1475 742 dicentes
1498 716 1506 743 ι
1532 702 1740 743 Desertus
1762 705 1829 744 est
1850 700 1971 743 locus

139 757 234 810 hic,
261 762 307 800 et
331 757 427 813 jam
448 757 554 800 hora
578 757 818 814 praeteriit3
846 756 884 782 3⁶
902 756 1078 799 dimitte
1110 756 1232 811 illos,
1262 763 1311 798 ut
1337 763 1488 801 euntes
1522 758 1568 800 in
1595 759 1816 815 proximas
1841 759 1973 802 villas

140 820 185 858 et
209 815 352 871 vicos,
387 821 539 860 emant
567 816 652 859 sibi
687 816 807 859 cibos
839 828 945 870 quos
981 814 1265 858 manducent.
1296 815 1332 841 37
1365 817 1422 858 Et
1458 818 1729 873 respondens
1757 816 1821 860 ait
1853 818 1971 861 illis:

142 875 257 919 Date
282 875 370 918 illis
390 890 466 918 vos
493 874 774 917 manducare.
796 875 853 916 Et
870 873 1080 916 dixerunt
1103 873 1170 917 ei:
1195 874 1362 917 Euntes
1386 889 1586 918 emamus
1611 876 1811 919 ducentis
1837 877 1971 920 dena-

138 934 214 977 riis
240 948 388 991 panes,
409 940 452 977 et
478 933 683 976 dabimus
706 933 798 975 illis
818 932 1106 976 manducare.
1149 931 1186 959 38
1206 933 1263 975 Et
1288 933 1398 976 dicit
1423 934 1485 976 eis
1508 951 1516 978 ε
1539 934 1653 984 Quot
1678 949 1813 991 panes
1838 936 1973 979 habe-

139 993 227 1037 tis?
250 994 311 1036 ite
329 999 375 1036 et
398 992 559 1037 videte.
589 993 646 1034 Et
671 1005 773 1035 cum
799 992 1132 1047 cognovissent,
1160 991 1345 1037 dicunt:
1371 992 1583 1049 Quinque,
1613 1000 1658 1036 et
1683 994 1791 1037 duos
1817 994 1972 1051 pisces.

139 1052 177 1078 39
196 1054 252 1095 Et
278 1051 490 1109 praecepit
514 1051 604 1093 illis
630 1056 680 1094 ut
703 1050 967 1094 accumbere
991 1050 1197 1094 facerent
1227 1065 1379 1094 omnes
1409 1053 1652 1095 secundum
1687 1054 1973 1096 contubernia

136 1125 269 1168 super
294 1110 434 1153 viride
465 1110 652 1153 foenum.
672 1109 710 1136 40
729 1110 785 1152 Et
816 1109 1135 1153 discubuerunt
1159 1109 1206 1152 in
1232 1115 1401 1168 partes,
1428 1125 1505 1168 per
1532 1117 1742 1155 centenos
1771 1117 1816 1155 et
1847 1112 1974 1168 quin-

138 1184 377 1226 quagenos
400 1169 435 1195 41
455 1170 513 1212 Et
537 1169 734 1226 acceptis
759 1168 952 1225 quinque
981 1169 1171 1226 panibus
1205 1174 1248 1212 et
1279 1169 1448 1213 duobus
1475 1170 1692 1227 piscibus,
1719 1172 1895 1214 intuens
1928 1171 1974 1213 in

138 1229 322 1284 caelum,
356 1228 608 1284 benedixit,
635 1234 679 1272 et
710 1228 850 1283 fregit
883 1242 1040 1285 panes,
1068 1234 1112 1272 et
1143 1227 1267 1272 dedit
1302 1228 1534 1286 discipulis
1566 1230 1655 1273 suis
1684 1236 1733 1274 ut
1762 1239 1975 1287 ponerent

137 1294 242 1332 ante
263 1302 358 1343 eos,
385 1294 429 1331 et
454 1288 562 1331 duos
588 1288 732 1346 pisces
754 1286 908 1330 divisit
934 1287 1152 1331 omnibus.
1177 1286 1216 1314 42
1235 1289 1294 1330 Et
1319 1288 1702 1332 manducaverunt
1733 1303 1905 1345 omnes,
1933 1297 1975 1332 et

139 1348 323 1391 saturati
345 1352 462 1391 sunt.
489 1347 526 1373 43
545 1348 602 1390 Et
627 1347 899 1390 sustulerunt
920 1347 1130 1403 reliquias
1154 1348 1534 1404 fragmentorum,
1564 1348 1798 1392 duodecim
1825 1349 1975 1405 cophi-

139 1421 218 1450 nos
246 1407 421 1464 plenos,
448 1413 491 1450 et
522 1406 575 1450 de
609 1405 816 1463 piscibus,
843 1405 880 1432 44
907 1406 1048 1448 Erant
1077 1412 1229 1450 autem
1262 1407 1335 1462 qui
1366 1407 1751 1451 manducaverunt
1783 1407 1976 1464 quinque

139 1466 282 1509 millia
308 1467 514 1509 virorum.
1111 1512 1117 1518 ,

198 1525 235 1552 45
261 1527 319 1568 Et
346 1525 501 1568 statim
533 1525 679 1580 coegit
714 1525 953 1581 discipulos
987 1539 1086 1568 suos
1117 1526 1355 1569 ascendere
1387 1527 1560 1582 navim,
1594 1532 1644 1569 ut
1673 1526 1977 1584 praecederent

139 1600 238 1628 eum
272 1590 394 1628 trans
426 1584 594 1626 fretum
623 1583 681 1625 ad
716 1583 1028 1637 Bethsaidam,
1064 1583 1168 1626 dum
1201 1584 1295 1640 ipse
1330 1585 1575 1628 dimitteret
1606 1586 1834 1642 populum.
1859 1586 1896 1613 46
1919 1589 1976 1630 Et

135 1658 240 1687 cum
276 1643 517 1686 dimisisset
550 1655 643 1697 eos,
683 1642 794 1684 abiit
830 1642 875 1684 in
909 1647 1108 1685 montem
1139 1656 1275 1686 orare.
1307 1643 1343 1670 47
1369 1645 1428 1686 Et
1462 1658 1562 1686 cum
1591 1658 1687 1687 sero
1717 1651 1851 1701 esset,
1883 1653 1976 1690 erat

137 1702 264 1745 navis
284 1702 333 1745 in
358 1702 505 1745 medio
531 1701 663 1756 mari,
687 1705 733 1744 et
749 1701 843 1758 ipse
868 1702 987 1744 solus
1008 1701 1055 1743 in
1074 1707 1205 1745 terra.
1233 1701 1269 1728 48
1288 1703 1346 1745 Et
1370 1703 1528 1746 videns
1554 1716 1627 1746 eos
1652 1703 1905 1747 laborantes
1931 1706 1976 1748 in

137 1761 398 1818 remigando
424 1763 548 1818 (erat
579 1760 698 1803 enim
722 1765 882 1803 ventus
909 1761 1154 1804 contrarius
1177 1762 1292 1818 eis),
1324 1767 1370 1805 et
1398 1762 1515 1805 circa
1539 1767 1746 1818 quartam
1770 1763 1976 1820 vigiliam

137 1821 280 1864 noctis
306 1820 430 1864 venit-
453 1820 514 1863 ad
535 1834 609 1863 eos
631 1820 867 1862 ambulans
893 1834 1025 1877 supra
1046 1834 1193 1875 mare3
1227 1826 1270 1864 et
1291 1821 1473 1865 volebat
1501 1822 1724 1878 praeterire
1751 1836 1836 1866 eos.
1861 1823 1897 1849 49
1914 1825 1975 1866 At

136 1880 203 1923 1111
241 1886 290 1923 ut
325 1880 533 1923 viderunt
569 1893 671 1922 eum
710 1879 1019 1923 ambulantem
1054 1894 1186 1936 supra
1224 1895 1366 1937 mare,
1404 1886 1674 1938 putaverunt
1708 1882 1976 1938 phantasma

137 1953 252 1996 esse,
279 1945 323 1982 et
349 1939 727 1982 exclamaverunt.
753 1938 792 1965 50
811 1939 975 1982 Omnes
999 1939 1120 1982 enim
1141 1939 1352 1983 viderunt
1372 1944 1495 1996 eum,
1517 1945 1563 1983 et-
1586 1941 1837 1984 conturbati
1859 1954 1974 1995 611111.

138 2000 196 2042 Et
220 1999 374 2042 statim
400 1998 572 2041 locutus
607 2003 674 2041 est
706 2013 808 2041 cum
834 1999 917 2053 eis,
955 2003 1000 2041 et
1030 1997 1146 2041 dixit
1177 1998 1270 2042 eis:
1294 1999 1533 2055 Confidite,
1567 2014 1650 2056 ego
1683 2015 1801 2057 sum,
1837 2002 1976 2044 nolite

138 2059 306 2102 timere.
325 2058 360 2085 51
382 2059 440 2101 Et
461 2057 662 2101 ascendit
683 2057 740 2100 ad
763 2057 863 2100 illos
884 2058 932 2099 in
957 2058 1130 2114 navim,
1153 2063 1198 2101 et
1221 2060 1412 2102 cessavit
1432 2064 1605 2103 ventus.
1626 2060 1684 2102 Et
1707 2060 1807 2116 plus
1832 2062 1977 2117 magis

137 2117 255 2160 intra
274 2131 322 2161 se
346 2117 600 2175 stupebant.
623 2115 660 2143 5²
678 2117 779 2159 Non
806 2117 925 2159 enim
954 2117 1273 2160 intellexerunt
1304 2118 1358 2162 de
1383 2118 1572 2176 panibus
1594 2136 1602 2173 3
1631 2124 1724 2161 erat
1752 2120 1873 2162 enim
1904 2135 2000 2163 cor¹

137 2167 288 2221 eor‘um
314 2177 607 2220 obcaecatum.

196 2236 234 2263 53
252 2237 310 2279 Et
337 2251 439 2280 cum
459 2236 847 2291 transfretassent,
875 2242 1094 2280 venerunt
1113 2237 1160 2279 in
1181 2242 1345 2280 terram
1371 2238 1658 2295 Genesareth,
1684 2244 1727 2282 et
1746 2239 1974 2296 applicue-

136 2302 253 2340 runt.
276 2295 312 2322 54
330 2295 530 2352 Cumque
551 2296 716 2351 egressi
739 2301 888 2338 essent
917 2296 972 2338 de
996 2295 1121 2352 navi,
1151 2297 1358 2340 continuo
1387 2303 1688 2352 cognoverunt
1714 2313 1816 2342 eum
1835 2316 1845 2354 ς
1873 2299 1910 2325 55
1932 2307 1975 2342 et

126 2360 443 2412 percurrentes
465 2354 718 2398 universam
742 2355 972 2411 regionem
997 2355 1143 2411 illam,
1172 2361 1399 2412 coeperunt
1422 2356 1469 2398 in
1495 2357 1694 2413 grabatis
1717 2372 1792 2401 eos
1822 2358 1900 2414 qui
1927 2373 1974 2402 se

139 2414 255 2458 male
287 2414 516 2457 habebant
547 2414 856 2470 circumferre,
890 2414 966 2457 ubi
999 2414 1241 2457 audiebant
1275 2430 1376 2458 eum
1406 2429 1512 2461 esse.
1548 2417 1584 2444 56
1608 2417 1668 2460 Et
1697 2431 1974 2474 quocumque

137 2473 371 2529 introibat,
402 2473 448 2515 in
473 2473 616 2529 vicos,
643 2473 714 2516 vel
742 2473 789 2516 in
814 2473 966 2529 villas,
994 2478 1071 2516 aut
1097 2474 1323 2530 civit-ates,
1344 2475 1392 2517 in
1421 2475 1580 2532 plateis
1605 2477 1831 2533 ponebant
1853 2477 1974 2520 infir-

138 2547 247 2588 mos,
265 2538 309 2576 et
334 2532 689 2590 deprecabantur
709 2547 811 2576 eum
836 2538 884 2576 ut
905 2533 977 2575 vel
1003 2532 1226 2576 fimbriam
1242 2534 1500 2577 vestimenti
1525 2535 1621 2591 ejus
1646 2541 1906 2592 tangerent,
1931 2543 1995 2579 etr

137 2597 353 2648 quotquot
377 2591 626 2647 tangebant
652 2606 754 2635 eum
778 2592 891 2635 salvi
916 2591 1097 2635 fiebant.

199 2651 306 2696 CAP.
333 2651 442 2695 VII.
469 2667 527 2684 “-
553 2651 566 2677 '1
594 2653 653 2694 Et
679 2651 949 2695 conveniunt
974 2651 1031 2694 ad
1062 2667 1162 2696 eum
1189 2653 1399 2710 pharisaei
1425 2660 1469 2698 et
1494 2655 1677 2711 quidam
1709 2655 1764 2700 de
1797 2656 1972 2712 scribis,

128 2710 367 2754 venientes
396 2711 452 2753 ab
474 2711 503 2754 J
508 2711 780 2767 erosolymis.
807 2710 824 2737 2
843 2712 900 2754 Et
923 2725 1023 2754 cum
1045 2711 1262 2756 vidissent
1290 2714 1504 2769 quosdam
1534 2729 1588 2758 ex
1612 2715 1843 2773 discipulis
1877 2717 1973 2773 ejus

127 2769 450 2813 'communibus
479 2770 707 2827 manibus,
735 2770 782 2813 id
812 2776 900 2827 est,
932 2784 1020 2813 non
1054 2771 1178 2827 lotis,
1210 2772 1478 2817 manducare
1510 2788 1668 2831 panes,
1695 2775 1973 2832 vituperave-

133 2834 254 2872 runt.
275 2829 295 2856 3
311 2829 528 2872 Pharisaei
553 2829 674 2872 enim
697 2836 742 2873 et
775 2844 927 2873 omnes
953 2830 1124 2886 Judaei,
1151 2831 1236 2874 nisi
1266 2831 1418 2876 crebro
1448 2834 1639 2877 laverint
1671 2848 1850 2890 manus,
1885 2848 1973 2877 non

138 2888 431 2946 manducant,
456 2893 658 2932 tenentes
681 2889 968 2934 traditionem
995 2890 1241 2946 seniorum3
1267 2890 1286 2918 4
1304 2896 1346 2934 et
1369 2906 1396 2934 a
1421 2892 1540 2949 foro,
1567 2893 1653 2936 nisi
1677 2893 1970 2950 baptizentur,

136 2962 226 2991 non
252 2948 514 3005 comedunt,
541 2953 587 2992 et
618 2948 706 2991 alia
732 2949 874 2992 multa
903 2954 1006 2992 sunt
1031 2964 1129 3006 quae
1159 2950 1324 2993 tradita
1352 2957 1455 2995 sunt
1485 2952 1577 2995 illis
1603 2967 1799 3009 servare,
1826 2953 1973 3010 bapti-

136 3013 280 3050 sma-ta
299 3008 512 3064 calicum,
539 3013 584 3052 et
603 3021 854 3065 urceorum,
882 3014 925 3052 et
952 3014 1310 3065 aeramentorum,
1342 3016 1385 3054 et
1409 3011 1638 3055 lectorum.

197 3067 214 3094 ⁵
236 3068 294 3110 Et
324 3067 663 3125 interrogabant
694 3082 797 3112 eum
825 3068 1035 3125 pharisaei
1068 3074 1111 3112 et
1144 3068 1302 3113 scribae
1329 3087 1340 3115 :
1373 3070 1516 3121 Quare
1548 3071 1756 3129 discipuli
1784 3072 1852 3116 tui
1883 3054 1985 3117 non¹

137 3127 372 3170 ambulant
396 3127 526 3184 juxta
551 3127 839 3171 traditionem
863 3128 1098 3185 seniorum,
1120 3129 1198 3173 sed
1222 3130 1531 3174 communibus
1553 3131 1759 3175 manibus
1785 3132 1972 3175 mandu-

139 3192 242 3229 cant
262 3186 458 3244 panem?
478 3188 499 3215 6
515 3189 579 3231 At
605 3187 683 3231 ille
709 3187 999 3245 respondens,
1024 3188 1138 3231 dixit
1163 3188 1225 3232 eis
1247 3206 1256 3233 :
1280 3189 1401 3233 Bene
1429 3190 1714 3247 prophetavit
1741 3191 1884 3234 Isaias
1918 3191 1971 3234 de

137 3245 264 3289 vobis
291 3246 559 3304 hypocritis,
592 3247 707 3291 sicut
732 3247 947 3304 scriptum
973 3253 1066 3292 est:
1092 3247 1287 3306 Populus
1316 3248 1388 3292 hic
1414 3249 1543 3292 labiis
1572 3264 1643 3293 me
1668 3250 1873 3305 honorat,
1895 3263 1970 3293 601·

136 3310 288 3348 autem
320 3319 471 3350 eorum
507 3306 640 3364 longe
675 3312 741 3351 est
773 3321 799 3349 a
832 3320 915 3349 me.
942 3306 957 3332 ‘¹
979 3307 1034 3350 In
1067 3322 1233 3350 vanum
1267 3314 1419 3352 autem
1453 3323 1522 3352 me
1556 3309 1726 3364 colunt,
1762 3309 1968 3352 docentes

138 3363 361 3408 doctrinas
395 3370 440 3410 et
477 3372 700 3424 praecepta
736 3366 980 3410 hominum.
1014 3366 1032 3393 ⁸
1059 3367 1374 3424 Relinquentes
1411 3368 1531 3411 enim
1563 3368 1826 3411 mandatum
1859 3368 1967 3424 Dei,

140 3424 301 3467 tenetis
328 3425 616 3469 traditionem
644 3426 894 3481 hominum,
925 3425 1198 3482 baptismata
1229 3441 1459 3471 urceorum
1488 3433 1531 3471 et
1561 3427 1775 3481 calicum3
1804 3432 1851 3470 et
1878 3427 1968 3470 alia

140 3482 305 3526 similia
332 3484 402 3527 his
430 3485 584 3529 facitis
615 3485 768 3528 multa.
800 3485 817 3511 9
836 3486 894 3528 Et
919 3485 1096 3528 dicebat
1124 3485 1241 3530 illis:
1270 3487 1391 3530 Bene
1421 3486 1593 3529 irritum
1621 3486 1774 3529 facitis
1803 3500 1967 3543 praece-

141 3645 190 3678 34]
208 3645 330 3673 matth.
349 3646 417 3681 IX,
434 3649 470 3675 36
487 3648 522 3675 et
539 3648 632 3682 XIV,
653 3650 697 3676 14.
715 3660 752 3668 -
775 3649 824 3681 36]
842 3643 922 3675 Luc.
941 3646 1009 3682 IX,
1028 3650 1071 3675 12.
1088 3663 1125 3668 —-
1148 3649 1196 3682 39]
1215 3648 1312 3676 Joan.
1329 3646 1396 3682 VI,
1416 3648 1458 3674 ιο.
1483 3661 1519 3666 —-
1542 3646 1589 3679 48]
1616 3645 1738 3674 Matth.
1756 3646 1848 3682 XIV,
1862 3649 1908 3675 25.
1930 3660 1969 3667 -

143 3689 191 3723 53]
209 3689 332 3718 Matth.
351 3690 443 3725 XIV,
459 3693 504 3719 34.
529 3706 564 3711 —
587 3692 618 3725 2]
639 3692 761 3721 Matth.
779 3692 851 3728 xv,
869 3693 894 3721 2.
920 3706 956 3711 -
976 3691 1009 3725 6]
1034 3691 1077 3720 rs.
1097 3691 1231 3727 XXIX,
1249 3695 1292 3720 13.

1704 3751 1760 3794 72

2086 1543 2249 1573 Ambulat

2054 1593 2154 1621 supra
2170 1593 2274 1620 mare.

2072 2250 2257 2286 Regionem

2059 2294 2268 2324 Genesaretu

2077 2339 2247 2371 percurrat

2067 2383 2263 2417 multosque

2109 2430 2216 2456 sanat.

2069 2668 2258 2698 PharIsaeos

2074 2713 2262 2749 redargu-tt,

2101 2758 2236 2795 docens,
2251 2780 2254 2794 ἶ

2086 2808 2237 2835 quamam

2050 2845 2272 2879 coinquinent

2080 2889 2243 2918 homiues.
