<?xml version="1.0" encoding="UTF-8"?>
<!DOCTYPE html PUBLIC "-//W3C//DTD XHTML 1.0 Transitional//EN"
    "http://www.w3.org/TR/xhtml1/DTD/xhtml1-transitional.dtd">
<html xmlns="http://www.w3.org/1999/xhtml" xml:lang="en" lang="en">
 <head>
  <title>
</title>
<meta http-equiv="Content-Type" content="text/html;charset=utf-8" />
  <meta name='ocr-system' content='tesseract 3.04.00' />
  <meta name='ocr-capabilities' content='ocr_page ocr_carea ocr_par ocr_line ocrx_word'/>
</head>
<body>
  <div class='ocr_page' id='page_1' title='image "./bibliasacrajuxta00fill_0892.png"; bbox 0 0 2423 3861; ppageno 0'>
   <div class='ocr_carea' id='block_1_1' title="bbox 88 529 332 693">
    <p class='ocr_par' dir='ltr' id='par_1_1' title="bbox 99 529 321 562">
     <span class='ocr_line' id='line_1_1' title="bbox 99 529 321 562; baseline -0.009 -4"><span class='ocrx_word' id='word_1_1' title='bbox 99 529 321 562; x_wconf 74' lang='lat' dir='ltr'>comprehen-</span> 
     </span>
    </p>

    <p class='ocr_par' dir='ltr' id='par_1_2' title="bbox 88 572 332 693">
     <span class='ocr_line' id='line_1_2' title="bbox 88 572 332 602; baseline -0.008 -2"><span class='ocrx_word' id='word_1_2' title='bbox 88 572 181 602; x_wconf 72' lang='lat' dir='ltr'>ditur</span> <span class='ocrx_word' id='word_1_3' title='bbox 196 580 214 600; x_wconf 83' lang='lat' dir='ltr'>a</span> <span class='ocrx_word' id='word_1_4' title='bbox 225 578 332 600; x_wconf 79' lang='lat' dir='ltr'>sacor-</span> 
     </span>
     <span class='ocr_line' id='line_1_3' title="bbox 107 616 311 644; baseline -0.005 0"><span class='ocrx_word' id='word_1_5' title='bbox 107 616 244 644; x_wconf 76' lang='lat' dir='ltr'>dotibus</span> <span class='ocrx_word' id='word_1_6' title='bbox 277 618 311 643; x_wconf 76' lang='lat' dir='ltr'>et</span> 
     </span>
     <span class='ocr_line' id='line_1_4' title="bbox 120 658 306 693; baseline -0.011 -5"><span class='ocrx_word' id='word_1_7' title='bbox 120 658 306 693; x_wconf 80' lang='lat' dir='ltr'>prophetis.</span> 
     </span>
    </p>
   </div>
   <div class='ocr_carea' id='block_1_2' title="bbox 89 1003 327 1122">
    <p class='ocr_par' dir='ltr' id='par_1_3' title="bbox 89 1003 327 1122">
     <span class='ocr_line' id='line_1_5' title="bbox 89 1003 327 1033; baseline -0.008 0"><span class='ocrx_word' id='word_1_8' title='bbox 89 1004 263 1033; x_wconf 81' lang='lat' dir='ltr'>Adductus</span> <span class='ocrx_word' id='word_1_9' title='bbox 293 1003 327 1031; x_wconf 91' lang='lat' dir='ltr'>in</span> 
     </span>
     <span class='ocr_line' id='line_1_6' title="bbox 123 1047 302 1084; baseline -0.011 -8"><span class='ocrx_word' id='word_1_10' title='bbox 123 1047 302 1084; x_wconf 81' lang='lat' dir='ltr'>judicium,</span> 
     </span>
     <span class='ocr_line' id='line_1_7' title="bbox 104 1091 306 1122; baseline -0.01 0"><span class='ocrx_word' id='word_1_11' title='bbox 104 1091 306 1122; x_wconf 78' lang='lat' dir='ltr'>absolvitur.</span> 
     </span>
    </p>
   </div>
   <div class='ocr_carea' id='block_1_3' title="bbox 120 2545 293 2623">
    <p class='ocr_par' dir='ltr' id='par_1_4' title="bbox 120 2545 293 2623">
     <span class='ocr_line' id='line_1_8' title="bbox 158 2545 256 2574; baseline 0 0"><span class='ocrx_word' id='word_1_12' title='bbox 158 2545 256 2574; x_wconf 86' lang='lat' dir='ltr'>Urias</span> 
     </span>
     <span class='ocr_line' id='line_1_9' title="bbox 120 2590 293 2623; baseline 0.006 -6"><span class='ocrx_word' id='word_1_13' title='bbox 120 2590 293 2623; x_wconf 81' lang='lat' dir='ltr'>propheta.</span> 
     </span>
    </p>
   </div>
   <div class='ocr_carea' id='block_1_4' title="bbox 139 3445 282 3476">
    <p class='ocr_par' dir='ltr' id='par_1_5' title="bbox 139 3445 282 3476">
     <span class='ocr_line' id='line_1_10' title="bbox 139 3445 282 3476; baseline 0.014 -2"><span class='ocrx_word' id='word_1_14' title='bbox 139 3445 282 3476; x_wconf 83' lang='lat' dir='ltr'>Titulus.</span> 
     </span>
    </p>
   </div>
   <div class='ocr_carea' id='block_1_5' title="bbox 397 108 1704 163">
    <p class='ocr_par' dir='ltr' id='par_1_6' title="bbox 397 108 1704 163">
     <span class='ocr_line' id='line_1_11' title="bbox 397 108 1704 163; baseline -0.005 -6"><span class='ocrx_word' id='word_1_15' title='bbox 397 114 482 158; x_wconf 83' lang='lat'>874</span> <span class='ocrx_word' id='word_1_16' title='bbox 556 137 562 140; x_wconf 96' lang='lat'>·</span> <span class='ocrx_word' id='word_1_17' title='bbox 923 112 1026 153; x_wconf 77' lang='lat' dir='ltr'><strong>JER.</strong></span> <span class='ocrx_word' id='word_1_18' title='bbox 1061 109 1240 162; x_wconf 81' lang='lat' dir='ltr'>XXVI,</span> <span class='ocrx_word' id='word_1_19' title='bbox 1275 108 1301 151; x_wconf 86' lang='lat'>5</span> <span class='ocrx_word' id='word_1_20' title='bbox 1332 134 1392 141; x_wconf 91' lang='lat'>—</span> <span class='ocrx_word' id='word_1_21' title='bbox 1423 108 1628 163; x_wconf 84' lang='lat' dir='ltr'>XXVII,</span> <span class='ocrx_word' id='word_1_22' title='bbox 1664 108 1704 151; x_wconf 88' lang='lat'>1.</span> 
     </span>
    </p>
   </div>
   <div class='ocr_carea' id='block_1_6' title="bbox 393 213 2232 231">
    <p class='ocr_par' dir='ltr' id='par_1_7' title="bbox 393 213 2232 231">
     <span class='ocr_line' id='line_1_12' title="bbox 393 213 2232 231; baseline 0 3630"><span class='ocrx_word' id='word_1_23' title='bbox 393 213 2232 231; x_wconf 95' lang='lat' dir='ltr'> </span> 
     </span>
    </p>
   </div>
   <div class='ocr_carea' id='block_1_7' title="bbox 392 276 2242 1164">
    <p class='ocr_par' dir='ltr' id='par_1_8' title="bbox 395 276 2239 509">
     <span class='ocr_line' id='line_1_13' title="bbox 395 276 2239 335; baseline -0.004 -9"><span class='ocrx_word' id='word_1_24' title='bbox 395 283 632 326; x_wconf 77' lang='lat' dir='ltr'>ambuletis</span> <span class='ocrx_word' id='word_1_25' title='bbox 654 281 700 323; x_wconf 87' lang='lat' dir='ltr'>in</span> <span class='ocrx_word' id='word_1_26' title='bbox 726 281 823 335; x_wconf 90' lang='lat' dir='ltr'>lege</span> <span class='ocrx_word' id='word_1_27' title='bbox 848 292 959 333; x_wconf 91' lang='lat' dir='ltr'>mea,</span> <span class='ocrx_word' id='word_1_28' title='bbox 983 291 1115 332; x_wconf 89' lang='lat' dir='ltr'>quam</span> <span class='ocrx_word' id='word_1_29' title='bbox 1139 276 1241 319; x_wconf 87' lang='lat' dir='ltr'>dedi</span> <span class='ocrx_word' id='word_1_30' title='bbox 1262 276 1414 329; x_wconf 76' lang='lat' dir='ltr'>vobis3</span> <span class='ocrx_word' id='word_1_31' title='bbox 1438 276 1454 302; x_wconf 85' lang='lat'>5</span> <span class='ocrx_word' id='word_1_32' title='bbox 1472 280 1521 318; x_wconf 91' lang='lat' dir='ltr'>ut</span> <span class='ocrx_word' id='word_1_33' title='bbox 1545 276 1739 319; x_wconf 88' lang='lat' dir='ltr'>audiat-is</span> <span class='ocrx_word' id='word_1_34' title='bbox 1761 291 1984 321; x_wconf 79' lang='lat' dir='ltr'>sermones</span> <span class='ocrx_word' id='word_1_35' title='bbox 2004 292 2239 322; x_wconf 69' lang='lat' dir='ltr'>servorum,</span> 
     </span>
     <span class='ocr_line' id='line_1_14' title="bbox 396 334 2238 396; baseline -0.003 -11"><span class='ocrx_word' id='word_1_36' title='bbox 396 356 593 385; x_wconf 88' lang='lat' dir='ltr'>meorum</span> <span class='ocrx_word' id='word_1_37' title='bbox 611 339 946 396; x_wconf 86' lang='lat' dir='ltr'>prophetarum,</span> <span class='ocrx_word' id='word_1_38' title='bbox 969 350 1076 391; x_wconf 89' lang='lat' dir='ltr'>quos</span> <span class='ocrx_word' id='word_1_39' title='bbox 1102 349 1183 391; x_wconf 85' lang='lat' dir='ltr'>ego</span> <span class='ocrx_word' id='word_1_40' title='bbox 1210 335 1311 377; x_wconf 87' lang='lat' dir='ltr'>misi</span> <span class='ocrx_word' id='word_1_41' title='bbox 1333 334 1390 377; x_wconf 86' lang='lat' dir='ltr'>ad</span> <span class='ocrx_word' id='word_1_42' title='bbox 1412 349 1490 378; x_wconf 91' lang='lat' dir='ltr'>vos</span> <span class='ocrx_word' id='word_1_43' title='bbox 1516 334 1570 377; x_wconf 86' lang='lat' dir='ltr'>dc</span> <span class='ocrx_word' id='word_1_44' title='bbox 1596 340 1726 378; x_wconf 85' lang='lat' dir='ltr'>nocte</span> <span class='ocrx_word' id='word_1_45' title='bbox 1752 350 2042 393; x_wconf 80' lang='lat' dir='ltr'>consurgens,</span> <span class='ocrx_word' id='word_1_46' title='bbox 2060 342 2104 380; x_wconf 89' lang='lat' dir='ltr'>et</span> <span class='ocrx_word' id='word_1_47' title='bbox 2126 337 2238 380; x_wconf 87' lang='lat' dir='ltr'>diri--</span> 
     </span>
     <span class='ocr_line' id='line_1_15' title="bbox 395 393 2233 457; baseline -0.002 -14"><span class='ocrx_word' id='word_1_48' title='bbox 395 415 523 457; x_wconf 88' lang='lat' dir='ltr'>gens,</span> <span class='ocrx_word' id='word_1_49' title='bbox 556 405 598 442; x_wconf 90' lang='lat' dir='ltr'>et</span> <span class='ocrx_word' id='word_1_50' title='bbox 631 412 717 440; x_wconf 88' lang='lat' dir='ltr'>non</span> <span class='ocrx_word' id='word_1_51' title='bbox 751 395 959 451; x_wconf 82' lang='lat' dir='ltr'>audistis,</span> <span class='ocrx_word' id='word_1_52' title='bbox 995 395 1012 422; x_wconf 76' lang='lat'><strong>⁶</strong></span> <span class='ocrx_word' id='word_1_53' title='bbox 1038 394 1152 437; x_wconf 84' lang='lat' dir='ltr'>dabo</span> <span class='ocrx_word' id='word_1_54' title='bbox 1188 394 1369 437; x_wconf 86' lang='lat' dir='ltr'>domum</span> <span class='ocrx_word' id='word_1_55' title='bbox 1400 393 1534 436; x_wconf 86' lang='lat' dir='ltr'>istam</span> <span class='ocrx_word' id='word_1_56' title='bbox 1563 393 1678 436; x_wconf 86' lang='lat' dir='ltr'>sicut</span> <span class='ocrx_word' id='word_1_57' title='bbox 1713 395 1822 450; x_wconf 84' lang='lat' dir='ltr'>Silo,</span> <span class='ocrx_word' id='word_1_58' title='bbox 1858 400 1901 438; x_wconf 90' lang='lat' dir='ltr'>et</span> <span class='ocrx_word' id='word_1_59' title='bbox 1933 395 2087 438; x_wconf 87' lang='lat' dir='ltr'>urbem</span> <span class='ocrx_word' id='word_1_60' title='bbox 2114 396 2233 439; x_wconf 86' lang='lat' dir='ltr'>hanc</span> 
     </span>
     <span class='ocr_line' id='line_1_16' title="bbox 397 453 1564 509; baseline -0.005 -7"><span class='ocrx_word' id='word_1_61' title='bbox 397 460 510 502; x_wconf 82' lang='lat' dir='ltr'>dabo</span> <span class='ocrx_word' id='word_1_62' title='bbox 535 459 579 500; x_wconf 90' lang='lat' dir='ltr'>in</span> <span class='ocrx_word' id='word_1_63' title='bbox 607 455 968 499; x_wconf 77' lang='lat' dir='ltr'>maledictionem</span> <span class='ocrx_word' id='word_1_64' title='bbox 994 454 1165 497; x_wconf 84' lang='lat' dir='ltr'>cunctis</span> <span class='ocrx_word' id='word_1_65' title='bbox 1188 453 1397 509; x_wconf 85' lang='lat' dir='ltr'>gentibus</span> <span class='ocrx_word' id='word_1_66' title='bbox 1422 459 1564 496; x_wconf 87' lang='lat' dir='ltr'>terrae.</span> 
     </span>
    </p>

    <p class='ocr_par' dir='ltr' id='par_1_9' title="bbox 392 511 2242 975">
     <span class='ocr_line' id='line_1_17' title="bbox 456 511 2233 569; baseline -0.001 -11"><span class='ocrx_word' id='word_1_67' title='bbox 456 517 470 543; x_wconf 83' lang='lat'><strong>7</strong></span> <span class='ocrx_word' id='word_1_68' title='bbox 490 517 547 559; x_wconf 86' lang='lat' dir='ltr'>Et</span> <span class='ocrx_word' id='word_1_69' title='bbox 572 515 809 558; x_wconf 87' lang='lat' dir='ltr'>audierunt</span> <span class='ocrx_word' id='word_1_70' title='bbox 838 513 1110 568; x_wconf 77' lang='lat' dir='ltr'>sacerdotes,</span> <span class='ocrx_word' id='word_1_71' title='bbox 1141 518 1184 555; x_wconf 87' lang='lat' dir='ltr'>et</span> <span class='ocrx_word' id='word_1_72' title='bbox 1213 513 1462 569; x_wconf 84' lang='lat' dir='ltr'>prophetae,</span> <span class='ocrx_word' id='word_1_73' title='bbox 1493 517 1537 556; x_wconf 85' lang='lat' dir='ltr'>et</span> <span class='ocrx_word' id='word_1_74' title='bbox 1570 513 1713 566; x_wconf 90' lang='lat' dir='ltr'>omnis</span> <span class='ocrx_word' id='word_1_75' title='bbox 1742 511 1953 569; x_wconf 88' lang='lat' dir='ltr'>populus,</span> <span class='ocrx_word' id='word_1_76' title='bbox 1989 513 2233 557; x_wconf 81' lang='lat' dir='ltr'>Jeremiam</span> 
     </span>
     <span class='ocr_line' id='line_1_18' title="bbox 394 571 2231 632; baseline -0.003 -12"><span class='ocrx_word' id='word_1_77' title='bbox 394 577 649 632; x_wconf 85' lang='lat' dir='ltr'>loquentem</span> <span class='ocrx_word' id='word_1_78' title='bbox 674 574 809 617; x_wconf 78' lang='lat' dir='ltr'>verba</span> <span class='ocrx_word' id='word_1_79' title='bbox 839 574 935 616; x_wconf 87' lang='lat' dir='ltr'>haec</span> <span class='ocrx_word' id='word_1_80' title='bbox 967 573 1015 615; x_wconf 88' lang='lat' dir='ltr'>in</span> <span class='ocrx_word' id='word_1_81' title='bbox 1049 572 1180 615; x_wconf 87' lang='lat' dir='ltr'>domo</span> <span class='ocrx_word' id='word_1_82' title='bbox 1215 571 1409 615; x_wconf 86' lang='lat' dir='ltr'>Domini.</span> <span class='ocrx_word' id='word_1_83' title='bbox 1437 572 1453 598; x_wconf 73' lang='lat'>8</span> <span class='ocrx_word' id='word_1_84' title='bbox 1472 572 1671 628; x_wconf 81' lang='lat' dir='ltr'>Cumque</span> <span class='ocrx_word' id='word_1_85' title='bbox 1702 572 1966 628; x_wconf 78' lang='lat' dir='ltr'>complesset</span> <span class='ocrx_word' id='word_1_86' title='bbox 1993 573 2231 629; x_wconf 70' lang='lat' dir='ltr'>Jeremias‚</span> 
     </span>
     <span class='ocr_line' id='line_1_19' title="bbox 394 631 2233 691; baseline -0.002 -13"><span class='ocrx_word' id='word_1_87' title='bbox 394 636 578 691; x_wconf 83' lang='lat' dir='ltr'>loquens</span> <span class='ocrx_word' id='word_1_88' title='bbox 603 634 752 677; x_wconf 89' lang='lat' dir='ltr'>omnia</span> <span class='ocrx_word' id='word_1_89' title='bbox 778 647 877 689; x_wconf 85' lang='lat' dir='ltr'>quae</span> <span class='ocrx_word' id='word_1_90' title='bbox 907 637 1178 689; x_wconf 72' lang='lat' dir='ltr'>praeceperat.</span> <span class='ocrx_word' id='word_1_91' title='bbox 1208 631 1245 674; x_wconf 91' lang='lat' dir='ltr'>ei</span> <span class='ocrx_word' id='word_1_92' title='bbox 1282 631 1499 674; x_wconf 82' lang='lat' dir='ltr'>Dominus</span> <span class='ocrx_word' id='word_1_93' title='bbox 1528 636 1577 674; x_wconf 86' lang='lat' dir='ltr'>ut</span> <span class='ocrx_word' id='word_1_94' title='bbox 1610 631 1861 686; x_wconf 83' lang='lat' dir='ltr'>loqueretur</span> <span class='ocrx_word' id='word_1_95' title='bbox 1889 631 1947 674; x_wconf 85' lang='lat' dir='ltr'>ad</span> <span class='ocrx_word' id='word_1_96' title='bbox 1977 631 2233 674; x_wconf 77' lang='lat' dir='ltr'>universum</span> 
     </span>
     <span class='ocr_line' id='line_1_20' title="bbox 393 689 2233 752; baseline -0.002 -15"><span class='ocrx_word' id='word_1_97' title='bbox 393 694 618 752; x_wconf 89' lang='lat' dir='ltr'>populum,</span> <span class='ocrx_word' id='word_1_98' title='bbox 641 692 1032 749; x_wconf 81' lang='lat' dir='ltr'>apprehenderunt</span> <span class='ocrx_word' id='word_1_99' title='bbox 1053 705 1152 734; x_wconf 90' lang='lat' dir='ltr'>eum</span> <span class='ocrx_word' id='word_1_100' title='bbox 1176 691 1440 746; x_wconf 69' lang='lat' dir='ltr'>sacerdotes,</span> <span class='ocrx_word' id='word_1_101' title='bbox 1462 696 1505 733; x_wconf 90' lang='lat' dir='ltr'>et</span> <span class='ocrx_word' id='word_1_102' title='bbox 1530 691 1774 747; x_wconf 57' lang='lat' dir='ltr'>prophetie,</span> <span class='ocrx_word' id='word_1_103' title='bbox 1798 695 1842 733; x_wconf 90' lang='lat' dir='ltr'>et</span> <span class='ocrx_word' id='word_1_104' title='bbox 1863 691 2006 734; x_wconf 88' lang='lat' dir='ltr'>omnis</span> <span class='ocrx_word' id='word_1_105' title='bbox 2029 689 2233 747; x_wconf 82' lang='lat' dir='ltr'>populus,</span> 
     </span>
     <span class='ocr_line' id='line_1_21' title="bbox 395 749 2233 806; baseline -0.002 -10"><span class='ocrx_word' id='word_1_106' title='bbox 395 754 546 797; x_wconf 89' lang='lat' dir='ltr'>dicens</span> <span class='ocrx_word' id='word_1_107' title='bbox 567 767 576 795; x_wconf 94' lang='lat'>:</span> <span class='ocrx_word' id='word_1_108' title='bbox 599 753 742 795; x_wconf 86' lang='lat' dir='ltr'>Morte</span> <span class='ocrx_word' id='word_1_109' title='bbox 767 752 997 798; x_wconf 82' lang='lat' dir='ltr'>moriatur.</span> <span class='ocrx_word' id='word_1_110' title='bbox 1018 750 1035 776; x_wconf 74' lang='lat'>⁰</span> <span class='ocrx_word' id='word_1_111' title='bbox 1053 750 1195 800; x_wconf 83' lang='lat' dir='ltr'>Quare</span> <span class='ocrx_word' id='word_1_112' title='bbox 1228 750 1511 806; x_wconf 68' lang='lat' dir='ltr'>prophetavit</span> <span class='ocrx_word' id='word_1_113' title='bbox 1536 750 1582 792; x_wconf 90' lang='lat' dir='ltr'>in</span> <span class='ocrx_word' id='word_1_114' title='bbox 1607 750 1788 793; x_wconf 86' lang='lat' dir='ltr'>nomine</span> <span class='ocrx_word' id='word_1_115' title='bbox 1814 750 2017 806; x_wconf 87' lang='lat' dir='ltr'>Domini,</span> <span class='ocrx_word' id='word_1_116' title='bbox 2045 749 2197 792; x_wconf 83' lang='lat' dir='ltr'>dicens</span> <span class='ocrx_word' id='word_1_117' title='bbox 2222 765 2233 794; x_wconf 70' lang='grc' dir='ltr'>ε</span> 
     </span>
     <span class='ocr_line' id='line_1_22' title="bbox 396 807 2234 866; baseline -0.003 -10"><span class='ocrx_word' id='word_1_118' title='bbox 396 813 518 857; x_wconf 84' lang='lat' dir='ltr'>Sicut</span> <span class='ocrx_word' id='word_1_119' title='bbox 538 812 629 856; x_wconf 82' lang='lat' dir='ltr'>Silo</span> <span class='ocrx_word' id='word_1_120' title='bbox 653 811 735 854; x_wconf 86' lang='lat' dir='ltr'>erit</span> <span class='ocrx_word' id='word_1_121' title='bbox 761 811 916 853; x_wconf 87' lang='lat' dir='ltr'>domus</span> <span class='ocrx_word' id='word_1_122' title='bbox 942 811 1060 866; x_wconf 82' lang='lat' dir='ltr'>haec,</span> <span class='ocrx_word' id='word_1_123' title='bbox 1089 815 1132 852; x_wconf 89' lang='lat' dir='ltr'>et</span> <span class='ocrx_word' id='word_1_124' title='bbox 1153 810 1256 852; x_wconf 87' lang='lat' dir='ltr'>urbs</span> <span class='ocrx_word' id='word_1_125' title='bbox 1286 809 1372 851; x_wconf 86' lang='lat' dir='ltr'>ista</span> <span class='ocrx_word' id='word_1_126' title='bbox 1399 809 1673 852; x_wconf 79' lang='lat' dir='ltr'>desolabitur</span> <span class='ocrx_word' id='word_1_127' title='bbox 1694 823 1745 852; x_wconf 91' lang='lat' dir='ltr'>eo</span> <span class='ocrx_word' id='word_1_128' title='bbox 1772 809 1887 865; x_wconf 85' lang='lat' dir='ltr'>quod</span> <span class='ocrx_word' id='word_1_129' title='bbox 1914 823 2001 852; x_wconf 86' lang='lat' dir='ltr'>non</span> <span class='ocrx_word' id='word_1_130' title='bbox 2023 809 2082 851; x_wconf 84' lang='lat' dir='ltr'>sit</span> <span class='ocrx_word' id='word_1_131' title='bbox 2107 807 2234 851; x_wconf 88' lang='lat' dir='ltr'>habi-</span> 
     </span>
     <span class='ocr_line' id='line_1_23' title="bbox 392 868 2242 926; baseline -0.003 -11"><span class='ocrx_word' id='word_1_132' title='bbox 392 871 544 915; x_wconf 81' lang='lat' dir='ltr'>tator?</span> <span class='ocrx_word' id='word_1_133' title='bbox 584 873 641 914; x_wconf 88' lang='lat' dir='ltr'>Et</span> <span class='ocrx_word' id='word_1_134' title='bbox 678 874 973 926; x_wconf 68' lang='lat' dir='ltr'>congregatus</span> <span class='ocrx_word' id='word_1_135' title='bbox 1008 874 1074 913; x_wconf 88' lang='lat' dir='ltr'>est</span> <span class='ocrx_word' id='word_1_136' title='bbox 1107 869 1248 912; x_wconf 89' lang='lat' dir='ltr'>omnis</span> <span class='ocrx_word' id='word_1_137' title='bbox 1281 868 1471 925; x_wconf 88' lang='lat' dir='ltr'>populus</span> <span class='ocrx_word' id='word_1_138' title='bbox 1501 868 1712 911; x_wconf 86' lang='lat' dir='ltr'>adversus</span> <span class='ocrx_word' id='word_1_139' title='bbox 1746 868 1989 911; x_wconf 81' lang='lat' dir='ltr'>Jeremiam</span> <span class='ocrx_word' id='word_1_140' title='bbox 2022 868 2068 910; x_wconf 91' lang='lat' dir='ltr'>in</span> <span class='ocrx_word' id='word_1_141' title='bbox 2102 868 2242 911; x_wconf 83' lang='lat' dir='ltr'>domo</span> 
     </span>
     <span class='ocr_line' id='line_1_24' title="bbox 393 931 589 975; baseline -0.005 -1"><span class='ocrx_word' id='word_1_142' title='bbox 393 931 589 975; x_wconf 76' lang='lat' dir='ltr'>Domini,</span> 
     </span>
    </p>

    <p class='ocr_par' dir='ltr' id='par_1_10' title="bbox 392 987 2240 1164">
     <span class='ocr_line' id='line_1_25' title="bbox 453 987 2234 1046; baseline -0.001 -13"><span class='ocrx_word' id='word_1_143' title='bbox 453 990 489 1017; x_wconf 81' lang='lat'>1⁰</span> <span class='ocrx_word' id='word_1_144' title='bbox 515 990 573 1033; x_wconf 87' lang='lat' dir='ltr'>Et</span> <span class='ocrx_word' id='word_1_145' title='bbox 602 991 839 1034; x_wconf 80' lang='lat' dir='ltr'>audierunt</span> <span class='ocrx_word' id='word_1_146' title='bbox 867 989 1089 1046; x_wconf 85' lang='lat' dir='ltr'>principes</span> <span class='ocrx_word' id='word_1_147' title='bbox 1123 988 1243 1031; x_wconf 76' lang='lat' dir='ltr'>Juda</span> <span class='ocrx_word' id='word_1_148' title='bbox 1277 988 1412 1031; x_wconf 75' lang='lat' dir='ltr'>verba</span> <span class='ocrx_word' id='word_1_149' title='bbox 1449 988 1566 1044; x_wconf 79' lang='lat' dir='ltr'>haec,</span> <span class='ocrx_word' id='word_1_150' title='bbox 1603 992 1646 1031; x_wconf 92' lang='lat' dir='ltr'>et</span> <span class='ocrx_word' id='word_1_151' title='bbox 1683 988 1979 1031; x_wconf 87' lang='lat' dir='ltr'>ascenderunt</span> <span class='ocrx_word' id='word_1_152' title='bbox 2011 987 2066 1031; x_wconf 88' lang='lat' dir='ltr'>de</span> <span class='ocrx_word' id='word_1_153' title='bbox 2102 987 2234 1031; x_wconf 89' lang='lat' dir='ltr'>domo</span> 
     </span>
     <span class='ocr_line' id='line_1_26' title="bbox 392 1046 2234 1107; baseline -0.002 -14"><span class='ocrx_word' id='word_1_154' title='bbox 392 1050 509 1107; x_wconf 83' lang='lat' dir='ltr'>regis</span> <span class='ocrx_word' id='word_1_155' title='bbox 541 1050 587 1092; x_wconf 88' lang='lat' dir='ltr'>in</span> <span class='ocrx_word' id='word_1_156' title='bbox 622 1050 803 1093; x_wconf 84' lang='lat' dir='ltr'>domum</span> <span class='ocrx_word' id='word_1_157' title='bbox 839 1048 1041 1103; x_wconf 85' lang='lat' dir='ltr'>Domini,</span> <span class='ocrx_word' id='word_1_158' title='bbox 1071 1053 1115 1091; x_wconf 91' lang='lat' dir='ltr'>et</span> <span class='ocrx_word' id='word_1_159' title='bbox 1151 1048 1360 1091; x_wconf 83' lang='lat' dir='ltr'>sederunt</span> <span class='ocrx_word' id='word_1_160' title='bbox 1395 1047 1441 1089; x_wconf 91' lang='lat' dir='ltr'>in</span> <span class='ocrx_word' id='word_1_161' title='bbox 1475 1048 1660 1090; x_wconf 85' lang='lat' dir='ltr'>introitu</span> <span class='ocrx_word' id='word_1_162' title='bbox 1689 1053 1828 1104; x_wconf 79' lang='lat' dir='ltr'>portae</span> <span class='ocrx_word' id='word_1_163' title='bbox 1863 1048 2019 1091; x_wconf 87' lang='lat' dir='ltr'>domus</span> <span class='ocrx_word' id='word_1_164' title='bbox 2051 1046 2234 1090; x_wconf 87' lang='lat' dir='ltr'>Domini</span> 
     </span>
     <span class='ocr_line' id='line_1_27' title="bbox 392 1106 2240 1164; baseline -0.002 -12"><span class='ocrx_word' id='word_1_165' title='bbox 392 1124 534 1153; x_wconf 82' lang='lat' dir='ltr'>novae.</span> <span class='ocrx_word' id='word_1_166' title='bbox 560 1109 592 1135; x_wconf 81' lang='grc'>11</span> <span class='ocrx_word' id='word_1_167' title='bbox 613 1110 671 1152; x_wconf 85' lang='lat' dir='ltr'>Et</span> <span class='ocrx_word' id='word_1_168' title='bbox 693 1107 830 1152; x_wconf 89' lang='lat' dir='ltr'>locuti</span> <span class='ocrx_word' id='word_1_169' title='bbox 857 1112 958 1151; x_wconf 87' lang='lat' dir='ltr'>sunt</span> <span class='ocrx_word' id='word_1_170' title='bbox 980 1107 1231 1151; x_wconf 81' lang='lat' dir='ltr'>sacerdotes</span> <span class='ocrx_word' id='word_1_171' title='bbox 1254 1111 1297 1150; x_wconf 88' lang='lat' dir='ltr'>et</span> <span class='ocrx_word' id='word_1_172' title='bbox 1323 1107 1550 1164; x_wconf 70' lang='lat' dir='ltr'>prophetae</span> <span class='ocrx_word' id='word_1_173' title='bbox 1577 1106 1634 1150; x_wconf 87' lang='lat' dir='ltr'>ad</span> <span class='ocrx_word' id='word_1_174' title='bbox 1654 1107 1890 1164; x_wconf 78' lang='lat' dir='ltr'>principes,</span> <span class='ocrx_word' id='word_1_175' title='bbox 1911 1112 1955 1150; x_wconf 91' lang='lat' dir='ltr'>et</span> <span class='ocrx_word' id='word_1_176' title='bbox 1975 1107 2032 1150; x_wconf 79' lang='lat' dir='ltr'>ad</span> <span class='ocrx_word' id='word_1_177' title='bbox 2055 1120 2240 1150; x_wconf 11' lang='lat' dir='ltr'>omnem?</span> 
     </span>
    </p>
   </div>
   <div class='ocr_carea' id='block_1_8' title="bbox 387 1164 2242 1226">
    <p class='ocr_par' dir='ltr' id='par_1_11' title="bbox 387 1164 2242 1226">
     <span class='ocr_line' id='line_1_28' title="bbox 387 1164 2242 1226; baseline -0.003 -13"><span class='ocrx_word' id='word_1_178' title='bbox 387 1169 627 1226; x_wconf 47' lang='lat' dir='ltr'>‘popuiunn</span> <span class='ocrx_word' id='word_1_179' title='bbox 666 1169 901 1212; x_wconf 87' lang='lat' dir='ltr'>dicentes:</span> <span class='ocrx_word' id='word_1_180' title='bbox 945 1167 1175 1210; x_wconf 82' lang='lat' dir='ltr'>Judioium</span> <span class='ocrx_word' id='word_1_181' title='bbox 1209 1166 1364 1209; x_wconf 85' lang='lat' dir='ltr'>mortis</span> <span class='ocrx_word' id='word_1_182' title='bbox 1403 1172 1468 1209; x_wconf 88' lang='lat' dir='ltr'>est</span> <span class='ocrx_word' id='word_1_183' title='bbox 1504 1167 1598 1210; x_wconf 86' lang='lat' dir='ltr'>viro</span> <span class='ocrx_word' id='word_1_184' title='bbox 1635 1167 1764 1220; x_wconf 89' lang='lat' dir='ltr'>huic,</span> <span class='ocrx_word' id='word_1_185' title='bbox 1806 1167 1910 1222; x_wconf 85' lang='lat' dir='ltr'>quia</span> <span class='ocrx_word' id='word_1_186' title='bbox 1949 1164 2242 1224; x_wconf 73' lang='lat' dir='ltr'>prophetavit.</span> 
     </span>
    </p>
   </div>
   <div class='ocr_carea' id='block_1_9' title="bbox 392 1223 2243 3186">
    <p class='ocr_par' dir='ltr' id='par_1_12' title="bbox 392 1223 2242 1866">
     <span class='ocr_line' id='line_1_29' title="bbox 392 1223 2241 1281; baseline -0.002 -10"><span class='ocrx_word' id='word_1_187' title='bbox 392 1228 603 1272; x_wconf 78' lang='lat' dir='ltr'>adversus</span> <span class='ocrx_word' id='word_1_188' title='bbox 627 1228 856 1271; x_wconf 81' lang='lat' dir='ltr'>civitatem</span> <span class='ocrx_word' id='word_1_189' title='bbox 881 1226 1029 1281; x_wconf 88' lang='lat' dir='ltr'>istam,</span> <span class='ocrx_word' id='word_1_190' title='bbox 1056 1225 1172 1269; x_wconf 87' lang='lat' dir='ltr'>sicut</span> <span class='ocrx_word' id='word_1_191' title='bbox 1192 1225 1380 1268; x_wconf 85' lang='lat' dir='ltr'>audistis</span> <span class='ocrx_word' id='word_1_192' title='bbox 1405 1225 1587 1269; x_wconf 86' lang='lat' dir='ltr'>auribus</span> <span class='ocrx_word' id='word_1_193' title='bbox 1605 1226 1776 1269; x_wconf 83' lang='lat' dir='ltr'>vestris.</span> <span class='ocrx_word' id='word_1_194' title='bbox 1796 1225 1833 1252; x_wconf 67' lang='lat'>1²</span> <span class='ocrx_word' id='word_1_195' title='bbox 1848 1226 1907 1269; x_wconf 84' lang='lat' dir='ltr'>Et</span> <span class='ocrx_word' id='word_1_196' title='bbox 1927 1226 1992 1269; x_wconf 87' lang='lat' dir='ltr'>ait</span> <span class='ocrx_word' id='word_1_197' title='bbox 2013 1226 2040 1268; x_wconf 81' lang='lat' dir='ltr'>J</span> <span class='ocrx_word' id='word_1_198' title='bbox 2045 1223 2241 1268; x_wconf 70' lang='lat' dir='ltr'>eremias</span> 
     </span>
     <span class='ocr_line' id='line_1_30' title="bbox 392 1283 2239 1344; baseline -0.002 -14"><span class='ocrx_word' id='word_1_199' title='bbox 392 1287 449 1330; x_wconf 88' lang='lat' dir='ltr'>ad</span> <span class='ocrx_word' id='word_1_200' title='bbox 480 1302 630 1332; x_wconf 88' lang='lat' dir='ltr'>omnes</span> <span class='ocrx_word' id='word_1_201' title='bbox 663 1287 906 1344; x_wconf 86' lang='lat' dir='ltr'>principes,</span> <span class='ocrx_word' id='word_1_202' title='bbox 935 1291 979 1329; x_wconf 91' lang='lat' dir='ltr'>et</span> <span class='ocrx_word' id='word_1_203' title='bbox 1007 1285 1064 1328; x_wconf 85' lang='lat' dir='ltr'>ad</span> <span class='ocrx_word' id='word_1_204' title='bbox 1094 1285 1352 1328; x_wconf 79' lang='lat' dir='ltr'>universum</span> <span class='ocrx_word' id='word_1_205' title='bbox 1382 1285 1617 1343; x_wconf 59' lang='lat' dir='ltr'>populum,</span> <span class='ocrx_word' id='word_1_206' title='bbox 1646 1285 1798 1328; x_wconf 84' lang='lat' dir='ltr'>dicens</span> <span class='ocrx_word' id='word_1_207' title='bbox 1822 1302 1830 1330; x_wconf 91' lang='lat'>:</span> <span class='ocrx_word' id='word_1_208' title='bbox 1858 1285 2077 1329; x_wconf 87' lang='lat' dir='ltr'>Dominus</span> <span class='ocrx_word' id='word_1_209' title='bbox 2110 1283 2239 1326; x_wconf 81' lang='lat' dir='ltr'>misit</span> 
     </span>
     <span class='ocr_line' id='line_1_31' title="bbox 393 1343 2233 1405; baseline -0.003 -14"><span class='ocrx_word' id='word_1_210' title='bbox 393 1361 463 1390; x_wconf 87' lang='lat' dir='ltr'>me</span> <span class='ocrx_word' id='word_1_211' title='bbox 488 1352 538 1390; x_wconf 87' lang='lat' dir='ltr'>ut</span> <span class='ocrx_word' id='word_1_212' title='bbox 557 1348 869 1405; x_wconf 68' lang='lat' dir='ltr'>prophetarem</span> <span class='ocrx_word' id='word_1_213' title='bbox 891 1345 948 1389; x_wconf 86' lang='lat' dir='ltr'>ad</span> <span class='ocrx_word' id='word_1_214' title='bbox 972 1346 1154 1389; x_wconf 88' lang='lat' dir='ltr'>domum</span> <span class='ocrx_word' id='word_1_215' title='bbox 1175 1345 1331 1400; x_wconf 88' lang='lat' dir='ltr'>istam,</span> <span class='ocrx_word' id='word_1_216' title='bbox 1359 1350 1402 1388; x_wconf 92' lang='lat' dir='ltr'>et</span> <span class='ocrx_word' id='word_1_217' title='bbox 1423 1345 1481 1388; x_wconf 84' lang='lat' dir='ltr'>ad</span> <span class='ocrx_word' id='word_1_218' title='bbox 1503 1345 1734 1388; x_wconf 85' lang='lat' dir='ltr'>civitatem</span> <span class='ocrx_word' id='word_1_219' title='bbox 1759 1345 1896 1401; x_wconf 88' lang='lat' dir='ltr'>hanc,</span> <span class='ocrx_word' id='word_1_220' title='bbox 1921 1344 2071 1388; x_wconf 87' lang='lat' dir='ltr'>omnia</span> <span class='ocrx_word' id='word_1_221' title='bbox 2096 1343 2233 1387; x_wconf 74' lang='lat' dir='ltr'>verba</span> 
     </span>
     <span class='ocr_line' id='line_1_32' title="bbox 394 1404 2234 1463; baseline -0.003 -13"><span class='ocrx_word' id='word_1_222' title='bbox 394 1421 491 1463; x_wconf 83' lang='lat' dir='ltr'>quae</span> <span class='ocrx_word' id='word_1_223' title='bbox 522 1407 721 1450; x_wconf 60' lang='lat' dir='ltr'>audistis,</span> <span class='ocrx_word' id='word_1_224' title='bbox 748 1406 784 1433; x_wconf 81' lang='grc'>13</span> <span class='ocrx_word' id='word_1_225' title='bbox 803 1407 931 1449; x_wconf 87' lang='lat' dir='ltr'>Nunc</span> <span class='ocrx_word' id='word_1_226' title='bbox 955 1419 1056 1461; x_wconf 87' lang='lat' dir='ltr'>ergo</span> <span class='ocrx_word' id='word_1_227' title='bbox 1082 1405 1222 1448; x_wconf 87' lang='lat' dir='ltr'>bonas</span> <span class='ocrx_word' id='word_1_228' title='bbox 1247 1404 1388 1448; x_wconf 73' lang='lat' dir='ltr'>facite</span> <span class='ocrx_word' id='word_1_229' title='bbox 1413 1404 1509 1447; x_wconf 78' lang='lat' dir='ltr'>vias</span> <span class='ocrx_word' id='word_1_230' title='bbox 1535 1410 1726 1461; x_wconf 87' lang='lat' dir='ltr'>vestras,</span> <span class='ocrx_word' id='word_1_231' title='bbox 1753 1409 1798 1448; x_wconf 87' lang='lat' dir='ltr'>et</span> <span class='ocrx_word' id='word_1_232' title='bbox 1824 1405 1972 1448; x_wconf 86' lang='lat' dir='ltr'>studia</span> <span class='ocrx_word' id='word_1_233' title='bbox 1994 1408 2162 1459; x_wconf 83' lang='lat' dir='ltr'>vestra,</span> <span class='ocrx_word' id='word_1_234' title='bbox 2189 1407 2234 1445; x_wconf 89' lang='lat' dir='ltr'>et</span> 
     </span>
     <span class='ocr_line' id='line_1_33' title="bbox 393 1462 2234 1521; baseline -0.002 -13"><span class='ocrx_word' id='word_1_235' title='bbox 393 1466 544 1510; x_wconf 86' lang='lat' dir='ltr'>audite</span> <span class='ocrx_word' id='word_1_236' title='bbox 564 1481 720 1510; x_wconf 74' lang='lat' dir='ltr'>vocem</span> <span class='ocrx_word' id='word_1_237' title='bbox 744 1466 924 1508; x_wconf 87' lang='lat' dir='ltr'>Domini</span> <span class='ocrx_word' id='word_1_238' title='bbox 954 1465 1035 1508; x_wconf 90' lang='lat' dir='ltr'>Dei</span> <span class='ocrx_word' id='word_1_239' title='bbox 1057 1464 1214 1520; x_wconf 82' lang='lat' dir='ltr'>vestri,</span> <span class='ocrx_word' id='word_1_240' title='bbox 1242 1469 1285 1507; x_wconf 88' lang='lat' dir='ltr'>et</span> <span class='ocrx_word' id='word_1_241' title='bbox 1306 1464 1543 1521; x_wconf 81' lang='lat' dir='ltr'>poenitebit</span> <span class='ocrx_word' id='word_1_242' title='bbox 1571 1464 1815 1508; x_wconf 87' lang='lat' dir='ltr'>Dominum</span> <span class='ocrx_word' id='word_1_243' title='bbox 1840 1464 1947 1506; x_wconf 86' lang='lat' dir='ltr'>mali</span> <span class='ocrx_word' id='word_1_244' title='bbox 1975 1462 2090 1519; x_wconf 86' lang='lat' dir='ltr'>quod</span> <span class='ocrx_word' id='word_1_245' title='bbox 2115 1462 2234 1505; x_wconf 89' lang='lat' dir='ltr'>locu-</span> 
     </span>
     <span class='ocr_line' id='line_1_34' title="bbox 392 1521 2234 1580; baseline -0.002 -12"><span class='ocrx_word' id='word_1_246' title='bbox 392 1530 464 1568; x_wconf 86' lang='lat' dir='ltr'>tus</span> <span class='ocrx_word' id='word_1_247' title='bbox 491 1531 557 1569; x_wconf 91' lang='lat' dir='ltr'>est</span> <span class='ocrx_word' id='word_1_248' title='bbox 578 1526 814 1568; x_wconf 81' lang='lat' dir='ltr'>adversum</span> <span class='ocrx_word' id='word_1_249' title='bbox 836 1539 928 1567; x_wconf 78' lang='lat' dir='ltr'>vos.</span> <span class='ocrx_word' id='word_1_250' title='bbox 953 1524 987 1550; x_wconf 69' lang='lat'>14</span> <span class='ocrx_word' id='word_1_251' title='bbox 1007 1524 1104 1580; x_wconf 87' lang='lat' dir='ltr'>Ego</span> <span class='ocrx_word' id='word_1_252' title='bbox 1128 1530 1279 1566; x_wconf 89' lang='lat' dir='ltr'>autem</span> <span class='ocrx_word' id='word_1_253' title='bbox 1325 1538 1427 1567; x_wconf 90' lang='lat' dir='ltr'>ecce</span> <span class='ocrx_word' id='word_1_254' title='bbox 1453 1523 1499 1566; x_wconf 88' lang='lat' dir='ltr'>in</span> <span class='ocrx_word' id='word_1_255' title='bbox 1521 1523 1727 1566; x_wconf 87' lang='lat' dir='ltr'>manibus</span> <span class='ocrx_word' id='word_1_256' title='bbox 1753 1524 1910 1567; x_wconf 81' lang='lat' dir='ltr'>vestris</span> <span class='ocrx_word' id='word_1_257' title='bbox 1941 1538 2063 1577; x_wconf 72' lang='lat' dir='ltr'>sum,</span> <span class='ocrx_word' id='word_1_258' title='bbox 2092 1521 2234 1564; x_wconf 75' lang='lat' dir='ltr'>facite</span> 
     </span>
     <span class='ocr_line' id='line_1_35' title="bbox 394 1581 2242 1641; baseline -0.002 -14"><span class='ocrx_word' id='word_1_259' title='bbox 394 1585 502 1627; x_wconf 89' lang='lat' dir='ltr'>mihi</span> <span class='ocrx_word' id='word_1_260' title='bbox 534 1585 648 1641; x_wconf 84' lang='lat' dir='ltr'>quod</span> <span class='ocrx_word' id='word_1_261' title='bbox 680 1586 847 1628; x_wconf 89' lang='lat' dir='ltr'>bonum</span> <span class='ocrx_word' id='word_1_262' title='bbox 874 1590 917 1627; x_wconf 89' lang='lat' dir='ltr'>et</span> <span class='ocrx_word' id='word_1_263' title='bbox 941 1588 1112 1627; x_wconf 84' lang='lat' dir='ltr'>rectum</span> <span class='ocrx_word' id='word_1_264' title='bbox 1144 1588 1210 1626; x_wconf 86' lang='lat' dir='ltr'>est</span> <span class='ocrx_word' id='word_1_265' title='bbox 1237 1583 1284 1625; x_wconf 91' lang='lat' dir='ltr'>in</span> <span class='ocrx_word' id='word_1_266' title='bbox 1307 1583 1445 1626; x_wconf 89' lang='lat' dir='ltr'>oculis</span> <span class='ocrx_word' id='word_1_267' title='bbox 1472 1583 1643 1626; x_wconf 81' lang='lat' dir='ltr'>vestris.</span> <span class='ocrx_word' id='word_1_268' title='bbox 1672 1582 1707 1609; x_wconf 80' lang='grc'>15</span> <span class='ocrx_word' id='word_1_269' title='bbox 1727 1584 2050 1626; x_wconf 86' lang='lat' dir='ltr'>Verumtamen</span> <span class='ocrx_word' id='word_1_270' title='bbox 2075 1581 2242 1624; x_wconf 74' lang='lat' dir='ltr'>scitotev</span> 
     </span>
     <span class='ocr_line' id='line_1_36' title="bbox 395 1639 2234 1700; baseline -0.003 -13"><span class='ocrx_word' id='word_1_271' title='bbox 395 1650 438 1687; x_wconf 86' lang='lat' dir='ltr'>et</span> <span class='ocrx_word' id='word_1_272' title='bbox 472 1647 726 1700; x_wconf 85' lang='lat' dir='ltr'>cognoscite</span> <span class='ocrx_word' id='word_1_273' title='bbox 760 1643 895 1700; x_wconf 81' lang='lat' dir='ltr'>quod,</span> <span class='ocrx_word' id='word_1_274' title='bbox 930 1643 967 1685; x_wconf 87' lang='lat' dir='ltr'>si</span> <span class='ocrx_word' id='word_1_275' title='bbox 1005 1642 1258 1686; x_wconf 82' lang='lat' dir='ltr'>occideritis</span> <span class='ocrx_word' id='word_1_276' title='bbox 1294 1657 1389 1698; x_wconf 89' lang='lat' dir='ltr'>me,</span> <span class='ocrx_word' id='word_1_277' title='bbox 1428 1642 1693 1698; x_wconf 84' lang='lat' dir='ltr'>sanguinem</span> <span class='ocrx_word' id='word_1_278' title='bbox 1726 1642 2013 1686; x_wconf 86' lang='lat' dir='ltr'>innocentem</span> <span class='ocrx_word' id='word_1_279' title='bbox 2046 1639 2234 1683; x_wconf 86' lang='lat' dir='ltr'>tradetis</span> 
     </span>
     <span class='ocr_line' id='line_1_37' title="bbox 396 1699 2234 1760; baseline -0.003 -13"><span class='ocrx_word' id='word_1_280' title='bbox 396 1710 549 1747; x_wconf 88' lang='lat' dir='ltr'>contra</span> <span class='ocrx_word' id='word_1_281' title='bbox 573 1704 886 1760; x_wconf 70' lang='lat' dir='ltr'>vosmetipsos,</span> <span class='ocrx_word' id='word_1_282' title='bbox 918 1708 961 1746; x_wconf 87' lang='lat' dir='ltr'>et</span> <span class='ocrx_word' id='word_1_283' title='bbox 995 1707 1147 1745; x_wconf 88' lang='lat' dir='ltr'>contra</span> <span class='ocrx_word' id='word_1_284' title='bbox 1182 1702 1412 1745; x_wconf 66' lang='lat' dir='ltr'>civitatem</span> <span class='ocrx_word' id='word_1_285' title='bbox 1444 1702 1600 1757; x_wconf 85' lang='lat' dir='ltr'>istam,</span> <span class='ocrx_word' id='word_1_286' title='bbox 1635 1707 1678 1745; x_wconf 90' lang='lat' dir='ltr'>et</span> <span class='ocrx_word' id='word_1_287' title='bbox 1711 1702 1986 1744; x_wconf 83' lang='lat' dir='ltr'>habitatores</span> <span class='ocrx_word' id='word_1_288' title='bbox 2022 1700 2151 1757; x_wconf 69' lang='lat' dir='ltr'>ejus,</span> <span class='ocrx_word' id='word_1_289' title='bbox 2187 1699 2234 1741; x_wconf 90' lang='lat' dir='ltr'>in</span> 
     </span>
     <span class='ocr_line' id='line_1_38' title="bbox 394 1758 2233 1818; baseline -0.003 -12"><span class='ocrx_word' id='word_1_290' title='bbox 394 1763 582 1806; x_wconf 80' lang='lat' dir='ltr'>veritate</span> <span class='ocrx_word' id='word_1_291' title='bbox 616 1763 733 1806; x_wconf 86' lang='lat' dir='ltr'>enim</span> <span class='ocrx_word' id='word_1_292' title='bbox 762 1763 884 1805; x_wconf 80' lang='lat' dir='ltr'>misit</span> <span class='ocrx_word' id='word_1_293' title='bbox 914 1777 984 1805; x_wconf 91' lang='lat' dir='ltr'>me</span> <span class='ocrx_word' id='word_1_294' title='bbox 1017 1761 1235 1804; x_wconf 85' lang='lat' dir='ltr'>Dominus</span> <span class='ocrx_word' id='word_1_295' title='bbox 1261 1761 1318 1804; x_wconf 84' lang='lat' dir='ltr'>ad</span> <span class='ocrx_word' id='word_1_296' title='bbox 1345 1775 1442 1818; x_wconf 76' lang='lat' dir='ltr'>vos,</span> <span class='ocrx_word' id='word_1_297' title='bbox 1477 1766 1526 1804; x_wconf 85' lang='lat' dir='ltr'>ut-</span> <span class='ocrx_word' id='word_1_298' title='bbox 1558 1761 1758 1817; x_wconf 81' lang='lat' dir='ltr'>loquerer</span> <span class='ocrx_word' id='word_1_299' title='bbox 1791 1761 1836 1803; x_wconf 91' lang='lat' dir='ltr'>in</span> <span class='ocrx_word' id='word_1_300' title='bbox 1867 1761 2047 1803; x_wconf 86' lang='lat' dir='ltr'>auribus</span> <span class='ocrx_word' id='word_1_301' title='bbox 2074 1758 2233 1802; x_wconf 81' lang='lat' dir='ltr'>vestris</span> 
     </span>
     <span class='ocr_line' id='line_1_39' title="bbox 395 1823 838 1866; baseline -0.002 -1"><span class='ocrx_word' id='word_1_302' title='bbox 395 1823 543 1866; x_wconf 87' lang='lat' dir='ltr'>omnia</span> <span class='ocrx_word' id='word_1_303' title='bbox 568 1823 703 1866; x_wconf 74' lang='lat' dir='ltr'>verba</span> <span class='ocrx_word' id='word_1_304' title='bbox 729 1823 838 1865; x_wconf 83' lang='lat' dir='ltr'>haec.</span> 
     </span>
    </p>

    <p class='ocr_par' dir='ltr' id='par_1_13' title="bbox 393 1879 2243 2533">
     <span class='ocr_line' id='line_1_40' title="bbox 455 1879 2242 1939; baseline -0.001 -14"><span class='ocrx_word' id='word_1_305' title='bbox 455 1882 490 1908; x_wconf 74' lang='grc'>16</span> <span class='ocrx_word' id='word_1_306' title='bbox 513 1883 570 1925; x_wconf 87' lang='lat' dir='ltr'>Et</span> <span class='ocrx_word' id='word_1_307' title='bbox 605 1883 812 1925; x_wconf 76' lang='lat' dir='ltr'>dixerunt</span> <span class='ocrx_word' id='word_1_308' title='bbox 845 1883 1065 1939; x_wconf 87' lang='lat' dir='ltr'>principes</span> <span class='ocrx_word' id='word_1_309' title='bbox 1103 1887 1146 1925; x_wconf 83' lang='lat' dir='ltr'>et</span> <span class='ocrx_word' id='word_1_310' title='bbox 1180 1881 1321 1925; x_wconf 83' lang='lat' dir='ltr'>omnis</span> <span class='ocrx_word' id='word_1_311' title='bbox 1359 1881 1548 1937; x_wconf 84' lang='lat' dir='ltr'>populus</span> <span class='ocrx_word' id='word_1_312' title='bbox 1581 1881 1637 1923; x_wconf 79' lang='lat' dir='ltr'>acl</span> <span class='ocrx_word' id='word_1_313' title='bbox 1676 1880 1926 1923; x_wconf 84' lang='lat' dir='ltr'>sacerdotes</span> <span class='ocrx_word' id='word_1_314' title='bbox 1962 1883 2006 1921; x_wconf 90' lang='lat' dir='ltr'>et</span> <span class='ocrx_word' id='word_1_315' title='bbox 2041 1879 2098 1922; x_wconf 85' lang='lat' dir='ltr'>ad</span> <span class='ocrx_word' id='word_1_316' title='bbox 2136 1893 2242 1935; x_wconf 73' lang='lat' dir='ltr'>pro·</span> 
     </span>
     <span class='ocr_line' id='line_1_41' title="bbox 394 1938 2236 1998; baseline -0.002 -15"><span class='ocrx_word' id='word_1_317' title='bbox 394 1941 551 1998; x_wconf 84' lang='lat' dir='ltr'>phetas</span> <span class='ocrx_word' id='word_1_318' title='bbox 573 1961 579 1986; x_wconf 87' lang='lat'>:</span> <span class='ocrx_word' id='word_1_319' title='bbox 604 1943 704 1985; x_wconf 87' lang='lat' dir='ltr'>Non</span> <span class='ocrx_word' id='word_1_320' title='bbox 731 1947 797 1985; x_wconf 90' lang='lat' dir='ltr'>est</span> <span class='ocrx_word' id='word_1_321' title='bbox 821 1941 914 1985; x_wconf 80' lang='lat' dir='ltr'>viro</span> <span class='ocrx_word' id='word_1_322' title='bbox 946 1941 1048 1984; x_wconf 88' lang='lat' dir='ltr'>huic</span> <span class='ocrx_word' id='word_1_323' title='bbox 1075 1941 1294 1997; x_wconf 72' lang='lat' dir='ltr'>judicium</span> <span class='ocrx_word' id='word_1_324' title='bbox 1326 1940 1501 1996; x_wconf 82' lang='lat' dir='ltr'>mortis,</span> <span class='ocrx_word' id='word_1_325' title='bbox 1525 1940 1627 1995; x_wconf 87' lang='lat' dir='ltr'>quia</span> <span class='ocrx_word' id='word_1_326' title='bbox 1657 1939 1703 1982; x_wconf 89' lang='lat' dir='ltr'>in</span> <span class='ocrx_word' id='word_1_327' title='bbox 1733 1938 1913 1982; x_wconf 88' lang='lat' dir='ltr'>nomine</span> <span class='ocrx_word' id='word_1_328' title='bbox 1940 1938 2121 1981; x_wconf 90' lang='lat' dir='ltr'>Domini</span> <span class='ocrx_word' id='word_1_329' title='bbox 2152 1938 2236 1982; x_wconf 85' lang='lat' dir='ltr'>Dei</span> 
     </span>
     <span class='ocr_line' id='line_1_42' title="bbox 394 1997 2243 2055; baseline -0.002 -12"><span class='ocrx_word' id='word_1_330' title='bbox 394 2001 532 2044; x_wconf 86' lang='lat' dir='ltr'>nostri</span> <span class='ocrx_word' id='word_1_331' title='bbox 563 2001 736 2044; x_wconf 86' lang='lat' dir='ltr'>locutus</span> <span class='ocrx_word' id='word_1_332' title='bbox 759 2006 824 2044; x_wconf 88' lang='lat' dir='ltr'>est</span> <span class='ocrx_word' id='word_1_333' title='bbox 850 2001 905 2043; x_wconf 85' lang='lat' dir='ltr'>ad</span> <span class='ocrx_word' id='word_1_334' title='bbox 936 2015 1027 2043; x_wconf 82' lang='lat' dir='ltr'>nos.</span> <span class='ocrx_word' id='word_1_335' title='bbox 1057 2000 1090 2026; x_wconf 85' lang='lat'>17</span> <span class='ocrx_word' id='word_1_336' title='bbox 1111 2001 1404 2044; x_wconf 73' lang='lat' dir='ltr'>Sui-rexerunt</span> <span class='ocrx_word' id='word_1_337' title='bbox 1426 2014 1528 2055; x_wconf 86' lang='lat' dir='ltr'>ergo</span> <span class='ocrx_word' id='word_1_338' title='bbox 1553 1999 1637 2041; x_wconf 79' lang='lat' dir='ltr'>viri</span> <span class='ocrx_word' id='word_1_339' title='bbox 1662 1999 1715 2042; x_wconf 94' lang='lat' dir='ltr'>de</span> <span class='ocrx_word' id='word_1_340' title='bbox 1744 1997 1991 2042; x_wconf 86' lang='lat' dir='ltr'>senioribus</span> <span class='ocrx_word' id='word_1_341' title='bbox 2017 2002 2243 2054; x_wconf 82' lang='lat' dir='ltr'>terrae,·et.</span> 
     </span>
     <span class='ocr_line' id='line_1_43' title="bbox 395 2056 2238 2117; baseline -0.002 -14"><span class='ocrx_word' id='word_1_342' title='bbox 395 2060 602 2104; x_wconf 76' lang='lat' dir='ltr'>dixerunt</span> <span class='ocrx_word' id='word_1_343' title='bbox 626 2061 682 2103; x_wconf 85' lang='lat' dir='ltr'>acl</span> <span class='ocrx_word' id='word_1_344' title='bbox 714 2075 891 2104; x_wconf 88' lang='lat' dir='ltr'>omnem</span> <span class='ocrx_word' id='word_1_345' title='bbox 921 2065 1086 2103; x_wconf 83' lang='lat' dir='ltr'>coetum</span> <span class='ocrx_word' id='word_1_346' title='bbox 1119 2059 1292 2117; x_wconf 89' lang='lat' dir='ltr'>populi,</span> <span class='ocrx_word' id='word_1_347' title='bbox 1323 2059 1553 2115; x_wconf 87' lang='lat' dir='ltr'>loquentes</span> <span class='ocrx_word' id='word_1_348' title='bbox 1584 2075 1592 2102; x_wconf 75' lang='grc' dir='ltr'>ε</span> <span class='ocrx_word' id='word_1_349' title='bbox 1630 2058 1663 2085; x_wconf 77' lang='grc'>18</span> <span class='ocrx_word' id='word_1_350' title='bbox 1687 2058 1901 2101; x_wconf 71' lang='lat' dir='ltr'>Michaeas</span> <span class='ocrx_word' id='word_1_351' title='bbox 1932 2057 1987 2100; x_wconf 89' lang='lat' dir='ltr'>de</span> <span class='ocrx_word' id='word_1_352' title='bbox 2017 2056 2238 2100; x_wconf 78' lang='lat' dir='ltr'>Morasthi</span> 
     </span>
     <span class='ocr_line' id='line_1_44' title="bbox 395 2116 2234 2177; baseline -0.002 -16"><span class='ocrx_word' id='word_1_353' title='bbox 395 2120 484 2162; x_wconf 76' lang='lat' dir='ltr'>s-uit</span> <span class='ocrx_word' id='word_1_354' title='bbox 508 2121 722 2177; x_wconf 87' lang='lat' dir='ltr'>propheta</span> <span class='ocrx_word' id='word_1_355' title='bbox 744 2120 790 2162; x_wconf 89' lang='lat' dir='ltr'>in</span> <span class='ocrx_word' id='word_1_356' title='bbox 820 2119 976 2163; x_wconf 87' lang='lat' dir='ltr'>diebus</span> <span class='ocrx_word' id='word_1_357' title='bbox 1006 2119 1234 2175; x_wconf 78' lang='lat' dir='ltr'>Ezechiae,</span> <span class='ocrx_word' id='word_1_358' title='bbox 1262 2119 1378 2175; x_wconf 86' lang='lat' dir='ltr'>regis</span> <span class='ocrx_word' id='word_1_359' title='bbox 1405 2119 1433 2162; x_wconf 79' lang='lat' dir='ltr'><strong>J</strong></span> <span class='ocrx_word' id='word_1_360' title='bbox 1437 2118 1547 2174; x_wconf 82' lang='lat' dir='ltr'>uda,</span> <span class='ocrx_word' id='word_1_361' title='bbox 1572 2122 1616 2161; x_wconf 80' lang='lat' dir='ltr'>et</span> <span class='ocrx_word' id='word_1_362' title='bbox 1640 2118 1705 2161; x_wconf 87' lang='lat' dir='ltr'>ait</span> <span class='ocrx_word' id='word_1_363' title='bbox 1729 2117 1786 2160; x_wconf 89' lang='lat' dir='ltr'>ad</span> <span class='ocrx_word' id='word_1_364' title='bbox 1814 2131 1992 2160; x_wconf 89' lang='lat' dir='ltr'>omnem</span> <span class='ocrx_word' id='word_1_365' title='bbox 2019 2116 2234 2174; x_wconf 71' lang='lat' dir='ltr'>populum</span> 
     </span>
     <span class='ocr_line' id='line_1_45' title="bbox 396 2176 2241 2235; baseline -0.002 -13"><span class='ocrx_word' id='word_1_366' title='bbox 396 2180 422 2222; x_wconf 80' lang='lat' dir='ltr'>J</span> <span class='ocrx_word' id='word_1_367' title='bbox 426 2179 534 2235; x_wconf 83' lang='lat' dir='ltr'>uda,</span> <span class='ocrx_word' id='word_1_368' title='bbox 559 2180 709 2223; x_wconf 87' lang='lat' dir='ltr'>dicens</span> <span class='ocrx_word' id='word_1_369' title='bbox 733 2197 741 2224; x_wconf 93' lang='lat'><strong>:</strong></span> <span class='ocrx_word' id='word_1_370' title='bbox 767 2180 880 2222; x_wconf 83' lang='lat' dir='ltr'>Haec</span> <span class='ocrx_word' id='word_1_371' title='bbox 905 2179 1015 2222; x_wconf 85' lang='lat' dir='ltr'>dicit</span> <span class='ocrx_word' id='word_1_372' title='bbox 1038 2179 1255 2222; x_wconf 84' lang='lat' dir='ltr'>Dominus</span> <span class='ocrx_word' id='word_1_373' title='bbox 1279 2178 1585 2222; x_wconf 69' lang='lat' dir='ltr'>exercituum:</span> <span class='ocrx_word' id='word_1_374' title='bbox 1610 2177 1713 2221; x_wconf 84' lang='lat' dir='ltr'>Sion</span> <span class='ocrx_word' id='word_1_375' title='bbox 1741 2177 1863 2233; x_wconf 88' lang='lat' dir='ltr'>quasi</span> <span class='ocrx_word' id='word_1_376' title='bbox 1891 2190 1996 2232; x_wconf 85' lang='lat' dir='ltr'>ager</span> <span class='ocrx_word' id='word_1_377' title='bbox 2018 2176 2241 2232; x_wconf 77' lang='lat' dir='ltr'>arabitur,</span> 
     </span>
     <span class='ocr_line' id='line_1_46' title="bbox 394 2235 2241 2295; baseline -0.003 -13"><span class='ocrx_word' id='word_1_378' title='bbox 394 2244 438 2282; x_wconf 90' lang='lat' dir='ltr'>et</span> <span class='ocrx_word' id='word_1_379' title='bbox 460 2239 712 2282; x_wconf 82' lang='lat' dir='ltr'>Jerusalem</span> <span class='ocrx_word' id='word_1_380' title='bbox 741 2240 785 2282; x_wconf 89' lang='lat' dir='ltr'>in</span> <span class='ocrx_word' id='word_1_381' title='bbox 816 2253 1027 2282; x_wconf 80' lang='lat' dir='ltr'>acervum</span> <span class='ocrx_word' id='word_1_382' title='bbox 1058 2238 1260 2295; x_wconf 86' lang='lat' dir='ltr'>lapidum</span> <span class='ocrx_word' id='word_1_383' title='bbox 1291 2238 1393 2294; x_wconf 71' lang='lat' dir='ltr'>erit,</span> <span class='ocrx_word' id='word_1_384' title='bbox 1425 2243 1468 2281; x_wconf 87' lang='lat' dir='ltr'>et</span> <span class='ocrx_word' id='word_1_385' title='bbox 1494 2252 1621 2280; x_wconf 88' lang='lat' dir='ltr'>mons</span> <span class='ocrx_word' id='word_1_386' title='bbox 1648 2237 1804 2280; x_wconf 88' lang='lat' dir='ltr'>domus</span> <span class='ocrx_word' id='word_1_387' title='bbox 1830 2236 1876 2278; x_wconf 90' lang='lat' dir='ltr'>in</span> <span class='ocrx_word' id='word_1_388' title='bbox 1898 2235 2076 2278; x_wconf 76' lang='lat' dir='ltr'>excelsa</span> <span class='ocrx_word' id='word_1_389' title='bbox 2100 2235 2241 2279; x_wconf 76' lang='lat' dir='ltr'>sil-va·</span> 
     </span>
     <span class='ocr_line' id='line_1_47' title="bbox 393 2294 2241 2354; baseline -0.002 -13"><span class='ocrx_word' id='word_1_390' title='bbox 393 2313 503 2341; x_wconf 88' lang='lat' dir='ltr'>rum.</span> <span class='ocrx_word' id='word_1_391' title='bbox 532 2298 567 2325; x_wconf 80' lang='grc'>19</span> <span class='ocrx_word' id='word_1_392' title='bbox 587 2299 813 2354; x_wconf 81' lang='lat' dir='ltr'>Numquid</span> <span class='ocrx_word' id='word_1_393' title='bbox 837 2302 978 2341; x_wconf 87' lang='lat' dir='ltr'>morte</span> <span class='ocrx_word' id='word_1_394' title='bbox 1008 2297 1325 2341; x_wconf 83' lang='lat' dir='ltr'>condemnavit</span> <span class='ocrx_word' id='word_1_395' title='bbox 1355 2312 1457 2340; x_wconf 89' lang='lat' dir='ltr'>eum</span> <span class='ocrx_word' id='word_1_396' title='bbox 1487 2296 1724 2352; x_wconf 84' lang='lat' dir='ltr'>Ezechias,</span> <span class='ocrx_word' id='word_1_397' title='bbox 1750 2310 1830 2339; x_wconf 81' lang='lat' dir='ltr'>rex</span> <span class='ocrx_word' id='word_1_398' title='bbox 1854 2296 1883 2338; x_wconf 78' lang='lat' dir='ltr'>J</span> <span class='ocrx_word' id='word_1_399' title='bbox 1887 2295 1996 2351; x_wconf 87' lang='lat' dir='ltr'>uda,</span> <span class='ocrx_word' id='word_1_400' title='bbox 2019 2299 2065 2338; x_wconf 91' lang='lat' dir='ltr'>et</span> <span class='ocrx_word' id='word_1_401' title='bbox 2090 2294 2241 2338; x_wconf 82' lang='lat' dir='ltr'>omnis-</span> 
     </span>
     <span class='ocr_line' id='line_1_48' title="bbox 394 2354 2239 2414; baseline -0.001 -14"><span class='ocrx_word' id='word_1_402' title='bbox 394 2359 421 2401; x_wconf 79' lang='lat' dir='ltr'>J</span> <span class='ocrx_word' id='word_1_403' title='bbox 426 2357 550 2401; x_wconf 81' lang='lat' dir='ltr'>uda?</span> <span class='ocrx_word' id='word_1_404' title='bbox 577 2358 792 2414; x_wconf 85' lang='lat' dir='ltr'>numquid</span> <span class='ocrx_word' id='word_1_405' title='bbox 822 2372 910 2401; x_wconf 90' lang='lat' dir='ltr'>non</span> <span class='ocrx_word' id='word_1_406' title='bbox 941 2357 1185 2401; x_wconf 84' lang='lat' dir='ltr'>timuerunt</span> <span class='ocrx_word' id='word_1_407' title='bbox 1209 2357 1472 2412; x_wconf 85' lang='lat' dir='ltr'>Dominum,</span> <span class='ocrx_word' id='word_1_408' title='bbox 1497 2361 1541 2399; x_wconf 88' lang='lat' dir='ltr'>et</span> <span class='ocrx_word' id='word_1_409' title='bbox 1566 2355 1792 2413; x_wconf 86' lang='lat' dir='ltr'>deprecati</span> <span class='ocrx_word' id='word_1_410' title='bbox 1821 2360 1924 2398; x_wconf 89' lang='lat' dir='ltr'>sunt</span> <span class='ocrx_word' id='word_1_411' title='bbox 1946 2354 2114 2398; x_wconf 73' lang='lat' dir='ltr'>faciem</span> <span class='ocrx_word' id='word_1_412' title='bbox 2146 2355 2239 2398; x_wconf 86' lang='lat' dir='ltr'>Do·-</span> 
     </span>
     <span class='ocr_line' id='line_1_49' title="bbox 394 2413 2243 2474; baseline -0.002 -14"><span class='ocrx_word' id='word_1_413' title='bbox 394 2418 523 2474; x_wconf 88' lang='lat' dir='ltr'>mini,</span> <span class='ocrx_word' id='word_1_414' title='bbox 557 2423 600 2461; x_wconf 90' lang='lat' dir='ltr'>et</span> <span class='ocrx_word' id='word_1_415' title='bbox 632 2418 842 2474; x_wconf 86' lang='lat' dir='ltr'>poenituit</span> <span class='ocrx_word' id='word_1_416' title='bbox 881 2417 1123 2460; x_wconf 88' lang='lat' dir='ltr'>Dominum</span> <span class='ocrx_word' id='word_1_417' title='bbox 1161 2417 1267 2459; x_wconf 88' lang='lat' dir='ltr'>mali</span> <span class='ocrx_word' id='word_1_418' title='bbox 1305 2416 1421 2472; x_wconf 83' lang='lat' dir='ltr'>quod</span> <span class='ocrx_word' id='word_1_419' title='bbox 1460 2416 1634 2459; x_wconf 89' lang='lat' dir='ltr'>locutus</span> <span class='ocrx_word' id='word_1_420' title='bbox 1667 2415 1817 2458; x_wconf 74' lang='lat' dir='ltr'>fuerat</span> <span class='ocrx_word' id='word_1_421' title='bbox 1850 2413 2089 2457; x_wconf 84' lang='lat' dir='ltr'>adversum</span> <span class='ocrx_word' id='word_1_422' title='bbox 2125 2413 2243 2457; x_wconf 69' lang='lat' dir='ltr'>eos?</span> 
     </span>
     <span class='ocr_line' id='line_1_50' title="bbox 393 2475 1845 2533; baseline -0.002 -13"><span class='ocrx_word' id='word_1_423' title='bbox 393 2477 551 2533; x_wconf 85' lang='lat' dir='ltr'>Itaque</span> <span class='ocrx_word' id='word_1_424' title='bbox 577 2492 656 2520; x_wconf 89' lang='lat' dir='ltr'>nos</span> <span class='ocrx_word' id='word_1_425' title='bbox 679 2477 874 2520; x_wconf 75' lang='lat' dir='ltr'>facimus</span> <span class='ocrx_word' id='word_1_426' title='bbox 900 2477 1068 2519; x_wconf 90' lang='lat' dir='ltr'>malum</span> <span class='ocrx_word' id='word_1_427' title='bbox 1090 2476 1258 2532; x_wconf 85' lang='lat' dir='ltr'>grande</span> <span class='ocrx_word' id='word_1_428' title='bbox 1283 2481 1435 2519; x_wconf 83' lang='lat' dir='ltr'>contra</span> <span class='ocrx_word' id='word_1_429' title='bbox 1461 2475 1635 2518; x_wconf 84' lang='lat' dir='ltr'>animas</span> <span class='ocrx_word' id='word_1_430' title='bbox 1661 2480 1845 2518; x_wconf 87' lang='lat' dir='ltr'>nostras.</span> 
     </span>
    </p>

    <p class='ocr_par' dir='ltr' id='par_1_14' title="bbox 393 2531 2238 3069">
     <span class='ocr_line' id='line_1_51' title="bbox 454 2531 2235 2592; baseline -0.003 -12"><span class='ocrx_word' id='word_1_431' title='bbox 454 2536 490 2563; x_wconf 65' lang='lat'>20</span> <span class='ocrx_word' id='word_1_432' title='bbox 508 2538 614 2580; x_wconf 80' lang='lat' dir='ltr'>Fuit</span> <span class='ocrx_word' id='word_1_433' title='bbox 643 2551 816 2592; x_wconf 73' lang='lat' dir='ltr'>quoque</span> <span class='ocrx_word' id='word_1_434' title='bbox 837 2535 906 2578; x_wconf 86' lang='lat' dir='ltr'>vir</span> <span class='ocrx_word' id='word_1_435' title='bbox 931 2537 1199 2592; x_wconf 84' lang='lat' dir='ltr'>prophetans</span> <span class='ocrx_word' id='word_1_436' title='bbox 1232 2535 1277 2577; x_wconf 91' lang='lat' dir='ltr'>in</span> <span class='ocrx_word' id='word_1_437' title='bbox 1310 2535 1490 2578; x_wconf 88' lang='lat' dir='ltr'>nomine</span> <span class='ocrx_word' id='word_1_438' title='bbox 1523 2535 1725 2590; x_wconf 87' lang='lat' dir='ltr'>Domini,</span> <span class='ocrx_word' id='word_1_439' title='bbox 1755 2533 1907 2589; x_wconf 88' lang='lat' dir='ltr'>Urias,</span> <span class='ocrx_word' id='word_1_440' title='bbox 1938 2532 2054 2575; x_wconf 85' lang='lat' dir='ltr'>filius</span> <span class='ocrx_word' id='word_1_441' title='bbox 2089 2531 2235 2575; x_wconf 77' lang='lat' dir='ltr'>Semei&#39;</span> 
     </span>
     <span class='ocr_line' id='line_1_52' title="bbox 395 2591 2233 2652; baseline -0.003 -13"><span class='ocrx_word' id='word_1_442' title='bbox 395 2597 447 2639; x_wconf 86' lang='lat' dir='ltr'>de</span> <span class='ocrx_word' id='word_1_443' title='bbox 482 2596 819 2652; x_wconf 83' lang='lat' dir='ltr'>Cariathiarim,</span> <span class='ocrx_word' id='word_1_444' title='bbox 859 2601 902 2639; x_wconf 87' lang='lat' dir='ltr'>et</span> <span class='ocrx_word' id='word_1_445' title='bbox 934 2596 1218 2652; x_wconf 81' lang='lat' dir='ltr'>prophetavit</span> <span class='ocrx_word' id='word_1_446' title='bbox 1250 2595 1461 2638; x_wconf 81' lang='lat' dir='ltr'>adversus</span> <span class='ocrx_word' id='word_1_447' title='bbox 1497 2594 1728 2638; x_wconf 79' lang='lat' dir='ltr'>civitatem</span> <span class='ocrx_word' id='word_1_448' title='bbox 1762 2593 1915 2648; x_wconf 86' lang='lat' dir='ltr'>istam,</span> <span class='ocrx_word' id='word_1_449' title='bbox 1947 2597 1990 2635; x_wconf 85' lang='lat' dir='ltr'>et</span> <span class='ocrx_word' id='word_1_450' title='bbox 2022 2591 2233 2634; x_wconf 80' lang='lat' dir='ltr'>adversus</span> 
     </span>
     <span class='ocr_line' id='line_1_53' title="bbox 393 2651 2234 2712; baseline -0.003 -13"><span class='ocrx_word' id='word_1_451' title='bbox 393 2661 555 2699; x_wconf 82' lang='lat' dir='ltr'>terram</span> <span class='ocrx_word' id='word_1_452' title='bbox 584 2657 720 2712; x_wconf 87' lang='lat' dir='ltr'>hanc,</span> <span class='ocrx_word' id='word_1_453' title='bbox 749 2656 881 2711; x_wconf 79' lang='lat' dir='ltr'>juxta</span> <span class='ocrx_word' id='word_1_454' title='bbox 910 2655 1059 2698; x_wconf 88' lang='lat' dir='ltr'>omnia</span> <span class='ocrx_word' id='word_1_455' title='bbox 1089 2655 1225 2698; x_wconf 81' lang='lat' dir='ltr'>verba</span> <span class='ocrx_word' id='word_1_456' title='bbox 1255 2654 1478 2697; x_wconf 75' lang='lat' dir='ltr'>Jeremiae.</span> <span class='ocrx_word' id='word_1_457' title='bbox 1502 2653 1535 2679; x_wconf 72' lang='lat'>2¹</span> <span class='ocrx_word' id='word_1_458' title='bbox 1557 2654 1616 2696; x_wconf 87' lang='lat' dir='ltr'>Et</span> <span class='ocrx_word' id='word_1_459' title='bbox 1645 2652 1820 2696; x_wconf 86' lang='lat' dir='ltr'>audivit</span> <span class='ocrx_word' id='word_1_460' title='bbox 1848 2667 1926 2695; x_wconf 81' lang='lat' dir='ltr'>rex</span> <span class='ocrx_word' id='word_1_461' title='bbox 1956 2651 2158 2703; x_wconf 78' lang='lat' dir='ltr'>Joakim,</span> <span class='ocrx_word' id='word_1_462' title='bbox 2189 2655 2234 2694; x_wconf 87' lang='lat' dir='ltr'>et</span> 
     </span>
     <span class='ocr_line' id='line_1_54' title="bbox 395 2710 2234 2773; baseline -0.003 -15"><span class='ocrx_word' id='word_1_463' title='bbox 395 2729 546 2759; x_wconf 89' lang='lat' dir='ltr'>omnes</span> <span class='ocrx_word' id='word_1_464' title='bbox 569 2722 772 2773; x_wconf 86' lang='lat' dir='ltr'>potentes</span> <span class='ocrx_word' id='word_1_465' title='bbox 803 2720 847 2758; x_wconf 89' lang='lat' dir='ltr'>et</span> <span class='ocrx_word' id='word_1_466' title='bbox 876 2715 1098 2772; x_wconf 81' lang='lat' dir='ltr'>principes</span> <span class='ocrx_word' id='word_1_467' title='bbox 1121 2714 1238 2770; x_wconf 75' lang='lat' dir='ltr'>ejus,</span> <span class='ocrx_word' id='word_1_468' title='bbox 1265 2714 1401 2757; x_wconf 79' lang='lat' dir='ltr'>verba</span> <span class='ocrx_word' id='word_1_469' title='bbox 1427 2714 1546 2769; x_wconf 84' lang='lat' dir='ltr'>haec,</span> <span class='ocrx_word' id='word_1_470' title='bbox 1575 2718 1618 2756; x_wconf 89' lang='lat' dir='ltr'>et</span> <span class='ocrx_word' id='word_1_471' title='bbox 1644 2712 1850 2769; x_wconf 73' lang='lat' dir='ltr'>quaesivit</span> <span class='ocrx_word' id='word_1_472' title='bbox 1878 2725 1956 2754; x_wconf 78' lang='lat' dir='ltr'>rex</span> <span class='ocrx_word' id='word_1_473' title='bbox 1984 2710 2234 2753; x_wconf 84' lang='lat' dir='ltr'>interficere</span> 
     </span>
     <span class='ocr_line' id='line_1_55' title="bbox 395 2770 2231 2830; baseline -0.002 -12"><span class='ocrx_word' id='word_1_474' title='bbox 395 2789 519 2830; x_wconf 82' lang='lat' dir='ltr'>eum3</span> <span class='ocrx_word' id='word_1_475' title='bbox 554 2781 597 2818; x_wconf 86' lang='lat' dir='ltr'>et</span> <span class='ocrx_word' id='word_1_476' title='bbox 625 2775 800 2818; x_wconf 89' lang='lat' dir='ltr'>audivit</span> <span class='ocrx_word' id='word_1_477' title='bbox 829 2775 982 2830; x_wconf 85' lang='lat' dir='ltr'>Urias,</span> <span class='ocrx_word' id='word_1_478' title='bbox 1015 2779 1060 2817; x_wconf 86' lang='lat' dir='ltr'>et</span> <span class='ocrx_word' id='word_1_479' title='bbox 1091 2774 1263 2829; x_wconf 89' lang='lat' dir='ltr'>timuit,</span> <span class='ocrx_word' id='word_1_480' title='bbox 1298 2773 1506 2829; x_wconf 74' lang='lat' dir='ltr'>fugitque</span> <span class='ocrx_word' id='word_1_481' title='bbox 1540 2778 1584 2816; x_wconf 90' lang='lat' dir='ltr'>et</span> <span class='ocrx_word' id='word_1_482' title='bbox 1612 2773 1836 2829; x_wconf 87' lang='lat' dir='ltr'>ingressus</span> <span class='ocrx_word' id='word_1_483' title='bbox 1870 2776 1934 2813; x_wconf 90' lang='lat' dir='ltr'>est</span> <span class='ocrx_word' id='word_1_484' title='bbox 1969 2770 2231 2826; x_wconf 80' lang='lat' dir='ltr'>AEgyptum.</span> 
     </span>
     <span class='ocr_line' id='line_1_56' title="bbox 395 2829 2238 2889; baseline -0.004 -11"><span class='ocrx_word' id='word_1_485' title='bbox 395 2833 432 2860; x_wconf 57' lang='grc' dir='ltr'><em>Ἡ</em></span> <span class='ocrx_word' id='word_1_486' title='bbox 450 2835 507 2877; x_wconf 88' lang='lat' dir='ltr'>Et</span> <span class='ocrx_word' id='word_1_487' title='bbox 530 2835 652 2878; x_wconf 87' lang='lat' dir='ltr'>misit</span> <span class='ocrx_word' id='word_1_488' title='bbox 682 2849 759 2878; x_wconf 74' lang='lat' dir='ltr'>rex</span> <span class='ocrx_word' id='word_1_489' title='bbox 793 2834 975 2877; x_wconf 80' lang='lat' dir='ltr'>Joakim</span> <span class='ocrx_word' id='word_1_490' title='bbox 1006 2833 1123 2876; x_wconf 80' lang='lat' dir='ltr'>viros</span> <span class='ocrx_word' id='word_1_491' title='bbox 1148 2833 1194 2875; x_wconf 90' lang='lat' dir='ltr'>in</span> <span class='ocrx_word' id='word_1_492' title='bbox 1218 2834 1490 2889; x_wconf 56' lang='lat' dir='ltr'>Afigylnum,</span> <span class='ocrx_word' id='word_1_493' title='bbox 1515 2832 1763 2887; x_wconf 84' lang='lat' dir='ltr'>Elnathan,</span> <span class='ocrx_word' id='word_1_494' title='bbox 1786 2831 1928 2873; x_wconf 88' lang='lat' dir='ltr'>filium</span> <span class='ocrx_word' id='word_1_495' title='bbox 1950 2829 2171 2883; x_wconf 90' lang='lat' dir='ltr'>Achobor,</span> <span class='ocrx_word' id='word_1_496' title='bbox 2192 2833 2238 2872; x_wconf 88' lang='lat' dir='ltr'>et</span> 
     </span>
     <span class='ocr_line' id='line_1_57' title="bbox 394 2887 2235 2950; baseline -0.002 -15"><span class='ocrx_word' id='word_1_497' title='bbox 394 2894 512 2936; x_wconf 69' lang='lat' dir='ltr'>viros</span> <span class='ocrx_word' id='word_1_498' title='bbox 534 2909 635 2937; x_wconf 89' lang='lat' dir='ltr'>cum</span> <span class='ocrx_word' id='word_1_499' title='bbox 657 2909 707 2938; x_wconf 91' lang='lat' dir='ltr'>eo</span> <span class='ocrx_word' id='word_1_500' title='bbox 729 2894 775 2936; x_wconf 89' lang='lat' dir='ltr'>in</span> <span class='ocrx_word' id='word_1_501' title='bbox 799 2894 1065 2950; x_wconf 83' lang='lat' dir='ltr'>AEgyptum,</span> <span class='ocrx_word' id='word_1_502' title='bbox 1086 2891 1122 2919; x_wconf 68' lang='lat'>23</span> <span class='ocrx_word' id='word_1_503' title='bbox 1137 2898 1181 2935; x_wconf 90' lang='lat' dir='ltr'>et</span> <span class='ocrx_word' id='word_1_504' title='bbox 1203 2892 1451 2935; x_wconf 73' lang='lat' dir='ltr'>eduxerunt</span> <span class='ocrx_word' id='word_1_505' title='bbox 1474 2892 1632 2936; x_wconf 84' lang='lat' dir='ltr'>Uriam</span> <span class='ocrx_word' id='word_1_506' title='bbox 1655 2891 1709 2934; x_wconf 90' lang='lat' dir='ltr'>de</span> <span class='ocrx_word' id='word_1_507' title='bbox 1734 2891 1948 2946; x_wconf 87' lang='lat' dir='ltr'>AEgypto,</span> <span class='ocrx_word' id='word_1_508' title='bbox 1969 2892 2014 2931; x_wconf 88' lang='lat' dir='ltr'>et</span> <span class='ocrx_word' id='word_1_509' title='bbox 2037 2887 2235 2931; x_wconf 81' lang='lat' dir='ltr'>adduxe-</span> 
     </span>
     <span class='ocr_line' id='line_1_58' title="bbox 394 2947 2237 3009; baseline -0.003 -14"><span class='ocrx_word' id='word_1_510' title='bbox 394 2958 497 2996; x_wconf 88' lang='lat' dir='ltr'>runt</span> <span class='ocrx_word' id='word_1_511' title='bbox 520 2968 618 2996; x_wconf 90' lang='lat' dir='ltr'>eum</span> <span class='ocrx_word' id='word_1_512' title='bbox 641 2954 698 2996; x_wconf 87' lang='lat' dir='ltr'>ad</span> <span class='ocrx_word' id='word_1_513' title='bbox 719 2967 870 3009; x_wconf 85' lang='lat' dir='ltr'>regem</span> <span class='ocrx_word' id='word_1_514' title='bbox 901 2952 1104 3007; x_wconf 54' lang='lat' dir='ltr'>walum,</span> <span class='ocrx_word' id='word_1_515' title='bbox 1130 2958 1173 2995; x_wconf 91' lang='lat' dir='ltr'>et</span> <span class='ocrx_word' id='word_1_516' title='bbox 1198 2951 1415 3008; x_wconf 83' lang='lat' dir='ltr'>percussit</span> <span class='ocrx_word' id='word_1_517' title='bbox 1441 2966 1543 2995; x_wconf 91' lang='lat' dir='ltr'>eum</span> <span class='ocrx_word' id='word_1_518' title='bbox 1565 2950 1738 3007; x_wconf 70' lang='lat' dir='ltr'>gladio,</span> <span class='ocrx_word' id='word_1_519' title='bbox 1758 2954 1803 2992; x_wconf 89' lang='lat' dir='ltr'>et</span> <span class='ocrx_word' id='word_1_520' title='bbox 1827 2947 2018 3005; x_wconf 78' lang='lat' dir='ltr'>projecit</span> <span class='ocrx_word' id='word_1_521' title='bbox 2044 2947 2237 2991; x_wconf 87' lang='lat' dir='ltr'>cadaver</span> 
     </span>
     <span class='ocr_line' id='line_1_59' title="bbox 395 3011 1201 3069; baseline 0.002 -16"><span class='ocrx_word' id='word_1_522' title='bbox 395 3011 491 3067; x_wconf 79' lang='lat' dir='ltr'>ejus</span> <span class='ocrx_word' id='word_1_523' title='bbox 518 3012 563 3054; x_wconf 88' lang='lat' dir='ltr'>in</span> <span class='ocrx_word' id='word_1_524' title='bbox 588 3012 801 3069; x_wconf 87' lang='lat' dir='ltr'>sepulcris</span> <span class='ocrx_word' id='word_1_525' title='bbox 826 3011 950 3068; x_wconf 85' lang='lat' dir='ltr'>vulgi</span> <span class='ocrx_word' id='word_1_526' title='bbox 975 3011 1201 3068; x_wconf 85' lang='lat' dir='ltr'>ignobilis.</span> 
     </span>
    </p>

    <p class='ocr_par' dir='ltr' id='par_1_15' title="bbox 394 3067 2241 3186">
     <span class='ocr_line' id='line_1_60' title="bbox 455 3067 2241 3128; baseline -0.002 -15"><span class='ocrx_word' id='word_1_527' title='bbox 455 3070 491 3097; x_wconf 68' lang='lat'>”24</span> <span class='ocrx_word' id='word_1_528' title='bbox 512 3071 657 3127; x_wconf 86' lang='lat' dir='ltr'>Igitur</span> <span class='ocrx_word' id='word_1_529' title='bbox 682 3086 839 3113; x_wconf 83' lang='lat' dir='ltr'>manus</span> <span class='ocrx_word' id='word_1_530' title='bbox 863 3071 1077 3127; x_wconf 89' lang='lat' dir='ltr'>Ahicam,</span> <span class='ocrx_word' id='word_1_531' title='bbox 1099 3071 1180 3113; x_wconf 90' lang='lat' dir='ltr'>filii</span> <span class='ocrx_word' id='word_1_532' title='bbox 1204 3071 1404 3128; x_wconf 85' lang='lat' dir='ltr'>Saphan,</span> <span class='ocrx_word' id='word_1_533' title='bbox 1427 3070 1518 3114; x_wconf 79' lang='lat' dir='ltr'>fuit</span> <span class='ocrx_word' id='word_1_534' title='bbox 1540 3084 1640 3113; x_wconf 88' lang='lat' dir='ltr'>cum</span> <span class='ocrx_word' id='word_1_535' title='bbox 1664 3067 1882 3122; x_wconf 78' lang='lat' dir='ltr'>Jeremia,</span> <span class='ocrx_word' id='word_1_536' title='bbox 1909 3071 1958 3110; x_wconf 82' lang='lat' dir='ltr'>ut</span> <span class='ocrx_word' id='word_1_537' title='bbox 1979 3081 2067 3110; x_wconf 90' lang='lat' dir='ltr'>non</span> <span class='ocrx_word' id='word_1_538' title='bbox 2088 3067 2241 3110; x_wconf 85' lang='lat' dir='ltr'>trade-</span> 
     </span>
     <span class='ocr_line' id='line_1_61' title="bbox 394 3130 1518 3186; baseline 0 -13"><span class='ocrx_word' id='word_1_539' title='bbox 394 3136 513 3173; x_wconf 88' lang='lat' dir='ltr'>retur</span> <span class='ocrx_word' id='word_1_540' title='bbox 533 3130 581 3172; x_wconf 89' lang='lat' dir='ltr'>in</span> <span class='ocrx_word' id='word_1_541' title='bbox 603 3144 758 3172; x_wconf 87' lang='lat' dir='ltr'>manus</span> <span class='ocrx_word' id='word_1_542' title='bbox 782 3131 954 3186; x_wconf 89' lang='lat' dir='ltr'>populi,</span> <span class='ocrx_word' id='word_1_543' title='bbox 980 3135 1023 3173; x_wconf 90' lang='lat' dir='ltr'>et</span> <span class='ocrx_word' id='word_1_544' title='bbox 1043 3130 1345 3173; x_wconf 83' lang='lat' dir='ltr'>interficerent</span> <span class='ocrx_word' id='word_1_545' title='bbox 1367 3144 1481 3173; x_wconf 88' lang='lat' dir='ltr'>eum.</span> <span class='ocrx_word' id='word_1_546' title='bbox 1514 3131 1518 3135; x_wconf 77' lang='grc'><strong>”</strong></span> 
     </span>
    </p>
   </div>
   <div class='ocr_carea' id='block_1_10' title="bbox 398 3238 2241 3354">
    <p class='ocr_par' dir='ltr' id='par_1_16' title="bbox 398 3238 2241 3354">
     <span class='ocr_line' id='line_1_62' title="bbox 398 3238 2241 3354; baseline -0.003 -59"><span class='ocrx_word' id='word_1_547' title='bbox 398 3254 419 3307; x_wconf 61' lang='grc' dir='ltr'>ἓ</span> <span class='ocrx_word' id='word_1_548' title='bbox 440 3251 530 3295; x_wconf 90' lang='grc' dir='ltr'>ΠΙ.</span> <span class='ocrx_word' id='word_1_549' title='bbox 548 3277 609 3284; x_wconf 91' lang='grc'>--</span> <span class='ocrx_word' id='word_1_550' title='bbox 625 3251 864 3307; x_wconf 73' lang='lat' dir='ltr'>Appendioe</span> <span class='ocrx_word' id='word_1_551' title='bbox 889 3251 1031 3293; x_wconf 72' lang='lat' dir='ltr'>altera</span> <span class='ocrx_word' id='word_1_552' title='bbox 1059 3269 1073 3294; x_wconf 92' lang='lat'><em>:</em></span> <span class='ocrx_word' id='word_1_553' title='bbox 1101 3251 1334 3354; x_wconf 50' lang='lat' dir='ltr'>Conffictzcs</span> <span class='ocrx_word' id='word_1_554' title='bbox 1349 3238 1476 3353; x_wconf 48' lang='lat' dir='ltr'>Icilius</span> <span class='ocrx_word' id='word_1_555' title='bbox 1499 3250 1703 3294; x_wconf 79' lang='lat' dir='ltr'>Jeremz&#39;ae</span> <span class='ocrx_word' id='word_1_556' title='bbox 1725 3263 1823 3291; x_wconf 80' lang='lat' dir='ltr'>cum</span> <span class='ocrx_word' id='word_1_557' title='bbox 1843 3247 2241 3304; x_wconf 71' lang='lat' dir='ltr'>pseudoprophetis</span> 
     </span>
     <span class='ocr_line' id='line_1_63' title="bbox 1216 3326 1443 3354; baseline 0 -1"><span class='ocrx_word' id='word_1_558' title='bbox 1216 3326 1343 3353; x_wconf 70' lang='lat' dir='ltr'>erasa</span> <span class='ocrx_word' id='word_1_559' title='bbox 1366 3326 1443 3354; x_wconf 84' lang='lat' dir='ltr'>em.</span> 
     </span>
    </p>
   </div>
   <div class='ocr_carea' id='block_1_11' title="bbox 396 3419 2242 3547">
    <p class='ocr_par' dir='ltr' id='par_1_17' title="bbox 396 3419 2242 3547">
     <span class='ocr_line' id='line_1_64' title="bbox 456 3419 2242 3482; baseline -0.004 -12"><span class='ocrx_word' id='word_1_560' title='bbox 456 3427 563 3471; x_wconf 80' lang='lat' dir='ltr'>CAP.</span> <span class='ocrx_word' id='word_1_561' title='bbox 586 3427 786 3470; x_wconf 86' lang='lat' dir='ltr'>XXVII.</span> <span class='ocrx_word' id='word_1_562' title='bbox 810 3451 871 3460; x_wconf 90' lang='lat'>—-</span> <span class='ocrx_word' id='word_1_563' title='bbox 895 3425 908 3451; x_wconf 92' lang='grc'>1</span> <span class='ocrx_word' id='word_1_564' title='bbox 930 3426 984 3468; x_wconf 89' lang='lat' dir='ltr'>In</span> <span class='ocrx_word' id='word_1_565' title='bbox 1013 3425 1233 3482; x_wconf 85' lang='lat' dir='ltr'>principio</span> <span class='ocrx_word' id='word_1_566' title='bbox 1262 3425 1387 3482; x_wconf 84' lang='lat' dir='ltr'>regni</span> <span class='ocrx_word' id='word_1_567' title='bbox 1414 3424 1617 3478; x_wconf 81' lang='lat' dir='ltr'>Joakim,</span> <span class='ocrx_word' id='word_1_568' title='bbox 1643 3423 1724 3466; x_wconf 91' lang='lat' dir='ltr'>filii</span> <span class='ocrx_word' id='word_1_569' title='bbox 1758 3423 1916 3479; x_wconf 81' lang='lat' dir='ltr'>Josiae,</span> <span class='ocrx_word' id='word_1_570' title='bbox 1946 3421 2065 3478; x_wconf 85' lang='lat' dir='ltr'>regis</span> <span class='ocrx_word' id='word_1_571' title='bbox 2091 3419 2242 3478; x_wconf 79' lang='lat' dir='ltr'>Juda‚‚</span> 
     </span>
     <span class='ocr_line' id='line_1_65' title="bbox 396 3483 1868 3547; baseline -0.001 -19"><span class='ocrx_word' id='word_1_572' title='bbox 396 3485 568 3528; x_wconf 74' lang='lat' dir='ltr'>factumn</span> <span class='ocrx_word' id='word_1_573' title='bbox 595 3491 662 3529; x_wconf 83' lang='lat' dir='ltr'>est</span> <span class='ocrx_word' id='word_1_574' title='bbox 685 3485 873 3529; x_wconf 84' lang='lat' dir='ltr'>verbum</span> <span class='ocrx_word' id='word_1_575' title='bbox 891 3484 1015 3528; x_wconf 80' lang='lat' dir='ltr'>istud</span> <span class='ocrx_word' id='word_1_576' title='bbox 1036 3484 1092 3527; x_wconf 83' lang='lat' dir='ltr'>ad</span> <span class='ocrx_word' id='word_1_577' title='bbox 1116 3485 1362 3547; x_wconf 76' lang='lat' dir='ltr'>Jeremiam</span> <span class='ocrx_word' id='word_1_578' title='bbox 1386 3499 1412 3527; x_wconf 86' lang='lat' dir='ltr'>a</span> <span class='ocrx_word' id='word_1_579' title='bbox 1435 3483 1648 3539; x_wconf 87' lang='lat' dir='ltr'>Domino,</span> <span class='ocrx_word' id='word_1_580' title='bbox 1675 3483 1828 3526; x_wconf 90' lang='lat' dir='ltr'>dicens</span> <span class='ocrx_word' id='word_1_581' title='bbox 1859 3499 1868 3526; x_wconf 75' lang='grc' dir='ltr'>ε</span> 
     </span>
    </p>
   </div>
   <div class='ocr_carea' id='block_1_12' title="bbox 397 3626 1882 3664">
    <p class='ocr_par' dir='ltr' id='par_1_18' title="bbox 397 3626 1882 3664">
     <span class='ocr_line' id='line_1_66' title="bbox 397 3626 1882 3664; baseline -0.001 -8"><span class='ocrx_word' id='word_1_582' title='bbox 397 3629 427 3662; x_wconf 77' lang='lat' dir='ltr'>e]</span> <span class='ocrx_word' id='word_1_583' title='bbox 451 3629 465 3656; x_wconf 92' lang='lat'>1</span> <span class='ocrx_word' id='word_1_584' title='bbox 483 3629 565 3662; x_wconf 69' lang='lat' dir='ltr'>neg.</span> <span class='ocrx_word' id='word_1_585' title='bbox 589 3629 646 3664; x_wconf 77' lang='lat' dir='ltr'>w,</span> <span class='ocrx_word' id='word_1_586' title='bbox 663 3632 737 3658; x_wconf 85' lang='lat'>2-10.</span> <span class='ocrx_word' id='word_1_587' title='bbox 754 3644 792 3649; x_wconf 83' lang='lat'>—</span> <span class='ocrx_word' id='word_1_588' title='bbox 809 3630 859 3663; x_wconf 86' lang='lat'>12]</span> <span class='ocrx_word' id='word_1_589' title='bbox 874 3629 952 3662; x_wconf 85' lang='lat' dir='ltr'>sup.</span> <span class='ocrx_word' id='word_1_590' title='bbox 974 3628 1080 3664; x_wconf 79' lang='lat' dir='ltr'>XXV,</span> <span class='ocrx_word' id='word_1_591' title='bbox 1098 3631 1142 3657; x_wconf 89' lang='lat'>13.</span> <span class='ocrx_word' id='word_1_592' title='bbox 1160 3644 1196 3648; x_wconf 96' lang='lat'><strong>—</strong></span> <span class='ocrx_word' id='word_1_593' title='bbox 1213 3629 1260 3662; x_wconf 80' lang='lat'>13]</span> <span class='ocrx_word' id='word_1_594' title='bbox 1280 3628 1357 3661; x_wconf 85' lang='lat' dir='ltr'>sup.</span> <span class='ocrx_word' id='word_1_595' title='bbox 1375 3628 1455 3663; x_wconf 80' lang='lat' dir='ltr'>vu,</span> <span class='ocrx_word' id='word_1_596' title='bbox 1470 3630 1497 3656; x_wconf 86' lang='lat'>3.</span> <span class='ocrx_word' id='word_1_597' title='bbox 1516 3641 1551 3646; x_wconf 93' lang='lat'><em>—</em></span> <span class='ocrx_word' id='word_1_598' title='bbox 1572 3627 1620 3661; x_wconf 89' lang='lat'>18]</span> <span class='ocrx_word' id='word_1_599' title='bbox 1638 3626 1739 3656; x_wconf 77' lang='lat' dir='ltr'>Mich.</span> <span class='ocrx_word' id='word_1_600' title='bbox 1759 3627 1882 3659; x_wconf 78' lang='lat' dir='ltr'>111,1z.</span> 
     </span>
    </p>
   </div>
  </div>
 </body>
</html>
