2423 3861
839 132 950 174 Bm.
986 133 1072 186 VI,
1108 133 1272 175 64-72.
1895 129 1979 171 923

158 316 298 358 neque
328 302 567 358 quidquam
596 303 745 346 facere
770 303 1040 347 hominibus.
1066 302 1101 329 Μ
1124 303 1321 345 Scio-ntes
1347 301 1495 358 itaque
1521 300 1624 356 quia
1649 313 1735 342 non
1765 304 1868 341 sunt
1897 299 1979 354 dii,

157 375 212 404 ne
234 375 338 417 ergo
363 361 598 405 timueritis
620 376 705 405 eos.

216 419 253 446 ⁶5
270 420 424 476 Neque
446 421 564 464 enim
586 421 763 477 regibus
787 422 1074 477 maledicent,
1102 435 1242 477 neque
1266 420 1544 464 benedicent.
1564 419 1600 446 ⁰⁶
1616 418 1755 474 Signa
1776 417 1911 461 etiam
1936 418 1980 459 in

157 479 268 522 caelo
289 479 496 535 gentibus
521 494 607 523 non
631 481 894 536 ostendunt3
919 495 1059 536 neque
1085 486 1133 523 ut
1156 480 1221 523 sol
1248 479 1479 533 lucebunt,
1503 492 1644 534 neque
1665 475 1984 520 illuminabunt

158 544 206 581 ut
230 538 348 581 luna.
372 538 407 565 ⁶⁷
429 539 589 582 Bestiae
617 539 818 584 meliores
839 546 942 583 sunt
962 540 1072 595 illis,
1096 555 1194 596 quae
1228 543 1411 595 possunt
1440 538 1595 592 fugere
1625 536 1705 579 sub
1731 540 1898 579 tectum
1923 549 1983 602 ‚³3⁰

158 597 363 654 prodesse
392 598 491 641 sibi.
518 598 553 625 ⁶⁸
574 599 706 642 Nullo
730 599 878 655 itaque
910 599 1039 642 modo
1068 599 1194 642 nobis
1221 603 1286 641 est
1311 596 1600 640 manifestum
1629 595 1731 651 quia
1757 598 1858 637 sunt
1890 593 1980 648 d11;

157 663 334 713 propter
354 657 468 713 quod
492 673 545 701 ne
571 658 764 702 timeatis
787 672 872 701 eos.
1471 650 1477 665 ’
1825 713 1850 721 ..
1890 712 1898 720 ·

216 715 253 741 ⁶⁰
279 717 395 759 Nam
432 716 546 759 sicut
577 717 623 759 in
654 718 954 761 cucumerario
984 717 1177 760 formido
1203 717 1314 760 nihil
1341 716 1554 770 custodit,
1580 715 1642 756 ita
1664 718 1767 756 sunt
1792 713 1854 756 du
1886 712 1985 779 lllo-

156 789 251 817 runi
286 775 443 831 lignei,
478 781 522 819 et
549 776 769 832 argentei,
801 781 845 819 et
872 776 1078 818 inaurati.
1110 775 1147 802 7⁰
1172 776 1342 819 Eodem
1379 775 1509 818 modo
1546 779 1589 817 et
1620 773 1666 839 in
1698 772 1826 839 horto
1858 785 1984 827 splna

156 834 279 890 alba,
306 848 437 891 supra
462 849 595 890 quam
617 836 759 878 omnis
784 835 879 878 avis
901 835 1044 890 sedet,
1071 835 1276 878 similiter
1301 840 1343 878 et
1372 838 1543 877 mortuo
1569 835 1766 889 projecto
1791 845 1838 873 1n
1864 836 1984 873 tene-

157 892 267 949 bris,
294 892 460 937 similes
485 899 588 936 sunt
611 895 670 937 dii
696 894 873 937 illorum
898 894 1056 950 lignei,
1083 899 1126 937 et
1150 893 1363 949 inaurati,
1390 897 1434 936 et
1458 890 1742 947 inargentati.
1769 889 1802 915 ⁷¹
1824 889 1864 931 Α
1885 903 1984 945 pur-

157 966 264 1008 pura
287 966 458 1008 quoque
489 959 531 996 et
557 954 742 1009 murice,
766 967 864 1009 quae
890 967 1022 1009 supra
1051 953 1152 996 illos
1179 953 1371 1007 tineant,
1402 951 1551 995 scietis
1579 950 1738 1016 itaque·
1763 963 1882 1014 quia.
1898 962 1985 990 non

158 1016 259 1053 sunt
280 1011 366 1066 dii3
394 1011 478 1068 ipsi
502 1013 636 1056 etiam
654 1018 875 1069 postremo
894 1012 1197 1067 comeduntur,
1218 1017 1261 1055 et
1279 1016 1408 1055 erunt
1426 1009 1711 1073 opprobrium·
1726 1022 1772 1050 1n
1792 1021 1985 1062 regione.

158 1068 193 1095 7'2
211 1069 367 1113 Melior
399 1076 464 1113 est
496 1071 627 1114 homo
651 1071 800 1124 justus
834 1070 907 1126 qui
938 1084 1023 1113 non
1056 1070 1191 1113 habet
1227 1069 1485 1122 simulacra,
1516 1079 1620 1109 nam
1653 1070 1735 1109 erit
1766 1065 1897 1120 longe
1929 1064 1988 1107 ab

157 1128 413 1185 opprobriis.
