2456 3861
686 156 782 199 «πως.
818 157 949 209 xvi,
987 157 1047 199 10.
1070 181 1128 189 —
1162 156 1344 209 xviri,
1378 157 1416 198 3.
1882 156 1966 198 213

144 325 278 369 sionis
318 325 508 369 filiorum
550 327 773 381 Manasse,
816 332 861 369 et
899 326 1019 370 villae
1060 340 1223 371 earum.
1267 326 1298 366 ¹⁰.
1328 327 1385 369 Et
1418 340 1502 369 non
1537 325 1860 369 interficeerunt-
1888 324 1967 369 filii

146 384 356 440 Ephraim
378 384 704 439 Chananaaum,
727 385 801 440 qui
824 385 1057 428 habitabat
1078 385 1130 428 inv
1154 387 1320 439 Gaze&
1351 383 1657 439 habita-vitque
1688 383 1967 427 Chananaeus

143 442 185 485 in
210 443 356 485 medio
378 443 590 499 Ephraim
613 458 746 498 usque
770 443 815 485 in
840 443 957 487 diem
983 444 1096 487 hanc
1123 444 1393 487 tributarius.

201 503 307 546 CAR.
336 502 414 546 XV
426 503 486 546 ΙΙ.
508 528 568 535 -
596 502 605 528 ¹
630 500 802 545 Cecidit
830 507 978 545 autem
1000 516 1091 545 sors
1114 503 1245 546 tribui
1272 503 1476 548 Man-asse
1504 501 1627 559 Qipse
1649 501 1766 546 enim
1792 508 1858 545 est
1879 503 1966 559 pri*

142 560 392 616 mogenitus
414 561 638 617 -Josepl1);
671 561 843 603 Machir.
863 561 1388 616 primogenito-Manassc
1418 562 1531 617 patri
1564 560 1757 615 Galam,
1783 560 1968 615 quiwfuit

142 619 208 663 vir
229 625 460 675 pugnator,
480 619 721 674 habuitque
745 619 1063 675 possessionem
1089 620 1261 663 Galaad
1287 625 1330 663 et
1358 621 1527 675 Basan3
1554 619 1572 645 2
1589 625 1634 663 et
1657 619 1834 675 reliquis
1858 620 1967 664 filio-

142 692 236 721 rum
267 679 483 722 Manasse
504 679 631 733 juxta
664 677 863 721 familias
895 692 1016 732 suas,
1041 678 1143 721 filiis
1174 679 1373 731 Abiezer,
1402 684 1444 721 et
1474 679 1580 722 filiisv
1603 679 1763 733 Helec,
1788 684 1834 722 et
1866 679 1967 723 filiis

143 737 304 792 Esriel,
339 742 382 780 et
415 736 516 779 filiis
550 736 756 790 sechem,
783 742 828 778 et
860 736 962 778 filiis
994 737 1187 792 Hepher‚
1218 742 1260 779 et
1291 737 1396 780 filiis·
1423 737 1611 781 Semida.
1640 738 1721 780 Isti
1754 743 1857 782 sunt
1888 738 1966 781 filii

141 796 348 839 Manasse
372 795 665 851 filitJoseph,
689 809 852 849 mares,
879 809 955 850 per
985 795 1272 851 cognationes
1297 810 1410 839 suas.
1441 796 1458 821 3
1478 797 1700 852 Salphaad
1727 811 1850 852 vero,
1878 797 1968 840 filio

143 854 336 910 Hepher,
363 853 441 896 filii
466 853 659 909 Galaad,
693 853 772 896 filii
801 853 986 908 Machir,
1010 854 1096 897 filii
1118 855 1344 909 Manassc,
1372 869 1458 898 non
1489 861 1615 898 erant
1639 855 1738 910 filii,
1762 855 1837 898 sed
1863 856 1967 899 solae

140 913 263 968 filiae,
291 927 475 969 quarum
502 913 594 956 ista
612 917 714 956 sunt
736 913 916 956 nomina
940 929 948 956 ε
970 913 1142 969 Maala,
1165 919 1209 956 et
1239 914 1356 968 Noa,
1379 918 1423 956 et
1446 914 1614 969 Hegla,
1637 918 1681 958 et
1703 914 1897 968 Melcha,
1925 920 1970 957 et

141 973 333 1024 Thersag
371 972 386 998 ⁴
412 977 713 1027 veneruntque
747 971 792 1014 in
826 978 1065 1028 conspectu
1103 972 1302 1016 Eleazari
1341 972 1601 1027 sacerdotis,
1638 978 1681 1016 et
1717 973 1852 1016 Josue
1890 973 1969 1018 filii

142 1032 265 1087 Nun,
288 1036 333 1074 et
361 1030 632 1087 principum,
657 1031 858 1074 dicentes
886 1048 894 1074 z
930 1031 1146 1075 Dominus
1175 1031 1389 1088 praecepit
1420 1045 1496 1088 per
1521 1046 1700 1075 manum
1731 1032 1894 1087 Moysi,
1922 1038 1969 1074 ut

140 1090 317 1133 daretur
338 1089 467 1133 nobis
497 1089 713 1146 possessio
735 1090 781 1132 in
814 1091 969 1134 medio
992 1092 1184 1134 fratrum
1216 1096 1477 1134 nostrorum.
1506 1090 1726 1146 Deditque
1756 1090 1968 1146 eisjuxta

139 1149 380 1206 imperium
401 1149 580 1193 Domini
603 1149 925 1206 possessionem
942 1149 988 1191 in
1010 1149 1156 1194 medio
1178 1150 1369 1193 fratrum
1391 1150 1530 1206 patris
1555 1164 1718 1193 earum.
1742 1150 1758 1176 5
1777 1150 1835 1193 Et
1857 1150 1969 1193 ceci-

140 1208 298 1251 derunt
334 1208 525 1251 funiculi
559 1208 786 1264 Manasse,
825 1208 998 1265 decem,
1036 1209 1202 1264 absque
1239 1213 1360 1253 terra
1388 1209 1561 1253 Galaad
1594 1214 1638 1252 et
1673 1210 1819 1253 Basan
1848 1214 1969 1252 trans

139 1267 397 1311 Jordanem.
421 1267 439 1294 ³³
462 1267 590 1311 Filiae
609 1267 737 1310 enim-
754 1268 960 1311 Manasse
985 1268 1274 1325 possederunt
1295 1268 1589 1312 hereditatem
1616 1268 1670 1311 in>
1688 1267 1834 1312 medio
1859 1268 1967 1311 filio-

136 1341 236 1370 rum
270 1327 397 1382 ejus,
432 1332 548 1369 terra
583 1331 732 1370 autem
762 1327 941 1371 Galaad,
970 1327 1132 1370 cecidit
1163 1327 1211 1370 in
1243 1332 1405 1370 sortem
1440 1327 1630 1371 filiorum
1664 1327 1869 1371 Manasse
1895 1327 1968 1382 qui

139 1386 295 1442 reliqui
329 1391 466 1431 erant.
498 1385 513 1411 ⁷
542 1385 731 1440 Euitque
760 1386 975 1429 terminus
1001 1386 1207 1429 Manasse
1238 1386 1293 1428 ab
1329 1387 1451 1441 Aser,
1482 1386 1841 1441 Machmethath,
1871 1400 1969 1441 quae

138 1445 320 1501 respicit
353 1444 558 1499 Sichem.;
590 1450 635 1487 et
659 1444 884 1500 egreditur
914 1445 977 1488 ad.
1010 1444 1213 1488 dextram
1263 1445 1394 1501 juxta
1423 1445 1695 1489 habitatores
1723 1444 1863 1488 fontis
1884 1446 1968 1489 Ta-

137 1505 282 1561 phuae.
307 1504 324 1531 8
347 1503 522 1547 Etenim
546 1503 592 1545 in
622 1508 737 1546 sorte
763 1504 970 1548 Manasse
995 1503 1221 1548 ceciderat
1244 1508 1361 1546 terra
1386 1505 1611 1560 Taphuae,
1627 1518 1726 1559 quae
1748 1509 1817 1547 est
1839 1504 1970 1560 juxta

137 1563 350 1606 terminos
375 1563 582 1606 Manasse
600 1562 791 1605 filiorum
809 1562 1036 1618 Ephraim,
1060 1562 1077 1588 9
1097 1562 1424 1618 Descenditque
1444 1562 1807 1607 ter-minusvallis
1826 1565 1969 1608 Arun-

136 1623 278 1667 -dineti
312 1622 358 1665 in
397 1621 630 1665 meridiem
662 1621 872 1664 torrentis-
911 1621 1148 1666 civitatum
1189 1621 1424 1677 Ephraim,
1463 1636 1573 1676 quae
1602 1621 1651 1664 in
1683 1621 1840 1666 medio·
1868 1628 1972 1665 sunt

137 1681 314 1725 urbium
337 1682 555 1725 Manasse.
579 1680 814 1723 Terminus
833 1681 1040 1724 Manasse
1065 1680 1121 1725 ab
1147 1680 1353 1736 aquilone
1385 1681 1679 1736 torrentis„et
1704 1681 1847 1725 exitus
1872 1681 1969 1736 ejus

137 1741 283 1797 pergit
307 1740 364 1784 ad
386 1755 506 1784 mare
527 1758 535 1795 3
562 1739 681 1783 '¹0‘ita
703 1744 751 1782 ut
775 1740 992 1796 possessio
1014 1740 1230 1796 Ephraim
1259 1739 1321 1784 sin
1341 1740 1397 1782 ab
1422 1744 1590 1795 austro,
1618 1744 1662 1782 et
1683 1740 1739 1782 ab
1764 1740 1969 1795 aquilone

136 1801 363 1856 Manasse,
387 1804 433 1843 et
455 1804 688 1854 utramque
719 1799 900 1842 claudat
928 1804 1142 1855 ma1·e,et
1167 1799 1498 1855 conjungantur
1527 1799 1613 1843 sibi
1635 1799 1683 1842 in
1716 1799 1841 1842 tribu·
1860 1800 1970 1843 Aser

134 1859 193 1902 ab
219 1859 446 1915 aquilone,
463 1863 506 1902 et
528 1858 573 1901 in
595 1858 722 1902 tribu
736 1858 943 1902 Issachar
962 1858 1020 1901 ab
1047 1859 1226 1905 oriente.
1257 1858 1289 1884 '¹¹
1311 1858 1746 1913 Fuitquevhereditas
1764 1858 1969 1902 Manasse

135 1919 183 1961 in
213 1919 419 1962 Issachar
451 1923 496 1961 et
528 1918 573 1962 in
608 1919 731 1974 Aser,
766 1918 962 1963 Bethsan
995 1922 1040 1960 et
1068 1917 1204 1960 viculi
1239 1918 1355 1974 erS,
1379 1922 1422 1961 et
1452 1917 1669 1964 Jeblaam
1686 1931 1796 1961 cum:
1812 1917 1971 1960 viculis

134 1978 247 2034 suiS,
267 1984 315 2022 et
332 1977 609 2022 habitatores
636 1979 729 2020 Dor
748 1991 850 2020 cum
876 1977 1051 2034 oppidis
1072 1977 1180 2033 suis,
1200 1977 1483 2020 habitatores
1501 1990 1673 2032 quoque
1698 1976 1851 2021 Endor-
1869 1990 1969 2019 cum

135 2038 301 2081 viculis
316 2038 405 2083 suis
425 2055 433 2092 ς
461 2037 754 2092 similiterque
778 2036 1054 2080 habitatores
1076 2037 1258 2080 Thenas
1283 2050 1384 2080 cum
1405 2036 1566 2078 viculis
1585 2035 1694 2090 suis,
1722 2040 1766 2078 et
1795 2035 1969 2079 habita-

135 2102 250 2141 tores
283 2096 508 2153 Mageddo
538 2110 648 2141 cumv
665 2096 825 2139 viculis
847 2095 957 2152 suis,
982 2098 1031 2138 et
1051 2096 1187 2139 tertia
1203 2110 1304 2152 pars
1325 2095 1447 2139 urbis
1470 2095 1692 2151 Nopheth.
1721 2093 1756 2120 12
1775 2095 1868 2138 Nec
1893 2108 1967 2150 po-

134 2161 314 2200 tuerunt
351 2155 430 2198 filii
468 2156 674 2199 Manasse
715 2156 806 2198 has.
834 2155 1040 2198 civitates
1081 2155 1365 2210 subvertere,
1404 2154 1482 2197 sed
1519 2153 1654 2210 coepit
1689 2154 1968 2196 Chananaeus

137 2216 338 2259 habitare
362 2215 410 2257 in
432 2220 548 2257 terra
570 2229 662 2258 sua.
691 2214 727 2240 13
749 2215 992 2270 Postquam
1016 2220 1166 2259 autem
1188 2213 1508 2257 convaluerunt
1532 2213 1612 2256 filii
1635 2213 1794 2268 Israel,
1820 2212 1967 2268 subje-

132 2279 290 2318 cerunt
316 2274 611 2328 ChananaeOS‚
637 2279 681 2317 et
701 2274 907 2317 fecerunt
931 2273 1025 2316 sibi·
1042 2273 1319 2329 tributarios,
1343 2272 1768 2317 necinterfecerunt
1789 2286 1877 2315 eos.

196 2334 230 2360 ¹4
250 2334 495 2389 Locutique
520 2338 624 2376 sunt
645 2333 733 2376 filii¹
751 2333 921 2389 Joseph
938 2332 996 2375 ad
1014 2334 1172 2389 Josue,
1192 2338 1238 2375 et
1254 2332 1492 2377 dixerunt:
1514 2332 1654 2382 Quare
1675 2330 1835 2376 dedisti
1857 2331 1967 2374 mihi

132 2393 458 2450 possessionem
489 2392 631 2437 sortis.
656 2398 705 2435 et·
736 2391 935 2436 funiculir
965 2392 1114 2448 unius,
1146 2406 1247 2435 cum
1279 2392 1369 2435 sim
1395 2396 1536 2434 tantae
1569 2390 1888 2446 multitudinis,
1924 2395 1969 2434 et

134 2452 414 2497 benedixerit
439 2452 549 2495 mihi
574 2451 823 2497 Dominus?
851 2450 885 2477 15
907 2451 985 2495 Ad.
1009 2465 1126 2507 quos*
1145 2452 1281 2495 Josue
1305 2451 1370 2494 ait
1393 2467 1401 2493 ε
1431 2451 1474 2496 si
1499 2450 1686 2507 populus
1711 2450 1876 2494 multus
1900 2464 1965 2505 es,

134 2513 328 2557 ascende.
346 2512 393 2555 in
418 2511 601 2567 silvam,
625 2515 671 2554 et
691 2510 867 2554 succide
901 2509 984 2553 tibi
1009 2511 1156 2566 spatia
1184 2511 1233 2553 in
1261 2515 1377 2555 terra
1404 2509 1637 2554 Pherezaei
1654 2514 1698 2552 et
1725 2509 1964 2565 Raphaim‚

136 2572 238 2627 quia
265 2576 458 2628 angusta
487 2576 554 2614 est
582 2570 665 2614 tibi
690 2570 907 2627 possessio
934 2569 1096 2613 montis
1123 2569 1351 2626 Ephraim.
1387 2568 1419 2595 ¹ss
1441 2568 1523 2612 Cui
1543 2568 1865 2624 responderunt
1887 2567 1967 2611 filii

135 2631 335 2688 Joseph:
370 2632 470 2674 Non
502 2630 745 2687 poterimus
774 2629 838 2673 ad.
864 2634 1078 2674 montana
1107 2627 1422 2684 conscendere,
1454 2642 1555 2672 cum
1584 2627 1740 2671 ferreis
1770 2626 1967 2669 curribus

137 2696 315 2734 utantur
351 2689 617 2746 Chananaei,
649 2689 724 2745 qui
760 2688 972 2733 habitant>
1004 2688 1050 2731 in
1084 2690 1209 2732 terra,
1234 2686 1492 2743 campestri,
1527 2687 1573 2729 in
1611 2701 1701 2741 qua
1733 2686 1831 2729 sitae
1864 2691 1969 2730 sunt

136 2750 333 2793 Bethsan
351 2764 452 2793 cum
470 2749 628 2794 viculis
646 2748 756 2804 suis,
777 2754 821 2791 et
839 2749 866 2792 J
873 2748 1015 2791 ezrael
1033 2747 1229 2790 mediam
1246 2746 1477 2803 possidens
1494 2746 1683 2791 vallem„
1701 2745 1734 2771 ‘¹⁷
1756 2745 1967 2801 Dixitque

134 2810 270 2852 Josue
298 2809 355 2852 ad
383 2809 572 2853 domum
598 2809 788 2864 Joseph‚
821 2808 1035 2864 Ephraim
1070 2812 1115 2850 et
1143 2807 1349 2850 Manasse
1373 2821 1381 2848 :
1411 2805 1604 2861 Populus
1637 2805 1815 2850 multus.
1833 2819 1897 2860 es,
1926 2810 1969 2848 et

135 2882 312 2924 magnae
333 2864 614 2912 fortitudinis
634 2886 642 2923 3
675 2881 763 2910 non
788 2867 975 2911 habebis
997 2872 1159 2911 sortem
1182 2879 1338 2919 unam,
1367 2864 1402 2893 '¹⁸
1429 2864 1505 2908 sed
1531 2864 1745 2908 transibis
1767 2864 1823 2908 ad
1845 2878 1968 2907 mon-

133 2933 245 2983 tem,
268 2932 314 2970 et
341 2927 545 2970 succides
567 2927 671 2982 tibi,
703 2932 836 2982 atque
869 2925 1082 2982 purgabis
1116 2925 1172 2968 ad
1206 2924 1506 2969 habitandum,
1530 2924 1704 2980 spatia;
1733 2928 1778 2966 et
1805 2923 1968 2979 poteris

133 2986 249 3029 ultra
269 2986 504 3043 procedere
531 3000 632 3028 cum
662 2985 929 3029 subverteris
960 2985 1296 3039 Chananaeum,¹
1317 2997 1448 3039 quem
1478 2982 1589 3026 dicis
1615 2982 1969 3027 fierr-eoshabere

134 3059 303 3101 currus,
331 3051 376 3088 et
396 3059 489 3088 esse
512 3045 820 3088 fortissimum.

629 3168 653 3224 ξ
687 3167 777 3210 III.
804 3191 862 3199 —-
892 3166 1015 3208 Pars
1050 3165 1188 3209 tribus
1221 3165 1472 3222 Benjamin.

193 3284 579 3328 CARXVHL—
604 3284 616 3310 ¹
637 3282 995 3339 Congregatique
1020 3287 1123 3326 sunt
1149 3296 1300 3325 omnes
1326 3281 1411 3324 filii
1441 3281 1580 3326 Israel
1610 3280 1656 3324 in
1679 3279 1786 3335 Silo,
1817 3279 1967 3335 ibique

134 3343 325 3387 fixerunt
351 3342 691 3387 tabernaculum
724 3341 988 3397 testimonii,
1013 3347 1056 3385 et
1085 3341 1176 3384 fuit
1203 3342 1410 3385 eis-terra
1438 3340 1655 3395 subjecta.
1687 3338 1704 3364 '2
1728 3339 1965 3382 Remanse-

134 3407 235 3445 rant
257 3407 408 3446 autem
428 3402 620 3446 filiorum
638 3402 777 3445 Israel
799 3405 971 3457 septem
992 3401 1155 3456 tribus,
1175 3415 1274 3456 quae
1294 3400 1485 3444 necdum
1511 3402 1775 3454 acceperant
1797 3411 1965 3453 posses-

135 3460 279 3504 siones
314 3475 427 3504 suas.
466 3462 483 3488 3
508 3462 716 3517 Adquos
750 3461 886 3504 Josue
911 3460 1013 3503 ait:
1051 3461 1288 3515 Usquequo
1318 3458 1532 3502 marcetis
1559 3456 1763 3513 ignavia,
1798 3461 1843 3499 et
1878 3471 1966 3500 non

135 3518 311 3563 intratis
334 3520 400 3563 ad:
415 3520 731 3577 possidendam
755 3525 939 3575 terram,
968 3533 1101 3575 quam
1128 3518 1346 3562 Dominus
1374 3519 1493 3561 Deus
1517 3521 1703 3573 patrum*
1719 3520 1966 3560 vestrorum

138 3666 182 3699 17,
203 3666 231 3698 2]
251 3665 346 3693 Num.
365 3665 491 3700 XXVI,
508 3669 553 3694 30.
575 3681 610 3685 -—
628 3666 657 3699 3]
675 3665 772 3692 Num.
791 3663 937 3698 XXVII,
955 3667 969 3691 1
992 3666 1026 3691 et
1044 3663 1206 3698 XXXVI,
1225 3665 1267 3690 11.

2031 513 2108 540 Sors
2141 510 2270 539 dimidii

2073 555 2235 582 Manasse.

2078 2336 2233 2369 Augetur

2033 2386 2110 2411 pars
2130 2379 2274 2408 filiorum

2086 2424 2107 2452 J
2110 2424 2223 2457 oseph.

2058 3300 2247 3334 Descriptio

2044 3348 2141 3374 terra>
2153 3346 2261 3373 adhuc

2099 3388 2210 3417 distri-

2079 3433 2227 3462 buendae.
