2456 3861
664 143 816 187 DnU'r.
846 143 961 198 VII,
998 145 1050 186 14
1083 171 1142 177 —-
1174 145 1314 200 VIII,
1354 146 1417 187 12.
1868 148 1948 189 169

127 327 210 369 que
235 313 486 367 vindemiae,
518 312 635 367 oleo,
670 318 713 355 et
740 313 966 366 armentis,
996 313 1204 368 gregibus
1235 313 1383 356 ovium
1417 319 1592 356 tuarum
1620 328 1749 370 super
1775 321 1948 368 terram,

129 386 201 429 pro
231 386 316 427 qua
345 371 512 427 juravit
540 371 739 428 patribus
770 371 856 413 tuis
886 377 934 414 ut
963 371 1086 414 daret
1116 386 1214 414 eam
1244 372 1339 415 tibi.
1374 371 1406 398 11
1431 372 1696 416 Benedictus
1725 372 1808 415 eris
1837 373 1950 415 inter

126 444 275 472 omnes
309 431 506 487 populos.
540 430 640 473 Non
674 430 756 473 erit
787 430 904 486 apud
946 435 988 473 te
1021 430 1181 473 sterilis
1215 430 1441 486 utriusque
1474 445 1624 486 sexus,
1668 437 1758 473 tam
1796 431 1840 474 in
1875 432 1949 474 ho-

124 488 339 544 minibus,
373 503 506 544 quam
535 489 580 531 in
611 488 820 545 gregibus
851 488 951 531 tuis.
991 489 1023 514 ¹5
1053 489 1241 532 Auferet
1272 490 1488 532 Dominus
1516 505 1541 532 a
1576 495 1618 533 te
1647 504 1822 533 omnem
1857 490 1948 532 lan-

122 560 325 604 guorem,
353 553 396 591 et
421 547 700 590 infirmitates
725 547 914 603 AEgypti
942 547 1175 603 pessimas,
1206 563 1313 603 quas
1340 548 1523 604 novisti,
1551 563 1636 592 non
1662 548 1825 592 inferet
1854 549 1948 605 tibi,

120 605 197 648 sed
232 606 402 649 cunctis
437 606 637 649 hostibus
678 605 778 648 tuis.
816 605 849 631 ¹⁶
879 606 1123 648 Devorabis
1166 621 1317 649 01111100
1352 607 1555 663 populos,
1589 622 1696 663 quos
1735 608 1950 651 Dominus

123 664 241 707 Deus
272 670 371 708 tuus
401 665 582 708 daturus
612 669 677 708 est
708 664 803 706 tibi.
832 664 931 706 Non
962 669 1111 719 parcet
1140 665 1201 707 eis
1232 665 1383 707 oculus
1414 672 1534 721 tuus,
1565 681 1645 709 nec
1674 667 1836 710 servies
1867 666 1950 709 diis

121 737 291 779 eorum,
327 738 382 767 110
413 723 503 766 sint
535 723 582 765 in
615 722 789 765 ruinam
823 722 901 764 tui.
937 721 970 748 ¹7
1000 721 1046 765 Si
1080 722 1243 766 dixeris
1277 723 1323 765 in
1358 724 1488 768 corde
1521 731 1629 769 tuo:
1664 726 1816 769 Plures
1849 731 1951 768 sunt

121 788 274 837 gentes
307 782 405 825 istae
446 795 579 837 quam
619 795 723 837 ego3
760 780 978 836 quomodo
1013 786 1162 836 potero
1203 781 1348 825 delere
1377 796 1449 825 eas
1470 782 1491 824 ‘?
1526 783 1560 810 ¹8
1592 784 1693 826 Noli
1735 790 1946 839 metuere,

121 840 197 884 sed
222 841 450 884 recordare
468 854 567 896 quae
592 839 751 883 fecerit
772 838 988 882 Dominus
1016 840 1134 882 Deus
1161 845 1262 882 tuus
1283 840 1522 896 Pharaoni,
1550 847 1592 884 et
1619 843 1789 885 cunctis
1807 843 1948 899 AEgy-

120 899 249 955 ptiis,
286 899 320 925 ¹⁰
345 899 501 956 plagas
536 898 775 953 maximas,
810 912 917 954 quas
951 897 1158 941 viderunt
1191 899 1306 941 oculi
1341 899 1433 954 tui,
1461 905 1504 942 et
1536 900 1664 955 signa
1693 907 1824 956 atque
1854 917 1948 958 por-

119 963 263 1012 tenta,
291 972 559 1013 manumque
587 957 837 1012 robustam,
868 962 912 1000 et
941 961 1171 1000 extentum
1197 956 1449 1013 brachium,
1482 964 1530 1000 ut
1560 958 1765 1002 educeret
1793 966 1836 1002 te
1864 961 1950 1002 Do-

118 1016 264 1059 minus
301 1017 419 1060 Deus
450 1022 563 1059 tuus.
596 1016 668 1060 Sic
697 1016 836 1059 faciet
867 1015 1036 1058 cunctis
1063 1015 1250 1072 populis,
1283 1030 1389 1072 quos
1424 1017 1596 1060 metuis.
1628 1016 1664 1044 ⁶20
1693 1019 1880 1074 Insuper
1910 1025 1952 1062 et

117 1075 351 1119 crabrones
382 1075 529 1118 mittet
559 1075 777 1118 Dominus
808 1076 928 1118 Deus
958 1080 1059 1118 tuus
1087 1075 1134 1117 in
1164 1089 1256 1131 eos,
1292 1075 1431 1119 donec
1462 1075 1607 1119 deleat
1636 1090 1786 1120 omnes
1819 1083 1952 1133 atque

116 1133 344 1191 disperdat
377 1134 450 1190 qui
484 1139 527 1178 te
560 1134 781 1190 fugerint,
815 1139 858 1177 et
889 1133 1026 1177 latere
1055 1134 1291 1190 potuerint.
1323 1133 1357 1160 2¹
1389 1135 1489 1177 Non
1519 1135 1696 1178 timebis
1727 1149 1819 1189 000,
1851 1136 1952 1191 quia

119 1192 336 1236 Dominus
369 1194 486 1237 Deus
513 1198 613 1236 tuus
645 1193 691 1235 in
718 1192 864 1236 medio
898 1193 962 1235 tui
988 1198 1073 1248 est,
1102 1194 1222 1236 Deus
1249 1207 1436 1249 magnus
1462 1198 1506 1237 et
1534 1194 1766 1248 terribilis3
1799 1193 1835 1220 2'2
1859 1194 1953 1251 ipse

115 1257 346 1295 consumet
372 1252 572 1295 nationes
597 1252 676 1294 has
701 1251 748 1294 in
775 1256 1012 1308 conspectu
1042 1257 1118 1295 tuo
1147 1251 1365 1308 paulatim
1394 1258 1527 1308 atque
1555 1267 1631 1309 per
1659 1258 1818 1310 partes.
1853 1254 1952 1296 Non

116 1311 278 1366 poteris
305 1325 377 1354 eas
404 1311 548 1354 delere
578 1310 761 1368 pariter,
788 1325 843 1354 ne
868 1311 984 1354 forte
1010 1310 1363 1367 multiplicentur
1388 1317 1540 1355 contra
1566 1317 1609 1355 te
1634 1312 1789 1355 bestiae
1809 1317 1950 1355 terrae.

115 1368 153 1396 ‘²3
181 1370 406 1425 Dabitque
432 1384 504 1412 eos
531 1370 749 1412 Dominus
777 1371 895 1413 Deus
926 1375 1027 1412 tuus
1055 1369 1102 1412 in
1129 1375 1366 1426 conspectu
1394 1375 1489 1426 tuo,
1518 1376 1561 1414 et
1589 1370 1824 1414 interficiet
1853 1371 1952 1414 illos

115 1428 254 1472 donec
289 1429 463 1485 penitus
505 1428 747 1471 deleantur.
784 1427 820 1454 ”24
854 1429 1104 1484 Tradetque
1143 1443 1268 1484 reges
1302 1443 1452 1472 eorum
1484 1429 1531 1471 in
1565 1444 1724 1473 manus
1754 1434 1868 1486 tuas,
1910 1436 1952 1473 et

116 1487 341 1544 disperdes
375 1487 555 1530 nomina
588 1501 740 1530 eorum
769 1487 850 1529 sub
885 1487 1017 1540 caelo3
1061 1487 1208 1529 nullus
1243 1488 1403 1544 poterit
1435 1488 1636 1532 resistere
1672 1489 1774 1545 tibi,
1813 1490 1952 1533 donec

116 1551 315 1590 conteras
358 1560 444 1589 eos.
480 1545 516 1572 2⁵
544 1545 779 1602 Sculptilia
820 1560 971 1588 eorum
1012 1546 1116 1601 igne
1154 1546 1408 1601 combures,·
1447 1561 1532 1589 11011
1567 1548 1850 1604 concupisces
1885 1563 1951 1590 ar-

116 1610 299 1661 gentum
339 1610 382 1648 et
420 1618 598 1660 aurum,
642 1604 696 1647 de
737 1604 896 1660 quibus
937 1605 1062 1647 facta
1103 1609 1226 1660 sunt,
1264 1619 1404 1660 neque
1443 1620 1641 1649 assumes
1684 1621 1737 1650 ex
1775 1607 1836 1650 eis
1870 1607 1951 1649 tibi

112 1663 376 1719 quidquam,
407 1678 462 1707 ne
495 1663 722 1719 offendas,
754 1668 985 1720 propterea
1016 1663 1118 1719 quia
1146 1663 1420 1707 abominatio
1450 1669 1516 1707 est
1547 1665 1728 1708 Domini
1759 1665 1842 1709 Dei
1872 1666 1951 1708 tui.

112 1721 150 1749 ⁶²⁶
177 1722 271 1765 Nec
303 1723 470 1766 inferes
503 1722 733 1780 quippiam
767 1737 822 1766 ex
854 1722 973 1766 idolo
1010 1722 1058 1765 in
1095 1722 1277 1765 domum
1306 1728 1451 1779 tuam,
1492 1737 1547 1766 ne
1580 1723 1658 1766 fias
1691 1725 1950 1780 anathema,

111 1780 226 1823 sicut
262 1787 305 1824 et
341 1781 454 1825 illud
488 1787 566 1825 est.
600 1781 735 1832 Quasi
770 1781 1031 1838 spurcitiam
1060 1781 1370 1837 detestaberis,
1401 1787 1445 1825 et
1484 1782 1608 1825 velut
1643 1783 1950 1837 inquinamen-

110 1844 206 1882 tum
240 1854 292 1882 ac
324 1840 474 1883 sordes
506 1840 830 1884 abominationi
863 1840 1070 1897 habebis,
1106 1840 1208 1897 quia
1241 1841 1480 1884 anathema
1515 1847 1593 1885 est.

529 1964 552 2017 ξ
588 1962 670 2005 IV.
703 1985 763 1995 ——
795 1962 1118 2013 Beneficiorum
1149 1961 1240 2005 Dei
1269 1962 1528 2006 recordatio.

169 2077 276 2120 CAP.
310 2078 446 2120 VIII.
480 2103 538 2109 —
580 2076 593 2102 1
629 2077 772 2121 Omne
813 2077 1096 2133 mandatum,
1140 2077 1257 2133 quod
1299 2092 1380 2133 ego
1422 2077 1631 2134 praecipio
1674 2077 1755 2120 tibi
1797 2077 1949 2134 hodie,

110 2150 217 2178 cave
251 2136 488 2191 diligenter
520 2141 570 2178 ut
601 2136 766 2192 facias,
802 2142 850 2179 ut
883 2137 1061 2193 possitis
1094 2136 1264 2191 vivere,
1297 2142 1341 2180 et
1370 2136 1751 2192 multiplicemini,
1783 2136 1950 2192 ingres-

108 2194 233 2250 sique
257 2194 521 2251 possideatis
548 2200 730 2251 terram,
762 2210 838 2252 pro
870 2210 955 2251 qua
984 2195 1152 2251 juravit
1183 2195 1400 2238 Dominus
1430 2195 1628 2252 patribus
1658 2196 1825 2239 vestris.
1858 2195 1874 2221 2
1893 2197 1950 2238 Et

109 2253 408 2297 recordaberis
443 2254 592 2297 cuncti
624 2254 816 2310 itineris,
859 2269 936 2311 per
968 2255 1084 2310 quod
1124 2254 1313 2298 adduxit
1348 2260 1391 2298 te
1434 2254 1651 2298 Dominus
1686 2256 1805 2298 Deus
1848 2260 1948 2298 tuus

107 2312 406 2368 quadraginta
430 2313 559 2355 annis
586 2327 662 2370 per
687 2313 930 2368 desertum,
958 2318 1007 2356 ut
1031 2313 1256 2369 affligeret
1282 2318 1345 2369 te,
1371 2318 1504 2369 atque
1531 2319 1741 2369 tentaret,
1773 2319 1816 2357 et
1845 2320 1949 2357 nota

108 2372 264 2414 fierent
297 2386 396 2428 quae
429 2371 477 2414 in
506 2377 581 2415 tuo
615 2371 764 2415 animo
790 2372 1101 2428 versabantur,
1129 2378 1278 2415 utrum
1303 2372 1545 2416 custodires
1573 2373 1784 2416 mandata
1813 2372 1946 2429 illius,

107 2445 167 2473 an
199 2445 301 2474 non.
335 2430 353 2456 3
381 2430 555 2473 Afflixit
588 2436 631 2474 te
664 2431 868 2487 penuria,
903 2436 946 2474 et
980 2431 1102 2474 dedit
1138 2431 1221 2474 tibi
1255 2431 1405 2474 cibum
1446 2446 1630 2487 manna,
1665 2432 1780 2487 quod
1821 2432 1947 2488 igno-

108 2489 238 2532 rabas
272 2494 320 2532 tu
354 2494 397 2533 et
429 2495 575 2546 patres
611 2490 695 2545 tui,
731 2495 779 2533 ut
812 2490 1061 2533 ostenderet
1094 2490 1175 2533 tibi
1211 2490 1326 2546 quod
1359 2505 1446 2533 non
1478 2490 1525 2533 in
1555 2490 1649 2533 solo
1683 2505 1796 2547 pane
1825 2491 1948 2534 vivat

109 2548 261 2605 homo,
297 2548 374 2592 sed
408 2548 455 2591 in
488 2549 609 2592 omni
649 2549 782 2592 verbo
818 2549 933 2604 quod
968 2548 1191 2604 egreditur
1231 2549 1285 2593 de
1325 2563 1398 2592 ore
1438 2549 1536 2593 Dei.
1571 2549 1588 2575 4
1618 2550 1947 2593 Vestimentum

107 2612 255 2663 tuum,
292 2622 375 2663 quo
409 2607 697 2665 operiebaris,
731 2622 1013 2664 nequaquam
1056 2612 1276 2651 vetustate
1318 2608 1504 2663 defecit,
1540 2613 1583 2651 et
1616 2623 1691 2664 pes
1726 2614 1826 2652 tuus
1859 2623 1947 2651 non

107 2672 175 2709 est
213 2666 441 2722 subtritus,
473 2681 527 2710 en
557 2666 922 2722 quadragesimus
951 2681 1093 2709 annus
1123 2672 1201 2709 est.
1232 2667 1250 2693 5
1268 2667 1331 2710 Ut
1360 2667 1576 2722 recogites
1606 2667 1652 2709 in
1687 2668 1815 2711 corde
1848 2672 1944 2723 tuo,

108 2725 212 2780 quia
241 2725 356 2768 sicut
385 2725 530 2769 erudit
560 2725 702 2768 filium
731 2740 860 2768 suum
892 2726 1044 2781 homo,
1064 2726 1128 2768 sic
1163 2725 1380 2769 Dominus
1399 2727 1518 2769 Deus
1549 2730 1649 2769 tuus
1680 2726 1871 2769 erudivit
1888 2732 1944 2783 te,

108 2784 127 2810 6
154 2790 203 2826 ut
236 2784 458 2828 custodias
492 2784 704 2827 mandata
737 2784 916 2828 Domini
948 2784 1030 2827 Dei
1065 2784 1150 2840 tui,
1181 2790 1225 2828 et
1252 2784 1453 2828 ambules
1482 2784 1529 2827 in
1560 2784 1643 2827 viis
1674 2785 1792 2842 ejus,
1824 2792 1866 2829 et
1891 2786 1944 2828 ti-

109 2856 229 2886 meas
259 2858 374 2886 eum.

167 2901 183 2928 ⁷
219 2902 437 2946 Dominus
471 2903 590 2946 enim
632 2904 752 2947 Deus
792 2908 893 2946 tuus
925 2903 1176 2947 introducet
1205 2907 1249 2946 te
1284 2903 1331 2945 in
1364 2908 1526 2946 terram
1563 2903 1748 2961 bonam,
1783 2909 1945 2947 terram

107 2961 303 3004 rivorum
338 2976 641 3017 aquarumque
678 2967 721 3005 et
757 2962 977 3018 fontium,
1016 2962 1063 3005 in
1100 2962 1228 3018 cujus
1262 2962 1430 3019 campis
1460 2967 1504 3006 et
1545 2963 1768 3006 montibus
1803 2978 1944 3006 erum-

109 3025 220 3077 punt
251 3020 487 3064 fluviorum
519 3021 693 3077 abyssi;
714 3020 730 3047 8
748 3026 911 3064 terram
942 3021 1179 3076 frumenti,
1210 3021 1382 3076 hordei,
1413 3035 1466 3064 ac
1494 3021 1745 3077 vinearum,
1779 3022 1826 3065 in
1860 3038 1944 3079 qua

106 3078 237 3135 ficus,
271 3084 315 3122 et
339 3079 668 3136 malogranata,
695 3085 738 3123 et
767 3080 930 3123 oliveta
955 3085 1219 3135 nascuntur3
1248 3085 1411 3123 terram
1439 3080 1523 3124 olei
1553 3095 1605 3123 ac
1635 3082 1803 3135 mellis;
1835 3082 1852 3107 9
1870 3082 1943 3124 ubi

106 3137 275 3194 absque
304 3138 396 3181 ulla
429 3138 612 3195 penuria
647 3139 850 3182 comedes
882 3154 1043 3195 panem
1067 3144 1213 3195 tuum,
1245 3145 1288 3182 et
1316 3153 1461 3182 rerum
1487 3140 1686 3182 omnium
1713 3140 1943 3183 abundan-

107 3196 172 3239 tia
201 3197 464 3253 perfrueris3
493 3197 620 3252 cujus
646 3198 817 3254 lapides
847 3198 1016 3241 ferrum
1045 3204 1167 3255 sunt,
1199 3204 1242 3242 et
1271 3199 1325 3242 de
1355 3199 1579 3242 montibus
1605 3200 1701 3255 ejus
1730 3199 1827 3241 aeris
1854 3214 1943 3242 me-

108 3255 218 3298 talla
248 3256 505 3311 fodiuntur;
538 3256 574 3283 ¹⁰
605 3262 653 3299 ut
685 3271 785 3299 cum
816 3257 1078 3314 comederis,
1110 3263 1152 3301 et
1180 3258 1367 3300 satiatus
1397 3258 1556 3314 fueris,
1588 3258 1823 3301 benedicas
1855 3259 1940 3300 Do-

109 3313 229 3358 mino
261 3316 354 3358 Deo
385 3321 461 3358 tuo
487 3329 564 3372 pro
589 3321 704 3358 terra
734 3316 922 3372 optima,
950 3331 1082 3372 quam
1108 3317 1230 3360 dedit
1254 3317 1350 3360 tibi.
1383 3316 1416 3342 11
1445 3317 1659 3372 Observa,
1688 3322 1730 3360 et
1756 3330 1862 3359 cave
1888 3331 1941 3360 ne

108 3373 285 3427 quando
311 3373 586 3417 obliviscaris
614 3375 795 3418 Domini
824 3375 906 3418 Dei
935 3375 1020 3430 tui,
1045 3381 1088 3419 et
1113 3376 1315 3432 negligas
1344 3376 1555 3418 mandata
1581 3376 1676 3431 ejus
1713 3380 1844 3430 atque
1872 3375 1940 3430 ju-

107 3430 228 3474 dicia
257 3438 300 3476 et
333 3433 624 3489 ceremonias,
656 3448 762 3489 quas
794 3448 874 3489 ego
905 3434 1114 3491 praecipio
1148 3434 1228 3477 tibi
1262 3434 1414 3490 hodie,
1450 3434 1486 3460 ¹²
1517 3448 1572 3477 ne
1604 3439 1836 3490 postquam
1870 3447 1939 3477 co-

111 3594 162 3663 1121]
180 3594 241 3621 Ex.
259 3594 392 3629 XXIII,
409 3597 499 3623 26.—
517 3596 564 3628 20]
584 3596 643 3623 Ex.
659 3595 780 3622 XXIII
798 3598 862 3630 228.
876 3596 946 3623 Jos.
966 3596 1091 3630 XXIV,
1110 3598 1152 3623 12.
1166 3607 1201 3612 -
1218 3596 1266 3628 25]
1283 3595 1316 3622 11
1336 3595 1443 3622 Maeli.
1461 3593 1542 3629 XII,
1556 3596 1645 3622 40.—
1659 3594 1688 3627 3]
1704 3594 1825 3622 Mattli.
1845 3595 1900 3631 IV,
1913 3598 1938 3624 4.

144 3643 195 3665 uc.
211 3637 304 3670 IV,4.

2096 2087 2184 2115 Deus

2064 2130 2213 2163 optimus

2036 2175 2238 2208 paedagogus

2064 2218 2209 2248 Israelis.

2077 2912 2190 2946 Ipsius

2039 2956 2225 2985 liberalitas

2020 3001 2240 3034 agnoscenda.
