2423 3861
864 138 967 178 ·l1-31:.
1005 138 1142 179 xlii.
1182 139 1308 178 1227.
1916 131 1996 181 8‘61

581 351 602 403 ξ
635 347 724 391 III.
758 373 816 378 —
849 346 1184 388 Humiliccbimr
1216 348 1420 402 supet-(tiu
1453 349 1593 390 sud«.

231 478 338 522 CAP.
374 478 506 519 XIII.
543 503 600 508 --
630 476 640 501 ¹
671 476 783 518 Haec
817 474 925 517 dicit
959 473 1175 517 Dominus
1207 474 1264 516 ad
1299 489 1367 516 ine
1399 492 1407 518 ;
1445 476 1592 530 Vade,
1628 482 1672 518 et
1704 475 1878 532 posside
1916 476 1995 518 tibi

171 536 369 579 lumbare
409 536 594 590 lineum,
629 539 673 577 et
706 547 840 590 pones
873 533 984 577 illud
1018 548 1148 588 super
1184 533 1357 575 lumbos
1395 539 1513 581 tuos.
1553 543 1595 577 et
1632 535 1677 576 in
1714 549 1875 591 aquam
1910 549 1996 577 non

171 595 336 638 inferes
358 595 481 637 illud.
507 593 526 620 ”2
550 596 604 637 Et.
630 592 803 650 possedi
826 592 1045 647 lumbare,
1070 592 1198 647 juxta
1217 592 1401 635 verbum
1431 593 1631 647 Domini,
1659 599 1702 644 et
1728 594 1853 650 posui
1882 593 1996 637 circa

172 654 344 698 lumbos
377 668 509 696 meos.
544 654 639 695 ³1⁴1&
676 653 824 695 factus
861 656 928 694 est
963 666 1105 695 sermo
1146 651 1324 694 Domini
1358 651 1413 693 ad
1454 667 1522 693 1110
1559 653 1774 708 secundo,
1811 653 2000 697 dicens:

170 713 186 738 ·’·
204 713 328 756 Tolle
359 712 556 756 lumbare
586 712 700 768 quod
733 711 988 769 possedisti,
1015 710 1130 765 quod
1155 715 1221 753 est
1255 710 1371 753 circa
1401 710 1570 753 lumbos
1596 717 1720 765 tuos3
1746 717 1790 754 ct
1816 726 1998 768 surgens

172 772 281 815 vade
306 771 360 814 ad
388 772 666 827 Euphraten,
693 777 737 814 et
757 770 980 813 absconde
1006 769 1068 812 ibi
1094 768 1203 812 illud
1231 769 1274 811 in
1299 769 1521 812 foramine
1542 775 1693 825 petrae.
1717 771 1734 796 ⁵³
1750 772 1806 813 let.
1824 771 1936 822 abii,
1955 778 1998 815 ct

169 829 381 874 abscondi
407 830 517 873 illud
544 831 587 872 in
614 830 857 887 Euphrate,
884 829 999 872 sicut
1023 834 1295 885 praeceperat
1319 829 1428 870 mihi
1452 829 1682 872 Dominus.
1706 830 1723 856 6
1742 830 1800 871 Et
1825 830 1999 873 factum

169 895 236 933 est
261 894 358 946 post
383 889 476 932 dies
499 890 731 947 plurimos,
756 888 869 932 dixit
893 888 1110 932 Dominus
1131 887 1188 930 ad
1212 902 1307 931 me:
1332 888 1490 943 Surge,
1510 888 1622 930 vade
1646 888 1702 930 ad
1727 889 1997 944 Euphraten,

168 954 213 991 et
237 949 342 991 tolle
368 948 470 991 inde
494 949 692 992 lumbare
716 947 830 1004 quod
853 947 1044 1004 praecepi
1066 947 1149 989 tibi
1175 951 1224 990 ut
1245 947 1538 990 absconderes
1560 947 1671 989 illud
1694 946 1769 992 ihi,
1796 947 1810 973 7
1830 949 1885 989 Et
1910 948 2000 990 abii

168 1007 224 1050 ad
252 1008 528 1063 Euphraten,
552 1013 596 1051 et
618 1007 734 1063 fodi,
758 1012 802 1050 et
825 1007 904 1050 tuli
933 1007 1132 1049 lumbare
1157 1006 1215 1049 de
1238 1006 1334 1049 1000
1356 1006 1430 1048 ubi
1454 1006 1774 1049 absconderam
1797 1006 1933 1062 illud3
1956 1012 2001 1050 et

168 1080 270 1109 ecce
297 1072 627 1123 computruerat
654 1067 874 1114 lumbare,
897 1067 960 1109 ita
983 1071 1031 1108 ut
1058 1065 1168 1108 nulli
1195 1066 1293 1108 usui
1318 1070 1472 1121 aptum
1500 1071 1626 1108 esset.

177 1128 181 1132 '
226 1125 242 1152 8
264 1127 320 1168 Et
345 1126 516 1167 factum
543 1132 609 1169 est
634 1126 818 1169 verbum
846 1125 1024 1168 Domini
1046 1125 1103 1168 ad
1131 1139 1221 1180 me,
1247 1124 1425 1168 dicens:
1452 1124 1598 1167 9Haec
1625 1125 1734 1168 dicit
1757 1126 1973 1169 Dominus
1990 1143 2003 1169 ε

152 1184 239 1229 Sic
264 1190 513 1242 putrescere
536 1185 702 1228 faciam
726 1185 979 1242 suliuerbiam
1003 1185 1134 1239 Juda,
1164 1190 1215 1227 et
1233 1184 1485 1240 superbiam
1509 1184 1758 1227 Jerusalem
1786 1185 1999 1239 multamg

172 1243 205 1270 ¹⁰
221 1244 434 1300 populum
458 1244 594 1287 istum
617 1245 856 1301 pessimum
882 1244 956 1300 qui
979 1243 1134 1286 nolunt
1158 1243 1311 1286 audire
1334 1243 1467 1286 verba
1493 1257 1612 1298 mea,
1636 1249 1679 1286 et
1701 1244 1935 1286 ambulant
1956 1244 1999 1286 in

167 1298 388 1360 pravitate
410 1303 553 1346 cordis
578 1303 658 1358 sui,
677 1303 968 1359 abieruntque
994 1308 1093 1359 post
1120 1303 1225 1346 deos
1246 1302 1415 1346 alienos
1438 1307 1486 1345 ut
1508 1303 1724 1346 servirent
1745 1303 1808 1346 eis
1831 1308 1876 1346 et
1896 1303 2002 1346 ado-

168 1367 316 1406 rarent
352 1376 425 1405 eos
454 1379 465 1406 ;
501 1367 544 1405 01
581 1367 709 1406 erunt
745 1362 859 1404 sicut
896 1362 1096 1405 lumbare
1134 1362 1252 1405 istud
1291 1362 1406 1418 quod
1446 1362 1557 1404 nulli
1599 1362 1696 1404 usui
1732 1369 1887 1419 aptum
1920 1368 2000 1405 est.

172 1421 200 1447 ¹¹
230 1421 352 1465 Sicut
391 1421 510 1464 enim
550 1421 749 1464 adhaeret
790 1421 990 1464 lumbare
1026 1421 1083 1463 ad
1115 1421 1288 1464 lumbos
1326 1421 1432 1477 viri,
1472 1421 1536 1464 sic
1572 1421 1853 1477 agglutinavi
1891 1421 1999 1464 mihi

168 1489 344 1523 omnem
370 1480 548 1522 domum
578 1480 730 1535 Israel,
759 1485 803 1522 et
828 1493 1006 1522 omnem
1033 1480 1215 1522 domum
1237 1481 1369 1535 Juda,
1400 1480 1507 1522 (11011
1536 1481 1764 1536 Dominus,
1785 1485 1832 1522 ut
1854 1485 2001 1524 essent

167 1539 274 1582 mihi
300 1539 345 1581 in
372 1538 605 1595 populum,
634 1543 677 1580 et
700 1538 748 1580 in
779 1552 963 1593 nomen,
987 1543 1032 1581 et
1056 1538 1102 1580 in
1124 1538 1323 1593 laudem,
1347 1544 1391 1581 et
1416 1539 1463 1580 in
1493 1539 1699 1593 gloriam,
1728 1546 1772 1582 et
1804 1554 1892 1583 non
1925 1554 1998 1582 au-

166 1598 355 1641 dierunt.

229 1656 262 1683 12
284 1657 418 1700 Dices
455 1672 559 1714 ergo
599 1657 655 1700 ad
693 1671 766 1700 eos
808 1672 1056 1701 sermonem
1097 1658 1231 1701 istum
1263 1676 1269 1701 :
1312 1659 1423 1701 Haec
1470 1659 1578 1701 dicit
1627 1659 1842 1701 Dominus
1883 1660 2001 1701 Deus

166 1715 341 1760 Israel:
373 1716 528 1760 Omnis
561 1716 801 1772 laguncula
840 1717 1098 1774 implebitur
1131 1717 1248 1760 vino.
1285 1718 1342 1760 Et
1375 1717 1526 1760 dicent
1562 1718 1618 1760 ad
1657 1723 1735 1762 te:
1774 1718 2001 1773 Numquid

166 1775 420 1831 ignoramus
453 1776 557 1832 quia
590 1776 734 1819 omnis
768 1776 1007 1832 laguncula
1036 1776 1298 1832 implebitur
1327 1776 1468 1820 vino?
1500 1776 1536 1803 '¹3
1555 1778 1612 1819 Et
1645 1777 1765 1820 dices
1799 1777 1856 1819 ad
1894 1791 1967 1820 eos
1993 1794 2000 1821 :

167 1835 279 1879 Haec
301 1835 677 1879 dicit'Dominus:
703 1835 820 1879 Ecce
843 1849 926 1888 ego
951 1835 1144 1892 implebo
1170 1850 1322 1878 omnes
1344 1836 1618 1879 habitatores
1641 1841 1770 1880 terrae
1791 1836 1938 1892 hujus,
1959 1841 2001 1879 et

166 1908 290 1950 reges
312 1894 386 1950 qui
419 1894 576 1938 sedent
610 1895 664 1938 de
697 1895 833 1951 stirpe
869 1894 1016 1937 David
1049 1909 1181 1951 super
1205 1895 1413 1938 thronum
1445 1895 1562 1951 ejus,
1591 1900 1635 1938 et
1659 1896 1929 1951 sacerdotes,
1958 1901 2002 1938 et

165 1954 427 2011 prophetas,
462 1959 507 1997 et
539 1968 691 1997 omnes
722 1953 995 1997 habitatores
1027 1954 1299 2010 Jerusalem,
1332 1954 1559 1998 ebrietate.
1598 1954 1632 1981 ¹4
1659 1956 1718 1998 Et-
1748 1955 2001 2011 dispergam

165 2027 238 2056 eos
260 2013 406 2055 virum
430 2028 456 2056 a
481 2013 621 2056 fratre
647 2028 748 2069 suo,
772 2018 816 2056 et
840 2019 989 2070 patres
1019 2020 1063 2056 et
1088 2013 1201 2056 filios
1224 2014 1401 2070 pariter,
1429 2014 1493 2056 ait
1524 2015 1752 2057 Dominus.
1778 2015 1878 2058 Non
1903 2028 2002 2070 par-

165 2086 284 2129 cam,
308 2077 352 2127 et
376 2087 464 2116 11011
491 2072 760 2128 concedam,
788 2087 930 2129 neque
955 2073 1206 2126 miserebor,
1236 2078 1285 2115 ut
1309 2088 1396 2116 non
1421 2073 1675 2129 disperdam
1697 2088 1782 2117 000.

167 2135 172 2138 ’
225 2131 261 2158 ¹5
275 2131 455 2187 Audite,
475 2137 520 2174 et-
541 2132 721 2175 auribus
744 2132 959 2189 percipite
977 2150 986 2186 ς
1010 2132 1148 2184 nolite
1168 2130 1347 2186 elevari,
1369 2132 1475 2189 01110
1493 2133 1707 2176 Dominus
1725 2133 1898 2177 locutus
1921 2139 1998 2177 est.

167 2190 202 2217 ¹⁶
221 2192 336 2234 Date
365 2191 554 2234 Domino
582 2193 677 2234 Deo
702 2196 848 2235 vestro
881 2191 1069 2247 gloriam
1103 2196 1344 2248 antequam
1380 2192 1766 2248 contenebrescat,
1800 2198 1844 2235 et
1877 2198 1999 2236 ante-

167 2264 306 2306 quam·
324 2249 558 2293 offendant
581 2250 717 2307 pedes
742 2250 878 2294 vestri
902 2251 959 2294 ad
988 2256 1162 2294 montes
1189 2251 1465 2307 caliginosos.
1494 2252 1804 2308 Expectabitis
1833 2253 1999 2308 lucem,

167 2315 210 2351 et
239 2313 372 2366 ponet
406 2322 504 2352 eam
535 2309 584 2351 in
611 2310 816 2352 umbram
850 2310 1024 2365 mortis,
1057 2316 1100 2353 et
1131 2311 1178 2352 in
1213 2311 1466 2367 caliginem.
1503 2310 1538 2337 ‘¹⁷
1560 2311 1682 2361 Quod
1721 2311 1756 2354 si
1795 2311 1878 2355 1100
1914 2325 2000 2354 11011

165 2368 416 2423 audieritis,
446 2367 494 2410 in
523 2368 784 2411 abscondito
814 2369 1007 2426 plorabit
1032 2370 1183 2412 anima
1209 2385 1307 2412 mea
1341 2385 1366 2413 a
1400 2370 1519 2413 facie
1553 2371 1796 2426 superbire,
1825 2371 2001 2428 plorans

166 2427 378 2484 plorabit,
411 2432 454 2469 et
487 2426 676 2470 deducet
706 2427 856 2470 oculus
886 2442 1010 2471 meus
1048 2429 1314 2486 lacrymam,
1347 2430 1447 2485 qnia
1483 2434 1637 2486 captus
1671 2435 1737 2472 est
1771 2445 1880 2486 grex
1914 2431 2001 2473 Do-

166 2500 289 2529 mini.
488 2529 490 2531 ,
1900 2507 1902 2509 ’
1954 2538 1955 2541 ¹

227 2542 263 2572 ²⁸
285 2547 369 2590 Dic
398 2547 491 2602 regi
524 2552 567 2589 et
601 2546 883 2589 dominatrici
914 2564 922 2591 :
958 2548 1295 2603 Humiliamini,
1331 2548 1500 2604 sedete,
1533 2550 1741 2605 quoniam
1772 2549 2001 2592 descendit

166 2605 218 2649 de
245 2606 389 2662 capite
417 2610 560 2648 vestro
592 2620 751 2648 corona
777 2605 931 2661 gloriae
960 2613 1132 2650 vestrae.
1160 2607 1195 2633 ¹9
1214 2607 1430 2650 Civitates
1456 2608 1594 2650 austri
1623 2609 1784 2651 clausae
1808 2613 1930 2663 sunt,
1958 2614 2000 2651 et

165 2679 254 2707 non
283 2670 349 2707 est
374 2664 446 2720 qui
472 2664 656 2721 aperiat.
684 2665 920 2708 Translata
951 2671 1016 2709 est
1042 2666 1184 2708 omnis
1211 2667 1240 2709 J
1245 2667 1331 2709 uda
1357 2667 1749 2722 transmigratione
1784 2667 1998 2723 perfecta.

165 2722 203 2750 2⁰
221 2724 393 2767 Levate·
417 2724 566 2767 0011100
592 2729 781 2780 vestros,
809 2728 853 2767 et
882 2725 1030 2768 videte
1065 2726 1137 2780 qui
1163 2725 1326 2768 venitis
1351 2726 1408 2768 ab
1434 2726 1639 2780 aquilone
1662 2743 1671 2770 ς
1695 2725 1770 2768 ubi
1803 2731 1868 2769 est
1892 2740 2001 2781 grex

165 2783 240 2838 qui
274 2783 402 2826 datus
435 2789 501 2826 est
533 2783 636 2838 tibi,
673 2798 807 2840 pecus
839 2783 1061 2840 inclytum
1094 2784 1251 2836 tuum?
1278 2783 1311 2810 ‘2¹
1334 2784 1448 2834 Quid
1475 2785 1594 2827 dices
1620 2798 1722 2827 cum
1751 2785 1999 2827 visitaverit

165 2842 239 2886 te?
257 2847 306 2886 tu
324 2842 442 2886 enim
465 2842 652 2886 docuisti
679 2857 750 2885 eos
768 2843 1004 2885 adversum
1028 2850 1091 2897 te,
1113 2849 1156 2886 et
1179 2843 1361 2886 erudisti
1383 2843 1428 2885 in
1452 2849 1584 2900 caput
1608 2850 1746 2886 tuum.
1772 2845 1998 2900 Numquid

166 2915 252 2944 non
290 2901 460 2945 dolores
497 2902 832 2958 apprehendent
868 2908 933 2957 te,
960 2902 1084 2958 quasi
1120 2903 1348 2946 mulierem
1379 2902 1731 2959 parturientem?
1757 2902 1797 2929 ‘22
1811 2903 1936 2954 Quod
1961 2903 1998 2946 si

166 2960 331 3003 dixeris
355 2960 401 3003 in
435 2961 565 3004 corde
596 2967 698 3005 tuo:
731 2961 872 3011 Quare
900 2967 1115 3006 venerunt
1142 2961 1251 3004 mihi
1283 2961 1413 3005 haec‘?
1450 2963 1633 3018 Propter
1667 2962 1999 3005 multitudinem

166 3019 413 3076 iniquitatis
440 3025 528 3062 tuae
551 3020 749 3064 revelata
774 3027 875 3063 sunt
902 3020 1219 3064 verecundiora
1242 3026 1341 3076 tua,
1365 3021 1548 3078 pollutae
1575 3026 1678 3064 sunt
1702 3022 1871 3079 plantae
1894 3026 1996 3064 tuae.

166 3077 205 3104 ²³
221 3078 265 3122 si
291 3084 461 3122 mutare
491 3085 635 3136 potest
663 3080 871 3136 AEthiops
898 3080 1060 3137 pellem
1084 3094 1233 3136 suam,
1258 3085 1336 3123 aut
1358 3081 1520 3137 pardus
1545 3081 1782 3124 variet-ates
1806 3095 1909 3123 suas
1923 3116 1931 3136 ,
1955 3088 1997 3124 et

166 3152 243 3181 vos
265 3138 466 3196 poteritis
492 3139 779 3193 benefacere,
813 3153 913 3182 cum
948 3139 1195 3182 didiceritis
1227 3139 1408 3185 malum.
1445 3140 1481 3166 24
1503 3141 1560 3183 Et
1593 3139 1891 3183 disseminabo
1925 3154 1997 3183 eos

167 3198 291 3254 quasi
315 3198 527 3255 stipulam
555 3213 652 3254 quae
680 3206 811 3241 vento
838 3203 1039 3255 raptatur
1067 3198 1112 3241 in
1142 3199 1327 3243 deserto.
1355 3198 1392 3226 9⁵
1411 3200 1524 3243 Haec
1557 3214 1648 3242 sors
1679 3207 1776 3254 1110,
1811 3213 1996 3256 parsque

167 3271 385 3307 mensurae
411 3262 501 3299 tuae
535 3272 559 3300 a
587 3272 677 3313 me,
706 3258 816 3300 dicit
847 3257 1086 3312 Dominus,
1111 3258 1214 3314 quia
1239 3259 1377 3302 oblita
1406 3273 1452 3302 es
1482 3259 1591 3313 mei,
1616 3263 1658 3301 et
1684 3259 1845 3301 confisa
1873 3272 1918 3300 es
1949 3257 1997 3299 in

166 3316 412 3361 mendacio.
440 3315 478 3343 ‘2⁰
504 3317 635 3360 Unde
672 3324 716 3360 et
753 3331 836 3373 ego
873 3317 1039 3359 nudavi
1076 3316 1248 3361 femora
1282 3322 1358 3360 tua
1392 3318 1742 3365 contrafaciem
1776 3322 1918 3372 tuam,
1953 3323 1996 3359 et

166 3375 372 3432 apparuit
405 3375 651 3431 ignominia
685 3381 780 3432 tua,
812 3375 847 3402 ⁶²⁷
867 3376 1085 3420 adulteria
1118 3381 1219 3433 tua,
1246 3382 1289 3420 et
1318 3377 1518 3420 hinnitus
1543 3383 1664 3429 tuus,
1689 3376 1830 3420 scelus
1855 3375 1994 3418 forni-

167 3434 354 3477 cationis
380 3440 484 3478 tuae.
509 3435 646 3491 Super
664 3435 798 3479 colles
819 3436 865 3478 in
891 3449 997 3490 agro
1016 3435 1107 3478 vidi
1133 3436 1487 3480 abominationes
1509 3441 1620 3479 tuas.
1641 3435 1722 3478 Vae
1743 3434 1846 3490 tibi,
1868 3434 1995 3477 Jeru-

167 3491 325 3536 salem!
353 3493 454 3537 Non
481 3494 764 3538 mundaberis
787 3500 885 3551 post
911 3508 982 3536 me
1005 3511 1012 3537 ε
1036 3508 1258 3550 usquequo
1285 3495 1463 3551 adhuc?

170 3639 218 3673 17]
237 3637 355 3667 Thren.
374 3639 401 3674 1,
418 3641 443 3668 2.
457 3655 493 3659 —
508 3641 556 3673 22]
578 3641 641 3668 Ins.
663 3641 769 3675 XXX,
788 3643 829 3668 14.

2103 483 2269 511 humburo

2079 528 2277 558 putrescens
2289 548 2296 559 ¹.

2079 570 2187 603 figura
2202 577 2297 598 over-

2065 611 2170 640 sionis
2208 614 2309 641 suda.

2133 1667 2153 1695 ,J
2158 1667 2242 1696 uum-1

2123 1709 2256 1738 similes

2092 1755 2289 1788 lagunculis

2094 1797 2288 1826 confractis,

2115 2145 2273 2175 Hortatio

2078 2189 2117 2215 ud
2134 2188 2302 2222 poeniten·

2142 2231 2234 2262 tiam.

2101 2550 2279 2580 Ultionum

2123 2593 2256 2623 Domini

2097 2637 2283 2670 praedictio.
