2456 3861
758 136 878 180 Nm.
911 136 1000 191 VI,
1036 137 1084 178 11
1120 163 1180 171 -
1210 137 1324 191 vn,
1359 137 1425 178 29..
1920 137 2006 180 459

185 303 358 348 venturi
391 308 493 349 suut
520 303 576 350 ad
606 304 899 347 occidendum
931 311 986 349 te.
1023 305 1052 331 ¹¹
1077 307 1133 348 Et
1158 306 1251 348 dixi
1282 322 1290 352 :
1321 307 1439 350 Num
1469 307 1700 362 quisquam
1730 306 1888 349 similis
1920 306 2006 350 mei

184 363 340 417 fugit?
377 365 433 408 Et
465 363 560 419 quis
592 368 640 405 ut
673 377 753 417 ego
786 362 1058 419 ingredietur
1090 365 1324 421 ternplum,
1363 370 1406 408 et
1438 365 1596 409 vivet?
1634 366 1732 408 Non
1769 365 2006 421 ingrediar.

187 420 221 449 ¹2
242 423 296 464 Et
320 422 520 467 intellexi
547 421 662 478 quod
690 422 807 464 Deus
835 436 920 466 non
947 423 1138 466 misisset
1164 438 1284 479 eum,
1314 424 1390 466 sed
1414 424 1537 480 quasi
1561 424 1809 468 vaticinans
1836 425 2007 467 locutus

184 487 297 524 esset
330 481 386 525 ad
421 495 509 536 me,
548 485 591 524 et
623 480 786 522 Tobiae
819 487 863 523 et
893 482 1153 524 Sanaballat
1190 482 1505 526 conduxissent
1541 497 1669 538 eum;
1714 483 1750 510 ¹3
1777 488 2009 539 acceperat

184 539 301 583 enim
325 539 514 595 pretium
541 543 589 582 ut
610 539 786 583 territus
812 540 1029 595 facerem,
1056 546 1099 583 et
1124 554 1374 597 peccarem,
1400 547 1444 584 et
1464 541 1676 585 haberent
1700 541 1864 585 malum
1921 541 2007 586 uod

184 598 498 654 exprobrarent
530 597 652 642 mihi.
688 597 723 625 ¹⁴
750 598 972 641 Memento
1007 599 1114 651 mei,
1147 599 1355 653 Domine,
1386 614 1462 655 pro
1487 600 1628 644 Tobia
1657 606 1701 644 et
1728 601 1904 645 Sanaba
1925 601 2006 656 lat,

183 656 311 712 juxta
337 670 467 713 opera
493 671 641 700 eorum
668 657 803 710 talia;
832 657 908 700 sed
931 663 974 700 et
1004 657 1188 700 Noadiae
1211 658 1457 714 prophetae,
1488 665 1531 702 et
1557 666 1799 703 ceterorum
1824 660 2008 716 prophe-

185 721 329 758 tarum
354 716 427 771 qui
454 715 676 759 terrebant
697 730 778 760 me.

247 774 279 800 ¹5
297 775 551 832 Completus
577 779 643 818 est
666 780 813 818 autem
841 790 990 818 murus
1020 774 1235 830 vigesimo
1265 775 1417 831 quinto
1449 776 1519 819 die
1552 778 1714 820 mensis
1741 778 1848 834 elul,
1884 777 2008 837 quin-

185 834 397 889 quaginta
419 834 588 877 duobus
611 833 779 878 diebus
805 833 841 861 '¹⁰
860 835 1048 878 Factum
1070 839 1135 876 est
1157 848 1272 890 ergo,
1297 849 1398 877 cum
1419 834 1646 878 audissent
1668 850 1817 879 omnes
1838 836 2009 880 inimici

184 893 340 947 nostri,
367 899 417 937 ut
436 893 642 937 timerent
668 893 885 936 universae
908 898 1061 948 gentes
1087 907 1186 948 quae
1208 899 1332 936 erant
1359 894 1405 935 in
1432 893 1619 936 circuitu
1645 899 1813 950 nostro,
1841 900 1884 938 et
1908 910 2009 939 con-

185 951 381 997 ciderent
405 952 522 995 intra
546 951 824 1008 semetipsos,
849 958 892 996 et
913 952 1077 995 scirent
1102 952 1216 1007 quod
1242 966 1268 995 a
1294 953 1387 996 Deo
1409 953 1582 995 factum
1608 958 1722 996 esset
1743 967 1850 1010 opus
1877 955 1972 997 hoc.

246 1010 277 1036 ¹⁷
296 1011 380 1054 Sed
406 1016 449 1055 et
475 1011 522 1053 in
554 1010 708 1054 diebus
737 1011 847 1067 illis,
875 1011 1028 1054 multae
1057 1011 1323 1068 optimatum
1352 1011 1611 1055 Judaeorum
1637 1012 1835 1069 epistolae
1864 1013 2010 1057 mitte-

183 1069 344 1112 bantur
368 1070 424 1113 ad
449 1070 657 1125 Tobiam,
684 1076 727 1113 et
755 1085 782 1112 a
811 1071 951 1114 Tobia
978 1070 1216 1114 veniebant
1241 1070 1298 1113 ad
1324 1084 1396 1114 eos
1417 1087 1424 1113 :
1452 1070 1487 1097 ¹⁸
1506 1071 1632 1114 multi
1663 1071 1778 1114 enim
1815 1076 1939 1115 erant
1962 1072 2009 1114 in

184 1129 212 1172 J
217 1128 347 1173 udaea
371 1129 585 1173 habentes
610 1129 911 1185 juramentum
938 1130 1056 1186 ejus,
1087 1129 1189 1185 quia
1219 1143 1354 1186 gener
1377 1134 1470 1173 erat
1493 1130 1744 1186 Secheniae,
1771 1130 1851 1173 filii
1873 1130 2009 1186 Area,

184 1193 226 1231 et
248 1187 476 1244 Johanan,
500 1188 617 1233 filius
643 1188 758 1244 ejus,
785 1194 1017 1246 acceperat
1039 1188 1178 1230 filiam
1204 1188 1458 1245 Mosellam,
1490 1189 1569 1232 filii
1594 1189 1852 1244 Barachiae;
1882 1188 1918 1216 ¹9
1935 1189 2011 1233 sed

184 1252 228 1289 et
263 1247 507 1291 laudabant
542 1262 642 1291 eum
680 1262 827 1291 coram
860 1263 950 1304 me,
989 1254 1031 1292 et
1070 1247 1204 1290 verba
1237 1262 1336 1291 mea
1372 1248 1640 1291 nuntiabant
1672 1248 1738 1303 ei3
1774 1253 1817 1291 et
1849 1248 2012 1292 Tobias

184 1305 390 1350 mittebat
415 1306 622 1363 epistolas
645 1311 694 1350 ut
718 1312 900 1350 terreret
921 1322 1002 1350 me.

243 1363 350 1407 GAP.
377 1365 485 1409 VII.
511 1391 570 1402 —-
591 1365 605 1392 ¹
625 1366 864 1421 Postquam
889 1372 1038 1412 autem
1065 1367 1310 1410 aedificatus
1336 1372 1402 1410 est
1422 1381 1592 1424 murus,
1616 1372 1660 1411 et
1684 1367 1809 1425 posui
1835 1367 2010 1422 valvas,

183 1427 228 1466 et
250 1424 450 1468 recensui
471 1424 696 1480 janitores,
724 1430 768 1468 et
789 1430 1002 1480 cantores,
1027 1431 1070 1468 et
1091 1426 1262 1481 levitas,
1286 1425 1508 1482 ¹³praecepi
1532 1426 1725 1481 Hanani,
1749 1426 1877 1468 fratri
1901 1439 2011 1481 meo,

183 1487 227 1525 et
256 1482 500 1539 Hananiae,
530 1483 718 1539 principi
746 1483 903 1526 domus
929 1483 984 1527 de
1008 1485 1276 1538 Jerusalem,
1306 1485 1401 1540 ipse
1426 1484 1544 1527 enim
1566 1485 1690 1541 quasi
1716 1485 1783 1526 vir
1807 1498 1941 1527 verax
1970 1489 2011 1527 et

183 1540 344 1584 timens
367 1543 511 1586 Deum
532 1542 630 1598 plus
657 1542 812 1585 ceteris
834 1542 1069 1585 videbatur
1090 1559 1100 1598 3
1128 1543 1146 1569 3
1163 1548 1207 1586 et
1231 1543 1324 1585 dixi
1347 1543 1408 1586 eis
1434 1559 1444 1586 ε
1470 1543 1569 1586 Non
1595 1543 1850 1599 aperiantur
1874 1548 2010 1599 portae

183 1599 433 1643 Jerusalem
472 1615 609 1657 usque
648 1601 705 1644 ad
741 1600 932 1644 calorem
965 1601 1084 1645 solis,
1118 1601 1316 1657 Cumque
1351 1601 1497 1644 adhuc
1532 1602 1810 1657 assisterent,
1849 1602 2010 1644 clausae

183 1664 321 1715 portae
354 1664 457 1702 sunt
489 1664 534 1702 et
565 1659 805 1716 oppilatae;
841 1665 884 1703 et
911 1660 1037 1717 posui
1068 1660 1273 1704 custodes
1306 1660 1361 1703 de
1388 1660 1714 1704 habitatoribus
1743 1660 2006 1716 Jerusalem,

183 1717 381 1773 singulos
405 1732 482 1775 per
502 1718 623 1761 vices
647 1733 769 1775 suaS,
794 1725 837 1763 et
863 1733 1221 1775 unumquemque
1249 1725 1402 1763 contra
1428 1719 1611 1765 domum
1637 1733 1775 1764 suam.

360 1846 524 1889 Snorio
556 1846 620 1888 II.
646 1871 705 1880 --
737 1846 1093 1889 COMPLEMENTA
1126 1856 1524 1888 RESTAURATIONIS
1557 1845 1836 1887 JERUSALEM

705 1924 761 1954 ET
794 1924 990 1962 Anrrom
1023 1924 1197 1958 comus
1232 1923 1491 1957 REPARATIO

257 2027 282 2084 ξ
304 2028 340 2070 Ι.
365 2053 426 2059 -
448 2028 645 2071 Invcmtio
667 2029 863 2084 cataloyi
882 2043 1030 2071 eorum
1053 2030 1133 2084 qu
1144 2029 1347 2084 primum
1372 2027 1658 2071 ascenderant
1677 2027 1941 2070 Jerusalem.

243 2133 446 2178 ⁴Civitas
471 2139 620 2178 autem
643 2139 738 2178 erat
759 2134 851 2177 lata
877 2135 1009 2178 nimis
1032 2139 1076 2179 ct
1100 2135 1302 2191 grandis,
1326 2140 1369 2178 et
1391 2134 1579 2192 populus
1602 2147 1762 2192 parvus
1792 2133 1839 2176 in
1868 2132 2017 2176 medio

186 2193 303 2250 ejus,
333 2198 377 2236 et
403 2207 492 2236 non
518 2198 643 2236 erant
668 2193 824 2236 domus
856 2194 1102 2239 aedificatae.
1139 2195 1293 2238 ⁵Deus
1319 2198 1468 2237 autem
1502 2193 1625 2238 dedit
1656 2193 1703 2236 in
1737 2192 1867 2236 eorde
1895 2206 2013 2248 meo,

185 2259 230 2296 et
250 2251 518 2308 congregavi
543 2252 792 2308 optimateS,
815 2257 861 2296 et
884 2253 1182 2308 magistratus,
1210 2258 1253 2297 et
1274 2253 1447 2309 vulgus,
1475 2258 1524 2295 ut
1548 2266 1821 2296 recenserem
1846 2265 1948 2306 eos3
1972 2256 2016 2295 et

126 2368 131 2372 ἡ
183 2311 334 2354 inveni
366 2311 529 2354 librum
559 2325 715 2354 census
744 2325 894 2355 eorum
924 2311 998 2367 qui
1029 2312 1322 2356 ascenderant
1355 2311 1570 2369 primum,
1603 2316 1649 2355 et
1681 2311 1913 2354 inventum
1950 2315 2017 2354 est

184 2375 469 2471 56191ῐίξέωῇἦῖ
493 2384 760 2486 e{iorni-inciae,
785 2430 857 2486 qui
887 2430 1182 2474 ascenderunt
1206 2431 1261 2474 de
1293 2430 1557 2488 captivitate
1579 2430 1880 2487 migrantium,
1909 2443 2016 2484 quos

185 2488 469 2533 transtulerat
491 2489 912 2545 Nabuchodonosor,
934 2503 1010 2532 rex
1035 2489 1298 2546 Babylonis,
1321 2495 1365 2533 et
1384 2489 1547 2533 reversi
1572 2494 1675 2532 sunt
1694 2489 1741 2532 in
1766 2488 2015 2532 Jerusalem

185 2553 228 2591 et
251 2547 297 2590 in
320 2548 348 2590 J
352 2547 547 2604 udaeam,
574 2548 873 2604 unusquisque
901 2549 946 2590 in
974 2548 1201 2592 civitatem
1222 2563 1361 2591 suam.
1385 2548 1400 2574 7
1418 2548 1501 2598 Qui
1526 2552 1741 2591 venerunt
1766 2561 1866 2590 cum
1887 2547 2015 2590 Zoro-

185 2607 351 2650 babel:
376 2606 528 2662 Josue,
552 2607 810 2663 NehemiaS,
852 2608 1057 2663 Azarias,
1098 2607 1327 2663 Raamias,
1370 2607 1647 2662 Nahamani,
1683 2605 2013 2661 Mardochaeus,

187 2665 384 2721 Belsam,
409 2666 717 2723 Mespharath,
744 2667 929 2722 Begoai,
955 2667 1153 2722 Nahum,
1179 2667 1343 2709 Baana.

246 2725 466 2768 Numerus
498 2725 692 2768 virorum
726 2726 876 2783 populi
911 2727 1050 2769 Israel
1083 2743 1092 2770 :
1126 2726 1144 2753 3
1170 2726 1275 2770 Filii
1311 2727 1498 2782 Pharos,
1534 2725 1620 2770 duo
1656 2724 1800 2768 millia
1836 2728 2014 2768 centum

185 2784 471 2840 septuaginta
492 2784 594 2828 duo.
619 2784 637 2811 9
655 2785 758 2829 Filii
781 2785 1016 2842 Salmatia,
1042 2786 1225 2829 trecenti
1251 2785 1536 2842 septuaginta
1562 2785 1664 2828 duo.
1691 2784 1726 2810 ¹⁰
1744 2784 1849 2827 Filii
1874 2784 2012 2839 Area,

185 2843 382 2886 sexcenti
405 2844 730 2901 quinquaginta
751 2845 850 2888 duo.
875 2844 907 2870 ¹¹
926 2844 1030 2888 Filii
1052 2845 1258 2888 Pliahath
1281 2845 1429 2899 Moab,
1450 2845 1640 2888 filiorum
1661 2844 1800 2887 Josue
1820 2847 1864 2886 et
1883 2842 2013 2898 Joab,

186 2901 273 2945 duo
305 2902 447 2945 millia
476 2903 722 2959 octingenti
758 2905 910 2948 decem
943 2908 986 2946 et
1020 2910 1130 2947 octo.
1158 2903 1195 2930 ¹2
1208 2903 1314 2947 Filii
1335 2904 1508 2959 AElam‚
1531 2903 1654 2947 mille
1682 2901 1861 2946 ducenti
1888 2901 2015 2958 quin-

185 2961 399 3017 quaginta
424 2968 624 3018 quatuor.
657 2962 692 2990 ¹3
711 2964 815 3007 Filii
839 2963 1020 3019 Zethua,
1036 2960 1280 3017 octingenti
1296 2963 1592 3020 quadraginta
1621 2962 1830 3018 quinque.
1854 2960 1890 2987 ‘¹4
1909 2960 2014 3004 Filii

185 3021 363 3076 Zachai,
384 3022 654 3078 septingenti
681 3023 933 3078 sexaginta.
957 3022 993 3049 ¹5
1012 3022 1116 3065 Filii
1141 3023 1333 3078 Bannui,
1355 3022 1554 3066 sexcenti
1580 3020 1874 3078 quadraginta
1899 3025 2013 3063 octo.

187 3079 222 3105 ¹⁶
248 3079 352 3122 Filii
384 3081 543 3137 Bebai,
575 3083 771 3126 sexcenti
808 3082 967 3138 viginti
1002 3087 1114 3126 octo.
1150 3081 1184 3108 ¹⁷
1204 3082 1309 3125 Filii
1333 3082 1517 3138 Azgad,
1548 3081 1634 3125 duo
1660 3080 1803 3124 millia
1827 3078 2012 3123 trecenti

185 3138 345 3193 viginti
369 3139 470 3185 duo.
494 3139 531 3167 ¹8
545 3142 650 3185 Filii
676 3142 940 3198 Adonicam,
964 3141 1162 3185 sexcenti
1187 3141 1424 3197 sexaginta.
1441 3146 1624 3197 septem.
1651 3139 1688 3166 ¹⁹
1702 3139 1806 3182 Filii
1829 3138 2011 3194 Beguai,

186 3196 272 3240 duo
303 3199 444 3243 millia
477 3201 712 3257 sexaginta
738 3206 921 3257 septem.
955 3199 992 3227 90
1010 3200 1114 3243 Filii
1143 3201 1289 3257 Adin,
1315 3200 1514 3244 sexcenti
1541 3199 1863 3255 quinquaginta
1888 3196 2014 3253 quin-

187 3270 282 3312 que.
309 3256 343 3284 91
361 3259 466 3302 Filii
496 3261 618 3315 Ater,
649 3261 728 3303 filii
765 3261 990 3315 Hezcciae,
1017 3260 1261 3316 nonaginta
1286 3265 1398 3303 octo.
1425 3258 1462 3285 99
1480 3259 1584 3302 Filii
1615 3259 1804 3313 Hasem,
1828 3255 2012 3299 trecenti

185 3316 347 3372 viginti
374 3324 486 3362 octo.
510 3318 546 3346 93
565 3319 668 3362 Filii
697 3320 847 3374 Besai,
875 3319 1059 3363 trecenti
1089 3319 1248 3374 viginti
1272 3324 1471 3376 quatuor.
1497 3317 1533 3344 ⁶24
1553 3317 1655 3361 Filii
1683 3316 1885 3372 Hareph,
1913 3329 2012 3357 cen-

186 3379 282 3417 tum
308 3376 554 3421 duodecim.
589 3377 625 3405 95
640 3379 745 3421 Filii
772 3379 978 3434 Gabaon,
1006 3379 1251 3435 nonaginta
1273 3378 1479 3435 quinque.
1503 3376 1540 3404 96
1559 3376 1662 3420 Filii
1687 3374 1949 3419 Bethlehem
1970 3378 2013 3416 et

188 3435 416 3491 Netupha,
444 3442 622 3481 centum
647 3438 876 3494 octoginta
904 3443 1016 3481 octo.
1050 3435 1085 3463 97
1104 3437 1200 3480 Viri
1227 3437 1480 3492 Anathoth,
1503 3441 1681 3480 eentum
1705 3433 1866 3490 viginti
1899 3437 2011 3477 octo.

187 3491 225 3520 98
242 3493 338 3536 Viri
373 3495 686 3552 Bethazmoth,
722 3497 1017 3554 quadraginta
1049 3495 1150 3540 duo.
1184 3495 1335 3540 29Viri
1364 3494 1698 3550 Cariathiarim,
1725 3491 1935 3549 Cephira,
1969 3496 2014 3535 et

187 3637 218 3670 1]
237 3638 337 3667 Eccli.
357 3640 489 3673 XLIX,
506 3644 550 3670 15.
567 3655 603 3660 —-
621 3643 653 3676 6]
669 3642 762 3671 Esar.
784 3643 818 3670 ΙΙ
833 3662 840 3673 ,
855 3642 879 3670 l.

2092 783 2180 813 Muri
2202 785 2302 818 perfl-

2123 827 2269 856 ciuntur.

2109 1369 2154 1397 Cu
2160 1368 2270 1397 stedia

2102 1416 2286 1446 portarum.

2128 2135 2266 2165 Occasio

2091 2179 2311 2210 inventionis.

2104 2439 2295 2472 catalogus.

2099 2486 2130 2511 1⁰
2153 2483 2297 2511 Titulus.

2115 2734 2148 2760 2⁰
2172 2730 2245 2759 Viri
2264 2737 2282 2758 e

2133 2775 2266 2808 populo.
