<?xml version="1.0" encoding="UTF-8"?>
<!DOCTYPE html PUBLIC "-//W3C//DTD XHTML 1.0 Transitional//EN"
    "http://www.w3.org/TR/xhtml1/DTD/xhtml1-transitional.dtd">
<html xmlns="http://www.w3.org/1999/xhtml" xml:lang="en" lang="en">
 <head>
  <title>
</title>
<meta http-equiv="Content-Type" content="text/html;charset=utf-8" />
  <meta name='ocr-system' content='tesseract 3.04.00' />
  <meta name='ocr-capabilities' content='ocr_page ocr_carea ocr_par ocr_line ocrx_word'/>
</head>
<body>
  <div class='ocr_page' id='page_1' title='image "./bibliasacrajuxta00fill_0326.png"; bbox 0 0 2456 3861; ppageno 0'>
   <div class='ocr_carea' id='block_1_1' title="bbox 274 1433 448 1511">
    <p class='ocr_par' dir='ltr' id='par_1_1' title="bbox 274 1433 448 1511">
     <span class='ocr_line' id='line_1_1' title="bbox 274 1433 448 1462; baseline 0 -1"><span class='ocrx_word' id='word_1_1' title='bbox 274 1433 448 1462; x_wconf 73' lang='lat' dir='ltr'>Canticum</span> 
     </span>
     <span class='ocr_line' id='line_1_2' title="bbox 306 1482 418 1511; baseline 0 -6"><span class='ocrx_word' id='word_1_2' title='bbox 306 1482 418 1511; x_wconf 75' lang='lat' dir='ltr'>petrae.</span> 
     </span>
    </p>
   </div>
   <div class='ocr_carea' id='block_1_2' title="bbox 255 1602 468 1632">
    <p class='ocr_par' dir='ltr' id='par_1_2' title="bbox 255 1602 468 1632">
     <span class='ocr_line' id='line_1_3' title="bbox 255 1602 468 1632; baseline 0 0"><span class='ocrx_word' id='word_1_3' title='bbox 255 1602 468 1632; x_wconf 84' lang='lat' dir='ltr'>Praeludium.</span> 
     </span>
    </p>
   </div>
   <div class='ocr_carea' id='block_1_3' title="bbox 235 2016 478 2311">
    <p class='ocr_par' dir='ltr' id='par_1_3' title="bbox 235 2016 478 2311">
     <span class='ocr_line' id='line_1_4' title="bbox 293 2016 421 2043; baseline 0 0"><span class='ocrx_word' id='word_1_4' title='bbox 293 2016 373 2043; x_wconf 78' lang='lat' dir='ltr'>Pars</span> <span class='ocrx_word' id='word_1_5' title='bbox 397 2016 421 2043; x_wconf 89' lang='grc' dir='ltr'>Ι.</span> 
     </span>
     <span class='ocr_line' id='line_1_5' title="bbox 306 2060 410 2087; baseline 0 0"><span class='ocrx_word' id='word_1_6' title='bbox 306 2060 410 2087; x_wconf 79' lang='lat' dir='ltr'>David</span> 
     </span>
     <span class='ocr_line' id='line_1_6' title="bbox 237 2104 478 2133; baseline 0 -1"><span class='ocrx_word' id='word_1_7' title='bbox 237 2104 400 2133; x_wconf 69' lang='lat' dir='ltr'>liberatus</span> <span class='ocrx_word' id='word_1_8' title='bbox 437 2105 478 2132; x_wconf 80' lang='lat' dir='ltr'>ab</span> 
     </span>
     <span class='ocr_line' id='line_1_7' title="bbox 266 2149 452 2177; baseline 0 -1"><span class='ocrx_word' id='word_1_9' title='bbox 266 2149 353 2177; x_wconf 77' lang='lat' dir='ltr'>odiis</span> <span class='ocrx_word' id='word_1_10' title='bbox 367 2149 452 2176; x_wconf 84' lang='lat' dir='ltr'>intc-</span> 
     </span>
     <span class='ocr_line' id='line_1_8' title="bbox 306 2193 417 2222; baseline 0.009 -1"><span class='ocrx_word' id='word_1_11' title='bbox 306 2193 417 2222; x_wconf 71' lang='lat' dir='ltr'>stims.</span> 
     </span>
     <span class='ocr_line' id='line_1_9' title="bbox 235 2241 477 2272; baseline 0.004 -7"><span class='ocrx_word' id='word_1_12' title='bbox 235 2241 267 2266; x_wconf 74' lang='grc' dir='ltr'>ιο</span> <span class='ocrx_word' id='word_1_13' title='bbox 294 2241 477 2272; x_wconf 78' lang='lat' dir='ltr'>Argumen-</span> 
     </span>
     <span class='ocr_line' id='line_1_10' title="bbox 317 2286 397 2311; baseline 0.013 -1"><span class='ocrx_word' id='word_1_14' title='bbox 317 2286 397 2311; x_wconf 76' lang='lat' dir='ltr'>tuln.</span> 
     </span>
    </p>
   </div>
   <div class='ocr_carea' id='block_1_4' title="bbox 235 2493 475 2658">
    <p class='ocr_par' dir='ltr' id='par_1_4' title="bbox 235 2493 475 2607">
     <span class='ocr_line' id='line_1_11' title="bbox 267 2493 442 2519; baseline 0.006 -1"><span class='ocrx_word' id='word_1_15' title='bbox 267 2494 298 2518; x_wconf 76' lang='lat'>‘20</span> <span class='ocrx_word' id='word_1_16' title='bbox 319 2493 407 2519; x_wconf 75' lang='lat' dir='ltr'>Deus</span> <span class='ocrx_word' id='word_1_17' title='bbox 426 2499 442 2519; x_wconf 78' lang='lat' dir='ltr'>c</span> 
     </span>
     <span class='ocr_line' id='line_1_12' title="bbox 235 2536 475 2563; baseline 0 0"><span class='ocrx_word' id='word_1_18' title='bbox 235 2536 313 2563; x_wconf 79' lang='lat' dir='ltr'>caelo</span> <span class='ocrx_word' id='word_1_19' title='bbox 338 2536 475 2563; x_wconf 74' lang='lat' dir='ltr'>descen-</span> 
     </span>
     <span class='ocr_line' id='line_1_13' title="bbox 252 2579 456 2607; baseline 0.005 -1"><span class='ocrx_word' id='word_1_20' title='bbox 252 2579 301 2607; x_wconf 80' lang='lat' dir='ltr'>dit</span> <span class='ocrx_word' id='word_1_21' title='bbox 320 2579 351 2607; x_wconf 83' lang='lat' dir='ltr'>iu</span> <span class='ocrx_word' id='word_1_22' title='bbox 376 2586 456 2607; x_wconf 75' lang='lat' dir='ltr'>teni-</span> 
     </span>
    </p>

    <p class='ocr_par' dir='ltr' id='par_1_5' title="bbox 279 2629 428 2658">
     <span class='ocr_line' id='line_1_14' title="bbox 279 2629 428 2658; baseline -0.007 -6"><span class='ocrx_word' id='word_1_23' title='bbox 279 2629 428 2658; x_wconf 63' lang='lat' dir='ltr'>pestate⁴</span> 
     </span>
    </p>
   </div>
   <div class='ocr_carea' id='block_1_5' title="bbox 555 183 1892 236">
    <p class='ocr_par' dir='ltr' id='par_1_6' title="bbox 555 183 1892 236">
     <span class='ocr_line' id='line_1_15' title="bbox 555 183 1892 236; baseline -0.003 -7"><span class='ocrx_word' id='word_1_24' title='bbox 555 187 642 229; x_wconf 76' lang='lat'>310</span> <span class='ocrx_word' id='word_1_25' title='bbox 1049 183 1096 224; x_wconf 84' lang='lat' dir='ltr'>H</span> <span class='ocrx_word' id='word_1_26' title='bbox 1134 184 1244 225; x_wconf 69' lang='lat' dir='ltr'>nm.</span> <span class='ocrx_word' id='word_1_27' title='bbox 1280 183 1412 236; x_wconf 74' lang='lat' dir='ltr'>xxr,</span> <span class='ocrx_word' id='word_1_28' title='bbox 1450 183 1500 224; x_wconf 87' lang='lat'>17</span> <span class='ocrx_word' id='word_1_29' title='bbox 1537 207 1596 214; x_wconf 87' lang='lat'>—</span> <span class='ocrx_word' id='word_1_30' title='bbox 1627 183 1790 235; x_wconf 78' lang='lat' dir='ltr'>XXII,</span> <span class='ocrx_word' id='word_1_31' title='bbox 1827 184 1892 225; x_wconf 77' lang='lat'>16.</span> 
     </span>
    </p>
   </div>
   <div class='ocr_carea' id='block_1_6' title="bbox 549 351 2391 1176">
    <p class='ocr_par' dir='ltr' id='par_1_7' title="bbox 552 351 2390 585">
     <span class='ocr_line' id='line_1_16' title="bbox 554 351 2389 409; baseline -0.001 -11"><span class='ocrx_word' id='word_1_32' title='bbox 554 356 721 398; x_wconf 76' lang='lat' dir='ltr'>ferrum</span> <span class='ocrx_word' id='word_1_33' title='bbox 747 354 886 395; x_wconf 77' lang='lat' dir='ltr'>hastae</span> <span class='ocrx_word' id='word_1_34' title='bbox 914 356 1132 395; x_wconf 79' lang='lat' dir='ltr'>trecentas</span> <span class='ocrx_word' id='word_1_35' title='bbox 1155 351 1308 393; x_wconf 89' lang='lat' dir='ltr'>uncias</span> <span class='ocrx_word' id='word_1_36' title='bbox 1337 351 1640 406; x_wconf 77' lang='lat' dir='ltr'>appendebat,</span> <span class='ocrx_word' id='word_1_37' title='bbox 1665 355 1707 394; x_wconf 88' lang='lat' dir='ltr'>et</span> <span class='ocrx_word' id='word_1_38' title='bbox 1731 351 1960 394; x_wconf 87' lang='lat' dir='ltr'>accinctus</span> <span class='ocrx_word' id='word_1_39' title='bbox 1993 358 2087 395; x_wconf 88' lang='lat' dir='ltr'>erat</span> <span class='ocrx_word' id='word_1_40' title='bbox 2118 367 2222 396; x_wconf 90' lang='lat' dir='ltr'>ense</span> <span class='ocrx_word' id='word_1_41' title='bbox 2254 369 2389 409; x_wconf 69' lang='lat' dir='ltr'>nox-o,</span> 
     </span>
     <span class='ocr_line' id='line_1_17' title="bbox 554 409 2389 468; baseline 0 -13"><span class='ocrx_word' id='word_1_42' title='bbox 554 414 674 456; x_wconf 90' lang='lat' dir='ltr'>nisus</span> <span class='ocrx_word' id='word_1_43' title='bbox 697 418 762 455; x_wconf 90' lang='lat' dir='ltr'>est</span> <span class='ocrx_word' id='word_1_44' title='bbox 787 416 1013 468; x_wconf 84' lang='lat' dir='ltr'>percutere</span> <span class='ocrx_word' id='word_1_45' title='bbox 1040 410 1201 453; x_wconf 81' lang='lat' dir='ltr'>David.</span> <span class='ocrx_word' id='word_1_46' title='bbox 1226 409 1259 435; x_wconf 69' lang='grc'>17</span> <span class='ocrx_word' id='word_1_47' title='bbox 1280 409 1578 465; x_wconf 77' lang='lat' dir='ltr'>Praesidioque</span> <span class='ocrx_word' id='word_1_48' title='bbox 1605 410 1643 453; x_wconf 88' lang='lat' dir='ltr'>ei</span> <span class='ocrx_word' id='word_1_49' title='bbox 1669 409 1758 452; x_wconf 75' lang='lat' dir='ltr'>fuit</span> <span class='ocrx_word' id='word_1_50' title='bbox 1787 410 1965 465; x_wconf 89' lang='lat' dir='ltr'>Abisai,</span> <span class='ocrx_word' id='word_1_51' title='bbox 1993 411 2109 453; x_wconf 88' lang='lat' dir='ltr'>filius</span> <span class='ocrx_word' id='word_1_52' title='bbox 2133 412 2320 467; x_wconf 76' lang='lat' dir='ltr'>Sarviae,</span> <span class='ocrx_word' id='word_1_53' title='bbox 2347 424 2389 455; x_wconf 80' lang='lat' dir='ltr'>et</span> 
     </span>
     <span class='ocr_line' id='line_1_18' title="bbox 553 468 2390 529; baseline 0.001 -16"><span class='ocrx_word' id='word_1_54' title='bbox 553 477 808 529; x_wconf 86' lang='lat' dir='ltr'>percussum</span> <span class='ocrx_word' id='word_1_55' title='bbox 835 469 1147 512; x_wconf 83' lang='lat' dir='ltr'>Philisthaeum</span> <span class='ocrx_word' id='word_1_56' title='bbox 1172 468 1413 511; x_wconf 73' lang='lat' dir='ltr'><strong>interfecit.</strong></span> <span class='ocrx_word' id='word_1_57' title='bbox 1439 469 1564 511; x_wconf 87' lang='lat' dir='ltr'>Tunc</span> <span class='ocrx_word' id='word_1_58' title='bbox 1589 468 1851 524; x_wconf 83' lang='lat' dir='ltr'>juraverunt</span> <span class='ocrx_word' id='word_1_59' title='bbox 1868 469 1950 511; x_wconf 80' lang='lat' dir='ltr'>viri</span> <span class='ocrx_word' id='word_1_60' title='bbox 1975 470 2145 525; x_wconf 88' lang='lat' dir='ltr'>David,</span> <span class='ocrx_word' id='word_1_61' title='bbox 2165 470 2390 515; x_wconf 81' lang='lat' dir='ltr'>dicentes:</span> 
     </span>
     <span class='ocr_line' id='line_1_19' title="bbox 552 527 2389 585; baseline 0 -12"><span class='ocrx_word' id='word_1_62' title='bbox 552 531 658 573; x_wconf 81' lang='lat' dir='ltr'>Jam</span> <span class='ocrx_word' id='word_1_63' title='bbox 691 544 778 572; x_wconf 92' lang='lat' dir='ltr'>non</span> <span class='ocrx_word' id='word_1_64' title='bbox 812 528 1049 585; x_wconf 88' lang='lat' dir='ltr'>egredieris</span> <span class='ocrx_word' id='word_1_65' title='bbox 1079 528 1310 571; x_wconf 89' lang='lat' dir='ltr'>nobiscum</span> <span class='ocrx_word' id='word_1_66' title='bbox 1342 528 1388 570; x_wconf 91' lang='lat' dir='ltr'>in</span> <span class='ocrx_word' id='word_1_67' title='bbox 1418 527 1607 582; x_wconf 87' lang='lat' dir='ltr'>bellum,</span> <span class='ocrx_word' id='word_1_68' title='bbox 1634 542 1689 570; x_wconf 89' lang='lat' dir='ltr'>ne</span> <span class='ocrx_word' id='word_1_69' title='bbox 1714 528 1950 583; x_wconf 82' lang='lat' dir='ltr'>extinguas</span> <span class='ocrx_word' id='word_1_70' title='bbox 1980 528 2207 572; x_wconf 88' lang='lat' dir='ltr'>lucernam</span> <span class='ocrx_word' id='word_1_71' title='bbox 2237 530 2389 574; x_wconf 88' lang='lat' dir='ltr'>Israel.</span> 
     </span>
    </p>

    <p class='ocr_par' dir='ltr' id='par_1_8' title="bbox 552 586 2390 703">
     <span class='ocr_line' id='line_1_20' title="bbox 612 586 2390 645; baseline -0.001 -13"><span class='ocrx_word' id='word_1_72' title='bbox 612 588 646 615; x_wconf 78' lang='grc'>18</span> <span class='ocrx_word' id='word_1_73' title='bbox 667 588 917 633; x_wconf 88' lang='lat' dir='ltr'>Secundum</span> <span class='ocrx_word' id='word_1_74' title='bbox 940 601 1110 644; x_wconf 89' lang='lat' dir='ltr'>quoque</span> <span class='ocrx_word' id='word_1_75' title='bbox 1134 587 1303 630; x_wconf 88' lang='lat' dir='ltr'>bellum</span> <span class='ocrx_word' id='word_1_76' title='bbox 1323 586 1413 629; x_wconf 75' lang='lat' dir='ltr'>fuit</span> <span class='ocrx_word' id='word_1_77' title='bbox 1433 586 1478 629; x_wconf 90' lang='lat' dir='ltr'>in</span> <span class='ocrx_word' id='word_1_78' title='bbox 1506 587 1603 630; x_wconf 82' lang='lat' dir='ltr'>Gob</span> <span class='ocrx_word' id='word_1_79' title='bbox 1630 592 1783 630; x_wconf 89' lang='lat' dir='ltr'>contra</span> <span class='ocrx_word' id='word_1_80' title='bbox 1810 587 2109 631; x_wconf 85' lang='lat' dir='ltr'>Philisthaeos.</span> <span class='ocrx_word' id='word_1_81' title='bbox 2136 588 2262 631; x_wconf 88' lang='lat' dir='ltr'>Tunc</span> <span class='ocrx_word' id='word_1_82' title='bbox 2295 603 2390 645; x_wconf 85' lang='lat' dir='ltr'>per-</span> 
     </span>
     <span class='ocr_line' id='line_1_21' title="bbox 552 645 2386 703; baseline -0.002 -11"><span class='ocrx_word' id='word_1_83' title='bbox 552 648 689 692; x_wconf 77' lang='lat' dir='ltr'>cussit</span> <span class='ocrx_word' id='word_1_84' title='bbox 715 647 952 702; x_wconf 88' lang='lat' dir='ltr'>Sobochai,</span> <span class='ocrx_word' id='word_1_85' title='bbox 980 646 1033 689; x_wconf 87' lang='lat' dir='ltr'>de</span> <span class='ocrx_word' id='word_1_86' title='bbox 1057 646 1272 700; x_wconf 88' lang='lat' dir='ltr'>Husathi,</span> <span class='ocrx_word' id='word_1_87' title='bbox 1296 646 1415 702; x_wconf 86' lang='lat' dir='ltr'>Saph</span> <span class='ocrx_word' id='word_1_88' title='bbox 1437 645 1491 689; x_wconf 92' lang='lat' dir='ltr'>de</span> <span class='ocrx_word' id='word_1_89' title='bbox 1509 646 1644 702; x_wconf 80' lang='lat' dir='ltr'>stirpe</span> <span class='ocrx_word' id='word_1_90' title='bbox 1666 646 1870 702; x_wconf 86' lang='lat' dir='ltr'>Arapha,</span> <span class='ocrx_word' id='word_1_91' title='bbox 1890 646 1944 690; x_wconf 89' lang='lat' dir='ltr'>de</span> <span class='ocrx_word' id='word_1_92' title='bbox 1961 660 2122 702; x_wconf 87' lang='lat' dir='ltr'>genere</span> <span class='ocrx_word' id='word_1_93' title='bbox 2140 647 2386 703; x_wconf 63' lang='lat' dir='ltr'>gigantum,</span> 
     </span>
    </p>

    <p class='ocr_par' dir='ltr' id='par_1_9' title="bbox 551 705 2391 881">
     <span class='ocr_line' id='line_1_22' title="bbox 612 705 2391 763; baseline -0.001 -13"><span class='ocrx_word' id='word_1_94' title='bbox 612 707 647 733; x_wconf 80' lang='lat'>¹9</span> <span class='ocrx_word' id='word_1_95' title='bbox 665 707 865 751; x_wconf 87' lang='lat' dir='ltr'>Tertium</span> <span class='ocrx_word' id='word_1_96' title='bbox 891 719 1061 762; x_wconf 87' lang='lat' dir='ltr'>quoque</span> <span class='ocrx_word' id='word_1_97' title='bbox 1086 705 1176 748; x_wconf 79' lang='lat' dir='ltr'>fuit</span> <span class='ocrx_word' id='word_1_98' title='bbox 1200 705 1369 748; x_wconf 90' lang='lat' dir='ltr'>bellum</span> <span class='ocrx_word' id='word_1_99' title='bbox 1394 705 1439 748; x_wconf 90' lang='lat' dir='ltr'>in</span> <span class='ocrx_word' id='word_1_100' title='bbox 1470 705 1567 749; x_wconf 86' lang='lat' dir='ltr'>Gob</span> <span class='ocrx_word' id='word_1_101' title='bbox 1594 710 1746 762; x_wconf 82' lang='lat' dir='ltr'>contra</span> <span class='ocrx_word' id='word_1_102' title='bbox 1772 705 2079 761; x_wconf 82' lang='lat' dir='ltr'>Philisthaeos,</span> <span class='ocrx_word' id='word_1_103' title='bbox 2105 706 2152 749; x_wconf 91' lang='lat' dir='ltr'>in</span> <span class='ocrx_word' id='word_1_104' title='bbox 2178 720 2263 762; x_wconf 91' lang='lat' dir='ltr'>quo</span> <span class='ocrx_word' id='word_1_105' title='bbox 2296 721 2391 763; x_wconf 82' lang='lat' dir='ltr'>per—</span> 
     </span>
     <span class='ocr_line' id='line_1_23' title="bbox 551 764 2390 821; baseline -0.002 -11"><span class='ocrx_word' id='word_1_106' title='bbox 551 767 687 810; x_wconf 82' lang='lat' dir='ltr'>cussit</span> <span class='ocrx_word' id='word_1_107' title='bbox 725 766 986 809; x_wconf 89' lang='lat' dir='ltr'>Adeodatus</span> <span class='ocrx_word' id='word_1_108' title='bbox 1030 765 1146 808; x_wconf 92' lang='lat' dir='ltr'>filius</span> <span class='ocrx_word' id='word_1_109' title='bbox 1191 765 1367 819; x_wconf 85' lang='lat' dir='ltr'>Saltus,</span> <span class='ocrx_word' id='word_1_110' title='bbox 1412 764 1747 821; x_wconf 79' lang='lat' dir='ltr'>polymitarius,</span> <span class='ocrx_word' id='word_1_111' title='bbox 1791 764 2166 821; x_wconf 88' lang='lat' dir='ltr'>Bethlehemites,</span> <span class='ocrx_word' id='word_1_112' title='bbox 2210 765 2390 809; x_wconf 84' lang='lat' dir='ltr'>Goliath</span> 
     </span>
     <span class='ocr_line' id='line_1_24' title="bbox 552 823 2152 881; baseline -0.001 -11"><span class='ocrx_word' id='word_1_113' title='bbox 552 827 807 879; x_wconf 68' lang='lat' dir='ltr'>Gefflaeum,</span> <span class='ocrx_word' id='word_1_114' title='bbox 837 825 962 881; x_wconf 86' lang='lat' dir='ltr'>cujus</span> <span class='ocrx_word' id='word_1_115' title='bbox 984 824 1145 868; x_wconf 90' lang='lat' dir='ltr'>hastile</span> <span class='ocrx_word' id='word_1_116' title='bbox 1169 825 1310 867; x_wconf 81' lang='lat' dir='ltr'>hastae</span> <span class='ocrx_word' id='word_1_117' title='bbox 1334 830 1427 867; x_wconf 89' lang='lat' dir='ltr'>erat</span> <span class='ocrx_word' id='word_1_118' title='bbox 1453 824 1577 880; x_wconf 85' lang='lat' dir='ltr'>quasi</span> <span class='ocrx_word' id='word_1_119' title='bbox 1600 823 1867 867; x_wconf 81' lang='lat' dir='ltr'>liciatorium</span> <span class='ocrx_word' id='word_1_120' title='bbox 1890 824 2152 868; x_wconf 81' lang='lat' dir='ltr'>texentium.</span> 
     </span>
    </p>

    <p class='ocr_par' dir='ltr' id='par_1_10' title="bbox 549 883 2391 1176">
     <span class='ocr_line' id='line_1_25' title="bbox 609 883 2387 940; baseline -0.001 -12"><span class='ocrx_word' id='word_1_121' title='bbox 609 884 646 911; x_wconf 64' lang='lat'>2⁰</span> <span class='ocrx_word' id='word_1_122' title='bbox 664 886 875 936; x_wconf 86' lang='lat' dir='ltr'>Quartum</span> <span class='ocrx_word' id='word_1_123' title='bbox 908 884 1076 928; x_wconf 89' lang='lat' dir='ltr'>bellum</span> <span class='ocrx_word' id='word_1_124' title='bbox 1108 884 1198 926; x_wconf 71' lang='lat' dir='ltr'>fuit</span> <span class='ocrx_word' id='word_1_125' title='bbox 1226 883 1271 926; x_wconf 90' lang='lat' dir='ltr'>in</span> <span class='ocrx_word' id='word_1_126' title='bbox 1299 883 1436 937; x_wconf 83' lang='lat' dir='ltr'>Geth,</span> <span class='ocrx_word' id='word_1_127' title='bbox 1464 883 1510 925; x_wconf 91' lang='lat' dir='ltr'>in</span> <span class='ocrx_word' id='word_1_128' title='bbox 1537 897 1620 939; x_wconf 90' lang='lat' dir='ltr'>quo</span> <span class='ocrx_word' id='word_1_129' title='bbox 1646 883 1714 925; x_wconf 85' lang='lat' dir='ltr'>vir</span> <span class='ocrx_word' id='word_1_130' title='bbox 1738 883 1828 926; x_wconf 79' lang='lat' dir='ltr'>fuit</span> <span class='ocrx_word' id='word_1_131' title='bbox 1854 884 2054 927; x_wconf 82' lang='lat' dir='ltr'>excelsus</span> <span class='ocrx_word' id='word_1_132' title='bbox 2085 884 2158 940; x_wconf 92' lang='lat' dir='ltr'>qui</span> <span class='ocrx_word' id='word_1_133' title='bbox 2184 898 2312 929; x_wconf 90' lang='lat' dir='ltr'>senos</span> <span class='ocrx_word' id='word_1_134' title='bbox 2346 884 2387 926; x_wconf 80' lang='lat' dir='ltr'>in</span> 
     </span>
     <span class='ocr_line' id='line_1_26' title="bbox 551 942 2391 1001; baseline -0.001 -14"><span class='ocrx_word' id='word_1_135' title='bbox 551 944 754 987; x_wconf 90' lang='lat' dir='ltr'>manibus</span> <span class='ocrx_word' id='word_1_136' title='bbox 787 944 1058 1001; x_wconf 82' lang='lat' dir='ltr'>pedibusque</span> <span class='ocrx_word' id='word_1_137' title='bbox 1091 943 1285 986; x_wconf 89' lang='lat' dir='ltr'>habebat</span> <span class='ocrx_word' id='word_1_138' title='bbox 1314 942 1498 998; x_wconf 82' lang='lat' dir='ltr'>digitos,</span> <span class='ocrx_word' id='word_1_139' title='bbox 1528 942 1575 985; x_wconf 88' lang='lat' dir='ltr'>id</span> <span class='ocrx_word' id='word_1_140' title='bbox 1608 948 1673 985; x_wconf 90' lang='lat' dir='ltr'>est</span> <span class='ocrx_word' id='word_1_141' title='bbox 1703 942 1864 998; x_wconf 85' lang='lat' dir='ltr'>viginti</span> <span class='ocrx_word' id='word_1_142' title='bbox 1898 949 2108 999; x_wconf 84' lang='lat' dir='ltr'>quatuor3</span> <span class='ocrx_word' id='word_1_143' title='bbox 2142 949 2184 987; x_wconf 90' lang='lat' dir='ltr'>et</span> <span class='ocrx_word' id='word_1_144' title='bbox 2214 949 2307 987; x_wconf 87' lang='lat' dir='ltr'>erat</span> <span class='ocrx_word' id='word_1_145' title='bbox 2338 943 2391 986; x_wconf 88' lang='lat' dir='ltr'>de</span> 
     </span>
     <span class='ocr_line' id='line_1_27' title="bbox 551 1001 2388 1060; baseline -0.001 -14"><span class='ocrx_word' id='word_1_146' title='bbox 551 1004 719 1060; x_wconf 86' lang='lat' dir='ltr'>origine</span> <span class='ocrx_word' id='word_1_147' title='bbox 737 1004 931 1060; x_wconf 89' lang='lat' dir='ltr'>Arapha.</span> <span class='ocrx_word' id='word_1_148' title='bbox 952 1002 985 1029; x_wconf 81' lang='lat'>&#39;2¹</span> <span class='ocrx_word' id='word_1_149' title='bbox 1007 1004 1064 1045; x_wconf 89' lang='lat' dir='ltr'>Et</span> <span class='ocrx_word' id='word_1_150' title='bbox 1085 1002 1414 1058; x_wconf 77' lang='lat' dir='ltr'>blasphemavit</span> <span class='ocrx_word' id='word_1_151' title='bbox 1432 1001 1571 1044; x_wconf 84' lang='lat' dir='ltr'>Israel</span> <span class='ocrx_word' id='word_1_152' title='bbox 1587 1019 1595 1057; x_wconf 82' lang='lat'><em>3</em></span> <span class='ocrx_word' id='word_1_153' title='bbox 1617 1002 1833 1058; x_wconf 86' lang='lat' dir='ltr'>percussit</span> <span class='ocrx_word' id='word_1_154' title='bbox 1849 1007 1999 1046; x_wconf 88' lang='lat' dir='ltr'>autem</span> <span class='ocrx_word' id='word_1_155' title='bbox 2018 1017 2119 1045; x_wconf 91' lang='lat' dir='ltr'>eum</span> <span class='ocrx_word' id='word_1_156' title='bbox 2138 1003 2388 1057; x_wconf 78' lang='lat' dir='ltr'>Jonathan,</span> 
     </span>
     <span class='ocr_line' id='line_1_28' title="bbox 549 1060 2391 1118; baseline -0.001 -12"><span class='ocrx_word' id='word_1_157' title='bbox 549 1063 665 1106; x_wconf 91' lang='lat' dir='ltr'>filius</span> <span class='ocrx_word' id='word_1_158' title='bbox 689 1064 850 1106; x_wconf 85' lang='lat' dir='ltr'>Samaa</span> <span class='ocrx_word' id='word_1_159' title='bbox 876 1062 1028 1105; x_wconf 74' lang='lat' dir='ltr'>fratris</span> <span class='ocrx_word' id='word_1_160' title='bbox 1051 1061 1213 1104; x_wconf 83' lang='lat' dir='ltr'>David.</span> <span class='ocrx_word' id='word_1_161' title='bbox 1232 1060 1269 1086; x_wconf 66' lang='lat'>22</span> <span class='ocrx_word' id='word_1_162' title='bbox 1287 1061 1348 1103; x_wconf 92' lang='lat' dir='ltr'>Hi</span> <span class='ocrx_word' id='word_1_163' title='bbox 1376 1066 1563 1116; x_wconf 86' lang='lat' dir='ltr'>quatuor</span> <span class='ocrx_word' id='word_1_164' title='bbox 1583 1060 1677 1103; x_wconf 90' lang='lat' dir='ltr'>nati</span> <span class='ocrx_word' id='word_1_165' title='bbox 1703 1066 1806 1104; x_wconf 90' lang='lat' dir='ltr'>sunt</span> <span class='ocrx_word' id='word_1_166' title='bbox 1832 1061 1886 1104; x_wconf 90' lang='lat' dir='ltr'>de</span> <span class='ocrx_word' id='word_1_167' title='bbox 1911 1062 2093 1118; x_wconf 90' lang='lat' dir='ltr'>Arapha</span> <span class='ocrx_word' id='word_1_168' title='bbox 2117 1061 2164 1104; x_wconf 90' lang='lat' dir='ltr'>in</span> <span class='ocrx_word' id='word_1_169' title='bbox 2188 1062 2325 1117; x_wconf 85' lang='lat' dir='ltr'>Geth,</span> <span class='ocrx_word' id='word_1_170' title='bbox 2347 1068 2391 1104; x_wconf 86' lang='lat' dir='ltr'>et</span> 
     </span>
     <span class='ocr_line' id='line_1_29' title="bbox 550 1120 1646 1176; baseline -0.004 -10"><span class='ocrx_word' id='word_1_171' title='bbox 550 1122 803 1166; x_wconf 88' lang='lat' dir='ltr'>ceciderunt</span> <span class='ocrx_word' id='word_1_172' title='bbox 824 1122 869 1164; x_wconf 89' lang='lat' dir='ltr'>in</span> <span class='ocrx_word' id='word_1_173' title='bbox 896 1136 1029 1164; x_wconf 88' lang='lat' dir='ltr'>manu</span> <span class='ocrx_word' id='word_1_174' title='bbox 1053 1120 1200 1163; x_wconf 86' lang='lat' dir='ltr'>David</span> <span class='ocrx_word' id='word_1_175' title='bbox 1223 1126 1265 1163; x_wconf 91' lang='lat' dir='ltr'>et</span> <span class='ocrx_word' id='word_1_176' title='bbox 1287 1133 1511 1163; x_wconf 83' lang='lat' dir='ltr'>servorum</span> <span class='ocrx_word' id='word_1_177' title='bbox 1537 1120 1646 1176; x_wconf 86' lang='lat' dir='ltr'>ejus.</span> 
     </span>
    </p>
   </div>
   <div class='ocr_carea' id='block_1_7' title="bbox 707 1242 2224 1359">
    <p class='ocr_par' dir='ltr' id='par_1_11' title="bbox 707 1242 2224 1359">
     <span class='ocr_line' id='line_1_30' title="bbox 707 1242 2224 1301; baseline 0 -15"><span class='ocrx_word' id='word_1_178' title='bbox 707 1245 730 1301; x_wconf 67' lang='grc' dir='ltr'>ξ</span> <span class='ocrx_word' id='word_1_179' title='bbox 768 1244 829 1286; x_wconf 91' lang='grc' dir='ltr'>ΙΙ.</span> <span class='ocrx_word' id='word_1_180' title='bbox 863 1271 921 1275; x_wconf 89' lang='grc'>-</span> <span class='ocrx_word' id='word_1_181' title='bbox 958 1243 1187 1289; x_wconf 73' lang='lat' dir='ltr'>Canticum</span> <span class='ocrx_word' id='word_1_182' title='bbox 1218 1242 1378 1285; x_wconf 80' lang='lat' dir='ltr'>David</span> <span class='ocrx_word' id='word_1_183' title='bbox 1399 1257 1485 1298; x_wconf 76' lang='lat' dir='ltr'>pro</span> <span class='ocrx_word' id='word_1_184' title='bbox 1517 1257 1600 1285; x_wconf 80' lang='lat' dir='ltr'>sua</span> <span class='ocrx_word' id='word_1_185' title='bbox 1631 1242 1688 1285; x_wconf 81' lang='lat' dir='ltr'>ab</span> <span class='ocrx_word' id='word_1_186' title='bbox 1721 1242 1916 1286; x_wconf 76' lang='lat' dir='ltr'>hostibus</span> <span class='ocrx_word' id='word_1_187' title='bbox 1950 1243 2224 1297; x_wconf 77' lang='lat' dir='ltr'>liberatione,</span> 
     </span>
     <span class='ocr_line' id='line_1_31' title="bbox 1134 1302 1806 1359; baseline 0.001 -14"><span class='ocrx_word' id='word_1_188' title='bbox 1134 1303 1358 1359; x_wconf 75' lang='lat' dir='ltr'>ipsiusque</span> <span class='ocrx_word' id='word_1_189' title='bbox 1389 1303 1630 1345; x_wconf 76' lang='lat' dir='ltr'>novissima</span> <span class='ocrx_word' id='word_1_190' title='bbox 1663 1302 1806 1347; x_wconf 82' lang='lat' dir='ltr'>verba.</span> 
     </span>
    </p>
   </div>
   <div class='ocr_carea' id='block_1_8' title="bbox 546 1417 2386 3608">
    <p class='ocr_par' dir='ltr' id='par_1_12' title="bbox 546 1417 2386 1593">
     <span class='ocr_line' id='line_1_32' title="bbox 607 1417 2386 1474; baseline -0.002 -11"><span class='ocrx_word' id='word_1_191' title='bbox 607 1420 714 1464; x_wconf 80' lang='lat' dir='ltr'><strong>CAP.</strong></span> <span class='ocrx_word' id='word_1_192' title='bbox 734 1419 885 1462; x_wconf 83' lang='lat' dir='ltr'>XXII.</span> <span class='ocrx_word' id='word_1_193' title='bbox 904 1446 963 1450; x_wconf 97' lang='lat'><strong>—</strong></span> <span class='ocrx_word' id='word_1_194' title='bbox 980 1418 993 1444; x_wconf 93' lang='grc'>1</span> <span class='ocrx_word' id='word_1_195' title='bbox 1012 1420 1204 1461; x_wconf 85' lang='lat' dir='ltr'>Locutus</span> <span class='ocrx_word' id='word_1_196' title='bbox 1224 1422 1290 1460; x_wconf 88' lang='lat' dir='ltr'>est</span> <span class='ocrx_word' id='word_1_197' title='bbox 1311 1422 1461 1461; x_wconf 89' lang='lat' dir='ltr'>autem</span> <span class='ocrx_word' id='word_1_198' title='bbox 1482 1417 1628 1460; x_wconf 85' lang='lat' dir='ltr'>David</span> <span class='ocrx_word' id='word_1_199' title='bbox 1649 1417 1840 1460; x_wconf 88' lang='lat' dir='ltr'>Domino</span> <span class='ocrx_word' id='word_1_200' title='bbox 1859 1417 1994 1460; x_wconf 87' lang='lat' dir='ltr'>verba</span> <span class='ocrx_word' id='word_1_201' title='bbox 2013 1417 2222 1460; x_wconf 87' lang='lat' dir='ltr'>carminis</span> <span class='ocrx_word' id='word_1_202' title='bbox 2241 1418 2386 1474; x_wconf 79' lang='lat' dir='ltr'>hujus,</span> 
     </span>
     <span class='ocr_line' id='line_1_33' title="bbox 546 1476 2386 1534; baseline -0.001 -13"><span class='ocrx_word' id='word_1_203' title='bbox 546 1479 592 1522; x_wconf 91' lang='lat' dir='ltr'>in</span> <span class='ocrx_word' id='word_1_204' title='bbox 619 1479 689 1522; x_wconf 89' lang='lat' dir='ltr'>die</span> <span class='ocrx_word' id='word_1_205' title='bbox 712 1493 796 1534; x_wconf 90' lang='lat' dir='ltr'>qua</span> <span class='ocrx_word' id='word_1_206' title='bbox 823 1478 1031 1521; x_wconf 88' lang='lat' dir='ltr'>liberavit</span> <span class='ocrx_word' id='word_1_207' title='bbox 1056 1492 1155 1521; x_wconf 89' lang='lat' dir='ltr'>eum</span> <span class='ocrx_word' id='word_1_208' title='bbox 1184 1477 1401 1520; x_wconf 90' lang='lat' dir='ltr'>Dominus</span> <span class='ocrx_word' id='word_1_209' title='bbox 1432 1476 1485 1519; x_wconf 90' lang='lat' dir='ltr'>de</span> <span class='ocrx_word' id='word_1_210' title='bbox 1511 1491 1646 1520; x_wconf 89' lang='lat' dir='ltr'>manu</span> <span class='ocrx_word' id='word_1_211' title='bbox 1672 1476 1871 1520; x_wconf 85' lang='lat' dir='ltr'>onmium</span> <span class='ocrx_word' id='word_1_212' title='bbox 1903 1476 2185 1520; x_wconf 88' lang='lat' dir='ltr'>inimicorum</span> <span class='ocrx_word' id='word_1_213' title='bbox 2211 1491 2386 1520; x_wconf 84' lang='lat' dir='ltr'>suorum</span> 
     </span>
     <span class='ocr_line' id='line_1_34' title="bbox 547 1536 1200 1593; baseline 0 -12"><span class='ocrx_word' id='word_1_214' title='bbox 547 1543 589 1581; x_wconf 90' lang='lat' dir='ltr'>et</span> <span class='ocrx_word' id='word_1_215' title='bbox 612 1538 666 1582; x_wconf 89' lang='lat' dir='ltr'>de</span> <span class='ocrx_word' id='word_1_216' title='bbox 691 1552 825 1580; x_wconf 90' lang='lat' dir='ltr'>manu</span> <span class='ocrx_word' id='word_1_217' title='bbox 853 1537 981 1593; x_wconf 84' lang='lat' dir='ltr'>Saul;</span> <span class='ocrx_word' id='word_1_218' title='bbox 1009 1536 1026 1563; x_wconf 64' lang='lat'>9</span> <span class='ocrx_word' id='word_1_219' title='bbox 1043 1542 1086 1581; x_wconf 88' lang='lat' dir='ltr'>et</span> <span class='ocrx_word' id='word_1_220' title='bbox 1107 1537 1171 1580; x_wconf 88' lang='lat' dir='ltr'>ait</span> <span class='ocrx_word' id='word_1_221' title='bbox 1192 1554 1200 1581; x_wconf 73' lang='grc' dir='ltr'>ε</span> 
     </span>
    </p>

    <p class='ocr_par' dir='ltr' id='par_1_13' title="bbox 786 1595 2147 1995">
     <span class='ocr_line' id='line_1_35' title="bbox 786 1595 2147 1653; baseline -0.001 -13"><span class='ocrx_word' id='word_1_222' title='bbox 786 1597 1002 1640; x_wconf 86' lang='lat' dir='ltr'>Dominus</span> <span class='ocrx_word' id='word_1_223' title='bbox 1024 1602 1148 1653; x_wconf 90' lang='lat' dir='ltr'>petra</span> <span class='ocrx_word' id='word_1_224' title='bbox 1171 1611 1290 1651; x_wconf 87' lang='lat' dir='ltr'>mea,</span> <span class='ocrx_word' id='word_1_225' title='bbox 1311 1600 1353 1640; x_wconf 86' lang='lat' dir='ltr'>et</span> <span class='ocrx_word' id='word_1_226' title='bbox 1377 1596 1509 1639; x_wconf 90' lang='lat' dir='ltr'>robur</span> <span class='ocrx_word' id='word_1_227' title='bbox 1531 1610 1699 1651; x_wconf 88' lang='lat' dir='ltr'>meum,</span> <span class='ocrx_word' id='word_1_228' title='bbox 1724 1601 1767 1639; x_wconf 90' lang='lat' dir='ltr'>et</span> <span class='ocrx_word' id='word_1_229' title='bbox 1791 1595 1987 1639; x_wconf 89' lang='lat' dir='ltr'>salvator</span> <span class='ocrx_word' id='word_1_230' title='bbox 2012 1611 2147 1639; x_wconf 84' lang='lat' dir='ltr'>meus.</span> 
     </span>
     <span class='ocr_line' id='line_1_36' title="bbox 1009 1655 1918 1712; baseline -0.002 -13"><span class='ocrx_word' id='word_1_231' title='bbox 1009 1656 1027 1682; x_wconf 83' lang='lat'>3</span> <span class='ocrx_word' id='word_1_232' title='bbox 1045 1658 1164 1699; x_wconf 89' lang='lat' dir='ltr'>Deus</span> <span class='ocrx_word' id='word_1_233' title='bbox 1186 1656 1316 1699; x_wconf 76' lang='lat' dir='ltr'>fortis</span> <span class='ocrx_word' id='word_1_234' title='bbox 1343 1670 1487 1712; x_wconf 90' lang='lat' dir='ltr'>meus,</span> <span class='ocrx_word' id='word_1_235' title='bbox 1512 1655 1698 1712; x_wconf 85' lang='lat' dir='ltr'>sperabo</span> <span class='ocrx_word' id='word_1_236' title='bbox 1722 1655 1768 1697; x_wconf 91' lang='lat' dir='ltr'>in</span> <span class='ocrx_word' id='word_1_237' title='bbox 1792 1669 1918 1709; x_wconf 85' lang='lat' dir='ltr'>eum3</span> 
     </span>
     <span class='ocr_line' id='line_1_37' title="bbox 959 1714 1968 1770; baseline -0.002 -12"><span class='ocrx_word' id='word_1_238' title='bbox 959 1721 1135 1759; x_wconf 88' lang='lat' dir='ltr'>scutum</span> <span class='ocrx_word' id='word_1_239' title='bbox 1172 1729 1345 1770; x_wconf 87' lang='lat' dir='ltr'>meum,</span> <span class='ocrx_word' id='word_1_240' title='bbox 1381 1720 1424 1758; x_wconf 90' lang='lat' dir='ltr'>et</span> <span class='ocrx_word' id='word_1_241' title='bbox 1461 1729 1594 1758; x_wconf 89' lang='lat' dir='ltr'>cornu</span> <span class='ocrx_word' id='word_1_242' title='bbox 1632 1714 1788 1757; x_wconf 84' lang='lat' dir='ltr'>salutis</span> <span class='ocrx_word' id='word_1_243' title='bbox 1826 1729 1968 1770; x_wconf 75' lang='lat' dir='ltr'>meae3</span> 
     </span>
     <span class='ocr_line' id='line_1_38' title="bbox 1027 1774 1904 1830; baseline 0 -13"><span class='ocrx_word' id='word_1_244' title='bbox 1027 1775 1222 1817; x_wconf 86' lang='lat' dir='ltr'>elevator</span> <span class='ocrx_word' id='word_1_245' title='bbox 1248 1789 1392 1829; x_wconf 89' lang='lat' dir='ltr'>meus,</span> <span class='ocrx_word' id='word_1_246' title='bbox 1421 1780 1463 1818; x_wconf 89' lang='lat' dir='ltr'>et</span> <span class='ocrx_word' id='word_1_247' title='bbox 1488 1774 1715 1830; x_wconf 73' lang='lat' dir='ltr'>refugium</span> <span class='ocrx_word' id='word_1_248' title='bbox 1741 1788 1904 1817; x_wconf 89' lang='lat' dir='ltr'>meum.</span> 
     </span>
     <span class='ocr_line' id='line_1_39' title="bbox 931 1833 1996 1889; baseline -0.002 -11"><span class='ocrx_word' id='word_1_249' title='bbox 931 1834 1133 1878; x_wconf 73' lang='lat' dir='ltr'>Salvator</span> <span class='ocrx_word' id='word_1_250' title='bbox 1158 1849 1302 1888; x_wconf 90' lang='lat' dir='ltr'>meus,</span> <span class='ocrx_word' id='word_1_251' title='bbox 1330 1834 1382 1876; x_wconf 89' lang='lat' dir='ltr'>de</span> <span class='ocrx_word' id='word_1_252' title='bbox 1407 1833 1643 1889; x_wconf 84' lang='lat' dir='ltr'>iniquitate</span> <span class='ocrx_word' id='word_1_253' title='bbox 1668 1833 1878 1876; x_wconf 88' lang='lat' dir='ltr'>liberabis</span> <span class='ocrx_word' id='word_1_254' title='bbox 1913 1847 1996 1876; x_wconf 88' lang='lat' dir='ltr'>me.</span> 
     </span>
     <span class='ocr_line' id='line_1_40' title="bbox 1021 1892 1912 1947; baseline -0.002 -12"><span class='ocrx_word' id='word_1_255' title='bbox 1021 1892 1038 1918; x_wconf 77' lang='lat'>4</span> <span class='ocrx_word' id='word_1_256' title='bbox 1065 1893 1360 1936; x_wconf 84' lang='lat' dir='ltr'>Laudabilem</span> <span class='ocrx_word' id='word_1_257' title='bbox 1392 1893 1611 1936; x_wconf 85' lang='lat' dir='ltr'>invocabo</span> <span class='ocrx_word' id='word_1_258' title='bbox 1647 1892 1912 1947; x_wconf 88' lang='lat' dir='ltr'>Dominum,</span> 
     </span>
     <span class='ocr_line' id='line_1_41' title="bbox 1086 1951 1849 1995; baseline 0 -1"><span class='ocrx_word' id='word_1_259' title='bbox 1086 1958 1129 1995; x_wconf 90' lang='lat' dir='ltr'>et</span> <span class='ocrx_word' id='word_1_260' title='bbox 1153 1952 1209 1995; x_wconf 91' lang='lat' dir='ltr'>ab</span> <span class='ocrx_word' id='word_1_261' title='bbox 1235 1952 1430 1995; x_wconf 88' lang='lat' dir='ltr'>inimicis</span> <span class='ocrx_word' id='word_1_262' title='bbox 1457 1952 1566 1995; x_wconf 91' lang='lat' dir='ltr'>meis</span> <span class='ocrx_word' id='word_1_263' title='bbox 1588 1951 1737 1994; x_wconf 89' lang='lat' dir='ltr'>salvus</span> <span class='ocrx_word' id='word_1_264' title='bbox 1764 1965 1849 1994; x_wconf 92' lang='lat' dir='ltr'>ero.</span> 
     </span>
    </p>

    <p class='ocr_par' dir='ltr' id='par_1_14' title="bbox 878 2010 2045 2125">
     <span class='ocr_line' id='line_1_42' title="bbox 878 2010 2045 2062; baseline 0 -8"><span class='ocrx_word' id='word_1_265' title='bbox 878 2012 895 2038; x_wconf 75' lang='grc'>5</span> <span class='ocrx_word' id='word_1_266' title='bbox 912 2011 1022 2062; x_wconf 87' lang='lat' dir='ltr'>Quia</span> <span class='ocrx_word' id='word_1_267' title='bbox 1050 2011 1437 2055; x_wconf 87' lang='lat' dir='ltr'>circumdederunt</span> <span class='ocrx_word' id='word_1_268' title='bbox 1463 2026 1534 2054; x_wconf 90' lang='lat' dir='ltr'>me</span> <span class='ocrx_word' id='word_1_269' title='bbox 1560 2010 1846 2054; x_wconf 89' lang='lat' dir='ltr'>contritiones</span> <span class='ocrx_word' id='word_1_270' title='bbox 1873 2010 2045 2062; x_wconf 83' lang='lat' dir='ltr'>mortis,</span> 
     </span>
     <span class='ocr_line' id='line_1_43' title="bbox 1078 2070 1849 2125; baseline -0.003 -11"><span class='ocrx_word' id='word_1_271' title='bbox 1078 2076 1291 2114; x_wconf 86' lang='lat' dir='ltr'>torrentes</span> <span class='ocrx_word' id='word_1_272' title='bbox 1315 2070 1458 2114; x_wconf 88' lang='lat' dir='ltr'>Belial</span> <span class='ocrx_word' id='word_1_273' title='bbox 1480 2075 1729 2114; x_wconf 89' lang='lat' dir='ltr'>terruerunt</span> <span class='ocrx_word' id='word_1_274' title='bbox 1754 2085 1849 2125; x_wconf 87' lang='lat' dir='ltr'>me;</span> 
     </span>
    </p>

    <p class='ocr_par' dir='ltr' id='par_1_15' title="bbox 1011 2130 1912 2247">
     <span class='ocr_line' id='line_1_44' title="bbox 1011 2130 1912 2185; baseline -0.001 -12"><span class='ocrx_word' id='word_1_275' title='bbox 1011 2131 1028 2157; x_wconf 75' lang='grc'>6</span> <span class='ocrx_word' id='word_1_276' title='bbox 1046 2132 1177 2174; x_wconf 77' lang='lat' dir='ltr'>funes</span> <span class='ocrx_word' id='word_1_277' title='bbox 1202 2131 1368 2174; x_wconf 78' lang='lat' dir='ltr'>inferni</span> <span class='ocrx_word' id='word_1_278' title='bbox 1399 2130 1788 2174; x_wconf 87' lang='lat' dir='ltr'>circumdederunt</span> <span class='ocrx_word' id='word_1_279' title='bbox 1814 2144 1912 2185; x_wconf 90' lang='lat' dir='ltr'>me,</span> 
     </span>
     <span class='ocr_line' id='line_1_45' title="bbox 1064 2189 1863 2247; baseline -0.001 -14"><span class='ocrx_word' id='word_1_280' title='bbox 1064 2195 1375 2247; x_wconf 70' lang='lat' dir='ltr'>praevenerunt</span> <span class='ocrx_word' id='word_1_281' title='bbox 1409 2204 1479 2233; x_wconf 91' lang='lat' dir='ltr'>me</span> <span class='ocrx_word' id='word_1_282' title='bbox 1515 2190 1661 2246; x_wconf 91' lang='lat' dir='ltr'>laquei</span> <span class='ocrx_word' id='word_1_283' title='bbox 1696 2189 1863 2232; x_wconf 88' lang='lat' dir='ltr'>mortis.</span> 
     </span>
    </p>

    <p class='ocr_par' dir='ltr' id='par_1_16' title="bbox 920 2248 2011 2483">
     <span class='ocr_line' id='line_1_46' title="bbox 920 2248 2011 2302; baseline -0.005 -9"><span class='ocrx_word' id='word_1_284' title='bbox 920 2248 935 2276; x_wconf 84' lang='lat'><strong>7</strong></span> <span class='ocrx_word' id='word_1_285' title='bbox 958 2250 1011 2293; x_wconf 87' lang='lat' dir='ltr'>Iu</span> <span class='ocrx_word' id='word_1_286' title='bbox 1046 2249 1332 2293; x_wconf 87' lang='lat' dir='ltr'>tribulatione</span> <span class='ocrx_word' id='word_1_287' title='bbox 1365 2264 1463 2293; x_wconf 89' lang='lat' dir='ltr'>mea</span> <span class='ocrx_word' id='word_1_288' title='bbox 1495 2248 1714 2293; x_wconf 81' lang='lat' dir='ltr'>invocabo</span> <span class='ocrx_word' id='word_1_289' title='bbox 1748 2249 2011 2302; x_wconf 89' lang='lat' dir='ltr'>Dominum,</span> 
     </span>
     <span class='ocr_line' id='line_1_47' title="bbox 1101 2308 1828 2363; baseline -0.001 -11"><span class='ocrx_word' id='word_1_290' title='bbox 1101 2314 1144 2352; x_wconf 89' lang='lat' dir='ltr'>et</span> <span class='ocrx_word' id='word_1_291' title='bbox 1168 2308 1225 2352; x_wconf 89' lang='lat' dir='ltr'>ad</span> <span class='ocrx_word' id='word_1_292' title='bbox 1253 2310 1398 2352; x_wconf 91' lang='lat' dir='ltr'>Deum</span> <span class='ocrx_word' id='word_1_293' title='bbox 1423 2323 1572 2352; x_wconf 87' lang='lat' dir='ltr'>meum</span> <span class='ocrx_word' id='word_1_294' title='bbox 1599 2308 1828 2363; x_wconf 82' lang='lat' dir='ltr'>clamab03</span> 
     </span>
     <span class='ocr_line' id='line_1_48' title="bbox 953 2367 1969 2425; baseline -0.002 -14"><span class='ocrx_word' id='word_1_295' title='bbox 953 2374 995 2411; x_wconf 86' lang='lat' dir='ltr'>et</span> <span class='ocrx_word' id='word_1_296' title='bbox 1021 2368 1229 2411; x_wconf 78' lang='lat' dir='ltr'>exaudiet</span> <span class='ocrx_word' id='word_1_297' title='bbox 1255 2368 1309 2412; x_wconf 89' lang='lat' dir='ltr'>de</span> <span class='ocrx_word' id='word_1_298' title='bbox 1330 2367 1498 2425; x_wconf 89' lang='lat' dir='ltr'>templo</span> <span class='ocrx_word' id='word_1_299' title='bbox 1523 2382 1600 2411; x_wconf 90' lang='lat' dir='ltr'>suo</span> <span class='ocrx_word' id='word_1_300' title='bbox 1625 2382 1781 2411; x_wconf 81' lang='lat' dir='ltr'>vocem</span> <span class='ocrx_word' id='word_1_301' title='bbox 1807 2381 1969 2421; x_wconf 86' lang='lat' dir='ltr'>meam,</span> 
     </span>
     <span class='ocr_line' id='line_1_49' title="bbox 1005 2427 1923 2483; baseline -0.001 -13"><span class='ocrx_word' id='word_1_302' title='bbox 1005 2435 1046 2470; x_wconf 85' lang='lat' dir='ltr'>et</span> <span class='ocrx_word' id='word_1_303' title='bbox 1074 2428 1240 2471; x_wconf 90' lang='lat' dir='ltr'>clamor</span> <span class='ocrx_word' id='word_1_304' title='bbox 1265 2442 1388 2471; x_wconf 91' lang='lat' dir='ltr'>meus</span> <span class='ocrx_word' id='word_1_305' title='bbox 1413 2428 1562 2471; x_wconf 83' lang='lat' dir='ltr'>veniet</span> <span class='ocrx_word' id='word_1_306' title='bbox 1583 2427 1640 2470; x_wconf 87' lang='lat' dir='ltr'>ad</span> <span class='ocrx_word' id='word_1_307' title='bbox 1661 2441 1787 2470; x_wconf 88' lang='lat' dir='ltr'>aures</span> <span class='ocrx_word' id='word_1_308' title='bbox 1814 2427 1923 2483; x_wconf 84' lang='lat' dir='ltr'>ejus.</span> 
     </span>
    </p>

    <p class='ocr_par' dir='ltr' id='par_1_17' title="bbox 975 2486 1949 2539">
     <span class='ocr_line' id='line_1_50' title="bbox 975 2486 1949 2539; baseline -0.002 -9"><span class='ocrx_word' id='word_1_309' title='bbox 975 2486 991 2513; x_wconf 76' lang='lat'><em>8</em></span> <span class='ocrx_word' id='word_1_310' title='bbox 1024 2487 1257 2530; x_wconf 88' lang='lat' dir='ltr'>Commota</span> <span class='ocrx_word' id='word_1_311' title='bbox 1301 2492 1367 2530; x_wconf 91' lang='lat' dir='ltr'>est</span> <span class='ocrx_word' id='word_1_312' title='bbox 1411 2492 1454 2530; x_wconf 88' lang='lat' dir='ltr'>et</span> <span class='ocrx_word' id='word_1_313' title='bbox 1498 2487 1765 2530; x_wconf 88' lang='lat' dir='ltr'>contremuit</span> <span class='ocrx_word' id='word_1_314' title='bbox 1808 2492 1921 2530; x_wconf 88' lang='lat' dir='ltr'>terra</span> <span class='ocrx_word' id='word_1_315' title='bbox 1939 2520 1949 2539; x_wconf 87' lang='lat'>,</span> 
     </span>
    </p>

    <p class='ocr_par' dir='ltr' id='par_1_18' title="bbox 902 2546 2020 3608">
     <span class='ocr_line' id='line_1_51' title="bbox 1022 2546 1946 2599; baseline 0 -11"><span class='ocrx_word' id='word_1_316' title='bbox 1022 2546 1319 2590; x_wconf 76' lang='lat' dir='ltr'>fundamenta</span> <span class='ocrx_word' id='word_1_317' title='bbox 1345 2546 1563 2590; x_wconf 89' lang='lat' dir='ltr'>montium</span> <span class='ocrx_word' id='word_1_318' title='bbox 1587 2560 1799 2590; x_wconf 85' lang='lat' dir='ltr'>concussa</span> <span class='ocrx_word' id='word_1_319' title='bbox 1825 2551 1946 2599; x_wconf 86' lang='lat' dir='ltr'>sunt,</span> 
     </span>
     <span class='ocr_line' id='line_1_52' title="bbox 958 2604 1969 2662; baseline -0.001 -14"><span class='ocrx_word' id='word_1_320' title='bbox 958 2610 999 2648; x_wconf 86' lang='lat' dir='ltr'>et</span> <span class='ocrx_word' id='word_1_321' title='bbox 1033 2611 1347 2662; x_wconf 87' lang='lat' dir='ltr'>conquassata,</span> <span class='ocrx_word' id='word_1_322' title='bbox 1382 2606 1592 2662; x_wconf 89' lang='lat' dir='ltr'>quoniam</span> <span class='ocrx_word' id='word_1_323' title='bbox 1624 2606 1761 2648; x_wconf 87' lang='lat' dir='ltr'>iratus</span> <span class='ocrx_word' id='word_1_324' title='bbox 1796 2611 1861 2649; x_wconf 92' lang='lat' dir='ltr'>est</span> <span class='ocrx_word' id='word_1_325' title='bbox 1894 2604 1969 2648; x_wconf 86' lang='lat' dir='ltr'>eis.</span> 
     </span>
     <span class='ocr_line' id='line_1_53' title="bbox 1032 2665 1890 2721; baseline 0 -14"><span class='ocrx_word' id='word_1_326' title='bbox 1032 2665 1049 2691; x_wconf 78' lang='lat'>⁰</span> <span class='ocrx_word' id='word_1_327' title='bbox 1067 2665 1283 2708; x_wconf 88' lang='lat' dir='ltr'>Ascendit</span> <span class='ocrx_word' id='word_1_328' title='bbox 1308 2666 1461 2709; x_wconf 76' lang='lat' dir='ltr'>fumus</span> <span class='ocrx_word' id='word_1_329' title='bbox 1488 2665 1542 2708; x_wconf 89' lang='lat' dir='ltr'>de</span> <span class='ocrx_word' id='word_1_330' title='bbox 1567 2665 1746 2708; x_wconf 89' lang='lat' dir='ltr'>naribus</span> <span class='ocrx_word' id='word_1_331' title='bbox 1773 2665 1890 2721; x_wconf 81' lang='lat' dir='ltr'>ejus,</span> 
     </span>
     <span class='ocr_line' id='line_1_54' title="bbox 1107 2724 1816 2781; baseline -0.003 -13"><span class='ocrx_word' id='word_1_332' title='bbox 1107 2730 1150 2768; x_wconf 91' lang='lat' dir='ltr'>et</span> <span class='ocrx_word' id='word_1_333' title='bbox 1174 2725 1291 2780; x_wconf 88' lang='lat' dir='ltr'>ignis</span> <span class='ocrx_word' id='word_1_334' title='bbox 1317 2724 1372 2768; x_wconf 89' lang='lat' dir='ltr'>de</span> <span class='ocrx_word' id='word_1_335' title='bbox 1398 2738 1469 2768; x_wconf 89' lang='lat' dir='ltr'>ore</span> <span class='ocrx_word' id='word_1_336' title='bbox 1495 2725 1591 2781; x_wconf 79' lang='lat' dir='ltr'>ejus</span> <span class='ocrx_word' id='word_1_337' title='bbox 1619 2724 1816 2779; x_wconf 82' lang='lat' dir='ltr'>vorabit;</span> 
     </span>
     <span class='ocr_line' id='line_1_55' title="bbox 1084 2783 1843 2827; baseline 0 -1"><span class='ocrx_word' id='word_1_338' title='bbox 1084 2784 1294 2827; x_wconf 77' lang='lat' dir='ltr'>carbones</span> <span class='ocrx_word' id='word_1_339' title='bbox 1326 2784 1527 2827; x_wconf 88' lang='lat' dir='ltr'>succensi</span> <span class='ocrx_word' id='word_1_340' title='bbox 1558 2789 1661 2827; x_wconf 87' lang='lat' dir='ltr'>sunt</span> <span class='ocrx_word' id='word_1_341' title='bbox 1689 2783 1746 2826; x_wconf 89' lang='lat' dir='ltr'>ab</span> <span class='ocrx_word' id='word_1_342' title='bbox 1780 2797 1843 2826; x_wconf 88' lang='lat' dir='ltr'>eo.</span> 
     </span>
     <span class='ocr_line' id='line_1_56' title="bbox 1029 2841 1894 2898; baseline -0.002 -12"><span class='ocrx_word' id='word_1_343' title='bbox 1029 2842 1064 2868; x_wconf 80' lang='lat'>¹⁰</span> <span class='ocrx_word' id='word_1_344' title='bbox 1086 2843 1330 2886; x_wconf 84' lang='lat' dir='ltr'>Inclinavit</span> <span class='ocrx_word' id='word_1_345' title='bbox 1363 2843 1521 2898; x_wconf 86' lang='lat' dir='ltr'>caelos,</span> <span class='ocrx_word' id='word_1_346' title='bbox 1559 2849 1602 2887; x_wconf 91' lang='lat' dir='ltr'>et</span> <span class='ocrx_word' id='word_1_347' title='bbox 1637 2841 1894 2896; x_wconf 88' lang='lat' dir='ltr'>descendit;</span> 
     </span>
     <span class='ocr_line' id='line_1_57' title="bbox 1129 2902 1796 2960; baseline -0.001 -15"><span class='ocrx_word' id='word_1_348' title='bbox 1129 2909 1172 2946; x_wconf 85' lang='lat' dir='ltr'>et</span> <span class='ocrx_word' id='word_1_349' title='bbox 1197 2902 1341 2959; x_wconf 88' lang='lat' dir='ltr'>caligo</span> <span class='ocrx_word' id='word_1_350' title='bbox 1371 2902 1451 2946; x_wconf 89' lang='lat' dir='ltr'>sub</span> <span class='ocrx_word' id='word_1_351' title='bbox 1477 2902 1664 2960; x_wconf 90' lang='lat' dir='ltr'>pedibus</span> <span class='ocrx_word' id='word_1_352' title='bbox 1687 2902 1796 2958; x_wconf 83' lang='lat' dir='ltr'>ejus.</span> 
     </span>
     <span class='ocr_line' id='line_1_58' title="bbox 942 2960 1982 3019; baseline 0 -15"><span class='ocrx_word' id='word_1_353' title='bbox 942 2960 974 2987; x_wconf 83' lang='grc'>11</span> <span class='ocrx_word' id='word_1_354' title='bbox 996 2962 1050 3004; x_wconf 83' lang='lat' dir='ltr'>Et</span> <span class='ocrx_word' id='word_1_355' title='bbox 1073 2962 1275 3005; x_wconf 86' lang='lat' dir='ltr'>ascendit</span> <span class='ocrx_word' id='word_1_356' title='bbox 1295 2977 1426 3019; x_wconf 86' lang='lat' dir='ltr'>super</span> <span class='ocrx_word' id='word_1_357' title='bbox 1448 2961 1698 3017; x_wconf 90' lang='lat' dir='ltr'>cherubim,</span> <span class='ocrx_word' id='word_1_358' title='bbox 1725 2966 1768 3004; x_wconf 89' lang='lat' dir='ltr'>et</span> <span class='ocrx_word' id='word_1_359' title='bbox 1789 2961 1982 3015; x_wconf 76' lang='lat' dir='ltr'>volavit;</span> 
     </span>
     <span class='ocr_line' id='line_1_59' title="bbox 1054 3020 1871 3078; baseline -0.002 -14"><span class='ocrx_word' id='word_1_360' title='bbox 1054 3026 1096 3064; x_wconf 89' lang='lat' dir='ltr'>et</span> <span class='ocrx_word' id='word_1_361' title='bbox 1121 3021 1270 3078; x_wconf 88' lang='lat' dir='ltr'>lapsus</span> <span class='ocrx_word' id='word_1_362' title='bbox 1297 3026 1362 3064; x_wconf 87' lang='lat' dir='ltr'>est</span> <span class='ocrx_word' id='word_1_363' title='bbox 1387 3035 1518 3078; x_wconf 87' lang='lat' dir='ltr'>super</span> <span class='ocrx_word' id='word_1_364' title='bbox 1542 3034 1710 3078; x_wconf 91' lang='lat' dir='ltr'>pennas</span> <span class='ocrx_word' id='word_1_365' title='bbox 1735 3020 1871 3063; x_wconf 85' lang='lat' dir='ltr'>venti.</span> 
     </span>
     <span class='ocr_line' id='line_1_60' title="bbox 902 3077 2020 3135; baseline 0.001 -14"><span class='ocrx_word' id='word_1_366' title='bbox 902 3077 938 3104; x_wconf 65' lang='lat'>19</span> <span class='ocrx_word' id='word_1_367' title='bbox 955 3080 1107 3122; x_wconf 86' lang='lat' dir='ltr'>Posuit</span> <span class='ocrx_word' id='word_1_368' title='bbox 1136 3081 1340 3124; x_wconf 88' lang='lat' dir='ltr'>tenebras</span> <span class='ocrx_word' id='word_1_369' title='bbox 1365 3080 1410 3123; x_wconf 91' lang='lat' dir='ltr'>in</span> <span class='ocrx_word' id='word_1_370' title='bbox 1437 3080 1624 3124; x_wconf 89' lang='lat' dir='ltr'>circuitu</span> <span class='ocrx_word' id='word_1_371' title='bbox 1656 3093 1735 3123; x_wconf 88' lang='lat' dir='ltr'>suo</span> <span class='ocrx_word' id='word_1_372' title='bbox 1763 3079 2020 3135; x_wconf 78' lang='lat' dir='ltr'>latibulum,</span> 
     </span>
     <span class='ocr_line' id='line_1_61' title="bbox 1007 3138 1914 3195; baseline 0.002 -15"><span class='ocrx_word' id='word_1_373' title='bbox 1007 3139 1203 3182; x_wconf 85' lang='lat' dir='ltr'>cribrans</span> <span class='ocrx_word' id='word_1_374' title='bbox 1229 3154 1365 3195; x_wconf 87' lang='lat' dir='ltr'>aquas</span> <span class='ocrx_word' id='word_1_375' title='bbox 1391 3139 1445 3183; x_wconf 89' lang='lat' dir='ltr'>de</span> <span class='ocrx_word' id='word_1_376' title='bbox 1471 3139 1663 3183; x_wconf 90' lang='lat' dir='ltr'>nubibus</span> <span class='ocrx_word' id='word_1_377' title='bbox 1691 3138 1914 3182; x_wconf 87' lang='lat' dir='ltr'>caelornm.</span> 
     </span>
     <span class='ocr_line' id='line_1_62' title="bbox 1063 3197 1858 3256; baseline 0 -16"><span class='ocrx_word' id='word_1_378' title='bbox 1063 3197 1098 3223; x_wconf 82' lang='lat'>¹3</span> <span class='ocrx_word' id='word_1_379' title='bbox 1114 3199 1209 3241; x_wconf 83' lang='lat' dir='ltr'>Prae</span> <span class='ocrx_word' id='word_1_380' title='bbox 1232 3198 1408 3254; x_wconf 74' lang='lat' dir='ltr'>fulgore</span> <span class='ocrx_word' id='word_1_381' title='bbox 1429 3198 1474 3241; x_wconf 90' lang='lat' dir='ltr'>in</span> <span class='ocrx_word' id='word_1_382' title='bbox 1501 3203 1739 3256; x_wconf 88' lang='lat' dir='ltr'>conspectu</span> <span class='ocrx_word' id='word_1_383' title='bbox 1762 3197 1858 3253; x_wconf 83' lang='lat' dir='ltr'>ejus</span> 
     </span>
     <span class='ocr_line' id='line_1_63' title="bbox 1119 3257 1829 3312; baseline 0 -14"><span class='ocrx_word' id='word_1_384' title='bbox 1119 3257 1319 3301; x_wconf 82' lang='lat' dir='ltr'>succensi</span> <span class='ocrx_word' id='word_1_385' title='bbox 1341 3262 1444 3300; x_wconf 87' lang='lat' dir='ltr'>sunt</span> <span class='ocrx_word' id='word_1_386' title='bbox 1466 3258 1677 3301; x_wconf 88' lang='lat' dir='ltr'>carbones</span> <span class='ocrx_word' id='word_1_387' title='bbox 1698 3257 1829 3312; x_wconf 83' lang='lat' dir='ltr'>ignis.</span> 
     </span>
     <span class='ocr_line' id='line_1_64' title="bbox 1076 3315 1842 3370; baseline -0.003 -11"><span class='ocrx_word' id='word_1_388' title='bbox 1076 3315 1329 3359; x_wconf 72' lang='lat' dir='ltr'>1-2T0nabit</span> <span class='ocrx_word' id='word_1_389' title='bbox 1362 3316 1416 3360; x_wconf 89' lang='lat' dir='ltr'>de</span> <span class='ocrx_word' id='word_1_390' title='bbox 1449 3317 1558 3360; x_wconf 87' lang='lat' dir='ltr'>caelo</span> <span class='ocrx_word' id='word_1_391' title='bbox 1598 3315 1842 3370; x_wconf 82' lang='lat' dir='ltr'>Dominus,</span> 
     </span>
     <span class='ocr_line' id='line_1_65' title="bbox 1052 3375 1872 3419; baseline 0.002 -2"><span class='ocrx_word' id='word_1_392' title='bbox 1052 3380 1094 3417; x_wconf 88' lang='lat' dir='ltr'>ct</span> <span class='ocrx_word' id='word_1_393' title='bbox 1131 3375 1345 3418; x_wconf 80' lang='lat' dir='ltr'>Excelsus</span> <span class='ocrx_word' id='word_1_394' title='bbox 1383 3376 1507 3419; x_wconf 87' lang='lat' dir='ltr'>dabit</span> <span class='ocrx_word' id='word_1_395' title='bbox 1543 3389 1696 3418; x_wconf 78' lang='lat' dir='ltr'>vocem</span> <span class='ocrx_word' id='word_1_396' title='bbox 1733 3389 1872 3419; x_wconf 87' lang='lat' dir='ltr'>suam.</span> 
     </span>
     <span class='ocr_line' id='line_1_66' title="bbox 1007 3432 1909 3490; baseline 0 -15"><span class='ocrx_word' id='word_1_397' title='bbox 1007 3432 1042 3459; x_wconf 66' lang='lat'>¹³³</span> <span class='ocrx_word' id='word_1_398' title='bbox 1068 3433 1191 3476; x_wconf 87' lang='lat' dir='ltr'>Misit</span> <span class='ocrx_word' id='word_1_399' title='bbox 1224 3435 1433 3490; x_wconf 84' lang='lat' dir='ltr'>sagittas,</span> <span class='ocrx_word' id='word_1_400' title='bbox 1468 3440 1512 3478; x_wconf 90' lang='lat' dir='ltr'>et</span> <span class='ocrx_word' id='word_1_401' title='bbox 1544 3433 1778 3490; x_wconf 82' lang='lat' dir='ltr'>dissipavit</span> <span class='ocrx_word' id='word_1_402' title='bbox 1811 3448 1909 3488; x_wconf 64' lang='lat' dir='ltr'>eos-3</span> 
     </span>
     <span class='ocr_line' id='line_1_67' title="bbox 1135 3492 1785 3550; baseline 0.002 -16"><span class='ocrx_word' id='word_1_403' title='bbox 1135 3492 1302 3548; x_wconf 78' lang='lat' dir='ltr'>fulgur,</span> <span class='ocrx_word' id='word_1_404' title='bbox 1329 3500 1372 3536; x_wconf 90' lang='lat' dir='ltr'>et</span> <span class='ocrx_word' id='word_1_405' title='bbox 1398 3492 1671 3550; x_wconf 87' lang='lat' dir='ltr'>consumpsit</span> <span class='ocrx_word' id='word_1_406' title='bbox 1701 3506 1785 3535; x_wconf 73' lang='lat' dir='ltr'>eos.</span> 
     </span>
     <span class='ocr_line' id='line_1_68' title="bbox 1008 3550 1911 3608; baseline 0.001 -15"><span class='ocrx_word' id='word_1_407' title='bbox 1008 3550 1042 3577; x_wconf 74' lang='grc'>16</span> <span class='ocrx_word' id='word_1_408' title='bbox 1065 3551 1122 3593; x_wconf 88' lang='lat' dir='ltr'>Et</span> <span class='ocrx_word' id='word_1_409' title='bbox 1154 3558 1454 3608; x_wconf 87' lang='lat' dir='ltr'>apparuerunt</span> <span class='ocrx_word' id='word_1_410' title='bbox 1487 3551 1725 3595; x_wconf 83' lang='lat' dir='ltr'>effusiones</span> <span class='ocrx_word' id='word_1_411' title='bbox 1760 3552 1911 3598; x_wconf 82' lang='lat' dir='ltr'>maris,</span> 
     </span>
    </p>
   </div>
   <div class='ocr_carea' id='block_1_9' title="bbox 543 3694 1552 3729">
    <p class='ocr_par' dir='ltr' id='par_1_19' title="bbox 543 3694 1552 3729">
     <span class='ocr_line' id='line_1_69' title="bbox 543 3694 1552 3729; baseline 0.001 -8"><span class='ocrx_word' id='word_1_412' title='bbox 543 3694 593 3727; x_wconf 55' lang='grc' dir='ltr'>ἾΙθ’]</span> <span class='ocrx_word' id='word_1_413' title='bbox 618 3695 628 3721; x_wconf 93' lang='grc' dir='ltr'><strong>Ι</strong></span> <span class='ocrx_word' id='word_1_414' title='bbox 652 3695 720 3722; x_wconf 69' lang='lat' dir='ltr'>l‘nx&#39;.</span> <span class='ocrx_word' id='word_1_415' title='bbox 742 3696 814 3727; x_wconf 75' lang='lat' dir='ltr'>XX,</span> <span class='ocrx_word' id='word_1_416' title='bbox 833 3699 857 3723; x_wconf 64' lang='lat'>4.</span> <span class='ocrx_word' id='word_1_417' title='bbox 876 3711 910 3715; x_wconf 81' lang='lat'>—</span> <span class='ocrx_word' id='word_1_418' title='bbox 929 3696 957 3729; x_wconf 80' lang='lat'>2]</span> <span class='ocrx_word' id='word_1_419' title='bbox 977 3695 1029 3723; x_wconf 75' lang='lat' dir='ltr'>Ps.</span> <span class='ocrx_word' id='word_1_420' title='bbox 1048 3695 1158 3727; x_wconf 75' lang='lat' dir='ltr'>XVII,</span> <span class='ocrx_word' id='word_1_421' title='bbox 1175 3697 1201 3722; x_wconf 89' lang='grc'>3.</span> <span class='ocrx_word' id='word_1_422' title='bbox 1224 3709 1259 3714; x_wconf 93' lang='grc'>-</span> <span class='ocrx_word' id='word_1_423' title='bbox 1279 3695 1308 3727; x_wconf 75' lang='lat'>4]</span> <span class='ocrx_word' id='word_1_424' title='bbox 1328 3694 1380 3722; x_wconf 80' lang='lat' dir='ltr'>Ps.</span> <span class='ocrx_word' id='word_1_425' title='bbox 1399 3694 1510 3728; x_wconf 75' lang='lat' dir='ltr'>XVII,</span> <span class='ocrx_word' id='word_1_426' title='bbox 1525 3696 1552 3723; x_wconf 80' lang='lat'>4.</span> 
     </span>
    </p>
   </div>
  </div>
 </body>
</html>
