2456 3861
172 2725 216 2753 Le
224 2733 239 2752 x
269 2725 307 2752 de
338 2724 412 2757 iugi

205 2769 379 2796 sacrificio.

468 115 524 158 80
1134 113 1215 155 Ex.
1249 112 1426 165 XXIX,
1464 113 1516 154 16
1530 113 1624 155 -46.

468 285 594 340 cujus
621 289 753 341 caput
778 288 943 340 ponent
969 284 1118 325 Aaron
1149 286 1191 324 et
1217 281 1296 322 filii
1327 280 1424 336 ejus
1454 295 1635 334 manus;
1666 279 1701 306 1⁶
1719 295 1849 335 quem
1879 295 1980 323 cum
2008 279 2297 335 mactaveris,

467 344 594 387 tolles
620 344 673 386 de
703 343 917 398 sanguine
948 341 1064 397 ejus,
1097 345 1139 383 et
1167 339 1331 381 fundes
1361 339 1478 380 circa
1506 339 1659 382 altare.
1691 338 1725 364 ¹⁷
1749 339 1903 394 Ipsum
1935 344 2083 382 autem
2112 339 2298 382 arietem

467 402 636 446 secabis
665 402 712 445 in
752 401 917 455 frusta,
949 401 1126 454 lotaque
1156 398 1370 440 intestina
1399 397 1496 453 ejus
1525 412 1577 440 ac
1606 397 1740 453 pedes
1773 412 1909 453 pones
1939 412 2068 453 super
2100 398 2300 441 concisas
2332 402 2337 409 ‘

468 476 641 516 carues,
677 466 719 503 et
752 474 882 516 super
915 463 1048 515 caput
1080 457 1214 500 illius.
1247 456 1282 483 ¹8
1305 457 1362 499 Et
1395 456 1553 499 offeres
1586 461 1730 499 totum
1767 456 1953 499 arietem
1988 456 2032 498 in
2067 456 2299 500 incensum

470 535 596 576 super
631 519 799 573 altare3
840 518 1007 560 oblatio
1040 521 1105 560 est
1140 516 1352 570 Domino,
1392 515 1497 557 odor
1537 515 1826 558 suavissimus
1862 515 2059 558 victimae
2103 516 2299 559 Domini.

471 579 668 622 19Tolles
691 591 862 633 quoque
894 577 1079 619 arietem
1111 575 1322 629 alterum,
1357 589 1487 631 super
1515 574 1642 630 cujus
1674 579 1808 631 caput
1830 575 1980 617 Aaron
2014 580 2058 617 et
2089 574 2169 616 filii
2204 575 2301 631 ejus

468 643 631 695 ponent
661 650 841 690 manus3
870 635 907 662 ‘20
928 650 1059 691 quem
1089 649 1189 677 cum
1222 633 1545 690 immolaveris,
1579 648 1725 676 sumes
1761 634 1814 676 de
1851 633 2068 690 sanguine
2102 633 2223 690 ejus,
2258 639 2302 677 et

467 711 601 753 pones
635 710 764 751 super
792 700 1041 738 extremum
1065 693 1276 736 auriculae
1300 693 1469 736 dextrae
1493 695 1649 735 Aaron
1671 698 1714 736 et
1743 693 1935 736 filiorum
1961 693 2077 749 ejus,
2101 697 2144 735 et
2173 707 2304 749 super

467 755 649 813 pollices
678 768 836 797 manus
866 768 1016 797 eorum
1037 768 1089 796 ac
1111 753 1236 809 pedis
1259 752 1424 807 dextri,
1451 752 1700 808 fundesque
1726 751 1991 808 sanguinem
2012 765 2142 807 super
2162 751 2304 794 altare

466 829 543 871 per
565 813 814 856 circuitum.
837 812 870 839 2¹
892 813 1088 868 Cumque
1110 812 1264 855 tuleris
1294 811 1347 854 de
1376 811 1594 867 sanguine
1624 811 1697 866 qui
1728 816 1794 854 est
1822 825 1952 868 super
1976 810 2137 866 altare,
2173 815 2217 853 et
2249 810 2305 853 de

468 873 563 916 oleo
589 872 831 929 unctionis,
854 886 1061 929 asperges
1084 872 1233 915 Aaron
1259 876 1301 914 et
1322 876 1467 914 vestes
1490 870 1607 927 ejus,
1631 870 1744 913 tilios
1768 876 1811 913 et
1831 870 2099 913 vestimenta
2127 883 2301 924 eorum;

467 931 821 987 consecratisque
842 932 950 988 ipsis
973 939 1016 974 et
1041 931 1258 986 vestibus,
1286 929 1322 955 ‘²²2
1340 930 1469 972 tolles
1494 929 1673 985 adipem
1695 930 1749 972 de
1775 929 1933 985 ariete,
1962 934 2005 972 et
2039 929 2225 971 caudam
2261 936 2307 971 et,

466 992 690 1047 arvinam,
714 1005 812 1046 quae
843 991 983 1047 operit
1008 989 1187 1045 vitalia,
1218 1003 1270 1032 ac
1302 989 1538 1031 reticulum
1570 988 1752 1044 jecoris,
1778 994 1821 1031 et
1851 989 1959 1031 duos
1991 1003 2138 1043 renes,
2172 993 2306 1043 atque

467 1051 645 1107 adipem
676 1050 749 1106 qui
781 1065 910 1107 super
940 1064 1011 1093 eos
1046 1054 1130 1104 est,
1165 1062 1426 1103 armumque
1460 1047 1686 1103 dextrum,
1712 1062 1762 1090 eo
1788 1048 1904 1103 quod
1934 1047 1991 1090 sit
2019 1047 2132 1090 aries
2155 1061 2306 1090 conse—

469 1110 703 1165 crationis3
731 1108 768 1135 ²3
781 1115 1031 1165 tortamque
1052 1107 1179 1165 panis
1201 1107 1351 1163 unius,
1379 1106 1622 1149 crustulam
1649 1121 1932 1163 conspersam
1955 1106 2070 1162 oleo,
2092 1106 2306 1162 laganum

469 1169 523 1212 de
546 1169 738 1212 canistro
766 1182 1044 1225 azymorum,
1068 1167 1183 1222 quod
1213 1166 1407 1223 positum
1433 1170 1498 1209 est
1523 1165 1570 1208 in
1597 1170 1837 1222 conspectu
1860 1165 2067 1220 Domini,
2097 1164 2134 1191 24
2150 1180 2306 1222 pones-

469 1243 552 1285 que
570 1228 719 1271 omnia
737 1242 866 1283 super
885 1241 1041 1269 manus
1060 1228 1208 1269 Aaron
1229 1231 1273 1269 et
1294 1225 1485 1268 filiorum
1508 1224 1625 1281 ejus,
1650 1229 1693 1268 et
1715 1224 2016 1267 sanctificabis
2036 1238 2107 1267 eos
2129 1225 2308 1268 elevans

470 1302 617 1330 coram
646 1286 850 1330 Domino.
877 1285 913 1312 2⁵
933 1285 1239 1342 Suscipiesque
1273 1284 1479 1328 universa
1508 1284 1562 1327 de
1592 1284 1798 1327 manibus
1825 1298 1996 1340 eorum,
2024 1289 2067 1327 et
2097 1283 2309 1327 incendes

469 1361 598 1402 super
619 1346 758 1389 altare
786 1345 833 1388 in
862 1345 1191 1401 holocaustum,
1216 1344 1395 1387 odorem
1425 1343 1739 1386 suavissimum
1760 1343 1806 1386 in
1837 1348 2076 1399 conspectu
2104 1343 2308 1399 Domini,

470 1406 572 1461 quia
602 1405 769 1448 oblatio
802 1405 900 1462 ejus
934 1410 1012 1449 est.
1040 1403 1077 1431 '2⁶
1095 1405 1248 1448 Sumes
1281 1417 1453 1459 quoque
1485 1403 1792 1459 pectusculum
1827 1402 1880 1446 de
1913 1402 2070 1458 ariete,
2103 1416 2188 1458 quo
2224 1402 2309 1444 ini-

469 1465 605 1508 tiatus
631 1469 697 1508 est
719 1466 889 1520 Aaron,
913 1463 1300 1519 sanctificabisque
1324 1462 1436 1505 illud
1460 1463 1681 1506 elevatum
1710 1476 1859 1505 coram
1882 1462 2095 1518 Domino,
2120 1466 2164 1504 et
2182 1461 2312 1504 cedet

469 1525 516 1567 in
534 1530 707 1582 partem
726 1529 862 1567 tuam.
879 1523 914 1549 2⁷
931 1522 1327 1578 Sanctificabisque
1347 1527 1390 1565 et
1410 1521 1714 1578 pectusculum
1734 1526 2054 1578 consecratum,
2075 1526 2118 1564 et
2136 1535 2309 1564 armum

470 1599 601 1640 quem
627 1584 681 1627 de
699 1583 837 1626 ariete
859 1583 1092 1640 separasti,
1113 1581 1150 1608 2⁸
1165 1596 1249 1637 quo
1270 1581 1474 1624 initiatus
1497 1586 1563 1623 est
1581 1582 1730 1624 Aaron
1755 1586 1796 1624 et
1820 1580 1899 1623 filii
1924 1580 2042 1637 ejus,
2063 1580 2311 1636 cedentque

469 1644 516 1686 in
537 1648 710 1700 partem
733 1644 883 1686 Aaron
906 1648 949 1685 et
970 1641 1162 1684 filiorum
1184 1641 1281 1697 ejus
1303 1640 1400 1697 jure
1423 1645 1635 1697 perpetuo
1660 1655 1686 1682 a
1708 1640 1811 1683 filiis
1838 1639 2002 1695 Israe13
2027 1639 2130 1696 quia
2157 1639 2309 1696 primi-

471 1703 565 1745 tiva
602 1707 704 1745 sunt
741 1706 784 1745 et
819 1702 948 1744 initia
986 1701 1040 1744 de
1077 1700 1273 1743 victimis
1313 1714 1463 1742 eorum
1499 1699 1697 1755 pacificis
1735 1714 1832 1755 quae
1872 1699 2066 1742 offerunt
2101 1699 2307 1742 Domino.

472 1761 508 1788 29
530 1763 712 1805 Vestem
743 1766 894 1804 autem
928 1765 1150 1815 sanctam,
1189 1774 1274 1815 qua
1312 1763 1459 1802 utetur
1493 1761 1663 1815 Aaron,
1704 1758 1933 1801 habebunt
1965 1758 2045 1800 filii
2081 1758 2178 1814 ejus
2210 1764 2313 1815 post

472 1836 592 1877 eum,
616 1826 664 1864 ut
686 1825 910 1876 ungantur
938 1820 984 1862 in
1015 1834 1086 1875 ea,
1115 1825 1158 1862 et
1189 1822 1499 1861 consecrentur
1524 1832 1681 1860 manus
1709 1831 1871 1861 eorum.
1896 1817 1933 1844 3⁰
1951 1818 2130 1874 Septem
2153 1817 2311 1860 diebus

471 1886 619 1924 utetur
650 1880 727 1923 illa
762 1879 835 1935 qui
864 1879 1073 1936 pontifex
1100 1893 1178 1935 pro
1217 1892 1267 1921 eo
1305 1877 1443 1920 fuerit
1476 1877 1743 1920 constitutus
1783 1877 1836 1920 de
1870 1877 1973 1919 filiis
2003 1877 2120 1933 ejus,
2155 1881 2199 1920 et
2236 1877 2309 1932 qui

472 1940 745 1996 ingredietur
763 1938 1100 1982 tabernaculum
1119 1937 1363 1981 testimonii
1386 1941 1436 1979 ut
1461 1936 1682 1979 ministret
1703 1936 1750 1978 in
1774 1936 2038 1980 sanctuario.
2060 1935 2094 1962 3¹
2110 1936 2311 1979 Arietem

474 2005 623 2043 autem
649 1998 993 2042 consecrationis
1014 1998 1164 2053 tolles,
1186 2002 1229 2040 et
1248 2011 1407 2052 coques
1431 2010 1583 2038 carnes
1606 1996 1701 2052 ejus
1727 1995 1773 2037 in
1796 1996 1892 2038 loco
1914 2000 2080 2052 sancto,
2100 1994 2137 2022 3'2
2152 1995 2311 2051 quibus

473 2064 674 2102 vescetur
700 2059 850 2101 Aaron
877 2063 921 2101 et
945 2057 1025 2099 filii
1049 2056 1158 2113 ejus.
1185 2057 1328 2099 Panes
1350 2070 1541 2111 quoque,
1570 2055 1644 2110 qui
1671 2055 1840 2098 suntin
1867 2055 2079 2111 canistro,
2104 2055 2152 2097 in
2177 2054 2309 2098 vesti—

477 2118 577 2162 bulo
606 2117 884 2160 tabernaculi
910 2116 1154 2160 testimonii
1190 2115 1444 2171 comedent,
1472 2114 1508 2140 33
1526 2119 1575 2157 ut
1608 2114 1666 2157 sit
1695 2114 1916 2171 placabile
1947 2114 2233 2171 sacrificium,
2269 2120 2314 2157 et

475 2177 806 2221 sanctificentur
837 2176 1120 2219 offerentium
1150 2189 1320 2218 manus.
1354 2174 1623 2230 Alienigena
1653 2188 1740 2217 non
1774 2179 1977 2217 vescetur
2009 2188 2064 2217 ex
2090 2173 2175 2230 eis,
2209 2173 2314 2229 quia

475 2236 616 2279 sancti
643 2241 757 2279 sunt.
781 2235 817 2262 34
836 2235 959 2287 Quod
981 2236 1016 2278 si
1039 2234 1300 2278 remanserit
1324 2234 1377 2277 de
1401 2233 1607 2276 carnibus
1627 2233 1914 2288 consecratis,
1935 2233 2029 2276 sive
2049 2233 2103 2276 de
2122 2232 2314 2289 panibus

478 2310 610 2351 usque
636 2310 786 2351 mane,
814 2295 1044 2338 combures
1077 2293 1286 2350 reliquias
1315 2293 1436 2349 igni;
1460 2307 1548 2335 non
1576 2293 1874 2348 comedentur,
1904 2293 2006 2348 quia
2033 2291 2314 2349 sanctificata

478 2360 590 2399 sunt.
611 2354 646 2381 35
662 2354 842 2410 Omnia,
863 2369 961 2410 quae
984 2353 1176 2410 praecepi
1199 2352 1303 2407 tibi,
1331 2352 1472 2395 facies
1495 2367 1624 2408 super
1647 2353 1796 2395 Aaron
1821 2357 1864 2395 et
1882 2352 1984 2394 filiis
2003 2351 2113 2408 ejus.
2133 2351 2311 2408 Septem

477 2414 631 2458 diebus
661 2413 939 2456 consecrabis
974 2428 1130 2456 manus
1165 2426 1335 2467 eorum,
1366 2411 1403 2437 36
1429 2417 1472 2454 et
1500 2411 1692 2454 vitulum
1722 2425 1800 2468 pro
1829 2416 2013 2468 peccato
2043 2411 2202 2454 offeres
2235 2425 2314 2467 per

476 2473 673 2529 singulos
697 2473 789 2515 dies
814 2473 871 2515 ad
895 2472 1178 2529 expiandum.
1200 2471 1525 2526 Mundabisque
1550 2471 1690 2514 altare
1714 2485 1815 2513 cum
1835 2470 2137 2513 immolaveris
2161 2470 2312 2526 expia-

476 2532 609 2576 tionis
634 2532 846 2588 hostiam,
872 2537 914 2575 et
936 2546 1075 2588 unges
1092 2531 1203 2574 illud
1225 2531 1271 2573 in
1299 2530 1712 2574 sanctificationem.
1734 2529 1768 2556 37
1789 2530 1967 2586 Septem
1985 2529 2141 2573 diebus
2162 2529 2312 2586 expia-

477 2593 545 2635 bis
570 2592 730 2647 altare,
759 2596 802 2634 et
831 2591 1151 2647 sanctificabis,
1181 2596 1224 2633 et
1254 2590 1336 2633 erit
1361 2594 1566 2632 sanctum
1596 2595 1874 2644 sanctorum3
1912 2589 2075 2645 omnis,
2103 2588 2176 2644 qui
2212 2588 2314 2631 teti—

478 2651 592 2708 gerit
612 2651 744 2707 illud,
771 2650 1134 2694 sanctificabitur.

536 2711 573 2737 33
600 2711 698 2753 Hoc
733 2716 798 2753 est
830 2710 946 2766 quod
975 2710 1117 2753 facies
1150 2711 1196 2753 in
1229 2710 1359 2753 altari
1386 2727 1395 2754 ε
1429 2724 1568 2766 agnos
1598 2709 1828 2752 anniculos
1859 2709 1967 2752 duos
2005 2724 2082 2766 per
2115 2710 2315 2766 singulos

480 2770 573 2813 dies
597 2770 776 2825 jugiter,
799 2769 835 2796 39
853 2784 990 2812 unum
1022 2784 1189 2825 agnum
1216 2784 1367 2825 mane,
1392 2774 1435 2812 et
1464 2769 1654 2812 alterum
1676 2782 1876 2824 vespere,
1905 2768 1942 2794 4⁰
1964 2769 2186 2812 decimam
2215 2783 2312 2825 par-

478 2836 570 2872 tem
595 2829 754 2871 similae
781 2842 1026 2884 conspersae
1049 2828 1145 2871 oleo
1165 2834 1283 2884 tuso,
1311 2829 1425 2884 quod
1447 2828 1611 2871 habeat
1636 2842 1887 2871 mensuram
1910 2834 2113 2883 quartam
2140 2833 2313 2884 partem

479 2888 577 2944 hin,
609 2893 652 2930 et
684 2888 837 2930 vinum
866 2888 922 2930 ad
955 2887 1188 2930 libandum
1222 2888 1423 2943 ejusdem
1453 2902 1671 2930 mensurae
1699 2887 1745 2929 in
1779 2901 1895 2942 agno
1925 2901 2025 2930 uno.
2054 2886 2087 2913 '¹¹
2108 2888 2313 2930 Alterum

480 2961 582 2990 vero
601 2961 767 3002 agnum
787 2947 944 2989 offeres
965 2946 1022 2990 ad
1041 2961 1270 3003 vesperam
1293 2947 1425 3002 juxta
1441 2947 1576 2989 ritum
1599 2946 1830 2990 matutinae
1851 2946 2101 3002 oblationis,
2123 2951 2166 2990 et
2182 2946 2314 3003 juxta

481 3021 532 3049 ea
557 3020 655 3061 quae
686 3005 899 3061 diximus,
932 3006 978 3048 in
1009 3006 1187 3049 odorem
1216 3005 1474 3061 suavitatis;
1504 3005 1540 3032 4'2
1558 3005 1823 3049 sacrificium
1855 3011 1920 3049 est
1946 3005 2163 3061 Domino,
2191 3005 2314 3048 obla-

480 3065 600 3108 tione
629 3069 840 3120 perpetua
869 3064 915 3107 in
949 3065 1256 3119 generationes
1278 3070 1466 3121 vestras,
1489 3065 1546 3108 ad
1578 3065 1739 3108 ostium
1765 3064 2041 3107 tabernaculi
2069 3064 2311 3108 testimonii

482 3138 630 3166 coram
654 3124 864 3178 Domino,
894 3124 966 3166 ubi
990 3124 1257 3167 constituam
1283 3129 1331 3167 ut
1352 3124 1505 3180 loquar
1526 3125 1583 3167 ad
1614 3129 1670 3167 te.
1694 3123 1730 3149 43
1749 3123 1906 3179 Ibique
1928 3123 2188 3180 praecipiam
2211 3123 2316 3165 filiis

483 3183 641 3239 Israel,
666 3187 708 3226 et
733 3183 1084 3225 sanctificabitur
1108 3184 1248 3226 altare
1273 3183 1319 3226 in
1345 3184 1487 3239 gloria
1513 3198 1625 3227 mea.
1649 3183 1685 3209 ‘¹4
1704 3182 2000 3227 sanctificabo
2031 3188 2075 3225 et
2106 3182 2312 3225 taberna-

482 3242 630 3285 culum
656 3241 899 3285 testimonii
927 3256 1026 3284 cum
1048 3242 1199 3297 altari,
1224 3248 1267 3285 et
1290 3244 1438 3286 Aaron
1465 3257 1567 3285 cum
1595 3242 1698 3285 filiis
1727 3241 1836 3297 suis,
1860 3246 1907 3284 ut
1939 3240 2184 3284 sacerdotio
2211 3241 2315 3283 fun-

482 3306 644 3358 gantur
662 3300 784 3344 mihi.
804 3300 841 3327 ‘¹⁵
859 3302 916 3343 Et
938 3301 1150 3344 habitabo
1167 3302 1213 3343 in
1236 3302 1382 3344 medio
1400 3302 1590 3345 filiorum
1614 3301 1772 3356 Israel,
1794 3315 1952 3357 eroque
1975 3301 2036 3344 eis
2060 3301 2198 3355 Deus,
2220 3300 2256 3326 45
2270 3306 2314 3343 et

482 3361 623 3404 scient
648 3360 750 3416 quia
773 3374 855 3416 ego
882 3359 1098 3403 Dominus
1126 3362 1243 3403 Deus
1270 3375 1438 3417 eorum,
1462 3361 1533 3417 qui
1562 3360 1693 3404 eduxi
1717 3374 1790 3403 eos
1812 3360 1866 3403 de
1892 3365 2007 3402 terra
2029 3359 2241 3415 AEgypti,
2266 3365 2314 3402 ut

483 3434 707 3463 manerem
728 3419 843 3462 inter
863 3418 982 3474 illos,
1007 3432 1089 3474 ego
1113 3419 1328 3462 Dominus
1356 3421 1474 3463 Deus
1495 3420 1703 3476 ipsorum.

483 3623 531 3656 32]
556 3622 633 3650 ch.
648 3623 732 3650 VIII
752 3626 806 3658 ,31
829 3626 861 3651 et
885 3623 1008 3658 XXIV,
1026 3626 1051 3652 9.
1075 3624 1194 3652 Matth.
1213 3624 1296 3657 XII,
1319 3626 1344 3652 4.
1364 3639 1399 3643 —
1419 3625 1467 3658 38]
1491 3625 1586 3652 Num.
1606 3624 1776 3659 XXVIII,
1792 3627 1817 3653 3.
