2423 3861
239 2997 304 3040 CA
337 3032 344 3039 .

310 3010 334 3039 P

801 160 944 200 CANT.
980 157 1058 211 IV,
1091 159 1118 199 2
1150 183 1209 190 —
1242 158 1295 210 V,
1332 158 1367 199 1.

674 327 839 382 absque
865 341 915 370 eo
940 326 1056 382 quod
1083 327 1347 369 intrinsecus
1373 326 1495 369 latet.

655 386 814 442 Capilli
850 386 912 428 tui
947 386 1061 428 sicut
1094 400 1251 441 greges
1289 399 1518 441 caprarum

631 460 727 500 quae
762 445 1055 488 ascenderunt
1088 445 1141 488 dc
1176 451 1324 488 monte
1358 443 1543 488 Galaad.

660 503 677 528 ‘²
696 504 862 546 Dentes
884 504 946 546 tui
971 504 1084 546 sicut
1106 518 1263 559 greges
1286 510 1511 546 tonsarum

727 577 823 617 quae
846 563 1140 605 asconderunt
1166 563 1219 605 do
1244 563 1443 617 lavacro;

782 635 934 665 omnes
961 621 1164 677 gemellis
1186 622 1377 677 fetibus,

734 685 777 723 et
808 680 970 723 sterilis
1005 694 1093 722 non
1119 685 1185 723 est
1210 680 1324 723 inter
1350 695 1436 724 eas.

685 739 703 766 ³
725 739 846 784 Sicut
871 739 983 781 vitta
1010 739 1218 782 coccinea
1247 739 1367 781 labia
1392 745 1486 796 tua,

776 804 821 842 et
846 798 1070 854 eloquium
1100 804 1226 840 tuum
1253 798 1394 841 dulce.

554 859 676 903 Sicut.
701 859 908 914 fragmen
935 857 1041 899 mali
1064 857 1236 913 punici,
1264 857 1325 899 ita
1351 872 1477 913 genre
1504 862 1614 913 tuae,

673 918 838 973 absque
864 931 914 960 eo
941 916 1057 972 quod
1083 916 1348 959 intrinsecus
1375 917 1498 960 latet.

644 977 661 1003 ⁴
683 977 807 1021 Sicut
840 976 970 1019 turris
1006 975 1153 1019 David
1186 975 1349 1018 collum
1383 982 1529 1030 tuum,

592 1051 691 1092 quae
728 1036 946 1079 aedificata
976 1039 1043 1078 est
1072 1049 1173 1077 cum
1203 1034 1545 1091 propugnaculis
1572 1050 1581 1078 z

722 1095 844 1138 mille
878 1095 1023 1151 clypei
1057 1094 1253 1151 pendent
1286 1109 1341 1137 ex
1374 1108 1448 1149 ea,
1587 1107 1590 1111 ’

779 1154 921 1197 omnis
947 1162 1171 1196 armatura
1195 1153 1394 1196 fortium.

656 1215 673 1241 5
695 1215 794 1257 Duo
820 1214 955 1256 ubera
981 1218 1057 1255 tua
1078 1213 1194 1256 sicut
1217 1213 1301 1256 duo
1326 1213 1522 1267 hinnuli,

596 1288 767 1330 capreae
794 1273 995 1329 gemelli,
1023 1272 1098 1328 qui
1123 1277 1365 1329 pascuntur
1389 1272 1433 1314 in
1457 1272 1576 1314 liliis.

515 1334 532 1360 ⁰
555 1335 706 1376 Donec
739 1332 903 1388 aspiret
937 1332 1051 1387 dies,
1087 1337 1132 1374 et
1169 1331 1439 1374 inclinentur
1467 1331 1655 1386 umbrae,

473 1392 636 1435 vadam
658 1391 714 1434 ad
746 1396 942 1433 montem
972 1391 1185 1446 myrrhae,
1209 1396 1253 1433 et
1281 1391 1338 1434 ad
1365 1391 1524 1434 collem
1553 1389 1706 1432 thuris,

705 1449 719 1475 7
743 1451 856 1492 Tota
881 1450 1066 1506 pulchra
1091 1464 1156 1504 es,
1184 1450 1330 1492 amica
1354 1464 1474 1505 mea,

785 1514 829 1551 et
855 1509 1030 1551 macula
1055 1523 1140 1551 non
1169 1513 1236 1551 est
1259 1509 1306 1551 in
1331 1515 1388 1552 te.

697 1569 714 1595 3
732 1567 850 1611 Veni
872 1567 927 1610 de
950 1567 1143 1623 Libano,
1170 1581 1333 1623 sponsa
1358 1583 1477 1621 mea,

645 1627 747 1671 veni
774 1627 828 1670 de
854 1627 1048 1683 Libano,
1073 1627 1196 1682 veni,
1224 1627 1527 1678 coronaberis;

459 1688 512 1730 cle
547 1687 693 1744 capite
723 1687 925 1741 Amana,
962 1687 1016 1729 de
1048 1686 1216 1729 vertice
1252 1686 1378 1730 Sanir
1411 1690 1455 1728 et
1493 1688 1716 1740 Hermon,

525 1747 578 1789 de
605 1746 826 1789 cubilibus
848 1746 1049 1801 leonum,
1075 1745 1129 1788 de
1152 1745 1378 1788 montibus
1404 1746 1655 1802 pardorum.

497 1807 514 1831 ⁰
540 1805 795 1848 Vulnerasti
838 1820 911 1849 cor
947 1820 1122 1860 meum,
1164 1820 1283 1848 soror
1323 1819 1446 1860 mea,
1486 1819 1677 1861 sponsa:
1708 1835 1711 1837 -

466 1865 709 1908 vulnerasti
748 1879 821 1908 cor
858 1880 1006 1908 meum
1038 1865 1085 1907 in
1119 1879 1205 1907 uno
1243 1865 1469 1907 oculorum
1511 1870 1710 1919 tuorum,

786 1930 830 1967 et
853 1925 900 1967 in
925 1939 1013 1968 uno
1039 1924 1159 1968 crine
1186 1924 1289 1967 colli
1316 1923 1392 1967 tui.

383 1983 418 2012 '10
434 1984 574 2035 Quam
600 1985 796 2041 pulchrae
822 1990 926 2027 sunt
953 1998 1160 2027 mammae
1186 1988 1296 2036 tuae,
1315 1997 1446 2027 ‘soror
1468 1999 1587 2040 mea,
1615 1982 1799 2040 sponsal

693 2044 951 2087 Pulchriora
976 2049 1079 2087 sunt
1104 2044 1241 2086 ubera
1266 2049 1344 2086 tua
1368 2044 1492 2099 vino,

443 2109 485 2146 et.
509 2103 614 2146 odor
638 2109 967 2159 unguentorum
993 2109 1169 2147 tuorum
1200 2118 1329 2161 super
1354 2103 1504 2147 onmia
1529 2107 1739 2146 aromata.

621 2162 651 2188 ¹¹
676 2163 824 2206 Favus
851 2163 1075 2206 distillans
1101 2163 1221 2206 labia
1250 2169 1347 2219 tua,
1376 2177 1562 2219 sponsa3

756 2222 843 2266 mel
869 2228 912 2265 et
937 2223 1007 2266 lac
1036 2223 1116 2266 sub
1143 2223 1296 2279 lingua
1320 2228 1422 2277 tua3

489 2288 531 2325 et
557 2281 661 2325 odor
685 2282 1052 2325 vestimentorum
1074 2288 1252 2325 tuorum
1278 2281 1392 2325 sicut
1417 2282 1522 2325 odor
1545 2281 1697 2324 thuris.

604 2341 638 2367 ¹²
661 2342 829 2384 Hortus
856 2342 1088 2384 conclusus
1115 2356 1233 2384 soror
1259 2356 1377 2397 mea,
1405 2356 1586 2397 sponsa,

696 2402 848 2444 hortus
875 2402 1127 2456 conclusus,
1154 2402 1256 2443 fons
1279 2401 1493 2456 signatus.

474 2460 510 2488 '¹3
531 2461 803 2504 Emissiones
824 2466 915 2504 tuae
937 2460 1169 2517 paradisus
1193 2460 1411 2503 malorum
1433 2460 1711 2516 punicorum,

562 2535 661 2563 cum
689 2535 918 2577 pomorum
945 2519 1188 2574 fructibus,
1212 2519 1335 2576 cypri
1358 2534 1458 2562 cum
1480 2518 1631 2561 nardo.

514 2579 549 2607 ¹4
570 2580 747 2623 Nardus
781 2586 824 2623 et
858 2594 1031 2636 crocus,
1065 2579 1214 2621 fistula
1247 2584 1291 2621 et
1324 2578 1675 2633 cinnamomum,

732 2654 833 2682 cum
862 2639 1080 2683 universis
1109 2638 1244 2694 lignis
1271 2637 1458 2693 Libani3

464 2699 643 2755 myrrha
676 2704 720 2742 et
751 2699 873 2755 aloe,
908 2714 1009 2742 cum
1039 2698 1244 2741 omnibus
1280 2697 1435 2753 primis
1467 2696 1719 2752 unguentis.

519 2759 553 2785 '¹5
573 2759 690 2801 Fons
713 2759 960 2814 hortorum,
983 2764 1141 2815 puteus
1164 2771 1379 2813 aquarum
1400 2755 1667 2811 viventium,

718 2834 817 2875 quae
843 2818 986 2867 fluunt
1007 2818 1177 2874 impetu
1204 2816 1258 2859 de
1285 2816 1470 2859 Libano.

663 2878 699 2905 15
719 2879 880 2935 Surge,
913 2877 1088 2933 aquilo;
1124 2882 1167 2920 et
1198 2875 1320 2931 veni,
1354 2880 1526 2930 auster3

503 2939 641 2996 perfla
668 2938 846 2982 hortum
876 2951 1043 2993 meum,
1075 2941 1118 2979 et
1146 2934 1288 2978 fluant
1319 2939 1521 2978 aromata
1549 2932 1683 2977 illius.

381 2997 434 3040 V.
468 3024 528 3030 --
562 2998 764 3041 ¹Veniat
801 2997 989 3041 dilectus
1023 3009 1146 3038 meus
1182 2995 1230 3037 in
1263 2995 1440 3038 hortum
1472 3008 1624 3049 suum,

613 3064 656 3101 et
681 3057 886 3100 comedat
911 3056 1109 3099 fructum
1129 3068 1361 3111 pomorum
1382 3068 1572 3097 suorum.

557 3117 671 3160 Veni
697 3117 742 3159 in
767 3117 942 3159 hortum
969 3129 1135 3170 meum,
1163 3127 1281 3157 soror
1306 3127 1422 3169 mea,
1446 3127 1630 3170 sponsa3

509 3176 672 3220 messui
700 3177 923 3232 myrrham
949 3188 1094 3217 meam
1119 3187 1219 3216 cum
1248 3172 1519 3216 aromatibus
1545 3171 1679 3227 meis3

705 3234 875 3279 comedi
897 3235 1056 3277 favum
1077 3247 1178 3275 cum
1202 3232 1334 3276 melle
1359 3246 1482 3287 meo,

649 3294 742 3338 bibi
777 3294 931 3337 vinum
964 3307 1113 3335 meum
1146 3306 1248 3335 cum
1280 3291 1396 3334 lacte
1430 3305 1542 3334 meo.

738 3352 988 3406 Comedite,
1022 3351 1177 3407 amici,
1212 3356 1256 3394 et
1287 3351 1456 3406 bibite;

783 3418 828 3459 et
852 3410 1155 3466 inebriamini,
1180 3409 1410 3453 carissimi.

1912 156 1996 197 709

2123 1337 2259 1368 Sponsa.

2111 1453 2270 1486 Sponsus.

2130 3006 2267 3038 Sponsa.

2094 3119 2244 3151 Sponsus
2261 3117 2301 3145 ad

2111 3168 2267 3196 sponsam
2279 3168 2287 3194 ;

2097 3356 2137 3383 au
2164 3353 2299 3382 amicos.
