2456 3861
701 158 750 202 11
784 159 894 202 PAR.
928 158 1027 209 XV,
1061 158 1087 201 5
1119 183 1177 189 -
1209 156 1340 211 XVI,
1378 156 1444 199 12.
1897 156 1980 199 421

162 329 218 372 ad
245 328 504 384 Dominum,
532 329 675 373 Deum
698 329 856 385 Israel,
884 334 928 372 et
947 328 1201 384 quaesierint
1226 342 1346 382 eum,
1373 327 1592 389 reperient
1613 340 1726 370 eum.
1752 326 1768 351 ⁵
1798 326 1851 368 In
1874 331 1984 368 tem-

162 401 265 444 pore
289 387 365 430 illo
387 402 475 431 non
508 388 591 432 erit
615 403 704 444 pax
732 388 977 444 egredienti
1003 392 1047 431 et
1075 386 1362 443 ingredienti,
1393 385 1469 429 sed
1502 390 1687 429 terrores
1716 384 1910 440 undique
1938 383 1985 426 in

163 446 335 489 cunctis
356 446 680 490 habitatoribus
704 453 919 490 terrarum
949 463 956 490 :
980 446 997 473 ⁶
1021 445 1239 502 pugnabit
1264 445 1381 488 enim
1404 459 1510 500 gens
1533 449 1685 487 contra
1714 448 1914 499 gentem,
1942 446 1987 486 et

163 505 322 548 civitas
356 511 509 549 contra
543 505 792 560 civitatem,
827 505 930 560 quia
961 505 1176 548 Dominus
1210 503 1493 547 conturbabit
1525 517 1598 546 eos
1628 502 1673 545 in
1695 501 1815 545 omni
1849 516 1986 558 angu-

162 564 287 607 stia.⁷
304 566 393 606 Vos
416 579 518 620 ergo
541 564 878 618 confortamini,
893 568 938 607 et
959 577 1045 605 non
1073 562 1370 605 dissolvantur
1388 576 1544 604 manus
1561 567 1718 604 vestrae
1737 579 1745 616 3
1770 560 1852 604 erit
1870 560 1988 604 enim

164 637 330 665 merces
355 623 474 679 operi
502 629 658 666 vestro.

222 682 238 708 ὃ
264 682 387 731 Quod
418 697 518 725 cum
550 681 746 724 audisset
780 683 890 735 Asa,
921 680 1055 723 verba
1085 680 1257 723 scilicet
1289 685 1334 722 et
1362 680 1640 735 prophetiam
1679 679 1873 734 Azariae,
1909 679 1989 722 filii

162 740 288 783 Oded
330 741 576 797 prophetae,
604 740 879 782 confortatus
897 745 984 793 est,
1011 743 1054 782 et
1075 739 1262 781 abstulit
1285 738 1403 781 idola
1426 738 1480 780 de
1503 738 1620 780 omni
1645 743 1760 781 terra
1786 739 1813 781 J
1819 738 1924 793 uda,
1945 743 1990 781 et

163 799 217 842 de
245 799 504 855 Benjamin,
528 804 572 842 et
593 812 648 841 ex
674 798 853 840 urbibus
879 812 986 853 quas
1020 802 1196 853 ceperat
1229 797 1391 839 montis
1422 796 1646 852 Ephraim.
1678 798 1736 838 Et
1766 796 1990 840 dedicavit

162 858 304 901 altare
335 857 512 900 Domini
543 856 657 913 quod
687 861 782 899 erat
810 860 914 899 ante
948 857 1166 912 porticum
1197 855 1392 899 Domini.
1423 855 1440 881 9
1476 855 1864 910 Congregavitque
1894 855 1990 898 uni-

164 931 340 960 versum
361 917 390 959 J
395 916 527 959 udam
552 920 596 958 et
623 915 881 971 Benjamin,
905 920 950 958 et
973 915 1170 958 advenas
1193 929 1293 958 cum
1318 914 1381 957 eis
1403 914 1456 957 de
1483 913 1719 969 Ephraim,
1746 918 1791 956 et
1816 913 1869 956 de
1897 915 1990 957 Ma-

165 990 315 1030 nasse‚
342 980 386 1018 et
408 974 461 1018 de
487 974 688 1029 Simeon;
715 974 862 1030 plures
887 974 1005 1017 enim
1033 974 1091 1017 ad
1116 988 1218 1017 eum
1250 974 1548 1029 confugerant
1575 987 1629 1016 ex
1654 972 1811 1027 Israel,
1838 972 1991 1015 viden-

164 1040 230 1078 tes
250 1033 365 1090 quod
389 1033 605 1076 Dominus
633 1035 751 1077 Deus
774 1033 892 1076 illius
914 1037 1028 1077 esset
1049 1047 1149 1076 cum
1182 1047 1247 1077 eo.
1274 1032 1310 1059 ¹⁰
1332 1032 1529 1088 Cumque
1550 1031 1777 1075 venissent
1796 1031 1843 1073 in
1865 1031 1892 1074 J
1897 1045 1992 1074 eru-

165 1093 302 1136 salem
338 1107 489 1136 mense
531 1092 682 1149 tertio,
724 1107 840 1136 anno
874 1092 1044 1136 decimo
1081 1092 1236 1148 quinto
1275 1091 1402 1147 regni
1439 1093 1542 1146 Asa,
1578 1089 1611 1117 ¹¹
1649 1089 1995 1133 immolaverunt

166 1151 357 1196 Domino
382 1152 427 1194 in
455 1151 525 1195 die
554 1151 652 1207 illa,
681 1151 733 1195 de
758 1151 980 1195 manubiis
1010 1157 1054 1195 et
1078 1151 1229 1208 praeda
1262 1165 1396 1207 quam
1432 1149 1731 1205 adduxerant,
1763 1149 1899 1192 boves
1928 1162 1994 1192 se-

165 1211 442 1268 ptingentos,
474 1216 518 1254 et
549 1211 710 1255 arietes
735 1217 905 1267 septem
931 1211 1086 1253 millia.
1120 1209 1153 1236 ¹²
1183 1212 1241 1254 Et
1265 1209 1452 1253 intravit
1484 1224 1540 1252 ex
1564 1223 1684 1252 more
1710 1208 1766 1251 ad
1794 1207 1994 1251 corrobo-

164 1270 352 1313 randum
374 1270 539 1326 foedus,
567 1275 616 1313 ut
632 1275 881 1326 quaererent
915 1270 1176 1326 Dominum,
1209 1271 1353 1313 Deum
1388 1273 1566 1325 patrum
1594 1282 1791 1323 suorum,
1826 1266 1873 1309 in
1901 1271 1995 1311 toto

166 1329 296 1372 corde
318 1329 432 1372 etin
457 1334 552 1372 tota
576 1329 726 1372 anima
751 1343 841 1372 sua.
873 1329 909 1356 ¹3
931 1329 975 1373 Si
1012 1328 1108 1384 quis
1137 1334 1308 1384 autem,
1338 1327 1502 1383 inquit,
1530 1341 1617 1370 non
1650 1326 1876 1383 quaesierit
1908 1327 1996 1370 Do-

166 1388 358 1444 minum,
386 1389 530 1431 Deum
559 1388 718 1443 Israel,
753 1388 984 1443 moriatur,
1015 1403 1041 1430 a
1074 1387 1257 1430 minimo
1290 1401 1426 1443 usque
1456 1387 1513 1430 ad
1543 1386 1811 1441 maximum,
1843 1400 1870 1428 a
1902 1385 1996 1428 viro

167 1462 303 1503 usque
333 1447 390 1490 ad
415 1447 659 1490 mulierem.
685 1447 719 1473 ¹4
745 1447 1101 1502 duraveruntque
1128 1446 1319 1489 Domino
1348 1460 1456 1489 voce
1485 1459 1673 1501 magna,
1700 1444 1746 1486 in
1767 1444 1930 1500 jubilo,
1954 1448 1999 1488 et

166 1506 213 1548 in
239 1507 444 1562 clangore
470 1505 611 1561 tubae,
642 1510 687 1548 et
718 1505 765 1547 in
798 1506 944 1548 sonitu
973 1505 1282 1560 buccinarum,
1318 1505 1354 1531 '¹5
1379 1518 1529 1547 omnes
1561 1503 1634 1559 qui
1665 1508 1790 1546 erant
1811 1503 1857 1545 in
1879 1503 1998 1546 Juda

169 1580 269 1608 cum
299 1565 602 1619 execratione3
630 1564 676 1606 in
706 1564 825 1607 omni
848 1564 967 1607 enim
997 1564 1126 1607 corde
1156 1578 1234 1607 suo
1262 1564 1542 1619 juraverunt,
1570 1567 1615 1605 et
1643 1562 1690 1604 in
1718 1566 1812 1605 tota
1844 1561 1998 1605 volun-

168 1629 260 1667 tate
282 1623 553 1680 quaesierunt
586 1638 705 1679 eum,
738 1628 782 1666 et
814 1623 1093 1667 invenerunt.
1122 1623 1423 1678 Praestititque
1457 1621 1518 1665 eis
1557 1621 1773 1665 Dominus
1802 1620 2000 1676 requiem

167 1697 244 1741 per
269 1682 515 1726 circuitum.
544 1681 579 1708 16
604 1682 690 1726 Sed
712 1687 757 1726 et
781 1683 1041 1738 Maacham,
1065 1687 1254 1725 matrem
1284 1683 1376 1725 Asa
1396 1680 1533 1737 regis,
1569 1695 1625 1723 ex
1645 1684 1832 1736 augusto
1868 1679 2000 1736 depo-

168 1742 255 1785 suit
292 1741 497 1798 imperio,
529 1756 579 1785 eo
609 1741 725 1797 quod
757 1742 940 1785 fecisset
972 1741 1018 1784 in
1050 1741 1149 1784 luco
1183 1741 1468 1784 simulacrum
1502 1739 1652 1796 Priapi
1680 1757 1689 1795 3
1723 1739 1840 1795 quod
1874 1753 2000 1782 omno

170 1801 398 1857 contrivit,
422 1806 466 1844 et
491 1801 538 1843 in
559 1800 702 1843 frusta
735 1801 1060 1857 comminuens,
1088 1800 1330 1843 combussit
1354 1799 1401 1842 in
1421 1803 1616 1842 torrente
1639 1799 1824 1842 Cedron.
1852 1797 1886 1824 ¹⁷
1913 1799 2001 1841 Ex-

169 1861 286 1904 celsa
311 1865 461 1904 autem
495 1859 707 1903 derelicta
738 1865 841 1903 sunt
869 1860 915 1902 in
948 1860 1100 1904 Israel.
1134 1861 1349 1903 Attamen
1385 1873 1459 1902 cor
1494 1859 1588 1901 Asa
1623 1863 1717 1901 erat
1751 1857 2003 1914 perfectum

170 1919 341 1962 cunctis
364 1919 519 1962 diebus
556 1918 664 1975 ejus.
695 1918 730 1946 ¹8
752 1920 905 1975 anue
931 1934 1029 1976 quae
1058 1923 1242 1963 voverat
1263 1924 1389 1976 pater
1413 1932 1538 1973 suus,
1565 1921 1606 1960 et
1639 1917 1753 1974 ipse,
1783 1915 1935 1959 intulit
1955 1915 2003 1959 in

171 1979 352 2022 domum
375 1977 569 2033 Domini,
589 1983 835 2034 argentum,
859 1984 904 2032 et
925 1993 1092 2034 aurum,
1112 1992 1405 2034 vasorumque
1424 1977 1646 2020 diversam
1663 1975 2002 2033 supellectilem.

175 2037 208 2063 ¹⁹
232 2037 409 2081 Bellum
430 2051 535 2080 vero
561 2051 649 2080 non
674 2037 765 2080 fuit
786 2052 923 2094 usque
945 2038 1002 2081 ad
1023 2038 1301 2094 trigesimum
1327 2037 1531 2093 quintum
1552 2050 1719 2078 annum
1746 2034 1874 2091 regni
1897 2036 2003 2078 Asa.

230 2097 337 2141 CAP.
364 2097 490 2140 XVI.
512 2121 571 2129 ——
595 2096 605 2122 ¹
630 2099 760 2140 Anno
775 2102 925 2140 autem
942 2097 1171 2153 trigesimo
1194 2101 1319 2140 sexto
1337 2095 1464 2152 regni
1482 2095 1599 2151 ejus,
1623 2094 1824 2138 ascendit
1843 2094 2001 2150 Baasa,

170 2171 249 2199 rex
275 2156 435 2211 Israel,
458 2155 504 2198 in
529 2156 556 2198 J
561 2155 717 2212 udam,
745 2162 789 2199 et
813 2170 936 2199 muro
960 2156 1265 2199 circumdabat
1289 2157 1451 2209 Rama,
1486 2159 1535 2197 ut
1564 2154 1711 2197 nullus
1736 2158 1831 2197 tute
1856 2157 2005 2210 posset

173 2215 324 2270 egredi
349 2219 393 2257 et
415 2215 590 2271 ingredi
613 2214 665 2257 de
694 2230 830 2271 regno
853 2215 959 2258 Asa.
993 2214 1011 2240 '2
1036 2215 1226 2258 Protulit
1259 2229 1364 2271 ergo
1393 2215 1486 2258 Asa
1516 2218 1750 2270 argentum
1779 2217 1824 2256 et
1848 2226 2006 2255 aurum

175 2274 228 2317 de
252 2274 470 2317 thesauris
496 2274 650 2317 domus
675 2274 874 2329 Domini,
898 2280 942 2317 et
962 2275 1015 2318 de
1036 2274 1254 2317 thesauris
1275 2274 1412 2330 regis,
1437 2273 1645 2329 misitque
1677 2273 1734 2315 ad
1763 2271 2003 2328 Benadad,

170 2347 325 2390 regem
349 2333 506 2390 Syriae,
534 2333 609 2389 qui
633 2333 868 2376 habitabat
889 2333 935 2376 in
970 2334 1210 2389 Damasco,
1247 2333 1399 2376 dicens
1425 2350 1435 2379 ε
1475 2332 1493 2359 3
1515 2332 1679 2375 Foedus
1711 2331 1827 2375 inter
1857 2345 1929 2375 me
1962 2335 2007 2374 et

174 2400 217 2436 te
243 2399 330 2447 est,
360 2397 487 2449 pater
519 2407 690 2448 quoque
720 2406 843 2436 meus
873 2397 916 2435 et
943 2397 1069 2449 pater
1097 2398 1197 2435 tuus
1225 2393 1419 2435 habuere
1453 2391 1759 2446 concordiam3
1795 2389 2003 2447 quamob-

173 2467 267 2496 rem
299 2451 400 2495 misi
427 2451 510 2494 tibi
543 2458 778 2507 argentum
811 2457 854 2494 et
890 2466 1066 2506 aurum,
1100 2457 1168 2507 ut,
1206 2456 1336 2508 rupto
1369 2451 1538 2494 foedere
1578 2450 1694 2506 quod
1732 2451 1869 2493 habes
1907 2463 2008 2492 cum

178 2513 340 2567 Baasa,
363 2525 465 2567 rege
492 2511 651 2567 Israel,
678 2511 821 2554 facias
843 2525 943 2553 eum
964 2525 991 2552 a
1012 2525 1082 2553 me
1104 2511 1323 2554 recedere.
1355 2509 1371 2536 4
1393 2511 1485 2560 Quo
1520 2514 1764 2565 comperto,
1794 2507 2007 2551 Benadad

176 2570 298 2614 misit
329 2570 551 2627 principes
589 2570 864 2613 exercituum
903 2584 1078 2612 suorum
1111 2570 1168 2612 ad
1210 2570 1340 2612 urbes
1383 2568 1546 2620 Israe13
1584 2568 1658 2623 qui
1700 2570 2009 2624 percusserunt

174 2630 345 2685 Ahion,
369 2635 413 2673 et
447 2631 568 2685 Dan,
604 2634 648 2672 et
682 2629 958 2684 Abelmaim,
993 2633 1037 2671 et
1073 2629 1302 2671 universas
1340 2628 1468 2670 urbes
1511 2626 1757 2683 Nephthali
1798 2630 2007 2669 muratas.

175 2690 193 2716 5
218 2688 342 2740 Quod
379 2703 479 2731 cum
511 2688 707 2732 audisset
741 2689 905 2743 Baasa,
941 2687 1072 2730 desiit
1106 2687 1324 2730 aedificare
1356 2688 1516 2742 Rama,
1556 2691 1599 2728 et
1631 2685 1871 2728 intermisit
1901 2698 2009 2741 opus

171 2763 317 2792 suum.
340 2748 357 2775 ⁶
383 2748 514 2791 Porro
542 2749 633 2791 Asa
657 2763 733 2791 rex
766 2746 1005 2802 assumpsit
1033 2746 1288 2789 universum
1322 2746 1350 2789 J
1355 2745 1508 2800 udam,
1537 2750 1580 2788 et
1613 2744 1810 2788 tulerunt
1838 2742 2010 2800 lapides

175 2808 231 2851 de
255 2809 419 2864 Rama,
440 2812 485 2850 et
508 2807 634 2863 ligna
666 2822 763 2863 quae
799 2805 1084 2849 aedificationi
1117 2809 1445 2862 praeparaverat
1479 2806 1642 2860 Baasa,
1685 2803 2010 2858 aedificavitque

175 2882 232 2910 ex
257 2867 320 2910 eis
344 2867 500 2911 Gabaa
525 2871 570 2910 et
591 2866 794 2923 Maspha.

246 2922 261 2949 7
289 2925 344 2966 In
380 2929 578 2980 tempore
618 2923 697 2967 illo
732 2921 857 2966 venit
895 2920 1076 2964 Hanani
1113 2919 1328 2977 propheta
1363 2918 1420 2961 ad
1457 2919 1570 2975 Asa,
1603 2933 1754 2975 regem
1788 2919 1928 2970 Juda,
1963 2924 2007 2963 et

189 2982 303 3025 dixit
336 2982 376 3025 ei
403 2995 412 3022 ε
450 2983 563 3033 Quia
591 2982 787 3025 habuisti
814 2981 1023 3024 fiduciam
1052 2979 1097 3021 in
1125 2993 1229 3035 rege
1255 2978 1412 3034 Syriae,
1435 2983 1480 3021 et
1504 2993 1594 3021 non
1618 2978 1665 3020 in
1692 2978 1884 3021 Domino
1912 2980 2006 3022 Deo

176 3043 274 3091 tuo,
300 3035 466 3079 idcirco
489 3036 632 3079 evasit
655 3037 796 3093 Syriae
825 3037 942 3092 regis
964 3036 1182 3079 exercitus
1207 3037 1261 3080 de
1283 3052 1419 3080 manu
1443 3042 1533 3081 tua.
1556 3037 1574 3064 8
1592 3038 1750 3081 Nonne
1775 3037 2012 3094 AEthiopes

180 3100 224 3138 et
250 3094 414 3151 Libyes
435 3095 575 3138 multo
597 3095 744 3152 plures
766 3101 891 3139 erant
909 3094 1146 3151 quadrigis,
1166 3100 1211 3139 et
1229 3096 1462 3153 equitibus,
1487 3101 1532 3140 et
1552 3096 1838 3140 multitudine
1859 3096 2010 3152 nimia,

180 3168 307 3209 quos,
328 3167 427 3196 cum
451 3155 642 3197 Domino
661 3155 933 3210 credidisses,
958 3153 1144 3197 tradidit
1163 3154 1210 3197 in
1233 3170 1367 3199 manu
1387 3156 1497 3200 tua?
1516 3155 1534 3182 9
1548 3155 1674 3200 Oculi
1693 3155 1812 3199 enim
1831 3155 2011 3198 Domini

181 3212 540 3269 contemplantur
564 3213 816 3257 universam
841 3219 1024 3269 terram,
1055 3218 1100 3256 et
1123 3213 1324 3270 praebent
1352 3215 1666 3258 fortitudinem
1690 3214 1759 3258 his
1785 3214 1858 3270 qui
1884 3213 2013 3257 corde

181 3272 381 3328 perfecto
404 3272 590 3315 credunt
614 3273 659 3315 in
685 3287 799 3317 eum.
827 3273 967 3317 Stulte
993 3272 1130 3328 igitur
1155 3273 1306 3330 egisti,
1333 3279 1378 3318 et
1405 3279 1585 3331 propter
1609 3274 1692 3317 hoc
1722 3288 1778 3317 ex
1804 3271 2011 3329 praesenti

180 3336 378 3387 tempore
405 3331 639 3375 adversum
667 3338 711 3376 te
744 3332 862 3376 bella
889 3337 1168 3388 consurgent.
1193 3332 1228 3359 ¹⁰
1246 3333 1479 3390 Iratusque
1509 3335 1601 3377 Asa
1622 3333 1833 3376 adversus
1849 3331 2009 3375 Viden-

182 3394 295 3444 tem,
328 3389 461 3446 jussit
490 3405 590 3434 eum
624 3392 743 3435 mitti
771 3391 817 3434 in
850 3405 1058 3445 nervum,
1086 3391 1216 3436 valde
1245 3393 1407 3450 quippe
1439 3407 1569 3449 super
1600 3392 1684 3435 hoc
1717 3391 1866 3434 fuerat
1897 3389 2010 3433 indi-

184 3455 370 3504 gnatus3
395 3455 440 3492 et
464 3450 693 3495 interfecit
713 3451 767 3495 de
792 3450 953 3508 populo
975 3451 1020 3493 in
1044 3456 1240 3508 tempore
1262 3451 1339 3495 illo
1360 3452 1585 3509 plurimos.

244 3507 277 3533 '¹¹
299 3508 442 3564 Opera
467 3515 617 3553 autem
638 3511 749 3566 Asa,
775 3511 919 3567 prima
943 3516 988 3553 et
1017 3510 1277 3567 novissima,
1303 3511 1468 3568 scripta
1497 3516 1599 3554 sunt
1626 3511 1673 3554 in
1699 3510 1832 3554 Libro
1857 3523 2014 3566 regum

183 3567 305 3610 Juda
334 3572 378 3609 et
408 3569 560 3614 Israel.
589 3569 624 3595 ¹2
641 3569 899 3625 AEgrotavit
925 3569 1060 3612 etiam
1086 3571 1196 3626 Asa,
1221 3585 1338 3614 anno
1363 3571 1592 3626 trigesimo
1622 3584 1737 3613 nono
1765 3568 1890 3625 regni
1924 3568 2010 3625 sui,

184 3625 335 3669 dolore
362 3627 528 3678 pedum
553 3628 968 3683 vehementissimm
993 3634 1036 3671 et
1062 3643 1142 3672 nec
1170 3629 1217 3672 in
1241 3629 1498 3673 infirmitate
1526 3643 1604 3672 sua
1629 3627 1835 3685 quaesivit
1860 3626 2012 3670 Domi-

2105 683 2245 710 renovat

2119 726 2231 753 foedus

2080 771 2276 802 cultumque

2091 814 2262 843 reformat.

2103 2106 2277 2141 Syrorum,

2117 2157 2184 2178 non
2201 2147 2262 2177 Dei
2276 2153 2278 2155 ’

2109 2193 2277 2222 auxilium

2085 2237 2206 2272 quaerit
2223 2243 2300 2266 con-

2101 2287 2154 2311 tra
2170 2283 2284 2311 Baasa,

2078 2921 2315 2954 Reprehensus

2076 2974 2096 2995 a
2132 2965 2297 2998 propheta
2305 2985 2314 3000 ,

2122 3008 2274 3043 graviter

2135 3056 2262 3088 peccat.

2121 3510 2276 3541 Moritur.
