2353 3829
855 97 1351 141 INTRODUCTIO
1962 111 2014 140 lx

191 268 446 316 remissae.
486 269 753 317 Numerus
787 269 850 317 iis
880 268 1132 331 praefixus
1159 269 1479 316 versiculum
1517 269 1599 317 cui
1638 269 1937 316 referuntur
1963 270 2014 316 in

190 350 373 397 eadem
400 350 591 411 pagina
618 350 874 412 designat.

257 430 306 477 7⁰
332 431 598 493 Denique,
625 432 710 479 ubi
741 432 955 479 aderant
985 433 1244 494 carmina,
1274 432 1455 480 itidem
1482 432 1775 491 voluiinuS,
1801 431 2013 493 speciali

190 512 474 560 verborum
502 513 869 574 dispositione,
900 513 1067 561 oculis
1094 513 1248 561 simul
1279 518 1330 562 et
1362 513 1527 561 menti
1556 512 1892 560 manifestare
1927 512 2015 560 hc-

187 593 348 641 hraici
387 608 576 642 versus
614 599 960 655 structuram,
998 609 1145 657 quic,
1186 601 1239 642 ut
1286 609 1471 643 omnes
1511 594 1749 656 apprime
1791 598 2009 652 norunt,

187 668 525 736 potissimum
552 675 792 723 consistit
817 675 870 723 in
899 675 1250 738 parallelismo
1276 676 1656 723 membrorum.

254 756 348 805 III.
379 757 572 805 Textus
596 771 625 803 a
651 757 803 806 nobis
830 762 1138 819 assumptus
1159 757 1375 819 optimis
1396 756 1718 804 editionibus
1741 757 2012 819 Romanis,

187 842 237 885 et
265 837 561 899 praesertim
589 837 656 885 illi
687 851 846 899 quam
881 837 1207 885 clarissimus
1237 837 1293 885 P.
1324 836 1630 885 Vercellone
1656 836 1809 898 jussu
1841 837 1918 885 Pii
1945 837 2016 885 IX

187 916 381 978 emisit,
403 915 837 966 accommodatus
863 920 958 966 est..
987 915 1126 964 Nihil
1156 914 1436 964 omisimus
1463 916 1523 962 ut
1544 914 1597 961 in
1624 927 1686 962 eo
1712 914 2022 962 excudendo

188 1009 349 1062 omne
374 995 630 1045 mendum
659 994 1082 1058 praecluderetur
1110 1008 1118 1042 :
1153 993 1297 1056 quod
1330 993 1548 1055 quidem
1585 1007 1866 1055 speramus
1892 993 2019 1041 ohti⁴

189 1075 396 1139 nuisse,
445 1080 709 1139 quantum
768 1074 1027 1138 fragilitas
1085 1073 1332 1141 humana,
1376 1072 1593 1135 patitur,
1642 1072 1945 1134 aliquorum
1996 1087 2023 1121 e

189 1157 386 1205 nostris
407 1156 595 1205 amicis
621 1159 673 1205 et
693 1155 928 1204 alumnis
955 1154 1134 1204 solerti
1160 1167 1347 1215 opera,
1378 1152 1576 1214 quibus
1602 1151 1691 1200 hic
1710 1151 1882 1214 justas
1907 1165 2023 1215 gra-

189 1236 287 1284 tias
315 1235 512 1286 referre
538 1236 691 1285 nobis
718 1239 797 1284 est
817 1234 1296 1299 j·ucundissimum.

424 1390 642 1442 Lugduni,
667 1390 735 1430 die
759 1389 804 1429 6ει
831 1389 930 1429 maii
959 1388 1074 1429 1887.

255 1533 435 1581 Prima
459 1533 752 1581 voluminis
778 1532 940 1595 liujus
968 1532 1201 1581 editione
1228 1535 1316 1580 vix
1343 1532 1566 1593 emissa,
1595 1531 1842 1580 ordinem
1878 1533 1932 1579 in
1968 1545 2028 1579 ea

188 1616 455 1662 servatum
480 1613 580 1661 sibi
606 1615 887 1674 acceptum
916 1625 1031 1660 esse
1059 1612 1213 1660 multi
1243 1611 1668 1660 Eminentissimi
1697 1611 2024 1671 CardinaleS,

186 1693 435 1756 Episcopi
484 1696 535 1742 et
582 1693 911 1755 professores
963 1692 1276 1741 renuntiare
1329 1691 1532 1754 dignati
1582 1695 1735 1753 sunt,
1787 1705 2023 1753 eumque

185 1774 343 1822 talem
382 1774 512 1836 ipsis
549 1773 746 1834 videri,
787 1773 1001 1835 qualem
1040 1773 1268 1835 probare
1307 1772 1516 1834 possint
1549 1775 1709 1834 atque
1744 1771 1905 1820 etiam
1944 1771 2025 1819 lit-

184 1854 312 1902 teris
339 1853 731 1903 commendare.

250 1934 345 1983 Cui
381 1948 509 1984 sane
547 1934 896 1998 indulgentiae
933 1932 1282 1983 tribuendum
1321 1936 1426 1996 est,
1470 1932 1669 1981 librum
1710 1932 1781 1980 ita
1814 1945 1844 1979 a
1870 1931 2026 1980 nobis

185 2015 695 2077 nove'dispositum,
723 2029 818 2077 per
845 2018 1018 2064 totum
1046 2014 1233 2064 orbem
1261 2012 1605 2075 catholicum,
1637 2026 1698 2060 ac
1724 2012 2027 2074 praesertim

185 2095 238 2142 in
270 2095 610 2157 Seminariis,
641 2095 919 2144 celerrime
957 2095 1119 2144 fuisse
1153 2093 1439 2156 diffusum,
1466 2092 1711 2156 jamque,
1741 2095 1861 2154 post
1893 2092 2028 2140 duos

184 2189 355 2224 annos
385 2175 626 2224 nondum
663 2170 1161 2238 elapsOS,'alteram
1196 2174 1487 2223 editionem
1523 2171 1835 2221 desiderari.
1874 2171 2028 2220 Hanc

186 2256 355 2318 igitur
384 2255 543 2305 hodie
576 2256 864 2318 tradimus,
905 2257 1226 2306 recensitam
1261 2260 1442 2304 tamen
1479 2258 1639 2317 atque
1679 2253 2022 2316 perpolitam,

185 2336 384 2399 quippe
429 2336 520 2398 qui
566 2336 702 2385 nihil
751 2338 1033 2387 omisimus
1078 2341 1163 2400 ut,
1211 2340 1357 2386 textu
1408 2337 1618 2399 integro
1665 2334 2026 2396 omnibusque

187 2417 353 2465 titulis
378 2416 528 2465 lectis
554 2416 732 2467 denuo
759 2421 810 2467 et
836 2421 1033 2468 attente
1072 2417 1389 2480 recognitiS,
1419 2430 1542 2478 quae
1584 2415 1842 2465 mendosa
1876 2417 2029 2463 erant

187 2497 604 2560 corrigerentur,
636 2511 759 2560 quee
787 2502 960 2561 recta,
991 2499 1215 2547 meliora
1240 2497 1772 2560 passim-evaderent.

254 2578 370 2626 Hoc
409 2590 608 2641 unum,
647 2578 791 2640 quod
829 2579 883 2626 in
919 2579 1056 2628 votis
1088 2581 1194 2639 est,
1232 2591 1262 2625 a
1297 2577 1403 2626 Dec
1438 2577 1686 2638 praestari
1723 2573 2027 2624 humillime

189 2671 492 2720 precamur,
526 2659 704 2707 labore
735 2659 936 2708 scilicet
971 2662 1155 2708 nostro
1194 2657 1450 2706 studiosis
1480 2656 1768 2705 Sacrarum
1806 2656 2019 2704 Littera-

191 2752 311 2786 rum
344 2737 546 2800 aliquid
581 2739 760 2787 afferri
795 2739 1068 2801 utilitatis,
1099 2737 1468 2800 majoremque
1501 2736 1625 2785 inde
1659 2736 1816 2784 Verbi
1854 2734 2023 2783 divini

188 2821 427 2866 amorem
455 2819 508 2866 in
538 2818 668 2881 ipsis
696 2819 933 2868 accendi.

422 2973 640 3025 Lugduni,
672 2973 739 3014 die
760 2974 830 3014 20³
856 2976 1004 3027 aprilis
1037 2973 1151 3015 1889.

273 3093 544 3158 Prodeat,
561 3110 694 3144 cum
706 3091 1110 3145 benedictione
1122 3091 1340 3158 divina,
1356 3098 1568 3145 octava
1579 3091 1700 3144 haec
1713 3090 2011 3159 editio,ad-

200 3169 311 3222 huc
337 3167 670 3233 emendata,
689 3167 959 3235 feratque
979 3167 1150 3236 longe
1165 3185 1232 3219 ac
1253 3167 1373 3220 late
1392 3168 1668 3221 notitiam
1694 3169 1764 3221 D.
1784 3169 1854 3221 N.
1877 3168 2013 3221 Jesu

198 3242 428 3308 Christi,
458 3240 557 3310 qui
583 3246 670 3293 est
695 3240 881 3293 totius
908 3241 1222 3310 Scripturee
1247 3247 1513 3295 centrum
1543 3248 1604 3295 et‘
1633 3242 1779 3298 finis,

437 3404 627 3451 Parisiis,
657 3403 722 3442 die
753 3406 826 3440 22²1
853 3404 1110 3452 septembris
1140 3407 1258 3444 1921.

2133 771 2267 800 Tcxtus.
