2423 3861
815 134 889 175 liz.
924 132 1149 182 XLVIII,
1186 133 1346 175 20-35.
1903 132 1986 174 973

162 301 374 343 rabuntur
402 315 455 344 ex
482 301 685 344 omuibus
711 301 912 344 tribubus
938 301 1092 344 Israel.
1119 302 1156 328 '²⁰
1174 302 1336 345 Omnes
1360 301 1569 358 primitiae
1603 302 1760 358 viginti
1795 303 1988 359 quinque

162 359 372 416 millium,
399 374 475 417 per
499 360 659 415 viginti
690 360 880 416 quinque
906 359 1046 402 millia
1074 360 1117 403 in
1149 360 1386 416 quadrum,
1413 360 1734 418 separabuntur
1761 361 1807 403 in
1837 361 1987 418 primi-

160 418 245 461 tias
273 419 534 474 sanctuarii,
562 425 602 462 et
628 419 673 461 in
701 419 1018 476 possessionem
1042 419 1250 462 civitatis

218 476 251 503 2¹
273 478 396 528 Quod
422 484 570 520 autem
603 478 820 534 reliquum
853 478 1012 533 fuerit,
1039 478 1250 535 principis
1279 479 1362 522 erit
1390 493 1442 522 ex
1469 479 1589 522 omni
1623 485 1746 536 parte
1772 479 1986 537 primitia-

158 551 255 578 rum
282 537 543 591 sanctuarii,
563 542 607 580 et
628 537 914 593 possessionis
937 536 1132 580 civitatis
1158 552 1181 580 e
1203 538 1381 593 regione
1402 538 1559 594 viginti
1583 539 1774 595 quinque
1796 538 1988 582 millium

158 595 455 652 primitiarum
482 610 617 651 usque
646 596 702 638 ad
734 595 969 639 terminum
996 595 1280 651 orientalem;
1308 597 1384 640 secl
1418 602 1462 640 et
1494 597 1550 640 ad
1582 612 1722 654 mare,
1753 612 1776 641 e
1809 598 1988 654 regione

158 655 320 710 viginti
347 655 538 711 quinque
565 654 774 709 millium,
799 669 934 710 usque
959 654 1015 697 ad
1047 655 1285 697 terminum
1310 656 1465 711 maris,
1492 657 1697 700 similiter
1717 657 1762 700 in
1788 657 1987 714 partibus

158 713 372 771 plincipis
409 713 515 767 erit;
550 718 593 756 et
626 718 753 756 erunt
786 713 994 769 primitiae
1028 714 1290 769 sanctuarii,
1326 726 1369 758 et
1397 715 1699 759 sanctuarium
1731 716 1908 773 templi,
1941 716 1987 758 in

159 773 306 816 medio
330 773 440 828 ejus.
463 771 500 798 Ἡ
520 773 586 815 De
611 772 884 828 possessione
909 777 1059 814 autem
1082 771 1339 828 levitarum,
1359 779 1402 816 et
1425 774 1478 817 de
1503 775 1774 830 possessione
1793 775 1988 818 civitatis

157 831 202 873 in
233 831 380 874 medio
404 831 598 887 partium
628 831 859 887 principis,
883 830 966 873 erit
997 831 1113 874 inter
1138 832 1377 874 terminum
1403 833 1431 875 J
1439 832 1523 875 uda
1545 838 1588 876 et
1612 834 1728 877 inter
1750 834 1988 877 terminum

160 890 418 946 Benjamin,
444 895 489 933 et
512 889 567 932 ad
594 889 840 946 principem
865 889 1118 946 pertinebit,

216 948 253 975 '²3
272 950 329 992 Et
350 948 528 1004 reliquis
552 949 775 1003 tribubus,
793 963 819 990 a
838 949 970 1005 plaga
993 949 1196 992 orientali
1220 965 1355 1006 usque
1376 951 1431 993 ad
1452 951 1630 1008 plagam
1651 953 1986 1008 occidentalem,

159 1007 397 1063 Benjamin
423 1022 524 1050 11113.
549 1007 584 1034 ⁵²²*
604 1009 660 1050 Et
685 1013 839 1051 contra
864 1007 1103 1051 terminum
1130 1009 1391 1066 Benjamin,
1417 1025 1442 1052 a
1469 1010 1602 1067 plaga
1624 1012 1826 1054 orientali
1853 1026 1988 1067 usque

156 1067 213 1110 ad
234 1067 415 1124 plagam
441 1067 785 1122 occidentalem,
813 1067 991 1110 Simeon
1017 1082 1117 1110 una.
1141 1067 1177 1094 ‘25
1196 1069 1253 1111 Et
1278 1083 1409 1125 super
1433 1070 1672 1112 terminum
1697 1070 1935 1127 Simeonis,
1962 1086 1987 1113 a

155 1126 290 1183 plaga
317 1126 519 1169 orientali
541 1141 677 1182 usque
701 1126 758 1169 ad
785 1126 966 1183 plagam
991 1127 1336 1183 occidentalem,
1360 1128 1567 1171 Issachar
1591 1143 1693 1172 una.
1716 1128 1753 1155 2⁶
1778 1131 1835 1172 Et
1860 1144 1989 1186 super

155 1185 394 1228 terminum
421 1186 638 1241 Issachar,
661 1200 685 1228 a
711 1185 847 1242 plaga
868 1185 1073 1229 orientali
1098 1201 1235 1242 usque
1259 1187 1316 1230 ad
1339 1187 1520 1244 plagam
1543 1188 1886 1244 occidentalem,
1909 1190 1986 1232 Za-

157 1242 292 1288 bulon
322 1259 422 1288 una.
459 1244 494 1270 ‘2⁷
522 1246 578 1288 Et
611 1259 741 1302 super
772 1245 1012 1288 terminum
1045 1246 1264 1301 Zabulon,
1298 1261 1324 1289 a
1356 1246 1490 1303 plaga
1525 1247 1727 1290 orientali
1761 1262 1898 1304 usque
1930 1249 1987 1292 ad

155 1303 338 1361 plagam
367 1304 521 1360 maris,
545 1305 644 1348 Gad
667 1319 767 1347 una.
794 1303 830 1331 ‘²⁸
850 1305 906 1347 Et
931 1318 1060 1360 super
1084 1305 1325 1348 terminum
1351 1306 1471 1361 Gad,
1494 1306 1551 1349 ad
1574 1306 1753 1363 plagam
1778 1307 1916 1350 austri
1941 1308 1988 1350 in

155 1363 364 1418 meridie3
393 1369 437 1407 et
462 1364 545 1407 erit
573 1363 672 1407 finis
703 1363 756 1407 de
781 1364 977 1407 Thamar
1006 1378 1142 1419 usque
1168 1365 1224 1407 ad
1253 1379 1390 1421 aquas
1417 1365 1781 1408 contradictionis
1815 1366 1986 1411 Gades:

154 1422 378 1466 hereditas
400 1428 553 1466 cont-ra.
579 1437 699 1466 mare
724 1437 951 1478 magnum.

214 1479 251 1506 ”29
271 1481 384 1524 Haec
407 1487 472 1525 est
494 1487 608 1525 terra
635 1497 768 1537 quam
793 1482 980 1524 mittetis
1009 1482 1055 1523 in
1078 1488 1241 1526 sortem
1263 1483 1465 1527 tribubus
1494 1484 1656 1539 Israe13
1685 1490 1728 1528 et
1758 1486 1826 1528 hae
1852 1486 1988 1542 parti-

154 1540 296 1583 tiones
319 1555 489 1596 earum,
514 1541 576 1583 ait
604 1541 819 1583 Dominus
847 1541 980 1583 Deus.
1212 1583 1216 1586 Δ

213 1599 250 1626 30
267 1599 328 1642 Et
351 1599 397 1642 hi
423 1613 622 1655 egressus
646 1600 842 1644 civitat-is
862 1615 870 1642 :
892 1614 918 1642 a
941 1599 1074 1656 plaga
1097 1602 1433 1657 septentrionali
1455 1603 1720 1658 quingentos
1740 1610 1782 1647 et
1801 1611 1989 1659 quatuor

152 1659 294 1702 millia
324 1658 615 1702 mensurabis.
649 1658 682 1685 3¹
715 1660 774 1701 Et
805 1664 945 1716 portae
980 1659 1176 1702 civitatis
1209 1674 1264 1703 ex
1297 1661 1552 1704 nominibus
1588 1662 1784 1705 tribuum
1817 1664 1984 1718 lsrael;

152 1723 291 1775 portae
313 1723 402 1762 tres
422 1733 449 1761 a
470 1718 793 1775 septentrione:
821 1723 948 1775 porta
974 1718 1132 1762 Ruben
1158 1734 1266 1775 una,
1292 1725 1420 1776 porta
1441 1721 1470 1763 J
1474 1720 1563 1764 uda
1583 1735 1691 1777 una,
1726 1727 1852 1778 porta
1878 1723 1987 1765 Levi

153 1792 253 1820 una.
281 1776 317 1804 32
335 1779 393 1821 Et
416 1777 474 1820 ad.
498 1778 681 1835 plagam
703 1777 965 1822 orientalem
994 1778 1260 1834 quingentos
1286 1784 1330 1822 et
1356 1785 1544 1836 quatuor
1569 1780 1738 1835 millia;
1772 1786 1815 1824 et
1846 1788 1986 1837 portae

153 1842 271 1881 tres:
297 1843 423 1895 porta
449 1838 618 1894 Joseph
646 1852 756 1892 una,
786 1843 913 1894 porta
945 1837 1186 1893 Benjamin
1220 1853 1327 1894 una,
1358 1843 1484 1896 porta
1518 1840 1618 1882 Dan
1647 1855 1748 1883 una.
1778 1840 1816 1867 33
1840 1841 1899 1883 Et
1931 1841 1987 1884 ad

152 1896 337 1953 plagam
369 1897 688 1953 meridianam,
727 1897 993 1953 quingentos
1030 1902 1073 1941 et
1110 1904 1297 1953 quatuor
1333 1899 1475 1941 millia
1512 1900 1736 1955 metieris3
1772 1906 1815 1943 et
1847 1909 1986 1957 portae

153 1961 242 1999 tres
264 1972 272 2000 :
307 1963 432 2013 porta
459 1956 675 2001 Simeonis
700 1971 808 2013 una,
836 1961 962 2014 porta
992 1957 1199 2000 Issachar
1224 1972 1333 2013 una,
1362 1963 1488 2014 porta
1521 1958 1718 2002 Zabulon
1743 1974 1844 2002 una.
1871 1959 1908 1986 34
1930 1960 1988 2002 Et

153 2015 211 2058 ad
231 2015 413 2072 plagam
442 2016 785 2072 occidentalem,
814 2016 1079 2072 quingentos
1105 2022 1148 2059 et
1174 2022 1360 2073 quatuor
1392 2017 1558 2072 millia3
1591 2023 1634 2061 et
1663 2024 1801 2075 portae
1836 2033 1987 2063 eorum

152 2080 241 2118 tres
263 2091 272 2119 ε
293 2080 421 2131 porta
443 2075 544 2119 Gad
570 2090 677 2131 una,
705 2081 831 2133 porta
852 2077 965 2119 Aser
990 2090 1098 2131 una,
1122 2081 1248 2132 porta
1275 2077 1518 2133 Nephthali
1543 2092 1644 2121 una.
1667 2078 1704 2104 35
1723 2079 1806 2122 Per
1831 2079 1987 2121 circui-

153 2139 270 2189 tum,
305 2134 458 2178 decem
495 2140 538 2178 et
574 2140 670 2178 octo
710 2134 876 2190 millia;
916 2139 959 2178 et
996 2148 1157 2178 nomen
1191 2135 1387 2178 civitatis
1423 2149 1479 2178 ex
1515 2135 1593 2178 illa
1625 2136 1730 2181 die:
1770 2137 1985 2180 Dominus

153 2191 335 2236 ibidem.

2117 488 2227 522 portio

2087 530 2258 565 principis.

2054 958 2086 984 30
2112 955 2227 984 Sortes
2254 955 2294 983 ad

2084 998 2267 1027 meridiem.

2097 1619 2255 1647 Mensura

2098 1665 2131 1690 et
2149 1666 2254 1695 port-te

2095 1705 2257 1735 civitatis.
