2456 3861
117 425 241 452 Ceterae

81 466 276 496 ceremoniae

64 510 293 540 dedicationis.

82 1430 269 1464 Responsio

112 1475 170 1504 Dei
200 1476 241 1503 ad

84 1519 270 1548 orationem

81 1564 277 1593 Salomonis.

94 3391 280 3421 Civitatum

84 3436 284 3467 exstructio

359 125 446 167 414
908 124 956 165 II
991 124 1101 166 PAR.
1137 124 1251 175 VII,
1284 125 1311 166 4
1344 149 1403 156 —
1434 124 1576 179 VIII,
1608 126 1649 169 3.

360 294 675 349 adoraverunt,
712 298 756 336 et
787 293 1083 335 laudaverunt
1124 293 1367 336 Dominum
1398 311 1405 338 :
1443 295 1661 346 Quoniam
1699 295 1861 350 bonus,
1896 296 2106 351 quoniam
2145 297 2193 341 in

360 353 574 395 saeculum
596 352 899 396 misericordia
925 352 1036 407 ejus.

418 411 434 436 ‘¹
463 412 557 453 Rex
590 416 737 454 autem
768 416 812 454 et
844 411 988 454 omnis
1020 411 1207 468 populus
1238 411 1532 456 immolabant
1561 413 1769 456 victimas
1804 427 1953 456 coram
1987 414 2193 462 Domino.

359 470 612 512 5Mactavit
637 469 773 526 igitur
797 485 875 513 rex
902 470 1109 514 Salomon
1134 470 1322 527 hostias,
1349 471 1483 515 boum
1513 471 1676 528 viginti
1703 471 1788 514 duo
1814 472 1978 528 millia,
2005 474 2196 517 arietum

360 534 538 572 centum
564 529 727 585 viginti
753 529 924 584 millia3
950 535 995 572 et
1020 529 1246 573 dedicavit
1272 530 1451 574 domum
1484 532 1567 575 Dei
1597 545 1696 587 rex,
1731 536 1775 574 et
1801 531 2032 575 universus
2058 547 2196 589 popu-

359 589 439 631 lus.
466 587 484 614 6
508 589 765 632 Sacerdotes
791 594 941 631 autem
966 589 1148 632 stabant
1178 589 1226 631 in
1250 590 1411 633 officiis
1437 591 1547 646 suis,
1579 596 1624 633 et
1649 591 1799 633 levitae
1826 590 1872 632 in
1899 591 2076 647 organis
2103 607 2196 635 car-

358 647 529 690 minum
554 647 748 703 Domini,
768 662 866 703 quae
892 648 1005 691 fecit
1032 648 1178 692 David
1204 663 1283 692 rex
1300 649 1356 692 ad
1379 650 1653 693 laudandum
1679 649 1954 694 Dominum:
1978 651 2199 702 Quoniam

358 707 405 749 in
433 711 649 749 aeternum
671 706 973 750 misericordia
999 707 1095 764 ejus
1116 725 1124 763 3
1149 708 1338 765 hymnos
1365 709 1513 752 David
1537 715 1748 752 canentes
1776 723 1853 766 per
1879 724 2037 753 manus
2063 725 2164 753 suas
2185 728 2194 766 3

359 781 486 822 porro
524 766 774 810 sacerdotes
816 767 1037 810 canebant
1076 767 1195 810 tubis
1236 773 1341 811 ante
1387 783 1480 824 eos,
1532 774 1804 824 cunctusque
1850 769 1990 812 Israel
2035 769 2198 814 stabat.

361 825 375 851 7
408 825 713 869 Sanctificavit
750 840 921 882 quoque
965 826 1172 870 Salomon
1210 827 1407 870 medium
1447 827 1547 870 atrii
1587 832 1688 871 ante
1726 828 1944 884 templum
1984 828 2198 884 Domini3

360 885 583 928 obtulerat
609 885 728 929 enim
753 885 816 928 ibi
842 885 1114 941 holocausta,
1142 891 1185 928 et
1211 886 1365 942 adipes
1391 887 1692 943 pacificorum,
1721 887 1824 942 quia
1850 887 1990 931 altare
2025 902 2199 930 aeneum

360 944 476 1000 quod
509 945 683 988 fecerat
716 959 805 988 non
837 949 1011 1002 poterat
1045 944 1261 988 sustinere
1293 945 1574 1001 holocausta,
1610 951 1654 988 et
1679 946 1917 1003 sacrificia,
1951 951 1995 989 et
2030 946 2197 1002 adipes.

360 1004 377 1030 ⁸
404 1003 532 1047 Fecit
564 1018 668 1060 ergo
701 1004 909 1048 Salomon
943 1004 1273 1047 solemnitatem
1308 1005 1356 1046 in
1388 1009 1587 1061 tempore
1625 1005 1702 1048 1110
1740 1010 1910 1062 septem
1946 1006 2121 1062 diebus,
2156 1010 2201 1048 et

362 1063 504 1106 omnis
530 1063 669 1106 Israel
693 1078 793 1107 cum
819 1078 869 1106 eo
890 1080 898 1116 3
924 1063 1112 1106 ecclesia
1138 1077 1301 1118 magna
1323 1063 1468 1118 valde,
1496 1064 1552 1105 ab
1575 1064 1761 1106 introitu
1788 1065 1952 1107 Emath
1979 1079 2114 1121 usque
2142 1065 2198 1108 ad

361 1128 602 1165 torrentem
635 1122 840 1179 AEgypti.
868 1122 886 1148 9
904 1122 1117 1177 Fecitque
1149 1122 1219 1164 die
1246 1127 1404 1165 octavo
1433 1123 1688 1178 collectam,
1724 1137 1774 1167 eo
1806 1124 1922 1179 quod
1950 1124 2200 1168 dedicasset

360 1181 500 1224 altare
553 1188 722 1238 septem
779 1181 954 1237 diebus,
1010 1186 1054 1224 et
1105 1181 1438 1224 solemnitatem
1495 1181 1763 1225 celebrasset
1813 1181 1968 1226 diebus
2015 1188 2198 1240 septem.

365 1240 397 1267 ¹0
415 1241 560 1296 Igitur
584 1241 630 1283 111
657 1241 728 1283 (110
754 1240 971 1296 vigesimo
997 1241 1127 1283 tertio
1158 1241 1322 1284 mensis
1353 1240 1531 1297 septimi
1560 1240 1729 1284 dimisit
1755 1242 1941 1299 populos
1968 1242 2025 1285 ad
2052 1242 2201 1286 taber-

362 1300 460 1342 01110
495 1315 592 1355 sua,
629 1300 835 1342 laetantes
868 1304 1001 1355 atque
1035 1299 1282 1355 gaudentes
1314 1314 1445 1357 super
1477 1299 1594 1343 bono
1627 1300 1743 1357 quod
1777 1301 1951 1344 fecerat
1984 1301 2202 1344 Dominus

364 1359 547 1415 Davidi,
572 1365 617 1403 et
644 1359 890 1415 Salomoni,
918 1364 963 1402 et
989 1359 1166 1416 Israeli,
1194 1359 1357 1416 populo
1380 1374 1471 1404 8110.

421 1417 453 1444 11
482 1418 820 1475 Complevitque
852 1419 1058 1463 Salomon
1090 1418 1271 1462 domum
1301 1419 1503 1476 Domini,
1532 1425 1578 1463 et
1603 1420 1783 1463 domum
1808 1420 1947 1477 regis,
1983 1426 2027 1464 et
2052 1420 2204 1464 omnia

361 1492 459 1534 quae
491 1477 768 1535 disposuerat
796 1477 842 1520 in
872 1478 1002 1521 corde
1037 1492 1136 1535 suo,
1166 1483 1215 1521 ut
1244 1478 1415 1522 faceret
1442 1479 1489 1521 in
1525 1479 1657 1523 domo
1689 1479 1892 1536 Domini,
1919 1486 1964 1523 et
1991 1480 2039 1523 in
2073 1480 2204 1524 domo

361 1552 458 1593 sua,
497 1542 542 1580 et
578 1543 859 1594 prosperatus
896 1542 976 1581 est.
1016 1536 1052 1563 1'2
1081 1537 1303 1594 Apparuit
1336 1543 1486 1581 autem
1521 1538 1561 1582 ei
1596 1539 1813 1582 Dominus
1850 1546 1979 1583 nocte
2014 1544 2058 1583 et
2090 1540 2155 1583 ait
2191 1556 2201 1584 :

362 1596 529 1640 Audivi
560 1596 804 1640 orationem
830 1602 973 1652 tuam,
1001 1602 1046 1640 et
1077 1597 1190 1653 elegi
1226 1597 1372 1640 locum
1399 1598 1533 1640 istum
1562 1597 1672 1640 mihi
1698 1598 1746 1641 in
1775 1599 1956 1642 domum
1982 1598 2202 1644 sacrificii.

363 1656 399 1682 13
418 1656 460 1700 Si
487 1655 684 1699 clausero
712 1656 891 1712 caelum,
920 1662 964 1699 et
989 1656 1142 1713 pluvia
1169 1671 1257 1700 non
1282 1656 1480 1713 fluxerit,
1513 1662 1556 1700 et
1582 1658 1854 1701 mandavero
1880 1664 1926 1701 et
1950 1672 2204 1715 praecepero

362 1716 546 1758 locustae
576 1720 625 1758 ut
654 1715 836 1758 devoret
870 1721 1056 1771 terram,
1090 1720 1134 1758 et
1170 1716 1330 1759 misero
1366 1716 1670 1773 pestilentiam
1702 1717 1750 1759 in
1783 1717 1997 1774 populum
2022 1732 2202 1773 meum3

367 1775 398 1801 11
429 1789 665 1818 conversus
707 1780 856 1818 autem
894 1775 1081 1832 populus
1128 1790 1272 1832 meus,
1321 1791 1450 1832 super
1491 1790 1598 1832 quos
1639 1776 1899 1820 invocatum
1937 1782 2004 1820 est
2041 1791 2204 1820 nomen

363 1848 523 1890 meum,
548 1834 810 1890 deprecatus
833 1849 903 1877 me
926 1834 1077 1889 fuerit,
1102 1839 1146 1877 et
1173 1835 1432 1890 exquisierit
1454 1836 1621 1878 faciem
1646 1850 1806 1892 meam,
1830 1840 1875 1879 et
1896 1836 2038 1892 egerit
2063 1836 2204 1893 poeni-

364 1894 551 1936 tentiam
581 1909 608 1936 a
637 1893 720 1936 viis
751 1893 839 1936 suis
869 1893 1100 1951 pessimis3
1133 1899 1177 1937 et
1207 1908 1288 1950 ego
1319 1894 1557 1937 exaudiam
1585 1894 1637 1938 de
1665 1894 1796 1950 caelo,
1825 1900 1867 1938 et
1893 1894 2110 1952 propitius
2132 1909 2204 1938 ero

364 1952 559 2010 peccatis
599 1967 768 2008 eorum,
811 1958 855 1996 et
896 1953 1064 1996 sanabo
1106 1958 1270 1996 terram
1309 1968 1472 1997 eorum.
1517 1953 1552 1980 ¹5
1580 1954 1707 1997 Oculi
1743 1968 1914 2010 quoque
1952 1954 2040 1997 mei
2077 1959 2205 1997 erunt

365 2011 528 2068 aperti,
555 2018 599 2056 et
624 2026 751 2055 aures
777 2027 890 2055 meae
917 2017 1076 2056 erectae
1100 2012 1157 2055 ad
1190 2013 1436 2056 orationem
1462 2013 1560 2069 ejus
1587 2013 1660 2069 qui
1686 2013 1733 2055 in
1752 2013 1848 2056 1000
1873 2013 1960 2057 1810
1982 2013 2203 2068 oraverit3

366 2071 401 2097 16
429 2071 543 2127 elegi
579 2071 718 2128 enim,
755 2077 799 2114 et
832 2071 1108 2115 sanctificavi
1146 2072 1292 2115 locum
1325 2073 1481 2127 istum,
1518 2078 1566 2115 ut
1599 2071 1656 2115 sit
1682 2086 1845 2115 nomen
1877 2087 2025 2116 meum
2059 2072 2120 2115 ibi
2157 2072 2206 2115 in

365 2130 704 2186 sempiternum,
733 2137 776 2174 et
806 2137 1101 2188 permaneant
1136 2131 1251 2174 oculi
1278 2131 1386 2187 mei,
1411 2137 1453 2174 et
1481 2146 1553 2175 cor
1578 2146 1726 2175 meum
1750 2131 1814 2174 ibi
1838 2132 2010 2176 cunctis
2036 2132 2204 2176 diebus

367 2189 399 2216 ¹⁷
420 2191 487 2233 Tu
520 2204 692 2246 quoque
726 2190 762 2233 81
797 2190 1096 2234 ambulaveris
1134 2205 1281 2233 coram
1317 2205 1408 2247 me,
1442 2191 1557 2234 810111
1587 2191 1838 2234 ambulavit
1873 2191 2044 2247 David,
2080 2196 2206 2248 pater

366 2255 487 2305 tuus,
519 2255 563 2293 et
592 2249 752 2293 feceris
778 2250 909 2306 juxta
935 2250 1082 2293 omnia
1111 2265 1208 2306 quae
1240 2250 1432 2308 praecepi
1456 2250 1559 2306 tibi,
1584 2255 1629 2293 et
1649 2250 1846 2306 justitias
1868 2265 1990 2294 meas
2016 2250 2205 2307 judicia-

366 2323 448 2365 que
471 2309 728 2365 servaveris,
754 2309 789 2336 18
807 2308 1029 2353 suscitabo
1054 2310 1262 2352 thronum
1284 2310 1410 2366 regni
1434 2310 1512 2365 tui,
1537 2310 1653 2353 sicut
1674 2310 1899 2367 pollicitus
1922 2325 2018 2354 sum
2043 2310 2204 2365 David,

365 2368 479 2426 patri
513 2373 607 2424 tuo,
644 2368 795 2411 dicens
831 2384 841 2413 :
871 2369 971 2412 Non
1007 2370 1235 2412 auferetur
1270 2369 1323 2412 de
1357 2369 1493 2426 stirpe
1526 2374 1602 2412 tua
1635 2369 1704 2412 vir
1736 2369 1811 2425 qui
1836 2369 1894 2413 sit
1928 2369 2134 2427 princeps
2157 2369 2205 2411 in

366 2428 519 2471 Israel.
563 2427 598 2454 19
624 2428 668 2471 Si
708 2433 859 2471 autem
893 2428 1036 2471 aversi
1079 2428 1277 2484 fueritis,
1322 2434 1366 2471 et
1405 2428 1727 2485 dereliqueritis
1767 2429 1965 2485 justitias
2003 2442 2124 2471 meas
2162 2433 2206 2471 et

366 2492 593 2544 praecepta
616 2502 729 2544 mea,
753 2502 852 2543 quae
876 2488 1081 2544 proposui
1105 2488 1245 2544 vobis,
1273 2493 1317 2531 et
1343 2488 1559 2532 abeuntes
1585 2488 1825 2531 servieritis
1852 2488 1937 2531 diis
1962 2487 2134 2543 alienis,
2162 2492 2205 2530 et

366 2546 658 2590 adoraveritis
690 2562 782 2603 eos,
814 2546 851 2573 20
870 2547 1060 2590 evellam
1087 2561 1164 2590 vos
1191 2547 1244 2590 de
1275 2552 1392 2590 terra
1418 2562 1538 2602 mea,
1566 2562 1699 2603 quam
1725 2547 1827 2591 dedi
1860 2548 2016 2603 vobis3
2052 2552 2096 2590 et
2129 2546 2202 2589 do-

367 2620 486 2648 mum
510 2606 625 2648 hanc
651 2620 783 2662 quam
806 2606 1083 2649 sanctificavi
1111 2607 1280 2650 nomini
1309 2621 1407 2650 meo
1434 2607 1669 2664 projiciam
1699 2622 1725 2649 a
1750 2606 1870 2650 facie
1904 2621 2024 2662 mea,
2053 2611 2098 2649 et
2119 2612 2205 2649 tra-

367 2665 471 2708 dam
489 2680 587 2708 eam
612 2665 659 2707 in
681 2666 953 2722 parabolam,
974 2671 1018 2709 et
1041 2666 1089 2708 in
1116 2666 1372 2723 exemplum
1395 2666 1566 2709 cunctis
1593 2665 1795 2723 populis,
1787 2683 1795 2691 ·
1822 2665 1854 2692 2¹
1872 2671 1917 2709 et
1938 2665 2093 2708 domus
2118 2665 2206 2708 ista

369 2724 451 2767 0111
482 2724 529 2767 111
561 2725 845 2792 ploverbium
874 2725 1091 2768 11111νο1818
1118 2725 1470 2781 transeuntibus,
1499 2731 1543 2769 et
1577 2725 1726 2768 dicent
1758 2729 1985 2782 stupentes
2017 2741 2025 2768 ε
2062 2724 2205 2775 Quale

368 2783 480 2826 fecit
504 2784 721 2827 Dominus
747 2785 810 2827 sic
836 2790 965 2828 terrae
988 2784 1183 2842 111110,01
1209 2785 1359 2828 domui
1386 2785 1523 2830 huic?
1547 2784 1583 2810 2²
1599 2784 2064 2840 Respondebuutque:
2093 2784 2203 2834 Qssla

371 2841 697 2898 dereliquerunt
723 2845 984 2900 Dominum,
1010 2845 1154 2888 Deum
1185 2849 1361 2901 patrum
1391 2858 1589 2900 suorum,
1618 2845 1691 2899 qui
1721 2843 1874 2885 eduxit
1905 2856 1978 2886 008
2009 2844 2062 2886 de
2090 2848 2205 2885 10110

369 2902 579 2958 AEgypti,
619 2908 663 2946 et
697 2903 1086 2960 apprehenderunt
1123 2904 1226 2947 deos
1266 2903 1454 2960 alienos,
1497 2909 1541 2946 et
1582 2903 1879 2945 adoraverunt
1921 2916 2013 2958 008,
2055 2906 2098 2944 01
2135 2915 2205 2943 00-

369 2959 573 3016 11101·11111;
601 2962 765 3006 idcirco
792 2968 1009 3007 venerunt
1034 2977 1165 3020 super
1187 2977 1260 3006 eos
1286 2963 1493 3006 universa
1518 2963 1614 3005 haec
1642 2960 1773 3004 mala.

681 3109 843 3151 SEO'HO
878 3110 967 3152 III.
994 3135 1052 3141 —
1086 3110 1155 3151 DE
1190 3121 1337 3153 annus
1373 3120 1596 3152 P0L1T1o1s
1631 3108 1895 3151 SALonoms

635 3252 658 3299 ᾗ
684 3244 719 3286 Ι.
745 3269 804 3276 —
830 3244 1040 3296 Qucedam
1065 3246 1180 3300 regyis
1202 3246 1373 3302 incepta
1398 3245 1650 3288 summatim
1673 3244 1940 3287 indicantur.

431 3369 538 3412 CAP.
579 3367 712 3410 VIII.
749 3393 807 3400 —
845 3366 857 3392 '¹
892 3366 1093 3423 Expletis
1126 3372 1274 3410 autem
1308 3367 1470 3424 viginti
1505 3366 1654 3421 annis,
1695 3373 1929 3422 postquam
1967 3365 2209 3410 aedificavit

373 3427 580 3470 Salomon
608 3426 788 3470 domum
809 3425 989 3469 Domini
1013 3431 1057 3468 et
1083 3425 1262 3468 domum
1288 3441 1427 3482 suam,
1454 3425 1691 3468 2civitates
1710 3439 1818 3481 quas
1841 3425 2024 3469 dederat
2046 3424 2207 3467 Hiram

376 3486 597 3529 Salomoni
624 3485 883 3541 aedificavit,
915 3490 959 3528 et
991 3485 1192 3528 habitare
1218 3485 1280 3528 ibi
1312 3485 1424 3528 fecit
1452 3484 1565 3527 filios
1591 3484 1743 3528 Israel.
1771 3484 1788 3511 3
1807 3484 1933 3528 Abiit
1964 3497 2135 3542 quoque
2159 3483 2209 3525 in

376 3645 405 3678 5]
426 3644 479 3671 111
499 3645 580 3677 Reg.
598 3645 696 3679 VIII,
713 3647 757 3673 63.
775 3660 810 3663 -
829 3644 875 3678 Il]
896 3644 948 3672 111
969 3644 1051 3677 Reg.
1073 3644 1130 3678 IX,
1150 3646 1174 3672 1.
1193 3657 1228 3662 -
1248 3643 1275 3676 l]
1296 3643 1349 3670 III
1369 3643 1451 3675 neg.
1472 3642 1530 3677 IX,
1548 3645 1592 3672 10.
