2423 3861
811 132 851 173 ll
889 132 1037 174 mon.
1077 132 1163 185 lx,
1197 131 1328 173 5-29.
1872 129 1978 169 wa?

155 241 298 249 ,-...-

217 302 330 345 “‘Sed
357 301 431 357 qui
458 302 661 344 universa
691 301 905 357 conspicit
940 301 1154 343 Dominus
1183 301 1300 342 Deus
1326 299 1477 355 Israel,
1506 298 1721 355 percussit
1742 313 1843 341 eum
1866 297 1979 340 insa-

157 360 294 404 nabili
321 367 365 403 et
390 360 600 403 invisibili
626 361 769 416 plaga.
802 362 859 403 Ut
888 360 1005 403 enim
1042 360 1184 401 linivit
1214 360 1328 401 hunc
1359 359 1502 415 ipsum
1531 371 1799 412 sermonem,
1825 370 1979 413 appre-

156 419 311 463 hendit
343 434 443 463 eum
470 420 593 462 dolor
618 419 737 461 dirus
772 419 1011 473 viscerum,
1041 423 1084 461 et
1116 433 1267 460 amara
1300 418 1571 460 internorum
1604 421 1857 470 tormenta;
1895 415 1912 441 ⁰
1937 421 1979 459 et

156 478 333 534 quidem
365 479 472 521 satis
501 479 639 534 juste,
667 478 827 534 quippe
861 477 931 533 qni
961 477 1110 519 multis
1143 482 1186 520 et
1220 477 1345 519 novis
1378 475 1646 519 cruciatibus
1675 474 1862 518 aliorum
1889 478 1977 517 tor-

155 542 272 580 serat
300 537 490 592 viscera,
523 537 626 580 licet
658 537 733 579 illc
768 536 889 579 nullo
923 537 1052 578 inodo
1081 551 1106 578 a
1138 551 1217 577 sna
1251 535 1422 577 malitia
1455 539 1659 578 cessaret.
1685 533 1700 560 7
1728 534 1866 590 Super
1898 534 1980 576 hoc

155 602 303 639 autem
329 596 535 653 superbia
561 596 775 652 repletus,
798 595 947 650 ignem
973 595 1144 651 spirans
1169 594 1316 636 animo
1343 594 1387 636 in
1415 594 1618 649 Judaeos,
1645 598 1689 637 et
1717 592 1980 650 praecipiens

154 655 391 699 accelerari
425 655 674 710 negotium,
703 653 891 709 contigit
923 653 1050 695 illum
1079 653 1248 708 impetu
1282 659 1458 696 euntem
1493 653 1546 696 de
1577 667 1703 695 curru
1730 652 1906 707 cadere,
1936 658 1978 695 et

155 714 281 769 gravi
308 714 499 770 corporis
522 713 750 756 collisione
778 713 976 756 membra
1000 712 1164 755 vexari.
1187 712 1205 738 ⁸
1224 712 1354 767 Isque
1378 711 1450 766 qni
1477 712 1561 754 sibi
1583 711 1818 754 videbatur
1843 710 1979 754 etiam

156 772 364 815 fluctibus
391 772 523 814 maris
553 772 792 828 imperare,
818 785 950 827 supra
975 771 1218 813 humanum
1243 771 1423 812 modum
1456 770 1664 826 superbia
1691 771 1904 827 repletus,
1935 775 1979 813 et

156 831 373 875 montium
396 831 656 873 altitudines
682 831 728 872 in
756 835 920 872 statera
946 829 1214 886 appendere,
1238 843 1356 871 nunc
1381 829 1640 872 humiliatus
1669 829 1725 871 ad
1748 835 1909 871 terram
1933 829 1978 871 in

154 890 394 945 gestatorio
420 890 689 946 portabatur,
715 889 1002 931 manifestam
1030 888 1112 930 Dei
1135 888 1345 931 virtutem
1368 888 1412 930 in
1437 888 1674 944 semetipso
1700 893 1976 938 contestans;

155 951 172 974 ¹.»
196 949 260 991 ita
298 953 347 992 ut
378 948 433 992 de
468 962 646 1005 corpore
682 947 810 1004 impii
848 961 1016 990 vermes
1049 946 1333 1002 scaturirent,
1367 961 1419 989 ac
1453 946 1642 989 viventis
1677 947 1722 989 in
1757 947 1978 990 doloribus

154 1021 306 1050 carnes
332 1007 430 1063 ejus
452 1006 709 1063 effluerent,
738 1007 869 1049 odore
895 1006 1031 1048 etiam
1056 1005 1176 1048 illius
1201 1011 1244 1048 et
1277 1006 1439 1048 foetore
1464 1006 1682 1049 exercitus
1708 1011 1977 1061 gravaretur.

159 1067 193 1093 ¹⁰
219 1067 276 1108 Et
297 1066 371 1122 qui
405 1066 538 1123 paulo
569 1072 673 1109 ante
707 1065 852 1109 sidera
881 1065 978 1108 caeli
1013 1065 1270 1120 contingere
1298 1079 1344 1107 se
1376 1064 1686 1120 arbitrabatur,
1717 1078 1818 1107 eum
1851 1078 1979 1107 nemo

154 1130 345 1182 poterat,
369 1130 547 1181 propter
571 1125 905 1168 intolerantiam
928 1123 1121 1179 foetoris,
1149 1128 1335 1180 port-are.

214 1184 246 1210 ¹¹
276 1184 397 1227 Hinc
429 1184 566 1240 igitur
588 1184 743 1241 coepit,
771 1198 826 1227 ex
851 1184 977 1239 gravi
1010 1182 1215 1239 superbia
1250 1182 1485 1238 deductus,
1519 1183 1576 1225 ad
1605 1181 1881 1237 agnitionem
1913 1182 1978 1225 sui

154 1243 323 1299 venire,
367 1243 520 1286 divina
560 1243 813 1286 admonitus
851 1243 1009 1299 plaga,
1048 1256 1125 1298 per
1160 1246 1385 1285 momenta
1420 1241 1596 1296 singula
1630 1240 1854 1284 doloribus
1889 1241 1980 1284 suis

153 1308 394 1359 augmenta
421 1302 711 1359 capientibus.
736 1301 772 1328 ¹⁶2
796 1304 852 1345 Et
877 1316 979 1344 cum
1001 1315 1081 1344 nec
1109 1301 1204 1357 ipse
1227 1301 1323 1357 jam
1349 1300 1557 1343 foetorem
1587 1314 1715 1343 suum
1741 1300 1857 1343 ferre
1881 1313 1979 1355 pos-

153 1367 240 1417 set,
266 1362 329 1404 ita
353 1362 447 1406 ait:
473 1362 501 1404 J
507 1367 653 1404 ustum
680 1367 745 1404 est
771 1361 1000 1403 subditum
1026 1374 1121 1403 esse
1152 1361 1264 1415 Deo,
1292 1365 1334 1403 et
1367 1359 1599 1402 mortalem
1625 1373 1712 1402 non
1738 1358 1860 1415 paria
1887 1359 1980 1402 Deo

154 1421 327 1464 sentire.
357 1421 392 1446 ¹3
410 1420 576 1464 Orabat
597 1426 748 1463 autem
770 1420 842 1463 hic
867 1420 1079 1463 scelestus
1107 1419 1369 1473 Dominum,
1396 1433 1422 1460 a
1447 1432 1532 1474 quo
1557 1432 1644 1461 non
1673 1423 1788 1461 esset
1813 1417 1980 1462 miseri-

155 1479 350 1523 cordiam
369 1485 705 1533 consecuturus3
728 1478 763 1505 ¹4
781 1484 825 1522 et
847 1478 1090 1533 civitatem,
1110 1477 1166 1520 ad
1186 1492 1314 1533 quam
1338 1476 1558 1520 festinans
1577 1476 1784 1520 veniebat
1810 1482 1858 1519 ut
1882 1491 1981 1520 eam

154 1539 209 1581 ad
234 1538 378 1582 solum
404 1538 653 1592 deduceret,
680 1552 732 1580 ac
757 1538 1009 1594 sepulerum
1032 1542 1342 1592 congestorum
1363 1536 1554 1591 faceret,
1581 1550 1698 1578 nunc
1725 1540 1847 1591 optat
1871 1535 1980 1578 libe-

155 1611 247 1640 ram
272 1597 482 1651 reddere3
508 1596 543 1622 ¹5
561 1601 606 1639 et
627 1598 655 1639 J
660 1597 831 1651 udaeos,
856 1610 962 1651 quos
989 1610 1070 1638 nec
1095 1595 1322 1651 sepultura
1343 1594 1521 1651 quidem
1550 1608 1597 1637 se
1622 1594 1781 1649 dignos
1805 1594 1980 1637 habitu-

153 1671 270 1712 rum,
296 1656 374 1699 sed
402 1656 559 1698 avibus
588 1671 640 1698 ac
674 1655 780 1698 feris
815 1654 1086 1712 diripiendos
1112 1653 1399 1709 traditurum,
1426 1657 1470 1696 et
1493 1667 1593 1696 cum
1618 1653 1814 1709 parvulis
1839 1658 1981 1697 exter-

156 1716 424 1758 minaturum
461 1714 655 1770 dixerat,
701 1713 892 1770 aequales
930 1727 1047 1756 nunc
1085 1712 1436 1755 Atheniensibus
1472 1712 1699 1754 facturum
1735 1712 1979 1768 pollicetur.

157 1775 190 1801 ¹⁶
222 1775 459 1831 Templum
500 1773 635 1817 etiam
676 1778 904 1829 sanctum,
948 1772 1064 1828 quod
1104 1772 1226 1828 prius
1266 1771 1593 1828 expoliaverat,
1637 1770 1815 1827 optimis
1855 1770 1981 1814 donis

154 1839 431 1889 ornaturum,
456 1838 499 1876 et
532 1837 686 1875 sancta
711 1846 818 1875 vasa
853 1831 1276 1888 multiplicaturum,
1304 1836 1348 1874 et
1376 1830 1647 1887 pertinentes
1678 1830 1735 1872 ad
1767 1829 1981 1873 sacrificia

154 1898 353 1949 sumptus
386 1892 440 1935 de
476 1891 723 1935 redditibus
761 1891 850 1934 suis
887 1896 1227 1948 praestaturum3
1260 1889 1293 1916 1⁷
1320 1903 1451 1946 super
1482 1889 1599 1945 haec,
1627 1894 1670 1932 et
1695 1889 1906 1932 Judaeum
1935 1903 1981 1932 se

154 1953 376 2007 futurum,
403 1956 446 1994 et
468 1965 645 1994 omnem
666 1950 813 1994 locum
838 1956 967 1995 terrae
994 1949 1423 2006 perambulaturum,
1455 1953 1498 1991 et
1524 1947 1869 2005 praedicaturum
1898 1947 1981 1991 Dei

153 2016 432 2069 potestatem.

212 2070 246 2097 ¹⁸
274 2070 358 2114 Sed
395 2084 483 2113 non
517 2070 793 2113 cessantibus
824 2068 1068 2125 doloribus,
1104 2073 1417 2125 supervenerat
1450 2067 1569 2111 enim
1601 2067 1648 2109 in
1678 2081 1778 2110 eum
1810 2066 1982 2123 justum

153 2130 234 2174 Dei
263 2129 504 2186 judicium,
529 2129 789 2186 desperans,
811 2127 987 2185 scripsit
1019 2128 1075 2170 ad
1112 2127 1314 2183 Judaeos,
1344 2126 1391 2168 in
1424 2126 1604 2170 modum
1635 2124 1978 2182 deprecationis,

152 2189 387 2256 epistolam
412 2188 840 2256 haec-continentem.
858 2204 867 2232 :
1002 2246 1010 2255 θ

214 2248 248 2274 19
275 2249 466 2304 Optmus
493 2248 664 2290 ombus
694 2247 867 2290 Judae1s
899 2245 1136 2303 plurimam
1166 2246 1376 2301 salutem,
1403 2250 1447 2288 et
1479 2245 1591 2288 bene
1616 2244 1782 2300 valere,
1812 2248 1858 2287 et
1887 2258 1979 2289 esse

153 2307 331 2362 felices,
358 2321 434 2350 rex
457 2311 500 2350 et
525 2306 729 2363 princeps
756 2305 1018 2349 Antiochus.
1041 2305 1078 2331 9⁰
1096 2305 1139 2348 Si
1165 2305 1278 2348 bene
1299 2304 1478 2360 valetis,
1503 2308 1546 2347 et
1570 2303 1648 2345 filii
1676 2302 1832 2359 vestri,
1858 2308 1902 2346 et
1925 2318 1981 2346 ex

154 2366 375 2410 sententia
400 2365 525 2409 vobis
552 2371 712 2408 cuncta
737 2370 860 2421 sunt,
888 2364 1107 2407 maximas
1131 2363 1306 2420 agimus
1331 2363 1512 2419 gratias.
1538 2362 1569 2388 ‘2¹
1594 2364 1650 2405 Et
1675 2376 1756 2418 ego
1785 2362 1833 2404 in
1861 2362 1978 2405 infir-

156 2426 311 2468 mitate
349 2424 636 2479 constitutus,
675 2424 810 2467 vestri
842 2428 993 2466 autem
1030 2437 1198 2465 memor
1225 2422 1438 2478 benigne,
1472 2435 1670 2466 reversus
1700 2421 1753 2465 de
1787 2421 1979 2465 Persidis

155 2485 284 2540 locis,
310 2489 353 2528 et
385 2483 646 2526 infirmitate
678 2483 804 2538 gravi
834 2483 1158 2540 apprehensuS,
1191 2481 1488 2525 necessarium
1517 2480 1624 2524 duxi
1652 2494 1730 2537 pro
1755 2481 1979 2524 communi

155 2544 350 2587 utilitate
372 2557 524 2586 curam
548 2542 735 2598 habere;
764 2541 801 2567 2⁶²
818 2556 905 2584 non
928 2541 1165 2598 desperans
1189 2540 1523 2597 memetipsum,
1548 2540 1624 2583 sed
1646 2554 1769 2596 spem
1791 2540 1980 2583 multam

155 2604 322 2647 habeus
344 2601 589 2658 effugiendi
615 2601 933 2644 infirmitatem.
957 2599 994 2627 23
1015 2600 1271 2657 Respiciens
1300 2604 1448 2643 autem
1474 2599 1589 2656 quod
1619 2604 1663 2643 et
1687 2606 1813 2655 pater
1834 2613 1976 2654 meus,

155 2663 313 2719 quibus
339 2661 611 2718 temporibus
637 2660 683 2702 in
708 2660 816 2704 locis
841 2660 1137 2717 superioribus
1168 2659 1361 2703 ducebat
1390 2658 1654 2714 exercitum,
1680 2657 1873 2701 ostendit
1904 2658 1978 2714 qui

155 2726 253 2779 post
285 2736 332 2766 se
364 2720 607 2777 susciperet
639 2719 963 2776 principatum;
996 2717 1032 2745 24
1051 2724 1097 2762 ut
1126 2717 1164 2762 si
1192 2717 1298 2774 quid
1323 2717 1592 2761 eontrarium
1625 2716 1866 2772 accideret,
1902 2723 1979 2760 aut

155 2781 343 2825 difficile
365 2780 653 2835 nuntiaretur,
681 2778 870 2822 scientes
895 2778 940 2821 hi
967 2778 1041 2834 qui
1061 2778 1108 2820 in
1133 2776 1388 2833 regionibus
1413 2781 1559 2832 erant,
1585 2776 1656 2819 cui
1689 2781 1802 2819 esset
1833 2790 1980 2819 rerum

154 2855 328 2884 summa
364 2838 596 2895 derelicta,
631 2852 719 2881 non
753 2837 1058 2891 turbarentur3
1095 2836 1131 2863 ⁹25
1155 2836 1212 2879 ad
1245 2837 1342 2879 haec
1375 2835 1658 2879 considerans
1691 2834 1746 2878 de
1778 2834 1977 2892 proximo

154 2906 355 2958 potentes
377 2912 569 2955 quosque
595 2903 638 2941 et
656 2897 826 2941 vicinos
851 2896 1122 2953 temporibus
1147 2895 1423 2951 insidiantes,
1446 2900 1491 2938 et
1511 2900 1721 2938 eventum
1741 2901 1978 2950 expectan-

153 2966 239 3016 tes,
271 2958 503 3014 designavi
530 2957 671 2999 filium
699 2971 847 2999 meum
873 2956 1147 2999 Antiochum
1174 2969 1346 3011 regem,
1374 2968 1503 3010 quem
1528 2968 1647 3011 saepe
1674 2967 1900 2997 recurrens
1932 2953 1979 2997 in

153 3019 377 3076 superiora
409 3031 546 3073 regna
576 3016 727 3059 multis
752 3021 948 3059 vestrum
979 3014 1370 3069 commendabam3
1403 3019 1447 3057 et
1475 3013 1630 3070 scripsi
1660 3013 1717 3056 ad
1751 3026 1851 3056 eum
1880 3027 1979 3069 quae

153 3078 359 3134 subjecta
384 3082 500 3121 sunt.
523 3075 560 3102 ‘²⁶
579 3076 664 3120 Oro
688 3075 838 3131 itaque
855 3088 932 3117 vos
955 3079 998 3118 et
1022 3079 1145 3130 peto,
1167 3087 1383 3116 memores
1405 3072 1720 3116 beneficiorum
1736 3071 1914 3129 publice
1935 3078 1979 3115 et

153 3137 383 3194 privatim,
422 3142 471 3179 ut
507 3134 805 3191 unusquisque
843 3138 1073 3177 conservet
1108 3132 1241 3176 fidem
1273 3132 1328 3175 ad
1367 3146 1437 3175 me
1469 3137 1513 3176 et
1545 3132 1602 3175 ad
1638 3131 1780 3174 filium
1817 3146 1978 3175 meum.

154 3195 189 3223 2⁷
209 3196 392 3241 Confido
417 3196 536 3239 enim
558 3210 658 3238 eum
680 3193 876 3237 modeste
899 3198 942 3236 et
963 3193 1155 3235 humane
1179 3196 1404 3247 acturum,
1430 3196 1474 3235 et
1497 3196 1754 3247 sequentem
1784 3190 1978 3248 proposi-

154 3261 250 3299 tum
275 3271 444 3312 meum,
472 3262 516 3299 et
543 3268 822 3298 communem
847 3252 974 3296 vobis
998 3252 1108 3296 fore.

213 3314 249 3343 2⁸
270 3315 414 3372 Igitur
442 3314 667 3358 homicida
694 3318 737 3356 et
761 3312 1068 3368 blasphemus,
1099 3311 1290 3368 pessime
1323 3324 1574 3368 percussus,
1605 3315 1649 3354 et
1674 3314 1722 3353 ut
1745 3309 1840 3366 ipse
1867 3309 1978 3353 alios

155 3379 448 3431 tractaverat,
493 3388 675 3432 peregre
719 3372 765 3414 in
807 3371 1029 3414 montibus
1074 3370 1315 3414 miserabili
1360 3369 1484 3414 obitu
1528 3369 1622 3412 vita
1665 3369 1847 3411 functus
1897 3373 1976 3412 est.

156 3432 193 3460 '²9
209 3434 527 3478 Transferebat
559 3439 708 3476 autem
735 3446 890 3488 corpus
918 3429 1171 3486 Philippus,
1195 3429 1494 3473 collactaneus
1524 3429 1640 3485 ejus,
1671 3427 1745 3484 qui
1777 3432 1977 3472 metuens

155 3493 296 3536 filium
317 3493 549 3549 Antiochi,
574 3492 628 3535 ad
657 3491 947 3534 Ptolemzeum
972 3488 1315 3532 Philometorem
1341 3488 1388 3530 in
1414 3489 1661 3544 AEgyptnm
1684 3486 1808 3529 abiit.

155 3639 184 3674 5]
200 3639 233 3666 ΙΙ
252 3638 324 3667 Par.
343 3639 433 3673 XVI,
446 3643 472 3669 9.

2073 311 2266 339 l'crcutitur

2118 354 2216 386 plaga

2073 395 2263 426 insanabili.

2066 1191 2263 1228 Resipiscit‚

2114 1237 2219 1264 Deum

2090 1283 2239 1311 invocat.

2046 2081 2081 2108 et
2103 2077 2225 2108 scribit
2245 2077 2288 2107 ad

2093 2123 2114 2150 J
2118 2123 2242 2151 udaeos.

2107 3325 2229 3352 Misere

2088 3365 2244 3396 moritur.
