2456 3861
104 497 136 523 20
159 492 345 522 celebratio

179 537 270 567 {esth

143 2211 189 2237 De
215 2209 311 2237 cultu

168 2253 292 2281 divino.

133 2862 328 2890 &munninio

127 2914 201 2934 cum
220 2906 334 2934 alieni-

178 2950 274 2984 genis

141 2994 320 3028 prohibita.

139 3279 157 3303 Α.
167 3279 271 3306 husus
292 3277 324 3306 in

109 3321 347 3355 gazophylacio

183 3372 277 3393 sacro

140 3416 321 3441 repressus

410 130 495 172 466
980 123 1100 165 NEH.
1135 122 1250 176 XII,
1284 122 1340 165 29
1373 147 1433 153 —
1463 120 1605 178 XIII,
1639 121 1678 164 G.

412 297 682 352 Jerusalem,
705 299 748 339 et
774 295 828 338 de
853 293 972 336 villis
998 292 1297 349 Nethuphati,
1321 291 1358 318 ⁶²9
1380 297 1424 335 et
1446 292 1500 335 de
1533 292 1662 334 domo
1690 290 1873 353 Galgal,
1901 294 1945 332 et
1977 289 2032 332 de
2055 290 2247 346 regioni-

410 359 491 400 bus
526 356 671 411 Geba,
703 359 746 397 et
775 352 1047 408 Azmaveth,
1079 351 1290 408 quoniam
1319 351 1449 395 villas
1487 350 1819 394 aedificaverunt
1852 348 1936 391 sibi
1967 353 2169 392 cantores
2200 349 2248 392 in

411 415 598 459 circuitu
624 413 887 457 Jerusalem.

469 475 506 502 30
532 476 590 518 Et
613 472 819 516 mundati
844 477 947 515 sunt
971 470 1221 514 sacerdotes
1245 476 1287 514 et
1306 470 1482 525 levitae,
1518 474 1560 512 et
1586 467 1915 510 mundaverunt
1943 466 2179 524 populum,
2206 471 2249 510 et

409 540 579 593 portas,
606 538 650 577 et
671 546 858 575 murum.
885 531 919 557 3¹
941 530 1194 574 Ascendere
1218 535 1367 573 autem
1392 529 1483 572 feci
1506 527 1728 584 principes
1750 526 1777 568 J
1784 525 1871 568 uda
1891 540 2025 583 super
2045 540 2248 581 murum3

412 598 455 637 et
476 592 612 636 statui
638 592 747 635 duos
777 605 963 646 magnos
997 590 1150 633 choros
1179 589 1473 633 laudantium.
1506 589 1564 630 Et
1591 587 1738 630 ierunt
1766 585 1823 628 ad
1855 585 2086 629 dexteram
2122 599 2253 642 super

411 667 612 708 murum,
634 651 690 694 ad
717 656 892 708 porta-m
913 649 1204 705 Sterquilinii.
1227 648 1264 676 32
1289 649 1348 691 Et
1373 648 1456 690 ivit
1476 651 1575 704 post
1600 660 1673 689 eos
1701 644 1876 701 Osaias,
1900 650 1944 688 et
1973 645 2121 688 media
2151 658 2253 701 pars

411 712 663 771 principum
690 712 716 753 J
722 710 823 766 uda,
843 709 880 736 33
902 714 946 753 et
965 709 1172 764 Azarias,
1196 708 1379 763 Esdras,
1401 712 1443 750 et
1465 706 1722 760 Mosellam,
1744 705 1771 747 J
1777 704 1908 757 udas,
1929 708 1972 747 et
1995 704 2252 760 Benjamin,

412 777 457 816 et
487 770 681 826 Semeia,
714 775 758 813 et
787 769 1018 813 Jeremias.
1052 767 1088 795 34
1113 770 1169 810 Et
1200 768 1252 811 de
1285 767 1387 809 filiis
1424 765 1704 808 sacerdotum
1733 764 1780 806 in
1816 763 1957 819 tubis,
1993 763 2251 819 Zacharias,

412 831 527 874 filius
564 830 814 885 Jonathan,
852 829 968 871 filius
1011 827 1219 883 Semeiae,
1254 826 1370 869 filius
1408 824 1674 881 Mathaniae,
1710 823 1827 866 filius
1870 822 2101 878 Michaiae,
2136 821 2252 865 filius

413 891 601 946 Zechur,
636 889 753 932 filius
790 889 970 944 Asaph3
1006 887 1042 914 35
1072 894 1116 929 et
1148 887 1309 929 fratres
1344 885 1460 941 ejus,
1494 883 1688 939 Semeia,
1724 888 1768 926 et
1801 881 2010 937 Azareel,
2045 880 2251 937 Malalai,

414 949 611 1003 Galalai,
635 948 775 1003 Maai,
799 946 1073 997 Nathanael‚
1098 950 1142 988 et
1171 946 1198 988 J
1205 945 1332 999 udas,
1358 949 1402 987 et
1429 943 1630 996 Hanani,
1658 943 1704 985 in
1734 941 1853 985 vasis
1884 940 2048 983 cantici
2081 939 2251 996 David,

411 1007 495 1049 viri
531 1007 641 1062 Dei3
673 1011 716 1050 et
745 1006 909 1050 Esdras
966 1005 1111 1049 scriba
1158 1010 1263 1048 ante
1294 1019 1367 1048 eos
1398 1003 1445 1047 in
1478 1009 1604 1061 porta
1634 1004 1805 1048 Fontis.
1840 1004 1877 1031 33
1907 1005 1966 1047 Et
1997 1010 2151 1047 contra
2185 1016 2258 1045 eos

413 1066 709 1110 ascenderunt
740 1066 788 1108 in
820 1064 1034 1122 gradibus
1069 1064 1265 1107 civitatis
1293 1063 1462 1120 David,
1485 1064 1533 1106 in
1555 1077 1742 1107 ascensu
1765 1063 1880 1106 muri
1913 1078 2045 1120 super
2075 1063 2259 1107 domum

415 1124 585 1180 David,
609 1129 653 1167 et
677 1138 815 1180 usque
839 1124 897 1167 ad
919 1129 1094 1181 portam
1121 1123 1352 1180 Aq'uarum
1373 1122 1430 1166 ad
1454 1123 1683 1166 orientem.

471 1182 506 1209 37
534 1184 591 1226 Et
617 1183 774 1227 chorus
796 1182 1015 1227 secundus
1037 1183 1204 1239 gratias
1232 1181 1526 1226 referentium
1549 1182 1645 1225 ibat
1667 1196 1722 1226 ex
1746 1180 1932 1224 adverso
1951 1198 1959 1236 ;
1980 1185 2025 1224 et
2051 1194 2133 1236 ego
2159 1184 2260 1237 post

414 1261 534 1303 eum,
563 1251 606 1290 et
635 1246 783 1289 media
808 1259 908 1301 pars
938 1244 1090 1301 populi
1116 1258 1245 1300 super
1271 1259 1466 1300 murum,
1495 1249 1538 1287 et
1570 1258 1699 1301 super
1724 1245 1882 1287 turrim
1913 1246 2182 1301 Furnorum,
2210 1250 2254 1288 et

414 1320 548 1362 usque
573 1305 631 1348 ad
656 1319 831 1347 murum
856 1303 1144 1360 latissimum,
1173 1303 1209 1330 33
1229 1308 1273 1347 et
1303 1318 1432 1360 super
1462 1308 1635 1360 portam
1667 1303 1903 1361 Ephraim,
1932 1309 1976 1348 et
2001 1318 2131 1361 super
2155 1318 2253 1361 por-

413 1372 506 1408 tam
529 1365 797 1421 Antiquam,
825 1369 868 1407 et
893 1378 1022 1420 super
1047 1367 1222 1419 portam
1245 1363 1462 1419 Piscium,
1491 1368 1534 1406 et
1558 1363 1715 1405 turrim
1743 1364 2000 1420 Hananeel,
2028 1368 2073 1406 et
2096 1363 2254 1406 turrim

414 1425 598 1480 Emath,
635 1429 678 1467 et
714 1438 850 1479 usque
888 1423 944 1465 ad
981 1428 1154 1479 portam
1193 1423 1380 1478 Gregis;
1422 1427 1466 1466 et
1499 1427 1717 1465 steterunt
1752 1422 1799 1465 in
1832 1428 1959 1480 porta
1997 1422 2251 1478 Custodiae3

413 1483 449 1510 39
471 1488 774 1539 steteruntque
808 1482 893 1525 duo
927 1481 1048 1524 chori
1079 1481 1360 1525 laudantium
1392 1483 1439 1525 in
1470 1482 1600 1525 domo
1631 1481 1735 1537 Dei,
1773 1487 1818 1525 et
1851 1497 1957 1539 ego,
1990 1487 2034 1526 et
2067 1481 2254 1525 dimidia

412 1558 513 1600 pars
540 1543 885 1599 magistratuum
911 1555 1099 1584 mecum.
1127 1540 1164 1567 4⁰
1183 1543 1240 1584 Et
1267 1542 1538 1597 sacerdotes,
1565 1541 1809 1597 Eliachim,
1837 1542 2021 1598 Maasia,
2049 1541 2252 1598 Miamin,

412 1602 613 1658 Michea,
642 1601 866 1657 Elioenai,
893 1600 1126 1655 Zacharia,
1152 1601 1384 1657 Hanania,
1408 1601 1454 1643 in
1476 1600 1620 1655 tubis3
1649 1599 1683 1626 4¹
1705 1606 1748 1643 et
1775 1601 1967 1658 Maasia,
1992 1607 2035 1645 et
2059 1601 2252 1656 Semeia,

414 1668 457 1705 et
483 1662 680 1717 Eleazar,
705 1665 750 1704 et
775 1660 903 1716 Azzi,
929 1665 972 1702 et
997 1661 1024 1702 J
1031 1660 1226 1716 ohanan‚
1256 1664 1300 1702 et
1321 1660 1536 1713 Melchia,
1564 1664 1608 1702 et
1634 1660 1805 1716 AElam,
1835 1665 1878 1704 et
1905 1662 2027 1704 Ezer.
2055 1661 2114 1703 Et
2136 1660 2253 1703 clare

414 1721 670 1764 cecinerunt
692 1724 913 1776 cantores,
942 1725 986 1763 et
1012 1720 1039 1762 J
1046 1719 1189 1762 ezraia
1214 1720 1489 1776 praepositus.
1510 1718 1546 1746 42
1561 1719 1619 1761 Et
1644 1718 1992 1763 immolaverunt
2012 1720 2059 1762 in
2082 1719 2152 1762 die
2174 1720 2254 1762 illa

413 1781 620 1823 victimas
658 1794 865 1836 magnas,
905 1783 948 1822 et
981 1778 1124 1821 laetati
1162 1783 1288 1832 sunt3
1331 1780 1450 1822 Deus
1485 1779 1603 1822 enim
1641 1777 1950 1822 laetificaverat
1983 1793 2056 1823 eos
2093 1779 2255 1822 laetitia

412 1854 604 1896 magna3
638 1839 715 1882 sed
749 1843 792 1882 et
821 1852 977 1881 uxores
1004 1851 1154 1880 eorum
1180 1842 1224 1880 et
1249 1838 1376 1881 liberi
1411 1838 1554 1894 gavisi
1585 1842 1708 1894 sunt,
1744 1843 1788 1881 et
1816 1838 1970 1882 audita
2003 1842 2069 1882 est
2094 1838 2255 1881 laetitia

413 1899 662 1942 Jerusalem
687 1897 853 1955 procul.

563 2020 727 2063 SECTIO
762 2019 851 2062 ΠΙ.
878 2046 937 2050 -
969 2019 1243 2075 ΝΕΗΕΜΙΑ8,
1279 2031 1460 2062 ITERUM
1493 2031 1694 2063 VENIENS
1726 2031 1776 2062 IN
1810 2019 2111 2075 JERUSALEM,

1020 2098 1231 2128 rnnmcrr
1266 2097 1377 2128 opus
1411 2097 1651 2129 INCEPTUM

471 2196 508 2223 43
527 2197 859 2239 Recensuerunt
885 2209 1055 2251 quoque
1087 2194 1134 2236 in
1168 2194 1239 2238 die
1272 2194 1351 2237 illa
1380 2194 1497 2237 viros
1526 2208 1656 2251 super
1681 2194 2005 2251 gazophylacia
2034 2195 2252 2251 thesauri,

413 2256 470 2299 ad
491 2254 731 2310 libamina,
755 2259 799 2297 et
823 2254 879 2297 ad
905 2253 1147 2311 primitias,
1173 2259 1217 2297 et
1238 2254 1295 2296 ad
1318 2254 1535 2310 decimas,
1559 2259 1608 2296 ut
1627 2254 1918 2297 introferrent
1939 2268 2016 2310 per
2039 2268 2110 2297 eos
2135 2254 2253 2311 prin-

414 2315 533 2372 cipes
567 2313 765 2357 civitatis
796 2314 844 2356 in
879 2314 1035 2356 decore
1070 2313 1315 2370 gratiarum
1348 2313 1556 2369 actionis,
1592 2313 1843 2356 sacerdotes
1869 2318 1913 2356 et
1938 2313 2125 2369 levitas;
2152 2313 2255 2370 quia

413 2374 667 2417 laetificatus
705 2378 771 2417 est
807 2373 928 2416 Juda
967 2373 1014 2415 in
1055 2373 1358 2416 sacerdotibus
1397 2378 1439 2415 et
1476 2373 1624 2416 levitis
1657 2372 1921 2417 astantibus
1957 2372 1994 2399 44
2019 2373 2079 2416 Et
2111 2378 2254 2416 custo-

414 2433 592 2477 dierunt
619 2432 973 2476 observationem
997 2432 1080 2476 Dei
1102 2432 1182 2488 sui,
1208 2437 1251 2475 et
1277 2432 1634 2475 observationem
1661 2432 1949 2488 expiationis,
1971 2437 2015 2475 et
2036 2437 2251 2488 cantores,

415 2498 458 2536 et
483 2493 699 2549 janitores
723 2492 853 2548 juxta
883 2496 1159 2549 praeceptum
1186 2491 1355 2547 David,
1384 2496 1426 2534 et
1457 2491 1724 2547 Salomonis,
1756 2491 1836 2534 filii
1870 2491 1992 2547 ejus3
2016 2491 2053 2518 45
2071 2491 2174 2547 quia
2206 2491 2253 2534 in

415 2552 569 2596 diebus
601 2552 748 2595 David
778 2556 822 2595 et
847 2552 1020 2608 Asaph,
1048 2551 1104 2594 ab
1133 2551 1335 2607 exordio,
1361 2555 1487 2594 erant
1512 2551 1733 2608 principes
1761 2550 1990 2593 constituti
2022 2555 2270 2614 cantorum,

412 2612 459 2654 in
485 2611 682 2655 carmine
707 2611 1002 2667 laudantium,
1027 2616 1070 2654 et
1092 2611 1399 2654 confitentium
1423 2611 1531 2654 Deo.
1551 2610 1588 2636 40
1607 2611 1665 2653 Et
1688 2609 1829 2653 omnis
1856 2609 2009 2665 Israel,
2028 2610 2074 2652 in
2098 2610 2253 2654 diebus

414 2670 678 2726 Zorobabel,
699 2675 743 2714 et
763 2670 810 2713 in
833 2669 987 2714 diebus
1013 2670 1267 2726 Nehemiae,
1293 2670 1462 2713 dabant
1479 2675 1627 2726 partes
1646 2669 1900 2712 cantoribus
1919 2674 1962 2712 et
1982 2669 2253 2725 janitoribus

414 2745 492 2787 per
517 2730 610 2773 dies
636 2729 862 2786 singulos3
893 2734 936 2773 et
961 2729 1303 2772 sanctificabant
1329 2729 1509 2785 levitas,
1531 2734 1574 2772 et
1600 2729 1747 2772 levitae
1771 2728 2114 2772 sanctificabant
2139 2729 2253 2772 filios

416 2791 579 2835 Aaron.

475 2849 580 2892 CAP.
619 2850 755 2893 XIII,
787 2876 847 2882 —
887 2848 899 2874 ¹
929 2849 983 2892 In
1018 2849 1088 2892 die
1126 2854 1276 2893 autem
1313 2850 1391 2893 1110
1428 2850 1593 2893 lectum
1632 2853 1697 2892 est
1731 2847 1778 2890 in
1815 2847 2040 2890 volumine
2081 2848 2250 2904 Moysi,

416 2908 624 2952 audiente
664 2909 853 2965 populo,
894 2913 937 2952 et
976 2908 1210 2952 inventum
1248 2914 1313 2951 est
1351 2909 1565 2965 scriptum
1606 2907 1651 2950 in
1691 2920 1743 2950 eo
1780 2907 1895 2962 quod
1937 2921 2025 2949 non
2059 2906 2252 2951 debeant

415 2967 596 3011 introire
627 2968 909 3012 Ammonites
944 2973 987 3011 et
1019 2968 1240 3011 Moabites
1272 2968 1318 3010 in
1353 2968 1586 3011 ecclesiam
1621 2966 1724 3022 Dei,
1760 2980 1898 3021 usque
1927 2966 1972 3008 in
2005 2971 2250 3022 aeternum3

417 3025 434 3051 ⁶²
453 3041 501 3069 eo
527 3027 643 3082 quod
669 3042 757 3070 non
787 3027 1057 3070 occurrerint
1081 3027 1184 3069 filiis
1209 3027 1347 3070 Israel
1373 3042 1473 3070 cum
1503 3041 1615 3083 pane
1647 3030 1690 3068 et
1718 3039 1852 3080 aqua,
1885 3030 1929 3067 et
1959 3025 2254 3069 conduxerint

416 3085 653 3128 adversum
686 3100 757 3129 eos
794 3087 1002 3142 Balaam,
1037 3087 1093 3130 ad
1122 3086 1480 3130 maledicendum
1516 3086 1598 3142 eis,
1629 3090 1673 3128 et
1706 3084 1924 3127 convertit
1956 3085 2074 3128 Deus
2104 3089 2254 3128 noster

416 3144 778 3188 maledictionem
814 3145 861 3188 in
894 3145 1265 3189 benedictionem.
1301 3146 1318 3172 3
1348 3146 1537 3188 Factum
1580 3149 1645 3188 est
1676 3147 1850 3199 autem,
1887 3157 1985 3185 cum
2025 3144 2253 3187 audissent

417 3204 583 3260 legem,
608 3210 925 3260 separaverunt
947 3219 1124 3248 omnem
1146 3205 1448 3261 alienigenam
1473 3205 1529 3247 ab
1556 3203 1708 3247 Israel.

475 3263 492 3290 ‘4
511 3265 569 3307 Et
601 3278 731 3320 super
757 3263 839 3307 hoc
872 3269 967 3306 erat
1001 3264 1193 3320 Eliasib,
1221 3264 1446 3319 sacerdos,
1473 3263 1546 3320 qui
1574 3263 1723 3305 fuerat
1756 3263 2020 3319 praepositus
2049 3263 2096 3305 in
2121 3277 2252 3318 gazo-

416 3323 623 3380 phylacio
651 3323 806 3366 domus
830 3323 912 3366 Dei
932 3323 1089 3378 nostri,
1111 3328 1153 3366 et
1170 3323 1397 3379 proximus
1419 3323 1584 3367 Tobiae.
1605 3322 1622 3348 5
1640 3321 1767 3364 Fecit
1790 3336 1893 3377 ergo
1920 3321 2004 3365 sibi
2027 3321 2251 3378 gazophy-

417 3383 581 3425 lacium
601 3382 789 3439 grande,
811 3386 854 3425 et
873 3382 936 3424 ibi
960 3388 1085 3424 erant
1103 3388 1206 3425 ante
1229 3397 1329 3425 eum
1347 3385 1609 3439 reponentes
1631 3395 1834 3437 munera,
1855 3386 1898 3424 et
1917 3382 2039 3437 thus,
2060 3385 2104 3424 et
2121 3395 2249 3435 vasa,

418 3447 461 3484 et
494 3442 715 3485 decimam
747 3441 983 3497 frumenti,
1014 3441 1128 3497 vini,
1162 3447 1205 3484 et
1239 3442 1345 3498 olei,
1379 3446 1525 3498 partes
1558 3439 1814 3496 levitarum,
1843 3446 1887 3483 et
1920 3445 2170 3494 cantorum,
2206 3444 2250 3482 et

415 3501 680 3557 janitorum,
708 3505 752 3544 et
781 3499 1001 3557 primitias
1026 3500 1336 3544 sacerdotales.
1363 3500 1380 3527 3
1399 3501 1452 3542 In
1480 3498 1683 3541 omnibus
1707 3504 1859 3542 autem
1884 3499 1953 3542 his
1982 3512 2070 3542 non
2101 3497 2170 3540 fui
2199 3496 2250 3541 in

417 3648 446 3681 1]
465 3648 562 3676 Deut.
582 3648 715 3682 XXIII,
731 3650 757 3677 3.
