2456 3861
647 177 669 219 1
702 178 812 221 nm.
846 177 954 231 xx,
989 177 1044 220 27
1077 203 1133 210 -
1166 176 1299 231 XXI,
1333 177 1367 218 7.
1835 177 1919 219 275

101 345 217 401 quod
246 345 363 388 forte
395 344 613 388 evenisset
645 345 683 388 ei
717 350 764 388 ut
791 359 876 387 non
911 350 1024 388 esset
1050 344 1239 387 mundus
1266 359 1346 387 nec
1372 343 1642 401 purificatus
1669 342 1703 369 ‘²7
1724 344 1921 399 Cumque

100 403 321 446 illuxisset
363 403 455 446 dies
499 403 693 447 secunda
735 409 832 460 post
873 403 1102 457 calendas,
1144 418 1291 446 rursus
1339 402 1544 460 apparuit
1588 416 1751 445 vacuus
1800 401 1921 445 locus

102 462 261 506 David.
298 462 509 517 Dixitque
547 462 648 505 Saul
684 462 740 505 ad
771 462 998 505 Jonathan
1036 462 1175 504 filium
1207 476 1335 504 suum
1365 478 1374 505 ε
1408 462 1496 505 Cur
1531 475 1617 504 non
1655 461 1774 504 venit
1807 461 1921 504 filius

101 521 191 564 Isai
219 535 297 564 nec
320 520 411 564 heri
439 535 519 564 nec
545 521 676 564 hodie
699 520 756 563 ad
783 521 1082 564 vescendum?
1110 520 1145 547 '²⁸
1168 521 1495 577 Responditque
1517 520 1734 563 Jonathas
1758 519 1877 563 Sauli
1912 536 1920 563 :

102 580 293 634 Rogavit
319 593 388 622 me
411 579 571 622 obnixe
594 586 642 622 ut
662 579 745 622 iret
769 579 815 621 in
843 579 1117 634 Bethlehem,
1144 578 1181 605 ”²9
1199 585 1242 622 et
1265 579 1329 622 ait
1357 596 1365 623 :
1395 580 1582 622 Dimitte
1609 593 1690 633 me,
1715 579 1922 634 quoniam

99 637 364 681 sacrificium
402 637 597 681 solemne
634 643 700 680 est
733 638 779 680 in
815 638 1024 691 civitate3
1064 651 1174 680 unus
1212 638 1266 680 de
1299 638 1510 681 fratribus
1548 638 1656 681 meis
1688 637 1922 680 accersivit

100 711 199 750 me;
232 711 348 739 nunc
375 710 498 751 ergo,
525 696 560 738 si
591 696 740 738 inveni
767 695 957 750 gratiam
982 695 1028 737 in
1060 696 1194 738 oculis
1222 696 1328 750 tuis,
1360 697 1519 739 vadam
1555 697 1662 751 cito,
1693 703 1735 740 et
1761 696 1921 740 videbo

98 756 259 798 fratres
301 769 433 799 meos.
474 754 540 798 Ob
577 755 691 796 hanc
729 768 908 796 causam
941 768 1028 796 non
1061 754 1183 797 venit
1218 754 1275 797 ad
1313 769 1511 798 mensam
1548 756 1676 811 regis.
1718 755 1754 782 3⁰
1778 756 1921 797 Iratus

97 820 247 857 autem
283 813 388 857 Saul
427 813 663 855 adversum
707 813 956 862 ,Ionatham
992 812 1106 854 dixit
1139 812 1178 855 ei
1224 829 1232 856 ε
1276 813 1362 855 Fili
1398 814 1593 856 mulieris
1630 814 1774 856 virum
1808 813 1922 856 ultro

98 872 337 929 rapientis!
366 871 579 927 numquid
609 871 763 927 ignoro
788 871 889 927 quia
919 871 1069 926 diligis
1100 871 1239 913 filium
1265 872 1354 914 Isai
1383 872 1429 913 in
1460 872 1766 915 confusionem
1799 879 1921 915 tuam

98 936 141 974 et
179 931 226 973 in
266 930 574 973 confusionem
613 929 922 986 ignominiosae
956 929 1110 972 matris
1142 929 1267 972 tuae‘?
1301 930 1334 956 3¹
1364 930 1580 974 Omnibus
1610 931 1728 974 enim
1769 931 1921 975 diebus

98 989 254 1045 quibus
287 989 401 1032 filius
435 989 525 1032 Isai
551 988 712 1032 vixerit
734 1003 862 1045 super
890 994 1074 1044 terram,
1108 1003 1195 1032 non
1216 989 1454 1032 stabiliem's
1487 995 1534 1032 tu
1563 1004 1704 1045 neque
1736 1003 1921 1045 regnum

97 1055 235 1091 tuum.
267 1049 425 1104 Itaque
449 1048 543 1104 jam
572 1062 689 1090 nunc
716 1047 863 1103 mitte,
891 1053 934 1090 et
961 1047 1106 1091 adduc
1140 1063 1240 1091 eum
1275 1048 1333 1091 ad
1365 1062 1456 1103 me,
1487 1049 1588 1104 quia
1618 1048 1732 1091 filius
1770 1049 1922 1091 mortis

97 1113 175 1151 est.
202 1107 239 1134 3'2
259 1107 543 1164 Respondens
564 1112 715 1150 autem
744 1107 771 1150 J
776 1107 961 1150 onathas
991 1107 1111 1150 Sauli
1141 1106 1256 1164 patri
1278 1121 1369 1162 suo,
1395 1108 1459 1150 ait
1481 1123 1490 1151 z
1517 1108 1658 1158 Quare
1680 1107 1921 1150 morietur?

97 1166 210 1217 Quid
236 1166 383 1210 fecit?
410 1166 447 1193 33
465 1167 521 1209 Et
546 1166 734 1223 arripuit
757 1165 862 1209 Saul
895 1165 1097 1209 lanceam
1119 1171 1168 1208 ut
1196 1171 1442 1223 percuteret
1471 1181 1585 1210 eum.
1619 1168 1676 1209 Et
1699 1166 1922 1209 intellexit

96 1226 314 1269 Jonathas
347 1226 463 1281 quod
496 1225 727 1268 definitum
756 1230 872 1268 esset
899 1239 926 1267 a
951 1230 1074 1282 patre
1099 1240 1176 1268 suo
1203 1230 1252 1268 ut
1282 1225 1549 1269 interficeret
1582 1225 1742 1269 David.
1769 1225 1805 1252 34
1822 1225 1922 1269 Sur-

96 1285 211 1328 rexit
232 1299 335 1341 ergo
361 1285 578 1328 Jonathas
604 1299 630 1327 a
655 1299 808 1328 mensa
830 1284 877 1326 in
898 1284 963 1326 ira
984 1284 1166 1340 furoris,
1195 1290 1238 1328 et
1270 1299 1357 1327 non
1391 1285 1584 1328 comedit
1612 1285 1658 1327 in
1681 1285 1751 1328 die
1777 1284 1922 1328 calen-

97 1344 250 1387 darum
288 1344 482 1387 secunda
522 1358 711 1400 panem,
755 1343 1041 1386 contristatus
1081 1348 1146 1386 est
1188 1343 1306 1387 enim
1345 1357 1474 1401 super
1512 1344 1679 1400 David,
1717 1358 1768 1387 eo
1808 1343 1922 1399 quod

97 1403 371 1446 confudisset
393 1417 493 1446 eum
518 1409 643 1459 pater
663 1417 779 1445 suus.

155 1463 191 1489 3⁵
215 1462 414 1518 Cumque
445 1462 667 1504 illuxisset
695 1476 844 1516 mane,
878 1462 1001 1504 venit
1029 1463 1248 1506 Jonathas
1281 1463 1327 1505 in
1357 1476 1513 1518 agrum
1545 1462 1674 1518 juxta
1708 1462 1924 1518 placitum

98 1521 264 1577 David,
300 1527 343 1564 et
374 1535 481 1577 puer
513 1520 722 1577 parvulus
756 1535 857 1563 cum
889 1534 959 1576 eo,
995 1520 1032 1548 36
1057 1527 1100 1563 et
1124 1521 1188 1563 ait
1220 1522 1277 1564 ad
1304 1535 1486 1578 puerum
1512 1535 1640 1563 suum
1670 1537 1678 1564 ε
1707 1520 1854 1575 Vade,
1881 1525 1925 1563 et

95 1581 207 1624 affer
232 1580 341 1622 mihi
366 1579 553 1635 sagittas
576 1594 683 1635 quas
709 1594 790 1635 ego
815 1579 950 1635 jacio.
982 1579 1182 1636 Cumque
1211 1595 1318 1637 puer
1344 1580 1628 1638 cucurrisset,
1654 1580 1764 1635 jecit
1788 1579 1924 1622 aliam

96 1640 307 1696 sagittam
332 1643 452 1682 trans
477 1653 674 1695 puerum.
700 1638 735 1665 3⁷
758 1638 894 1682 Venit
918 1638 1068 1694 itaque
1094 1653 1201 1696 puer
1225 1639 1282 1682 ad
1308 1639 1457 1683 locum
1481 1639 1621 1695 jaculi
1654 1638 1770 1694 quod
1796 1638 1925 1681 mise-

94 1704 162 1741 rat
183 1699 211 1741 J
216 1697 432 1753 onathas,
465 1703 507 1740 et
533 1697 745 1740 clamavit
774 1698 993 1741 Jonathas
1018 1704 1117 1754 post
1144 1704 1320 1754 tergum
1350 1698 1493 1755 pueri,
1521 1704 1564 1741 et
1588 1698 1651 1741 ait
1681 1713 1690 1740 z
1726 1700 1841 1741 Eece
1862 1697 1924 1740 ibi

95 1764 162 1801 est
193 1757 359 1813 sagitta
383 1771 510 1814 porro
538 1757 655 1799 ultra
687 1763 745 1800 te.
770 1757 806 1783 33
833 1757 1143 1813 Clamavitque
1177 1757 1339 1801 iterum
1374 1759 1402 1801 J
1406 1758 1593 1801 onathas
1626 1763 1725 1814 post
1750 1763 1926 1813 tergum

95 1817 237 1874 pueri,
262 1816 412 1859 dicens
443 1832 452 1859 ε
481 1816 663 1859 Festina
684 1816 916 1872 velociter,
944 1831 998 1860 ne
1027 1817 1214 1860 steteris
1253 1817 1445 1872 Collegit
1474 1823 1625 1860 autem
1651 1831 1760 1873 puer
1789 1817 1816 1859 J
1821 1831 1924 1859 ona-

95 1876 183 1918 thae
209 1876 418 1932 sagittas,
456 1882 499 1920 et
534 1875 687 1918 attulit
719 1875 776 1918 ad
811 1875 1040 1918 dominum
1073 1890 1222 1931 suum,
1251 1876 1287 1903 39
1305 1882 1348 1920 et
1382 1876 1487 1932 quid
1519 1881 1725 1932 ageretur
1750 1875 1925 1932 penitus

93 1935 357 1991 ignorabat;
384 1935 694 1978 tantummodo
719 1935 838 1979 enim
867 1935 1086 1978 Jonathas
1112 1940 1155 1979 et
1185 1936 1333 1979 David
1358 1950 1451 1979 rem
1477 1940 1705 1978 noverant.
1735 1935 1773 1961 4⁰
1792 1934 1926 1978 Dedit

95 2009 199 2051 ergo
225 1995 253 2037 J
257 1995 442 2038 onathas
466 2010 590 2037 arma
615 2009 694 2037 sua
718 2008 873 2051 puero,
905 1999 948 2037 et
979 1995 1092 2037 dixit
1114 1994 1153 2038 ei
1186 2011 1197 2041 :
1225 1995 1369 2051 Vade,
1397 2000 1440 2038 et
1463 1995 1590 2038 defer
1609 1995 1655 2036 in
1682 1994 1925 2038 civitatem.

94 2054 128 2080 4¹
148 2054 347 2110 Cumque
368 2054 550 2097 abiisset
571 2069 689 2111 puer,
708 2054 897 2096 surrexit
916 2054 1063 2097 David
1083 2054 1137 2097 de
1154 2055 1264 2110 loco,
1289 2055 1361 2111 qui
1385 2055 1597 2110 vergebat
1620 2053 1677 2096 ad
1699 2059 1923 2108 austrum3

95 2119 138 2156 et
171 2113 333 2156 cadens
358 2128 521 2170 pronus
550 2113 596 2155 in
625 2119 808 2167 terram,
839 2113 1042 2156 adoravit
1063 2114 1222 2170 terti03
1252 2119 1294 2157 et
1322 2114 1571 2157 osculantes
1592 2127 1638 2155 se
1665 2113 1926 2156 alterutrum

94 2172 308 2216 fleverunt
326 2172 502 2229 pariter,
527 2172 675 2215 David
699 2178 850 2215 autem
874 2173 1080 2229 amplius.
1105 2172 1142 2199 42
1158 2174 1285 2216 Dixit
1305 2187 1408 2229 ergo
1428 2174 1455 2216 J
1461 2172 1646 2216 onatlias
1667 2172 1723 2215 ad
1747 2171 1895 2214 David
1913 2186 1922 2214 ε

96 2231 222 2274 Vade
245 2231 292 2274 in
322 2246 461 2288 pace3
496 2245 784 2287 quaecumque
819 2231 1065 2287 juravimus
1099 2233 1232 2276 ambo
1261 2233 1307 2275 in
1341 2232 1520 2275 nomine
1547 2231 1750 2286 Domini,
1777 2230 1926 2273 dicen-

96 2296 160 2333 tes
188 2306 198 2334 :
231 2291 448 2334 Dominus
482 2291 539 2333 sit
566 2290 682 2333 inter
715 2305 785 2333 me
815 2295 858 2333 et
887 2296 951 2346 te,
983 2296 1026 2334 et
1054 2291 1171 2335 inter
1203 2307 1354 2335 semen
1380 2306 1529 2335 meum
1556 2296 1599 2334 et
1623 2305 1774 2334 semen
1799 2295 1927 2332 tuum

97 2364 231 2406 usque
263 2349 310 2393 in
342 2350 674 2406 sempiternum.
705 2349 742 2376 43
768 2350 824 2391 Et
856 2349 1045 2392 surrexit
1077 2351 1245 2406 David,
1281 2356 1324 2394 et
1353 2351 1493 2406 abiit;
1521 2349 1598 2393 sed
1632 2355 1674 2393 et
1708 2350 1735 2392 J
1741 2348 1925 2392 onathas

95 2408 317 2464 ingressus
339 2415 405 2452 est
427 2409 668 2452 civitatem.

386 2530 549 2573 SECTlo
584 2531 646 2574 II.
674 2557 729 2563 —
766 2532 924 2573 DAVID
958 2542 1208 2573 FUGITIVUS
1242 2543 1292 2573 IN
1326 2543 1476 2573 TERRA
1509 2531 1635 2573 JUDA

504 2633 526 2686 ξ
551 2631 587 2674 Ι.
613 2658 673 2662 -
696 2632 858 2674 David
881 2632 963 2675 huc
990 2632 1098 2675 illuc
1124 2633 1310 2674 incertus
1336 2646 1518 2687 vaqans.

155 2726 410 2770 CAR-XXI.
440 2751 500 2758 -—
531 2725 541 2751 ¹
570 2726 706 2768 Venit
731 2731 880 2769 autem
912 2727 1057 2769 David
1086 2726 1132 2769 in
1158 2726 1284 2769 Nobe
1317 2726 1374 2769 ad
1401 2724 1692 2769 Achimelech
1725 2724 1925 2768 sacerdo-

96 2789 199 2828 tem.
223 2785 280 2827 Et
306 2785 533 2841 obstupuit
555 2785 846 2828 Achimelech
868 2799 918 2828 eo
944 2785 1059 2841 quod
1081 2785 1275 2828 venisset
1299 2785 1458 2840 David,
1483 2789 1526 2827 et
1553 2784 1667 2828 dixit
1689 2783 1728 2826 ei
1753 2799 1764 2828 z
1784 2783 1926 2833 Quare

98 2849 145 2885 tu
170 2843 299 2899 solus,
324 2849 367 2886 et
384 2843 532 2886 nullus
561 2850 626 2886 est
651 2844 834 2888 tecum?
860 2843 877 2869 2
896 2844 953 2887 Et
975 2845 1038 2887 ait
1065 2844 1210 2887 David
1229 2844 1286 2887 ad
1309 2844 1600 2887 Achimelech
1619 2842 1892 2886 sacerdotem
1912 2859 1922 2887 ε

101 2903 195 2945 Rex
224 2902 437 2959 praecepit
462 2903 571 2945 mihi
597 2917 865 2959 sermonem,
897 2909 940 2946 et
971 2903 1084 2946 dixit
1116 2920 1123 2947 :
1160 2904 1302 2947 Nemo
1328 2903 1440 2946 sciat
1469 2917 1562 2946 rem
1591 2906 1768 2959 propter
1793 2916 1925 2957 quam

98 2962 256 3004 missus
281 2976 327 3004 es
348 2976 374 3004 a
400 2976 482 3018 me,
510 2967 554 3005 et
580 2962 830 3018 cujusmodi
849 2968 1073 3019 praecepta
1095 2963 1174 3005 tibi
1202 2962 1427 3017 dederim3
1457 2977 1561 3005 nam
1587 2966 1630 3004 et
1655 2961 1800 3018 pueris
1824 2975 1924 3004 eon-

99 3020 192 3063 dixi
215 3021 262 3063 in
286 3021 415 3063 illum
445 3027 487 3064 et
516 3021 646 3064 illum
671 3022 831 3065 locum.
860 3022 876 3048 3
894 3022 1023 3064 Nunc
1047 3036 1151 3078 ergo
1177 3022 1212 3065 si
1245 3022 1349 3078 quid
1371 3021 1508 3065 habes
1538 3021 1594 3064 ad
1624 3035 1826 3075 manum,
1854 3020 1922 3062 vel

100 3080 290 3135 quinque
311 3094 461 3137 panes,
488 3080 544 3123 da
570 3081 692 3137 mihi,
716 3087 794 3124 aut
816 3081 1030 3137 quidquid
1050 3081 1285 3124 inveneris.
1308 3081 1325 3107 4
1344 3081 1401 3124 Et
1425 3080 1696 3137 respondens
1723 3079 1925 3122 sacerdos

100 3139 154 3181 ad
177 3139 337 3195 David,
356 3139 420 3182 ait
445 3139 509 3182 illi
538 3157 546 3183 :
583 3141 682 3183 Non
710 3140 853 3183 habeo
886 3140 1023 3183 laicos
1056 3155 1191 3197 panes
1221 3141 1277 3183 ad
1311 3155 1513 3194 manum,
1545 3139 1621 3182 sed
1652 3144 1826 3181 tantum
1849 3153 1923 3194 pa-

100 3211 200 3240 nem
222 3203 426 3241 sanetum
446 3216 454 3254 3
478 3199 515 3241 si
541 3199 697 3242 mundi
724 3207 826 3242 sunt
848 3200 984 3255 pueri,
1009 3200 1202 3243 maxime
1224 3215 1250 3242 a
1271 3199 1563 3243 mulieribus?
1586 3199 1603 3225 5
1622 3199 1680 3240 Et
1700 3197 1925 3254 respondit

103 3257 246 3299 David
269 3257 510 3313 sacerdoti,
538 3264 581 3301 et
603 3259 717 3301 dixit
743 3259 782 3302 ei
814 3275 822 3302 z
851 3259 1068 3314 Equidem
1093 3259 1128 3302 si
1157 3259 1209 3302 de
1236 3259 1495 3301 mulieribus
1521 3257 1681 3314 agitur,
1706 3256 1924 3299 continui-

101 3329 196 3358 mus
218 3331 297 3359 nos
319 3317 375 3359 ab
401 3316 495 3359 heri
525 3322 569 3360 et
593 3318 933 3373 nudiustertius,
957 3318 1133 3374 quando
1159 3318 1516 3374 egrediebamur,
1548 3322 1591 3360 et
1615 3317 1796 3358 fuerunt
1818 3329 1925 3357 vasa

102 3388 332 3430 puerorum
355 3382 522 3419 sancta.
548 3377 681 3420 Porro
704 3377 776 3420 via
801 3378 899 3419 haec
922 3377 1091 3434 polluta
1119 3382 1204 3433 est,
1233 3377 1309 3420 sed
1336 3382 1378 3420 et
1399 3377 1495 3433 ipsa
1522 3375 1651 3419 hodie
1673 3373 1923 3417 sanctifica-

101 3432 219 3475 bitur
257 3434 303 3477 in
337 3435 466 3478 vasis.
511 3435 528 3462 3
557 3436 692 3479 Dedit
730 3451 833 3492 ergo
874 3436 913 3478 ei
950 3436 1154 3480 sacerdos
1190 3436 1519 3479 sanctificatum
1555 3448 1744 3491 panem3
1784 3446 1924 3488 neque

103 3491 219 3534 enim
245 3499 338 3536 erat
362 3494 424 3536 ibi
446 3496 573 3552 panis
602 3495 687 3538 nisi
712 3501 887 3538 tantum
910 3509 1046 3551 panes
1075 3495 1384 3552 propositionis
1411 3494 1482 3550 qui
1506 3492 1669 3536 sublati
1694 3492 1875 3534 fuerant
1899 3505 1925 3534 a

102 3549 220 3593 facie
247 3553 425 3595 Domini
452 3559 499 3596 ut
528 3561 794 3611 ponerentur
815 3568 950 3611 panes
977 3553 1122 3597 calidi.
1151 3555 1165 3581 7
1186 3555 1293 3597 Erat
1318 3558 1467 3596 autem
1489 3552 1550 3594 ibi
1576 3551 1643 3593 vir
1664 3550 1846 3607 quidam
1871 3550 1925 3594 de

105 3681 132 3714 e]
151 3681 272 3709 Matth.
290 3682 370 3717 xn,
387 3686 443 3711 3-4.

2029 2737 2133 2766 David
2160 2737 2194 2767 in

2062 2782 2089 2810 N
2091 2783 2164 2811 obe.
