2423 3861
415 112 498 154 914
997 112 1175 152 THREN.
1212 110 1292 165 IV,
1331 111 1383 153 19
1415 135 1475 142 —
1508 112 1560 166 V,
1598 114 1668 154 18.

765 282 866 335 quia
892 282 1015 323 venit
1040 281 1138 322 finis
1164 285 1323 323 noster.

412 341 552 384 COPH.
651 340 683 365 ¹9
705 339 958 382 Velociores
982 339 1166 382 fuerunt
1191 345 1491 395 persecutores
1515 338 1653 381 nostri

764 397 924 453 aquilis
951 398 1050 440 caeli
1071 415 1079 452 3

705 471 835 513 super
855 461 1025 500 montes
1048 457 1267 514 persecuti
1292 462 1395 500 sunt
1414 472 1516 512 nOS,

764 516 811 558 in
834 515 1006 559 deserto
1027 515 1227 558 insidiati
1249 521 1352 559 sunt
1373 517 1514 560 nobis.

410 576 511 620 RES.
645 573 682 601 ²⁰
704 575 890 631 Spiritus
917 575 1002 618 oris
1028 575 1187 631 nostri,
1226 575 1416 618 christus
1454 573 1683 631 dominus,

764 639 919 690 captus
941 639 1007 677 est
1028 634 1073 676 in
1094 635 1290 690 peccatis
1311 634 1495 689 nostris,

705 694 776 736 cui
799 693 1017 736 diximus:
1047 694 1102 735 In
1128 694 1284 736 umbra
1309 698 1386 736 tua

763 753 964 795 vivemus
988 753 1036 795 in
1061 753 1282 808 gentibus.

117 839 317 874 imprecatio
404 815 497 858 SIN.
550 864 552 866 r
645 811 677 838 ‘²¹
702 812 859 856 Gaude
882 817 925 855 et
950 813 1122 867 laetare,
1149 812 1241 854 filia
1264 812 1428 866 Edom,

98 884 336 931 ..afutrassdmm
763 886 861 927 quae
888 871 1065 914 habitas
1091 871 1136 913 in
1157 876 1273 914 terra
1300 872 1427 914 Hus!

123 928 311 1000 ‘ggssgilggffl
702 931 759 973 ad
782 936 826 974 te
849 945 1021 986 quoque
1043 930 1271 987 perveniet
1297 930 1433 985 caliX,
1456 930 1767 987 inebriaberis,

201 989 205 999 '
283 990 292 999 '
760 995 893 1045 atque
916 989 1166 1033 nudaberis.

402 1051 552 1094 THAU.
641 1048 678 1075 ²⁶²
700 1049 932 1106 Completa
959 1054 1025 1092 est
1048 1049 1260 1105 iniquitas
1287 1055 1385 1105 tua,
1411 1049 1503 1092 filia
1530 1049 1654 1105 Sion,

761 1123 849 1151 non
875 1108 1011 1151 addet
1036 1109 1153 1150 ultra
1179 1113 1228 1151 ut
1248 1108 1537 1164 transmigret
1558 1114 1616 1151 te.

701 1168 915 1211 Visitavit
940 1167 1224 1223 iniquitatem
1248 1172 1392 1224 tuam,
1420 1168 1512 1210 filia
1535 1167 1679 1210 Edoni
1700 1185 1709 1223 3

762 1227 1057 1283 discooperuit
1081 1232 1268 1283 peccata
1293 1232 1384 1270 tua.

661 1350 840 1391 ELEGIA
866 1348 920 1390 V.
954 1375 1013 1379 —
1045 1348 1243 1404 Supplex
1275 1348 1513 1392 obsecratio
1546 1349 1592 1390 in
1621 1349 1821 1404 qratiam
1850 1348 1993 1393 Juda.

145 1488 289 1517 Titulus.
525 1464 675 1508 Orat-io
701 1463 911 1507 Jeremiae
939 1464 1182 1520 prophetae.

124 1550 314 1584 Exponam
467 1523 572 1567 CAP.
598 1523 653 1568 V.
682 1550 739 1555 —-—
764 1523 777 1549 1
804 1524 1072 1578 Recordare,
1102 1524 1313 1578 Domine,
1339 1523 1443 1578 quid
1466 1522 1679 1566 acciderit
1708 1520 1863 1577 nobis;

117 1595 229 1624 mstis
246 1601 322 1622 eon·
703 1583 874 1626 intuere
901 1589 943 1625 et
967 1582 1138 1638 respice
1160 1582 1445 1639 opprobrium
1470 1586 1683 1624 nostrum.

107 1644 123 1668 ι]
132 1640 193 1668 itio
212 1637 328 1672 populi

182 1681 254 1712 Dei.
606 1641 623 1667 2
645 1642 883 1686 Hereditas
908 1647 1058 1684 nostra
1084 1656 1210 1684 versa
1235 1646 1302 1684 est
1323 1641 1379 1683 ad
1405 1641 1594 1696 alienos,

706 1702 861 1745 domus
886 1707 1048 1744 nostrae
1070 1701 1127 1744 ad
1157 1707 1404 1744 extraneos.

606 1762 624 1786 ³
644 1761 810 1818 Pupilli
835 1761 948 1804 facti
975 1775 1126 1803 sumus
1150 1761 1317 1816 absque
1342 1766 1488 1816 patre,

710 1826 870 1864 matres
894 1825 1056 1863 nostrae
1081 1820 1204 1875 quasi
1228 1819 1390 1864 viduae.

609 1880 626 1907 4
648 1883 824 1936 Aquam
850 1884 1046 1922 nostram
1071 1879 1261 1936 pecunia
1286 1878 1504 1932 bibimus,

707 1939 830 1995 ligna
855 1944 1004 1982 nostra
1026 1939 1165 1996 pretio
1196 1937 1564 1994 comparavimus.

609 2001 626 2026 5
647 1999 904 2042 Cervicibus
930 1998 1091 2041 nostris
1121 1997 1416 2052 minabamur,

709 2058 836 2100 lassis
861 2072 949 2100 non
976 2057 1166 2099 dabatur
1190 2056 1377 2112 requies.

608 2119 625 2145 6
646 2119 846 2173 AEgypto
873 2117 1075 2160 dedimus
1102 2130 1285 2158 manum
1311 2120 1355 2158 et
1380 2116 1592 2172 Assyriis,

709 2183 756 2220 ut
777 2181 1076 2219 saturaremur
1098 2190 1225 2232 pane.

610 2237 624 2264 7
648 2238 802 2280 Patres
824 2235 962 2278 nostri
984 2240 1301 2292 peccaverunt,
1329 2239 1373 2278 et
1398 2249 1485 2278 non
1516 2240 1642 2289 sunt;

709 2302 752 2339 et
775 2310 853 2339 nos
878 2295 1135 2351 iniquitates
1161 2308 1311 2338 eorum
1337 2294 1625 2350 portavimus.

611 2358 628 2385 8
650 2355 770 2400 Servi
797 2354 1014 2398 dominati
1041 2359 1145 2397 sunt
1173 2353 1337 2408 nostri3

711 2430 799 2458 non
824 2414 913 2457 fuit
934 2414 1008 2470 qui
1030 2414 1267 2457 redimeret
1293 2413 1346 2456 de
1368 2428 1503 2456 manu
1530 2427 1693 2457 eorum.

611 2475 628 2501 ⁰
650 2477 704 2518 In
725 2474 959 2518 animabus
984 2473 1145 2516 nostris
1171 2473 1469 2517 afferebamus
1499 2487 1660 2529 panem
1687 2472 1834 2530 nobis,

711 2550 737 2577 a
761 2534 881 2577 facie
906 2533 1048 2589 gladii
1089 2533 1136 2575 in
1159 2533 1346 2576 deserto.

595 2594 630 2621 ¹0
652 2594 784 2638 Pellis
811 2597 960 2636 nostra
986 2592 1109 2648 quasi
1137 2592 1337 2635 clibanus
1359 2596 1517 2635 exusta
1542 2596 1626 2648 est,

711 2670 735 2696 a
761 2653 881 2696 facie
902 2656 1222 2708 tempestatum
1246 2651 1397 2694 famis.

597 2714 626 2739 ¹¹
653 2714 860 2755 Mulieres
882 2712 927 2754 in
950 2712 1053 2755 Sion
1082 2711 1451 2766 humiliaverunt,

713 2778 756 2816 et
780 2771 975 2828 virgines
999 2771 1047 2813 in
1073 2771 1331 2814 civitatibus
1358 2771 1386 2813 J
1391 2770 1491 2814 uda

597 2832 632 2859 ¹2
654 2832 882 2888 Principes
905 2846 1038 2873 manu
1065 2830 1266 2887 suspensi
1291 2834 1420 2884 sunt3

713 2891 854 2934 facies
879 2905 1033 2934 senum
1058 2904 1146 2942 11011
1169 2890 1450 2934 erubuerunt.

600 2952 633 2978 ¹3
655 2949 1026 2994 Adulescentibus
1047 2949 1272 3006 impudice
1297 2948 1425 2991 abusi
1446 2952 1570 3006 sunt,

714 3018 757 3053 et
778 3009 900 3066 pueri
921 3009 968 3051 in
989 3009 1111 3065 ligno
1137 3012 1406 3052 corruerunt.

600 3070 635 3096 ¹4
657 3072 792 3113 Senes
818 3069 1078 3112 defecelunt
1100 3069 1154 3112 de
1178 3068 1335 3125 portis,

718 3129 795 3184 juv
800 3142 901 3171 enes
925 3128 979 3171 de
1005 3128 1136 3171 ch010
1160 3127 1462 3185 psallentium.

602 3188 637 3214 15
660 3187 837 3230 Defecit
863 3186 1075 3242 gaudium
1098 3187 1241 3230 cordis
1267 3186 1426 3242 nostri,

719 3262 744 3287 x
749 3260 867 3289 ersus
889 3252 956 3288 est
979 3246 1025 3288 in
1047 3247 1218 3289 luctum
1241 3247 1398 3289 chorus
1423 3249 1581 3287 noster.

602 3306 638 3333 ¹⁶
659 3305 829 3350 Cecidit
856 3318 1015 3348 corona
1037 3306 1196 3362 capitis
1219 3305 1381 3359 nostri;

719 3380 785 3407 vae
810 3363 958 3419 nobis,
984 3365 1085 3420 quia
1113 3364 1424 3421 peccavimus!

604 3425 635 3451 ¹⁷
659 3426 896 3480 Propterea
921 3429 1129 3466 moestum
1154 3424 1328 3467 factum
1354 3427 1418 3466 est
1441 3436 1514 3466 cor
1538 3426 1762 3478 nostrum3

717 3484 817 3526 ideo
844 3482 1147 3526 contenebrati
1169 3488 1271 3525 sunt
1293 3481 1408 3526 oculi
1431 3481 1588 3535 nostri,

604 3543 637 3570 13
659 3548 835 3600 propter
860 3546 1056 3585 montem
1083 3541 1185 3584 Sion
1212 3541 1315 3597 quia
1336 3539 1555 3598 disperiit,

722 3601 875 3659 vulpes
897 3600 1237 3643 ambulaverunt
1260 3600 1307 3643 111
1333 3614 1394 3644 eo.
