2456 3861
513 745 999 851 LIBER
1098 743 1597 855 JOSUE

685 956 1054 1000 HEBRAICE
1098 957 1424 1000 JEHOSUA

884 1131 1114 1154 ——s—xq

788 1313 994 1369 PARS
1049 1315 1312 1370 PRIOR

326 1460 535 1499 TERRAE
575 1459 882 1499 PROMISSAE
923 1460 1293 1500 EXPUGNATIO
1338 1463 1406 1500 ET
1449 1462 1768 1504 OCCUPATIO

459 1600 622 1643 SECTIO
657 1600 693 1643 I.
723 1626 781 1631 —-
813 1600 1037 1642 PARATUR
1070 1612 1291 1643 IRRUPTIO
1328 1613 1374 1643 IN
1410 1601 1637 1645 CHANAAN

464 1728 488 1786 ξ
523 1728 560 1771 Ι.
594 1754 652 1760 ——
683 1728 754 1772 De
777 1743 989 1784 prospero
1022 1743 1168 1772 rerum
1201 1735 1350 1773 eventu
1383 1731 1636 1777 consulitur.

279 1865 415 1909 Q
447 1893 475 1923 T
501 1880 676 1923 factum
709 1886 775 1924 est
807 1885 907 1938 post
939 1886 1126 1925 mortem
1155 1882 1319 1939 Moysi,
1355 1883 1469 1926 servi
1505 1883 1707 1940 Domini,
1739 1890 1787 1928 ut
1816 1885 1963 1942 loque·

182 1947 186 1962 ¹
231 1944 244 1954 “
275 1953 280 1972 2·
391 1943 424 1997 ‘a
469 1944 589 1983 retur
621 1940 838 1983 Dominus
864 1940 920 1983 ad
943 1942 1100 1997 Josue,
1131 1941 1273 1984 filium
1300 1943 1423 1999 Nun,
1450 1942 1703 1986 ministrum
1732 1945 1896 2001 Moysi,
1922 1951 1963 1992 et

365 1999 414 2043 »ἶὶ
470 1999 637 2042 diceret
666 1999 706 2043 ei
736 2016 744 2043 :
782 1999 800 2025 2
823 2001 998 2056 Moyses
1031 2015 1182 2044 servus
1225 2016 1347 2045 meus
1385 2007 1582 2045 mortuus
1615 2008 1705 2057 est3
1737 2018 1888 2060 surge,
1921 2012 1963 2048 et

412 2056 415 2059 ’
469 2058 607 2101 transi
635 2059 662 2102 J
668 2059 878 2102 ordanem
902 2059 1039 2103 istum
1068 2065 1136 2116 tu,
1162 2066 1206 2103 et
1228 2061 1369 2104 omnis
1395 2062 1582 2118 populus
1608 2067 1776 2118 tecum,
1802 2063 1848 2105 in
1878 2070 1961 2107 ter-

142 2157 151 2162 .
307 2157 310 2160 Α
413 2148 426 2163 „1
469 2132 584 2173 ram,
619 2132 753 2174 quam
787 2133 868 2175 ego
901 2118 1018 2162 dabo
1051 2119 1153 2162 filiis
1183 2120 1336 2164 Israel.
1371 2121 1389 2148 3
1412 2121 1600 2165 Omnem
1630 2121 1799 2177 locum,
1831 2137 1961 2179 quein

126 2179 366 2222 calcaverit
386 2178 630 2234 vestigium
650 2178 775 2234 pedis
798 2178 954 2233 vestri,
978 2179 1104 2222 vobis
1130 2180 1325 2236 tradam,
1354 2180 1470 2223 sicut
1491 2180 1663 2224 locutus
1685 2196 1782 2224 sum
1803 2183 1959 2239 Moysi.

125 2237 195 2280 ⁴A
218 2237 390 2281 deserto
416 2243 460 2280 et
483 2237 656 2280 Libano
685 2251 821 2293 usque
848 2237 904 2280 ad
926 2237 1112 2282 fluvium
1135 2254 1350 2296 magnum
1374 2240 1652 2296 Euphraten,
1681 2241 1823 2284 omnis
1845 2248 1960 2285 terra

125 2297 418 2340 Hethaeorum
440 2311 576 2352 usque
602 2296 658 2339 ad
690 2311 811 2340 mare
841 2311 1055 2353 magnum
1087 2303 1240 2341 contra
1269 2299 1373 2342 solis
1401 2313 1606 2342 occasum
1635 2300 1717 2343 erit
1746 2301 1960 2344 terminus

124 2361 281 2400 vester.
305 2357 322 2383 5
340 2356 501 2399 Nullus
525 2356 690 2413 poterit
715 2355 841 2399 vobis
867 2357 1069 2400 resistere
1092 2358 1263 2401 cunctis
1292 2359 1448 2402 diebus
1473 2360 1580 2402 vitae
1602 2365 1717 2414 tuae3
1749 2360 1863 2403 sicut
1892 2361 1959 2403 fui

124 2430 224 2458 cum
252 2416 425 2473 Moyse,
452 2416 516 2459 ita
539 2429 610 2458 ero
636 2420 809 2471 tecum3
834 2429 922 2458 non
949 2416 1197 2473 dimittam,
1221 2432 1302 2461 nec
1332 2419 1636 2475 derelinquam
1658 2425 1715 2463 te.
1739 2419 1756 2446 ⁶
1774 2420 1958 2463 Consor-

123 2480 237 2531 tare,
260 2480 305 2518 et
327 2481 420 2519 esto
444 2475 671 2529 robustus3
697 2480 744 2517 tu
768 2476 886 2519 enim
913 2481 1028 2519 sorte
1052 2476 1224 2520 divides
1247 2478 1408 2534 populo
1434 2478 1536 2520 huic
1560 2484 1743 2533 terram,
1771 2493 1848 2534 pro
1874 2493 1959 2534 qua

121 2534 269 2591 juravi
299 2534 498 2591 patribus
531 2535 639 2590 suis,
676 2540 725 2577 ut
755 2535 977 2578 traderem
1011 2550 1109 2579 eam
1141 2536 1244 2580 illis.
1280 2536 1294 2562 7
1318 2537 1579 2580 Confortare
1613 2538 1761 2593 igitur,
1797 2543 1840 2580 et
1867 2545 1959 2580 esto

122 2594 325 2637 robustus
351 2594 503 2650 valde,
527 2599 575 2636 ut
598 2594 840 2650 custodias,
874 2599 916 2637 et
941 2594 1084 2637 facias
1112 2610 1287 2639 omnem
1313 2596 1459 2653 legem
1486 2611 1618 2652 quam
1640 2597 1853 2653 praecepit
1874 2597 1956 2640 tibi

122 2653 297 2710 Moyses
319 2668 470 2697 servus
494 2668 642 2709 meus;
667 2668 722 2697 ne
750 2653 944 2697 declines
966 2654 1022 2696 ab
1054 2669 1106 2697 ea
1127 2655 1183 2697 ad
1211 2655 1440 2698 dexteram
1466 2656 1537 2699 vel
1558 2656 1615 2698 ad
1637 2656 1882 2711 sinistram,
1911 2662 1958 2699 ut

121 2712 350 2770 intelligas
372 2718 533 2757 cuncta
554 2728 654 2770 quae
676 2713 786 2769 agis.
807 2713 823 2739 8
843 2714 942 2756 Non
968 2714 1146 2757 recedat
1164 2714 1370 2758 volumen
1393 2715 1505 2772 legis
1525 2715 1660 2771 hujus
1681 2716 1737 2758 ab
1761 2729 1832 2758 ore
1854 2721 1954 2770 tuo,

121 2772 199 2815 sed
225 2772 510 2816 meditaberis
541 2772 588 2815 in
622 2787 672 2816 eo
698 2772 853 2816 diebus
882 2786 933 2815 ac
966 2773 1189 2829 noctibus,
1217 2779 1266 2817 ut
1299 2775 1523 2818 custodias
1553 2780 1597 2817 et
1630 2774 1774 2818 facias
1809 2776 1955 2818 onmia

121 2845 220 2887 quae
242 2831 407 2888 scripta
432 2836 534 2875 sunt
555 2832 602 2874 in
624 2846 687 2876 eo.
715 2832 840 2875 Tunc
867 2831 1031 2887 diriges
1053 2832 1172 2875 viam
1190 2839 1334 2889 tuam,
1359 2839 1402 2877 et
1423 2834 1648 2890 intelliges
1667 2848 1778 2877 eam.
1804 2834 1821 2860 9
1840 2835 1955 2877 Ecce

122 2891 332 2947 praecipio
357 2891 460 2947 tibi,
488 2891 761 2947 confortare,
791 2896 834 2934 et
856 2896 948 2934 esto
974 2891 1189 2936 robustus.
1215 2893 1317 2936 Noli
1344 2898 1559 2950 metuere,
1584 2898 1627 2936 et
1652 2894 1742 2937 noli
1772 2893 1951 2938 timere:

122 2950 331 3005 quoniam
360 2955 509 2994 tecum
535 2955 601 2993 est
628 2950 844 2994 Dominus
872 2951 991 2993 Deus
1020 2956 1120 2993 tuus
1145 2952 1191 2994 in
1221 2952 1426 2996 omnibus
1458 2953 1514 2996 ad
1545 2967 1833 3009 quaecumque
1859 2968 1953 3009 per-

121 3022 299 3052 rexeris.

182 3068 217 3095 ¹0
234 3069 541 3126 Praecepitque
568 3072 703 3114 Josue
724 3070 999 3128 principibus
1029 3071 1204 3129 populi,
1225 3072 1404 3116 dicens:
1430 3072 1635 3116 Transite
1661 3086 1739 3129 per
1757 3071 1951 3114 medium

122 3133 383 3184 castrorum,
403 3134 448 3172 et
467 3129 684 3186 imperate
706 3130 888 3187 populo,
909 3144 960 3173 ao
980 3131 1114 3174 dicite
1132 3149 1140 3175 :
1161 3131 1192 3157 ¹¹
1211 3132 1466 3188 Praeparate
1485 3131 1611 3175 vobis
1630 3132 1796 3174 cibaria
1815 3148 1822 3175 :
1849 3145 1950 3186 quo—

119 3189 239 3231 niam
262 3196 362 3246 post
384 3190 501 3233 diem
521 3191 700 3234 tertium
719 3192 965 3235 transibitis
985 3192 1242 3248 Jordanem,
1259 3197 1302 3236 et
1318 3191 1543 3236 intrabitis
1562 3191 1618 3234 ad
1642 3190 1953 3248 possidendam

119 3254 284 3290 terram
306 3263 438 3305 quam
466 3250 684 3293 Dominus
709 3252 826 3294 Deus
849 3256 994 3295 vester
1020 3252 1203 3295 daturus
1224 3256 1291 3295 est
1316 3252 1456 3296 vobis.

184 3311 219 3338 ¹²
237 3312 471 3356 Rubenitis
502 3327 672 3369 quoque
699 3318 742 3355 et
768 3312 964 3368 Gaditis,
991 3318 1036 3355 et
1065 3312 1264 3356 dimidiae
1290 3312 1425 3355 tribui
1461 3313 1664 3355 Manasse
1691 3311 1752 3352 ait
1776 3326 1783 3352 :
1808 3309 1843 3335 ¹3
1860 3309 1951 3351 Me-

125 3376 318 3415 mentote
340 3372 567 3427 sermonis,
587 3386 717 3428 quem
740 3371 954 3429 praecepit
971 3371 1097 3415 vobis
1119 3373 1314 3428 Moyses,
1337 3371 1535 3414 famulus
1559 3369 1751 3417 Domini,
1772 3368 1923 3410 dicens
1941 3384 1949 3410 ε

125 3430 341 3474 Dominus
373 3431 492 3474 Deus
523 3435 666 3474 vester
695 3430 818 3474 dedit
847 3430 972 3473 vobis
1000 3431 1215 3487 requiem,
1247 3436 1292 3474 et
1321 3445 1497 3473 omnem
1526 3434 1700 3471 terrain.
1727 3427 1760 3453 ¹4
1781 3428 1950 3487 Uxores

123 3495 302 3545 vestrae,
331 3495 374 3533 et
395 3490 495 3546 filii,
515 3504 566 3533 ac
591 3490 794 3546 jumenta
812 3489 1056 3533 manebunt
1073 3490 1120 3532 in
1138 3495 1254 3533 terra
1272 3504 1404 3545 quam
1423 3487 1607 3531 tradidit
1627 3486 1750 3529 vobis
1776 3486 1950 3542 Moyses

126 3645 155 3678 3]
179 3645 275 3673 Dcut.
302 3646 369 3678 XI.
390 3649 434 3675 24.
451 3662 488 3666 —
511 3648 540 3681 5]
568 3646 633 3674 Ins.
656 3646 729 3681 III,
751 3648 775 3674 7.
805 3646 907 3674 Hebr.
933 3646 1042 3681 XIII,
1062 3649 1088 3674 5.
1113 3659 1148 3664 —·
1172 3646 1200 3678 6]
1226 3646 1323 3673 Dent.
1349 3644 1486 3678 XXXI,
1507 3645 1581 3679 7,23.
1605 3642 1659 3670 ΙΙΙ
1686 3643 1766 3675 Reg.
1791 3643 1838 3677 II,
1869 3645 1893 3670 2.
1915 3657 1949 3662 -

128 3688 173 3721 14]
193 3688 288 3716 Num.
306 3689 453 3725 XXXII,
467 3693 512 3719 26.

2098 1903 2117 1931 J
2122 1910 2203 1931 osue

2044 1947 2258 1975 confortatur

2056 1997 2073 2018 a
2092 1990 2242 2019 Domino.

2020 3077 2120 3105 Primi
2153 3078 2257 3106 Josue

2042 3125 2231 3153 apparatus.
