2423 3861
415 134 500 176 644
979 135 1051 177 Ps.
1087 135 1258 189 CXIX,
1293 136 1318 177 ε)
1352 112 1411 166 ‘-
1443 136 1614 190 cxxr,
1647 137 1688 179 8.

611 303 627 329 *2
646 305 857 359 Domine,
884 305 1021 348 libera
1051 305 1248 347 animam
1274 319 1419 348 meam
1445 320 1470 347 a
1497 305 1627 347 labiis
1653 305 1816 360 iniquis

709 370 751 407 et
772 379 797 406 a
822 364 976 419 lingua
999 364 1164 407 dolosa.

126 437 331 466 Retrimxtio-
611 422 627 449 3
644 422 757 473 Quid
784 423 912 466 detur
937 423 1040 478 tibi,
1067 428 1145 465 aut
1170 424 1274 479 quid
1299 428 1549 481 apponatur
1574 423 1655 465 tibi

150 481 303 554 ”Ecffgff
705 482 762 524 ad
785 482 986 538 linguam
1013 483 1245 527 dolosam?

609 541 626 567 4
645 541 830 597 Sagittae
855 542 1049 598 potentis
1074 548 1239 599 aeutae,

710 615 809 643 cum
834 601 1100 644 carbonibus
1125 602 1416 645 desolatoriis.

151 674 299 709 Querela.
609 659 625 685 5
644 661 745 702 Heu
772 660 902 716 mihi,
927 660 1029 716 quia
1054 661 1275 704 incolatus
1302 675 1425 704 meus
1448 661 1736 717 prolongatus
1762 661 1846 705 est!

709 719 926 762 Habitavi
950 734 1051 763 cum
1076 720 1384 763 habitantibus
1407 720 1572 774 Cedar,

667 778 684 804 ὅ
703 778 893 821 multum
916 779 1063 822 incola
1088 780 1178 822 fuit
1199 781 1350 822 anima
1373 794 1484 822 mea.

610 837 624 864 7
644 837 753 881 Cum
779 838 847 881 his
870 838 944 894 qui
970 839 1157 882 oderunt
1179 853 1335 895 pacem
1359 854 1478 882 eram
1505 839 1740 896 pacificus,

708 911 808 939 cum
835 897 1046 954 loquebar
1071 898 1180 953 illis,
1208 898 1537 954 impugnabant
1564 913 1633 941 me
1659 898 1809 955 gratis.

1142 1014 1358 1057 PSALMUS
1393 1014 1517 1056 CXX

913 1108 1104 1152 Securus
1125 1115 1187 1152 est
1213 1110 1293 1164 qui
1317 1124 1360 1151 se
1385 1109 1480 1151 Deo
1506 1108 1743 1150 committit.

151 1215 293 1244 Titulus.
467 1203 703 1246 Canticum
730 1203 962 1259 graduum.

103 1294 286 1323 Exordium
308 1301 341 1322 en
605 1282 617 1308 '¹
643 1283 811 1326 Levavi
834 1284 983 1327 oculos
1007 1299 1126 1327 meos
1148 1283 1195 1326 in
1218 1288 1415 1340 montes,

164 1340 287 1368 thema.

704 1343 821 1386 unde
847 1343 995 1386 veniet
1020 1343 1242 1386 auxilium
1268 1342 1391 1387 mihi.

604 1402 622 1428 2
644 1402 878 1445 Auxilium
901 1417 1049 1446 meum
1070 1418 1096 1445 a
1120 1402 1333 1458 Domino,

705 1462 779 1518 qui
805 1462 916 1505 fecit
938 1462 1099 1505 caelum
1122 1468 1164 1506 et
1190 1467 1372 1510 terram.

192 1524 252 1552 Pia
295 1568 300 1572 ¹
603 1515 622 1542 3
644 1522 743 1564 Non
771 1522 845 1564 det
869 1522 914 1564 iu
939 1522 1284 1565 commotionem
1309 1522 1468 1579 pedem
1493 1527 1635 1574 tuum,

121 1569 324 1641 mglfiffissfa
704 1595 845 1636 neque
867 1581 1077 1625 dormitet
1099 1581 1173 1637 qui
1201 1581 1394 1624 custodit
1419 1587 1475 1625 te.

605 1634 622 1661 ‘¹
644 1641 759 1683 Ecce
785 1655 872 1682 non
895 1640 1155 1683 dormitabit
1177 1655 1319 1697 neque
1346 1641 1534 1684 dormiet

703 1699 777 1755 qui
805 1700 997 1742 custodit
1025 1700 1177 1744 Israel,

605 1758 621 1784 5
642 1758 862 1801 Dominus
885 1760 1078 1803 custodit
1104 1764 1167 1816 te,

705 1818 923 1862 Dominus
949 1819 1163 1876 protectio
1191 1825 1267 1862 tua
1290 1834 1419 1877 super
1442 1835 1624 1863 manum
1648 1821 1878 1864 dexteram
1903 1829 2040 1868 tuam.

606 1878 623 1904 ὃ
643 1878 726 1921 Per
752 1878 869 1921 diem
895 1878 960 1921 sol
982 1892 1070 1921 non
1093 1884 1189 1922 uret
1214 1883 1278 1934 te,

704 1952 845 1993 neque
871 1937 976 1980 luna
1003 1952 1078 1995 per
1103 1943 1294 1981 noctem.

605 1996 619 2022 7
643 1996 861 2040 Dominus
884 1997 1078 2040 custodit
1103 2002 1147 2041 te
1171 1997 1229 2040 ab
1257 1998 1375 2041 omni
1402 1999 1545 2054 malo,

704 2056 925 2099 custodiat
951 2056 1149 2100 animam
1175 2063 1299 2100 tuam
1323 2058 1555 2102 Dominus.

606 2115 622 2141 Ε
642 2115 860 2159 Dominus
883 2116 1106 2160 custodiat
1131 2116 1364 2160 introitum
1386 2122 1513 2160 tuum
1551 2123 1593 2161 et
1615 2118 1786 2161 exitum
1813 2124 1956 2176 tuum,

703 2189 755 2218 ex
778 2175 861 2218 hoc
884 2190 1001 2219 nunc
1025 2182 1067 2219 et
1089 2190 1227 2232 usque
1249 2175 1295 2219 111
1321 2177 1548 2220 saeculum.

1126 2293 1341 2336 PSALMus
1375 2293 1524 2336 CXXI

861 2387 1047 2432 Carmen
1064 2389 1449 2444 pereyrimmtium
1474 2389 1520 2432 in
1543 2389 1810 2433 Jerusalem.

147 2492 291 2522 Titulus.
468 2479 478 2506 ¹
502 2480 739 2524 Canticum
764 2481 996 2537 graduum.

126 2570 323 2600 Exordium.
645 2561 844 2604 Laetatus
868 2576 963 2604 sum
989 2562 1035 2605 in
1058 2563 1126 2606 his
1153 2578 1251 2619 quae
1279 2563 1399 2606 dicta
1425 2569 1528 2606 sunt
1555 2563 1662 2605 mihi
1692 2579 1701 2606 :

704 2620 758 2662 In
785 2621 967 2663 domum
991 2622 1172 2665 Domini
1197 2622 1376 2666 ibimus.

609 2674 627 2702 ²
642 2679 819 2723 Stantes
842 2686 967 2723 erant
991 2681 1126 2738 pedes
1147 2682 1286 2725 nostri

705 2740 749 2782 in
774 2740 898 2782 atriis
921 2740 1028 2789 tuis,
1052 2741 1316 2785 Jerusalem.

119 2810 323 2838 Praeconium
605 2797 622 2825 3
643 2799 911 2855 Jerusalem,
935 2814 1032 2855 quae
1061 2800 1306 2844 aedificatur
1327 2807 1377 2844 ut
1400 2802 1581 2857 civitas,

126 2855 315 2925 ffsslssssssstfflss
705 2858 832 2914 cujus
855 2859 1137 2916 participatio
1161 2860 1255 2916 ejus
1276 2861 1323 2903 in
1345 2861 1554 2919 idipsum.

123 2906 158 2926 ω
175 2906 191 2926 ‘³
209 2906 254 2925 '¹²³'
275 2905 322 2927 ur.
607 2917 625 2944 4
646 2917 761 2960 Illuc
788 2918 905 2961 enim
927 2919 1223 2963 ascenderunt
1243 2920 1406 2977 tribus,
1430 2921 1572 2964 tribus
1599 2920 1796 2976 Domini,

706 2978 1011 3020 testimonium
1038 2979 1201 3035 Israel,

705 3037 760 3079 ad
784 3037 1086 3080 confitendum
1108 3039 1277 3081 nomini
1302 3040 1496 3084 Domini.

607 3095 623 3122 5
644 3095 754 3146 Quia
780 3096 872 3138 illic
897 3097 1107 3140 sederunt
1127 3098 1253 3141 sedes
1278 3098 1325 3140 in
1346 3099 1536 3155 judicio,

705 3155 829 3198 sedes
855 3170 985 3212 super
1007 3157 1188 3199 domum
1215 3158 1377 3201 David.

140 3230 225 3256 Vota
248 3236 306 3261 pro
607 3213 623 3242 ‘3
645 3216 815 3271 Rogate
837 3229 935 3270 quae
962 3216 1018 3258 ad
1045 3230 1200 3272 pacem
1225 3223 1327 3260 sunt
1353 3218 1622 3274 Jerusalem,

148 3271 297 3300 cix-itate.
706 3279 749 3318 et
774 3273 1050 3317 abundantia
1077 3275 1366 3331 diligentibus
1394 3282 1449 3320 te.

606 3332 620 3359 7
644 3334 746 3377 Fiat
771 3348 858 3390 pax
879 3333 924 3375 in
951 3334 1113 3377 virtute
1135 3340 1236 3386 tua,

705 3398 748 3437 et
769 3393 1045 3436 abundantia
1067 3393 1112 3435 in
1137 3394 1330 3438 turribus
1356 3396 1456 3439 tuis.

615 3450 830 3509 ⁸P1·0pter
850 3453 1011 3495 fratres
1037 3467 1157 3495 meos
1183 3458 1226 3496 et
1248 3454 1471 3509 proximos
1495 3469 1635 3512 meOS,

706 3512 916 3568 loquebar
937 3525 1092 3569 pacem
1115 3512 1168 3555 de
1190 3518 1245 3555 te.

413 3657 483 3689 120,
504 3656 532 3689 1]
557 3656 590 3683 11
612 3658 682 3685 Par.
704 3657 839 3691 xx‚1.·.
