2456 3861
692 156 818 200 NUM.
853 155 958 212 XX,
997 159 1048 201 17
1081 185 1139 190 —
1170 158 1306 215 XXI,
1343 160 1408 203 16.
1882 162 1966 205 143

135 326 352 371 extremis
383 325 542 368 finibus
573 326 680 380 tuis,
715 326 867 382 positi,
902 325 932 352 ¹⁷
957 327 1236 370 obsecramus
1271 333 1319 369 ut
1351 328 1476 370 nobis
1510 329 1694 372 transire
1728 329 1859 372 liceat
1891 344 1967 386 per

143 393 305 429 terram
331 391 467 427 tuam.
496 386 594 428 Nou
623 385 786 427 ibimus
813 399 888 441 per
912 399 1060 441 agros,
1085 400 1164 429 nec
1190 401 1266 442 per
1286 386 1458 442 vineas,
1486 399 1573 429 non
1602 387 1804 430 bibemus
1829 402 1966 443 aquas

143 445 196 487 de
238 444 380 501 puteis
424 444 530 498 tuis,
568 443 644 486 sed
682 442 935 499 gradiemur
967 443 1040 486 via
1081 445 1279 501 publica,
1318 459 1398 488 1100
1433 445 1490 488 ad
1538 444 1741 488 dextram
1795 461 1872 489 nec
1909 447 1965 489 ad

141 503 365 545 sinistram
396 502 692 555 declinantes,
727 502 866 545 donec
896 509 1170 545 transeamus
1197 504 1407 546 terminos
1438 509 1549 547 tuos.
1576 506 1608 531 ¹⁸
1626 506 1707 548 Cui
1741 505 1966 560 respondit

142 561 284 604 Edom
304 579 312 604 :
335 562 432 604 Non
457 561 663 603 transibis
684 575 760 617 per
778 575 860 614 me,
879 561 1074 616 alioquin
1093 567 1288 603 armatus
1312 577 1538 605 occurram
1561 563 1656 606 tibi.
1680 562 1712 588 ¹¹³
1728 563 1965 605 Dixerunt-

141 634 222 676 que
245 620 324 662 filii
356 620 524 663 Israel:
553 620 635 662 Per
658 619 809 660 tritam
834 619 1087 673 gradiemur
1112 619 1256 674 viam3
1290 626 1332 663 et
1361 621 1396 662 si
1432 621 1671 664 biberimus
1701 636 1836 677 aquas
1867 628 1965 664 tuas

140 693 217 721 nos
243 685 286 722 et
312 692 469 736 pecora
495 683 662 732 nostra,
684 677 889 719 dabimus
911 677 1026 732 quod
1052 677 1221 732 justum
1248 685 1337 732 est,
1358 680 1481 722 nulla
1504 681 1585 723 erit
1609 681 1654 722 in
1681 680 1820 737 pretio
1846 680 1964 723 diffi-

140 738 308 793 cultas3
332 743 506 780 tantum
532 735 742 779 velociter
767 740 1056 778 transeamus.
1080 735 1116 762 ‘2⁰
1134 737 1195 778 At
1227 736 1303 779 ille
1331 739 1559 794 respondit
1582 756 1589 782 ε
1618 740 1715 781 Non
1743 739 1964 782 transibis.

141 797 387 852 Statimque
413 809 612 851 egressus
640 800 705 837 est
727 794 902 849 obvius,
931 808 1031 837 cum
1052 794 1226 837 infinita
1258 796 1562 852 multitudine,
1592 803 1634 840 et
1664 812 1796 840 manu
1827 799 1962 852 forti;

139 855 172 881 “²¹
191 869 274 898 nec
306 854 448 897 voluit
478 853 756 909 acquiescere
788 853 1064 909 deprecanti,
1102 858 1149 895 ut
1182 853 1442 897 concederet
1471 856 1705 898 transitum
1744 870 1820 912 per
1858 856 1964 899 fines

137 928 261 967 suos;
287 913 574 969 quamobrem
599 912 780 954 divertit
801 912 858 954 ab
884 925 934 954 eo
961 912 1112 955 Israel.

196 971 233 998 ⁹²³
249 973 450 1027 Cumque
473 977 616 1014 castra
650 970 891 1013 movissent
925 971 978 1014 de
1008 971 1171 1027 Gades,
1195 976 1411 1014 venerunt
1439 972 1485 1014 in
1518 978 1714 1015 montem
1746 974 1859 1028 Hor,
1891 974 1964 1029 qui

132 1037 203 1075 est
226 1031 271 1074 in
297 1031 459 1073 finibus
482 1037 609 1073 terrae
633 1029 802 1084 Ed0m3
826 1028 952 1072 ρ30111
976 1029 1147 1072 locutus
1174 1035 1239 1073 est
1263 1030 1479 1073 Dominus
1501 1031 1558 1073 ad
1583 1031 1768 1087 Moysen
1787 1049 1795 1075 ε
1814 1032 1851 1058 ‘2²‘
1867 1034 1967 1075 Per-

134 1096 233 1146 gat,
259 1089 424 1145 inquit,
444 1090 593 1131 Aaron
614 1089 671 1131 ad
697 1089 880 1145 populos
906 1102 1032 1143 suos;
1056 1102 1139 1131 non
1166 1089 1284 1132 enim
1308 1089 1495 1132 intrabit
1516 1095 1690 1145 terram,
1712 1105 1843 1146 quam
1863 1091 1964 1134 dedi

136 1149 238 1192 filiis
266 1149 424 1204 Israel,
453 1162 503 1191 eo
530 1148 644 1203 quod
665 1147 919 1190 incredulus
940 1147 1079 1190 fuerit
1106 1148 1167 1191 ori
1194 1161 1312 1203 meo,
1333 1148 1391 1191 ad
1413 1148 1565 1204 Aquas
1587 1149 1964 1193 contradictionis.

132 1207 173 1235 *25
193 1208 319 1252 Tolle
351 1208 500 1250 Aaron
535 1212 578 1250 et
610 1206 752 1249 filium
789 1207 884 1262 ejus
923 1220 1024 1249 cum
1061 1221 1135 1262 eo,
1172 1212 1214 1249 et
1251 1207 1384 1250 duces
1418 1221 1490 1250 eos
1521 1207 1568 1249 in
1602 1213 1799 1251 montem
1836 1210 1962 1263 Hor,

130 1266 172 1294 ⁴²ss
189 1280 379 1323 cumque
399 1266 635 1309 nudaveris
658 1271 828 1322 patrem
849 1271 971 1308 veste
1000 1280 1099 1321 sua,
1125 1265 1283 1309 indues
1313 1280 1364 1309 ea
1390 1266 1653 1309 Eleazarum
1678 1267 1819 1309 filium
1841 1268 1962 1323 03110;

135 1327 285 1370 Aaron
311 1325 563 1381 coll-igetur,
592 1331 635 1368 et
669 1324 879 1367 morietur
910 1324 987 1367 ibi.
1018 1323 1053 1350 2⁷
1080 1325 1207 1368 Fecit
1232 1325 1408 1381 Moyses
1438 1330 1486 1367 ut
1516 1331 1787 1382 praeceperat
1814 1327 1965 1369 Domi-

135 1398 242 1440 nus3
270 1392 314 1428 et
339 1384 634 1428 ascenderunt
659 1384 705 1425 in
733 1388 929 1426 montem
953 1384 1048 1426 Hor
1070 1397 1218 1426 coram
1241 1384 1360 1426 omni
1387 1383 1699 1439 multitudine3
1723 1383 1759 1411 ⁶2⁸
1778 1399 1966 1441 cumque

136 1446 285 1487 Aaron
317 1443 550 1500 spoliasset
575 1443 772 1485 vestibus
805 1442 916 1497 suis,
947 1441 1095 1484 induit
1126 1442 1188 1485 eis
1220 1443 1484 1485 Eleazarum
1515 1443 1657 1485 filium
1692 1444 1801 1499 ejus.
1825 1443 1966 1487 991110

137 1510 308 1547 mortuo
344 1503 390 1544 in
427 1502 589 1544 montis
627 1501 882 1557 supercilio,
919 1500 1149 1543 descendit
1182 1515 1284 1544 cum
1317 1502 1543 1544 Eleazaro.
1571 1501 1607 1528 3⁰
1630 1503 1783 1545 Omnis
1815 1508 1966 1546 autem

137 1561 373 1605 multitudo
407 1561 563 1603 videns
595 1559 853 1603 occubuisse
887 1560 1058 1615 Aaron,
1093 1559 1217 1602 flevit
1250 1574 1380 1617 super
1413 1574 1462 1603 eo
1494 1560 1680 1616 triginta
1707 1561 1861 1604 diebus
1890 1577 1968 1619 per

134 1626 315 1664 cunctas
338 1619 538 1663 familias
564 1634 678 1662 suas.

193 1680 300 1724 CAP.
328 1680 454 1722 XXI.
473 1706 532 1710 ——
557 1678 569 1704 ‘¹
586 1678 711 1729 Quod
734 1693 836 1721 cum
856 1678 1055 1722 audisset
1077 1679 1357 1722 Chananaeus
1378 1692 1456 1721 rex
1474 1678 1617 1733 Arad,
1638 1679 1711 1734 qui
1734 1679 1967 1722 habitabat

129 1740 190 1782 ad
228 1739 478 1794 meridiem,
510 1738 684 1781 venisse
725 1738 898 1781 scili-cet
935 1737 1075 1780 Israel
1111 1751 1189 1794 per
1217 1737 1544 1794 exploratorum
1576 1737 1715 1793 viam,
1749 1739 1967 1794 pugnavit

133 1804 285 1842 contra
310 1798 459 1852 illum,
484 1802 526 1840 et
548 1797 689 1840 victor
713 1797 926 1851 existens,
953 1797 1082 1839 duxit
1107 1810 1162 1839 ex
1184 1810 1234 1839 eo
1264 1796 1477 1853 praedam.
1503 1795 1520 1822 2
1537 1796 1599 1838 At
1625 1797 1764 1840 Israel
1793 1804 1896 1840 voto
1921 1811 1967 1840 se

133 1858 325 1901 Domino
352 1857 555 1912 obligans
580 1856 643 1899 ait
665 1873 674 1900 ε
705 1856 750 1899 Si
773 1855 1008 1899 tradideris
1031 1856 1245 1912 populum
1269 1856 1406 1898 istum
1430 1855 1477 1897 in
1503 1870 1637 1897 manu
1665 1870 1782 1911 mea,
1811 1856 1967 1899 delebo

133 1917 261 1960 urbes
281 1917 390 1972 ejus.
410 1916 427 1942 3
445 1915 776 1971 Exaudivitque
796 1915 1013 1958 Dominus
1032 1928 1182 1971 preces
1201 1915 1362 1970 Israel,
1382 1920 1425 1957 et
1441 1914 1628 1957 tradidit
1646 1915 1964 1971 Chananaeum,

133 1991 263 2032 quem
295 1975 371 2019 ille
404 1975 633 2018 interfecit
662 1974 885 2017 subversis
915 1973 1097 2016 urbibus
1125 1974 1245 2030 ejus,
1271 1978 1314 2016 et
1339 1973 1516 2016 vocavit
1541 1987 1703 2016 nomen
1733 1974 1817 2017 loci
1846 1974 1966 2017 illius

135 2036 323 2090 Horma,
349 2035 395 2078 id
422 2040 507 2090 est,
535 2034 786 2077 anathema.

192 2094 209 2121 4
230 2094 424 2137 Profecti
455 2099 558 2136 sunt
583 2098 733 2136 autem
759 2098 803 2136 et
832 2093 886 2136 de
916 2097 1066 2136 monte
1097 2093 1203 2148 Hor,
1231 2107 1308 2150 per
1328 2092 1450 2135 viam
1476 2106 1574 2147 quae
1601 2092 1724 2135 ducit
1755 2092 1812 2135 ad
1846 2107 1966 2136 mare

125 2154 353 2208 Rubrum,
378 2158 427 2195 ut
453 2152 737 2195 circumirent
757 2157 921 2195 terram
947 2151 1104 2195 Edom.
1129 2153 1186 2194 Et
1210 2152 1376 2195 taedere
1399 2151 1533 2207 coepit
1558 2151 1771 2207 populum
1794 2151 1965 2194 itineris

130 2228 183 2256 ac
209 2212 393 2268 laboris,
413 2213 430 2239 ⁵
448 2212 707 2267 locutusque
730 2216 882 2254 contra
906 2212 1051 2254 Deum
1074 2216 1117 2254 et
1142 2211 1348 2267 Moysen,
1371 2210 1462 2254 ait:
1484 2210 1572 2253 Cur
1594 2209 1786 2253 eduxisti
1808 2225 1886 2253 nos
1912 2211 1966 2254 de

132 2273 352 2329 AEgypto,
378 2277 426 2314 ut
444 2284 713 2314 moreremur
730 2270 777 2312 in
798 2269 1071 2313 solitudine?
1093 2271 1229 2313 Deest
1246 2271 1394 2326 panis,
1413 2284 1502 2313 non
1519 2274 1622 2312 sunt
1639 2283 1767 2324 aquae
1784 2287 1792 2324 3
1815 2270 1966 2312 anima

132 2337 281 2374 nostra
303 2331 397 2387 jam
418 2335 604 2373 nauseat
629 2343 760 2385 super
777 2329 876 2372 cibo
893 2329 979 2372 isto
996 2329 1236 2372 levissimo.
1256 2330 1273 2356 6
1289 2329 1587 2380 Quamobrem
1604 2328 1727 2370 misit
1749 2329 1966 2371 Dominus

131 2391 179 2433 in
203 2389 417 2447 populum
441 2389 606 2445 ignitos
633 2394 878 2445 serpentes,
904 2389 961 2431 ad
987 2402 1173 2444 quorum
1198 2389 1356 2445 plagas
1390 2393 1434 2431 et
1458 2393 1620 2430 mortes
1653 2387 1963 2444 plurimorum,

133 2449 149 2475 7
166 2455 383 2492 venerunt
415 2449 472 2491 ad
501 2448 706 2504 Moysen,
741 2453 873 2503 atque
908 2448 1145 2491 dixerunt:
1174 2447 1486 2502 Peccavimus,
1514 2446 1616 2502 quia
1645 2446 1782 2489 locuti
1814 2461 1965 2489 sumus

126 2514 284 2552 >contra
312 2508 555 2551 Dominum
580 2513 624 2550 et
644 2512 712 2562 te3
742 2521 816 2550 ora
843 2512 892 2549 ut
911 2506 1041 2549 tollat
1061 2521 1088 2549 a
1110 2507 1236 2550 nobis
1263 2511 1500 2562 serpentes.
1528 2505 1769 2561 Onavitque
1789 2506 1966 2562 Moyses

132 2582 209 2625 pro
232 2567 414 2624 populo,
437 2566 454 2593 3
472 2571 516 2610 ct
537 2567 710 2609 locutus
734 2571 800 2609 est
827 2566 1043 2609 Dominus
1069 2566 1126 2608 ad
1154 2579 1255 2608 eum
1276 2583 1288 2609 t
1314 2565 1404 2608 Fac
1430 2570 1679 2621 serpentem
1704 2579 1896 2621 aeneum,
1923 2569 1966 2608 et

132 2640 245 2684 pone
282 2641 383 2669 eum
415 2640 493 2683 pro
527 2625 680 2681 signo,
722 2625 795 2681 qui
833 2639 1063 2682 percussus
1097 2625 1320 2681 aspexerit
1352 2638 1475 2679 eum,
1502 2623 1638 2666 vivet.
1668 2623 1830 2667 ⁹Fecit
1863 2638 1966 2679 ergo

133 2686 308 2742 Moyses
333 2690 583 2742 serpentem
607 2699 800 2740 aeneum,
828 2690 872 2728 et
897 2683 1044 2740 posuit
1073 2698 1175 2727 eum
1205 2697 1282 2740 pro
1308 2683 1460 2739 sign03
1485 2697 1617 2738 quem
1643 2696 1744 2725 cum
1770 2683 1965 2739 percussi

131 2745 400 2802 aspicerent,
427 2745 711 2787 sanabantur.

193 2803 229 2830 1⁰
255 2803 539 2859 Profectique
573 2803 653 2845 filii
684 2803 823 2846 Israel
857 2802 1159 2845 castrametati
1189 2807 1292 2845 sunt
1319 2802 1367 2845 in
1401 2801 1571 2856 Oboth3
1597 2801 1629 2828 ¹¹
1649 2801 1767 2845 unde
1801 2801 1964 2857 egressi

131 2863 266 2906 fixere
288 2863 477 2906 tentoria
502 2862 548 2905 in
567 2863 816 2917 Jeabarim,
841 2862 886 2904 in
908 2861 1147 2904 solitudine
1170 2876 1269 2917 quae
1290 2861 1471 2918 respicit
1492 2861 1625 2904 Moab
1648 2866 1801 2904 contra
1824 2860 1963 2903 orien-

133 2923 269 2965 talem
293 2922 488 2979 plagam.
508 2921 545 2947 12
564 2923 620 2964 Ε1
644 2922 748 2964 inde
767 2926 1016 2976 moventes,
1035 2926 1252 2964 venerunt
1269 2920 1327 2963 ad
1349 2925 1589 2963 torrentem
1607 2920 1758 2975 Zared,
1780 2919 1815 2946 13
1833 2934 1963 2975 quem

132 2981 429 3037 relinquentes
452 2981 754 3024 castrametati
781 2986 883 3023 sunt
905 2985 1057 3023 contra
1083 2981 1257 3035 Arnon,
1281 2994 1379 3035 quae
1406 2985 1472 3022 est
1503 2979 1549 3021 in
1579 2979 1771 3034 deserto,
1799 2985 1842 3022 et
1866 2992 1961 3035 pro-

133 3041 272 3083 minet
296 3041 343 3082 in
366 3040 526 3082 finibus
548 3039 812 3083 Amorrhaei.
833 3039 1060 3095 Siquidem
1078 3040 1231 3081 Arnon
1257 3039 1471 3082 terminus
1494 3044 1560 3081 est
1584 3038 1737 3094 Moab,
1759 3038 1960 3081 dividens

123 3099 354 3142 „Moabitas
380 3105 423 3142 et-
448 3099 744 3142 Amorrhaeos.

194 3156 229 3183 Ἠ
250 3157 378 3202 Unde
401 3157 562 3202 dicitur
585 3158 632 3201 in
658 3158 770 3201 libro
795 3157 1012 3201 bellorum
1038 3157 1220 3200 Domini
1242 3175 1250 3202 ε

719 3217 840 3261 Sicut
865 3217 976 3260 fecit
996 3216 1042 3259 in
1069 3217 1179 3259 mari
1207 3217 1375 3273 Rubro,

658 3277 721 3320 sic
746 3276 886 3319 faciet
909 3275 956 3318 in
982 3276 1248 3319 torrentibus
1274 3277 1440 3319 Arnon.

300 3335 336 3362 15
353 3336 532 3393 Scopuli
558 3335 820 3379 torrentium
843 3335 1047 3378 inclinati
1078 3340 1199 3390 sunt,
1227 3340 1276 3378 ut
1299 3335 1622 3390 requiescerent
1646 3334 1691 3376 in
1715 3334 1788 3387 Ar,

571 3400 615 3438 et
634 3394 942 3438 recumberent
962 3394 1009 3436 in
1034 3394 1195 3437 finibus
1221 3394 1533 3437 Moabitarum.

195 3454 230 3481 Μ
258 3454 328 3497 Ex
363 3467 415 3498 00
450 3454 546 3498 1000
582 3453 788 3510 apparuit
824 3458 1001 3510 puteus,
1040 3467 1170 3510 super
1210 3467 1294 3509 quo
1331 3453 1503 3496 locutus
1540 3456 1606 3494 est
1647 3449 1863 3493 Dominus
1902 3449 1960 3492 ad

132 3611 185 3643 2¹5]
202 3611 268 3638 Ins.
287 3610 509 3644 mimas.
531 3612 630 3639 Dent.
649 3610 794 3645 XXXII,
811 3612 856 3637 50.
870 3623 905 3628 —
920 3610 948 3642 6]
967 3609 1100 3643 Judith,
1118 3610 1215 3644 VIII,
1229 3612 1273 3637 25.
1295 3609 1368 3641 sap.
1387 3608 1477 3642 XVI,
1494 3610 1521 3635 5.
1540 3607 1555 3634 Ι
1573 3606 1644 3634 Cor.
1662 3606 1703 3641 X,
1719 3608 1745 3634 9.
1759 3620 1796 3625 -—-
1815 3606 1844 3639 9]
1863 3606 1959 3636 Joan.

133 3654 203 3688 III,
226 3655 268 3681 14.
286 3667 321 3672 —
339 3655 386 3688 13]
404 3653 482 3682 dud.
504 3654 573 3688 XI,
592 3656 636 3682 18.

2101 989 2210 1015 Aaron

2051 1031 2197 1059 moritur
2221 1031 2255 1059 in

2044 1079 2158 1103 moute
2188 1076 2267 1104 Hor.

2105 1685 2208 1713 Israel

2033 1728 2221 1762 triumphat.
2235 1730 2275 1758 de

2051 1780 2130 1806 rege
2159 1774 2256 1803 Arad.

2066 2103 2245 2135 Serpentes

2103 2146 2205 2180 igniti

2057 2194 2093 2219 et
2114 2199 2249 2224 serpens

2096 2241 2218 2264 aeneus.

2050 2809 2121 2836 Iter
2146 2815 2252 2842 usque

2044 2852 2084 2880 ad
2102 2852 2264 2881 verticem

2073 2896 2218 2930 Phasga.

2071 3167 2224 3199 Hymnus

2037 3209 2262 3242 triumphaliS.
