2423 3861
454 87 541 131 560
1055 87 1128 130 Ps.
1162 87 1269 142 ΧΧ,
1305 88 1330 130 7
1362 113 1421 118 -
1452 87 1586 141 xxi,
1625 87 1690 130 16.

652 257 667 285 7
687 258 906 309 Quoniam
929 257 1057 300 dabis
1083 272 1184 300 eum
1208 258 1255 299 in
1280 256 1642 300 benedict-ionem
1668 256 1714 298 in
1739 255 1956 299 saeculum
1979 255 2165 312 saeculi3

752 316 1004 359 laetificabis
1027 331 1128 359 eum
1151 317 1198 358 in
1224 316 1387 372 gaudio
1415 330 1516 358 cum
1543 315 1670 358 vultu
1695 320 1786 358 tuo.

653 376 670 404 8
688 376 908 427 Quoniam
933 390 1010 418 rex
1036 381 1182 431 sperat
1206 375 1253 417 in
1282 375 1500 428 Domino3
1562 418 1564 421 ,

755 440 798 479 et
823 435 868 477 in
894 435 1198 478 misericordia
1224 434 1447 477 Altissimi
1475 448 1562 477 non
1589 433 1955 478 commovebitur.
1979 435 1984 440 ‘

196 507 283 533 Vota
301 505 342 533 ad
387 547 392 554 .
654 494 672 521 9
689 495 953 537 Inveniatur
978 509 1135 537 manus
1161 499 1238 537 tua
1263 494 1468 538 omnibus
1494 493 1689 536 inimicis
1710 493 1800 537 tuis
1821 511 1831 548 3

172 549 389 621 fgffi'fflit‘ffie
753 554 935 597 dextera
961 559 1038 596 tua
1063 553 1265 597 inveniat
1290 567 1442 597 omnes
1468 552 1541 608 qui
1567 558 1612 595 te
1638 553 1838 596 oderunt.

159 599 351 666 Ivilcmriae·
635 612 671 639 ¹⁰
689 614 830 656 Pones
856 627 928 656 eos
954 619 1003 655 ut
1029 613 1256 656 clibanum
1282 612 1398 669 ignis
1423 612 1469 654 in
1495 617 1693 668 tempore
1719 612 1869 655 vultus
1894 611 1984 669 tui3

753 673 970 715 Dominus
994 673 1042 715 in
1066 672 1131 715 ira
1157 687 1235 716 sua
1262 671 1546 715 conturbabit
1572 685 1667 726 eos,

745 737 797 775 *et-
822 732 1053 775 devorabit
1078 746 1150 775 eos
1175 732 1306 788 ignis.

635 789 669 817 ¹¹
690 791 904 834 Fructum
930 805 1081 834 eorum
1107 791 1161 834 de
1187 797 1302 834 terra
1328 791 1506 848 perdes,

753 856 797 894 et
818 865 969 894 semen
995 865 1145 894 eorum
1171 865 1197 892 a
1221 850 1324 893 filiis
1347 850 1599 907 hominum,

633 907 670 935 ¹2
688 910 898 966 quoniam
924 910 1262 953 declinaverunt
1282 910 1331 952 in
1355 914 1400 953 te
1424 910 1542 952 mala
1562 927 1571 964 3

753 970 1063 1025 cogitaverunt
1091 969 1276 1012 consilia
1303 984 1402 1024 quae
1427 983 1516 1011 non
1540 974 1781 1025 potuerunt
1805 968 2018 1013 stabilire.

634 1027 670 1055 ¹3
687 1029 906 1080 Quoniam
930 1043 1067 1085 pones
1089 1043 1161 1072 eos
1185 1028 1362 1071 dorsum
1383 1045 1391 1082 3

651 1085 657 1090 ’
753 1088 800 1130 in
824 1087 1023 1144 reliquiis
1049 1088 1136 1130 tuis
1162 1087 1435 1144 praeparabis
1456 1087 1631 1140 vultum
1656 1101 1820 1131 eorum.

634 1146 670 1173 ¹4
687 1147 924 1202 Exaltare,
950 1147 1161 1203 Domine,
1188 1147 1235 1189 in
1261 1147 1427 1190 virtute
1452 1155 1527 1190 tua
1549 1165 1557 1202 3

754 1206 1036 1249 cantabimus
1064 1212 1107 1249 et
1131 1206 1374 1263 psallemus
1400 1206 1587 1250 virtutes
1611 1211 1723 1249 tuas.

1198 1336 1414 1379 PsALMUS
1448 1336 1559 1378 XXI

520 1435 720 1482 Christus
744 1438 985 1480 moriturus
1008 1451 1135 1480 suam
1160 1437 1369 1480 describit
1383 1438 1636 1493 passionem
1661 1436 1855 1492 bonaque
1885 1451 1938 1479 ex
1962 1450 2012 1479 ea
2034 1435 2240 1481 oriunda.

194 1545 338 1574 Titulus-
519 1536 604 1580 ¹In
629 1537 782 1593 finem,
811 1551 889 1593 pro
914 1537 1195 1593 susceptione
1223 1537 1469 1592 matutina,
1497 1537 1701 1579 Psalmus
1729 1536 1891 1579 David.

168 1631 192 1659 1.
214 1630 371 1659 Christus
654 1616 671 1642 2
689 1618 830 1672 Deus,
861 1619 979 1660 Deus
1006 1631 1151 1672 meus,
1178 1617 1347 1673 respice
1374 1617 1417 1659 in
1444 1631 1541 1671 me,
1572 1630 1705 1672 quare
1731 1630 1801 1659 me
1827 1615 2137 1673 dereliquisti?

147 1674 281 1724 patiens
304 1682 389 1745 offas,
757 1678 910 1732 Longe
935 1691 960 1718 a
986 1676 1128 1719 salute
1156 1691 1252 1719 mea
1281 1676 1414 1719 verba
1443 1676 1706 1719 delictorum
1729 1689 1940 1719 meorum.

192 1720 350 1792 ὲζζξιξξῃᾏ
654 1736 673 1763 3
691 1738 810 1779 Deus
837 1750 982 1790 meus,
1011 1735 1213 1777 clamabo
1240 1751 1318 1792 per
1344 1736 1482 1781 diem.
1510 1734 1665 1778 et'non
1692 1734 1901 1778 exaudies
1923 1752 1931 1789 3

166 1807 373 1843 derelictum
755 1801 797 1838 et
824 1800 973 1846 nocte,
1001 1800 1044 1837 et
1067 1809 1153 1837 non
1179 1794 1235 1836 ad
1262 1794 1567 1850 insi1‘2ientiani
1595 1794 1716 1838 mihi.

655 1854 672 1881 4
690 1855 757 1897 Tu
779 1860 930 1897 autem
958 1854 1003 1895 in
1028 1859 1182 1895 sancto
1208 1854 1407 1908 habitas,
1434 1854 1531 1896 laus
1559 1853 1710 1896 Israel.

655 1914 672 1940 5
689 1914 743 1956 In
770 1919 813 1956 te
840 1919 1128 1969 speraverunt
1154 1919 1301 1969 patres
1327 1913 1463 1956 nostri
1484 1930 1492 1966 3

757 1977 1067 2030 speraverunt,
1095 1977 1139 2015 et
1166 1971 1365 2015 liberasti
1388 1987 1474 2015 eos.

655 2033 763 2075 6Ad
790 2038 833 2075 te
860 2032 1189 2086 clamaverunt,
1216 2038 1259 2075 et
1285 2032 1397 2074 salvi
1424 2032 1535 2074 facti
1563 2040 1664 2075 suut
1687 2049 1696 2086 ;

753 2092 801 2134 in
824 2098 867 2135 te
893 2096 1202 2148 speraverunt,
1226 2097 1268 2134 et
1294 2106 1382 2134 non
1407 2102 1510 2134 sunt
1537 2092 1727 2134 confusi.

655 2151 670 2178 ⁷
690 2152 786 2208 Ego
813 2156 964 2194 autem
990 2166 1087 2193 sum
1113 2151 1296 2206 vermis,
1324 2156 1366 2194 et
1388 2165 1475 2194 non
1501 2152 1661 2194 homo:

756 2210 1041 2267 opprobrium
1067 2210 1319 2266 hominum,
1347 2216 1389 2253 et
1415 2211 1610 2266 abjectio
1637 2211 1792 2268 plebis.

656 2270 673 2296 8
692 2271 855 2314 Omnes
883 2270 1086 2313 videntes
1113 2284 1182 2313 me
1209 2270 1457 2313 deriserunt
1478 2285 1548 2313 me
1570 2289 1578 2317 :

754 2330 893 2373 locuti
917 2334 1020 2372 sunt
1042 2329 1192 2385 labiis,
1221 2335 1263 2372 et
1289 2335 1523 2373 moverunt
1551 2338 1694 2387 caput.

589 2422 593 2426 -
655 2389 672 2415 9
690 2389 892 2446 Speravit
918 2389 965 2431 in
992 2389 1205 2444 Domino,
1233 2389 1391 2446 eripiat
1417 2404 1518 2432 eum
1539 2407 1547 2440 3

755 2448 929 2491 salvum
956 2449 1098 2491 faciat
1125 2463 1247 2503 eum,
1275 2449 1484 2504 quoniam
1508 2449 1601 2491 vult
1627 2464 1741 2492 eum.

637 2507 674 2534 ¹⁰
691 2508 910 2558 Quoniam
937 2514 984 2550 tu
1011 2523 1056 2552 es
1079 2509 1152 2563 qui
1179 2508 1412 2551 extraxisti
1438 2523 1508 2551 1116
1535 2509 1588 2552 de
1611 2514 1782 2561 ventre,

757 2582 855 2624 spes
883 2582 981 2611 mea
1006 2568 1062 2610 ab
1091 2568 1298 2610 uberibus
1325 2568 1478 2610 matris
1506 2582 1630 2610 meze.

639 2625 672 2652 ¹¹
694 2627 747 2669 In
774 2633 816 2670 te
843 2627 1068 2684 projectus
1094 2641 1191 2669 sum
1217 2641 1271 2670 ex
1293 2633 1418 2670 utero
1439 2645 1446 2681 3

758 2686 811 2729 de
833 2692 989 2729 ventre
1014 2687 1169 2729 matris
1195 2700 1307 2729 meae
1334 2688 1454 2730 Deus
1480 2702 1602 2731 meus
1629 2702 1673 2731 es
1700 2692 1775 2742 tu3

639 2743 675 2770 ¹²
693 2759 748 2787 ne
775 2745 1026 2789 discesseris
1053 2761 1076 2788 a
1104 2760 1194 2798 me,

758 2805 968 2860 quoniam
995 2805 1222 2848 tribulatio
1250 2806 1453 2862 proxima
1480 2813 1565 2861 est,

763 2865 972 2919 quoniam
999 2879 1082 2907 non
1113 2871 1177 2908 est
1204 2865 1278 2920 qui
1304 2865 1503 2921 adjuvet.

185 2935 361 2974 oramicet
641 2921 677 2948 13
695 2922 1093 2967 Circumdederunt
1119 2938 1189 2967 me
1211 2924 1341 2967 vituli
1368 2925 1496 2967 multi
1517 2942 1526 2979 3

186 2981 365 3029 horrendis
760 2983 873 3024 tauri
897 2983 1085 3039 pingues
1113 2983 1379 3026 obsederunt
1406 2998 1488 3026 me.

182 3028 369 3102 ζζξζίῗέἓζ
642 3039 678 3066 14
695 3042 977 3097 Aper-uerunt
1003 3057 1132 3099 super
1157 3057 1227 3086 me
1255 3057 1300 3085 os
1323 3058 1472 3097 suum,

761 3101 873 3143 sicut
897 3101 964 3144 leo
989 3102 1165 3157 rapiens
1192 3107 1235 3145 et
1259 3102 1450 3158 rugiens.

641 3158 678 3185 ¹5
695 3159 816 3203 Sicut
843 3174 955 3216 aqua
983 3161 1150 3203 effusus
1176 3175 1302 3215 sum3

761 3226 802 3261 et
827 3218 1023 3276 dispersa
1049 3226 1151 3263 sunt
1174 3220 1323 3263 omnia
1348 3235 1445 3264 ossa
1473 3235 1584 3265 mea.

701 3278 890 3322 Factum
916 3284 981 3321 est
1008 3293 1081 3322 cor
1107 3293 1255 3322 meum
1282 3285 1497 3335 tanquam
1523 3295 1620 3323 cera

760 3336 1007 3392 liquescens
1032 3338 1078 3380 in
1106 3338 1250 3381 medio
1277 3339 1442 3382 ventris
1468 3339 1568 3382 mei.

643 3395 679 3422 ¹0
697 3395 828 3438 Aruit
853 3400 1067 3451 tanquan]
1093 3402 1205 3440 testa
1232 3397 1373 3440 virtus
1399 3412 1518 3451 mea,

466 3562 494 3594 2]
519 3561 641 3588 Matth.
667 3561 817 3596 XXVII,
845 3563 889 3589 46.
919 3560 1019 3588 Marc.
1046 3559 1126 3595 XV,
1152 3563 1196 3588 3-1.
1221 3574 1257 3580 -
1289 3561 1318 3594 s]
1353 3559 1473 3588 Mattn.
1499 3559 1653 3595 xxvn,
1677 3564 1721 3597 32·-
1751 3563 1852 3591 Marc.
1877 3561 1954 3599 XV,
1985 3563 2031 3591 29.
2056 3576 2094 3582 -
2117 3561 2146 3596 s]
2175 3559 2298 3590 Mattn.

464 3605 672 3640 XXVII,-13.
