2456 3861
239 456 340 489 Origo
369 459 402 484 et

203 499 320 534 religio
333 500 442 527 Sama-

259 3373 367 3407 Regni

243 3418 394 3446 Ezechiae

221 3461 356 3491 duratio
377 3465 411 3491 et

248 3506 387 3536 indoles,

507 166 593 209 368
983 164 1050 205 IV
1085 164 1195 205 ΒΕΘ.
1231 162 1393 215 XVII,
1426 162 1482 204 24
1514 187 1574 193 —
1604 162 1791 217 XVIII,
1824 164 1864 206 3.

507 334 620 376 sicut
656 332 827 375 locutus
860 331 1009 373 fuerat
1039 330 1086 372 in
1122 344 1258 372 manu
1295 328 1495 372 omnium
1531 342 1757 372 servorum
1789 343 1970 373 suorum
1998 331 2338 388 prophetarum3

506 391 832 445 translatusque
853 394 919 432 est
941 388 1080 431 Israel
1103 388 1158 431 de
1179 393 1294 431 terra
1315 402 1394 430 sua
1415 387 1462 430 in
1483 387 1711 444 AssyriOS,
1737 402 1875 444 usque
1895 387 1942 431 in
1965 389 2084 432 diem
2103 390 2233 436 hanc.

564 449 600 476 24
622 448 828 492 Adduxit
859 453 1011 491 autem
1042 462 1120 490 rex
1149 447 1434 504 Assyriorum
1468 446 1522 490 de
1556 446 1806 503 Babylone,
1841 452 1885 491 et
1917 447 1972 491 de
2005 447 2175 505 Cutha,
2209 454 2252 493 et
2288 450 2343 495 de

504 508 657 563 Avah,
688 513 731 551 et
757 507 811 551 de
840 507 1026 562 Emath,
1057 511 1100 550 et
1129 506 1184 550 de
1214 505 1524 563 Sepharvaim,
1554 510 1598 549 et
1627 505 1865 549 collocavit
1898 521 1971 550 eos
2003 507 2050 549 in
2084 507 2342 551 civitatibus

504 567 717 611 Samariae
740 580 817 624 pro
838 566 941 609 filiis
967 565 1130 620 Israe13
1155 565 1229 621 qui
1259 565 1549 622 possederunt
1577 565 1845 622 Samariam,
1876 571 1920 609 et
1947 565 2265 610 habitaverunt
2295 567 2343 610 in

504 626 687 669 urbibus
710 626 820 682 ejus.
847 625 884 652 25
901 625 1101 681 Cumque
1125 624 1188 667 ibi
1210 624 1414 668 habitare
1436 623 1692 680 coepissent,
1717 639 1804 668 non
1826 624 2046 668 timebant
2077 625 2343 682 Dominum,

504 692 547 729 et
570 685 758 729 immisit
782 685 828 728 in
853 699 926 728 eos
953 684 1172 727 Dominus
1195 683 1363 740 leones,
1383 683 1456 739 qui
1478 683 1806 726 interficiebant
1827 698 1913 727 eos.
1933 683 1970 710 ”²⁶
1987 684 2345 741 Nuntiatumque

503 749 569 788 est
600 744 694 801 regi
728 743 1034 801 Assyriorum,
1069 749 1112 787 et
1149 742 1353 787 dictum:
1388 744 1554 787 Gentes
1590 750 1700 798 quas
1737 742 2026 800 transtulisti,
2061 749 2105 788 et
2139 745 2344 788 habitare

502 804 653 847 fecisti
674 804 721 846 in
744 803 1002 846 civitatibus
1023 803 1259 859 Samariae,
1281 802 1490 859 ignorant
1512 801 1715 858 legitima
1739 802 1822 846 Dei
1845 808 1998 858 terrae,
2023 808 2067 846 et
2087 802 2276 846 immisit
2295 804 2343 846 in

503 877 576 906 eos
599 863 817 906 Dominus
838 862 1007 919 leones,
1031 868 1074 906 et
1096 876 1198 905 ecce
1218 862 1492 905 interficiunt
1517 875 1610 917 eOS,
1637 875 1687 905 eo
1716 861 1833 917 quod
1862 861 2070 918 ignorent
2093 862 2230 904 ritum
2259 862 2343 906 Dei

504 928 645 966 terrae.
668 921 703 949 2⁷
725 922 943 979 Praecepit
971 927 1121 965 autem
1146 936 1223 965 rex
1245 921 1550 977 Assyriorum,
1582 920 1733 964 dicens
1760 937 1768 965 :
1797 921 1959 964 Ducite
1986 920 2095 964 illuc
2124 935 2264 964 unum
2289 921 2346 965 de

502 981 805 1025 sacerdotibus
827 996 933 1038 quos
958 981 1062 1024 inde
1091 980 1290 1038 captivos
1312 979 1588 1035 adduxistis3
1612 985 1655 1023 et
1677 980 1834 1036 vadat,
1857 985 1901 1023 et
1928 979 2102 1024 habitet
2128 994 2230 1024 cum
2259 980 2342 1037 eis,

502 1046 546 1084 et
567 1041 724 1084 doceat
749 1055 821 1085 eos
846 1040 1048 1096 legitima
1072 1040 1154 1083 Dei
1177 1045 1318 1083 terrae.

561 1099 597 1127 ⁶²8
616 1100 761 1157 Igitur
779 1114 880 1143 cum
899 1099 1093 1143 venisset
1111 1113 1223 1141 unus
1246 1098 1300 1142 de
1321 1098 1626 1142 sacerdotibus
1646 1099 1716 1142 his
1735 1098 1810 1154 qui
1833 1099 2000 1156 captivi
2022 1099 2144 1142 ducti
2161 1099 2344 1144 fuerant

503 1159 556 1203 de
579 1159 799 1215 Samaria,
822 1158 1045 1201 habitavit
1065 1158 1120 1200 in·
1139 1158 1319 1213 Bet-hel,
1343 1163 1386 1201 et
1412 1158 1600 1201 docebat
1622 1172 1694 1201 eos
1717 1158 1935 1214 quomodo
1962 1158 2156 1202 colerent
2189 1159 2343 1203 Domi-

501 1233 623 1262 num.
646 1217 683 1244 29
701 1220 758 1261 Et
779 1232 1056 1274 unaquaeque
1081 1231 1190 1273 gens
1216 1217 1440 1260 fabricata
1470 1222 1535 1274 est
1565 1217 1698 1261 deum
1726 1231 1885 1273 suum;
1917 1222 2246 1274 posueruntque
2269 1232 2344 1262 eos

500 1278 547 1320 in
568 1277 689 1320 fanis
715 1277 900 1321 excelsis
923 1291 1023 1333 quae
1052 1277 1254 1320 fecerant
1278 1276 1525 1331 Samaritae,
1549 1291 1658 1333 gens
1684 1281 1727 1321 et
1749 1291 1857 1333 gens
1881 1276 1929 1319 in
1958 1276 2142 1320 urbibus
2167 1277 2273 1333 suis,
2294 1277 2342 1320 in

501 1337 660 1392 quibus
686 1336 934 1379 habitabat.
961 1335 998 1362 3⁰
1019 1335 1116 1379 Viri
1143 1335 1262 1379 enim
1289 1335 1528 1392 Babylonii
1557 1336 1762 1380 fecerunt
1792 1335 2227 1392 Sochoth-Benoth;
2258 1336 2341 1380 viri

499 1402 650 1440 autem
673 1395 849 1440 Chutaei
872 1396 1077 1439 fecerunt
1100 1395 1289 1451 Nergel;
1314 1400 1357 1438 et
1374 1394 1457 1437 viri
1481 1395 1535 1438 de
1557 1395 1722 1438 Emath
1743 1396 1949 1439 fecerunt
1965 1395 2137 1439 Asima.
2156 1395 2191 1422 3¹
2208 1397 2343 1439 Porro

502 1455 661 1499 Hevaei
684 1456 889 1498 fecerunt
914 1454 1126 1498 Nebahaz
1153 1459 1196 1498 et
1214 1454 1464 1509 Tharthac;
1488 1454 1535 1497 hi
1556 1460 1706 1498 autem
1728 1455 1802 1511 qui
1825 1460 1951 1498 erant
1972 1454 2026 1499 de
2052 1455 2343 1512 Sepharvaim

500 1515 821 1558 comburebant
861 1514 974 1558 filios
1006 1528 1108 1557 suos
1140 1513 1256 1570 igni,
1294 1513 1595 1558 Adramelech
1628 1519 1670 1558 et
1700 1514 2002 1571 Anamelech,
2033 1514 2118 1557 diis
2154 1514 2344 1572 Sephar-

499 1574 634 1617 vaim.
669 1573 705 1600 3'2
735 1575 791 1617 Et
825 1573 1114 1617 nihilominus
1157 1573 1363 1616 colebant
1408 1573 1664 1617 Dominum.
1708 1574 1928 1617 Fecerunt
1970 1578 2122 1617 autem
2161 1573 2247 1617 sibi
2288 1574 2344 1617 de

499 1633 753 1677 novissimis
782 1633 1032 1676 sacerdotes
1062 1632 1357 1689 excelsorum,
1389 1637 1432 1676 et
1458 1632 1683 1690 ponebant
1712 1647 1784 1676 eos
1817 1633 1864 1676 in
1894 1633 2015 1676 fanis
2044 1632 2341 1688 sublimibus;

499 1693 537 1719 33
562 1698 605 1736 et
634 1707 735 1735 cum
759 1693 1003 1736 Dominum
1025 1692 1238 1748 colerent,
1263 1691 1346 1735 diis
1377 1706 1548 1748 quoque
1570 1692 1660 1735 suis
1681 1691 1935 1736 serviebant
1957 1692 2086 1748 juxta
2109 1698 2345 1737 consuetu-

500 1752 651 1796 dinem
679 1752 882 1808 gentium
913 1751 967 1795 de
996 1751 1155 1807 quibus
1185 1751 1389 1794 translati
1418 1751 1599 1795 fuerant
1631 1751 1892 1795 Samariam.
1916 1750 1952 1778 34
1975 1752 2126 1807 Usque
2154 1751 2202 1795 in
2228 1766 2342 1809 prae-

498 1817 668 1856 sentem
699 1811 816 1855 diem
846 1825 1013 1854 morem
1041 1816 1285 1866 sequuntur
1312 1810 1570 1867 antiquum,
1600 1825 1688 1854 non
1714 1810 1874 1854 timent
1901 1811 2165 1867 Dominum,
2200 1825 2344 1867 neque

500 1871 756 1915 custodiunt
783 1870 1053 1915 ceremonias
1084 1870 1200 1926 ejus,
1225 1870 1395 1925 judicia
1418 1876 1461 1913 et
1490 1870 1657 1926 legem,
1680 1875 1723 1913 et
1746 1869 2009 1913 mandatum
2038 1870 2155 1926 quod
2177 1884 2342 1927 praece-

498 1935 623 1989 perat
646 1930 864 1974 Dominus
893 1929 995 1973 filiis
1026 1929 1189 1984 Jacob,
1221 1943 1352 1985 quem
1381 1928 1716 1985 cognominavit
1743 1929 1907 1984 Israel3
1939 1928 1976 1956 35
1995 1934 2038 1972 et
2067 1935 2341 1986 percusserat

499 2005 601 2034 cum
626 1990 688 2034 eis
716 1995 918 2047 pactum,
942 1995 985 2032 et
1016 1988 1307 2031 mandaverat
1332 1988 1415 2044 eis,
1440 1988 1591 2031 dicens
1615 2004 1623 2032 ε
1654 1988 1805 2032 Nolite
1830 1988 1988 2032 timere
2013 1988 2116 2032 deos
2150 1988 2342 2045 alienos,

499 2055 542 2093 et
567 2064 654 2092 non
680 2049 872 2092 adoretis
895 2063 987 2104 eOS,
1015 2062 1157 2104 neque
1179 2047 1335 2091 colatis
1359 2062 1452 2104 eos,
1476 2052 1520 2091 et
1543 2061 1631 2090 non
1652 2047 1894 2091 immoletis
1917 2048 2004 2103 eis3
2028 2047 2066 2074 3⁶
2082 2048 2161 2091 sed
2187 2047 2342 2092 Domi-

498 2124 605 2152 num
626 2111 769 2152 Deum
788 2113 996 2164 vestrum,
1021 2108 1095 2164 qui
1117 2107 1272 2150 eduxit
1289 2121 1367 2150 vos
1390 2107 1444 2151 de
1462 2112 1577 2151 terra
1594 2107 1785 2164 AEgypti
1806 2107 1853 2150 in
1874 2107 2140 2151 fortitudine
2162 2121 2340 2164 magna,

498 2174 542 2212 et
562 2168 608 2211 in
630 2168 812 2211 brachio
842 2173 1042 2223 extento,
1064 2167 1213 2224 ipsum
1241 2167 1416 2222 timete,
1448 2172 1491 2210 et
1514 2166 1645 2209 illum
1676 2166 1880 2222 adorate,
1907 2172 1951 2210 et
1978 2166 2064 2224 ipsi
2094 2166 2340 2211 immolate.

497 2227 533 2254 37
556 2227 838 2272 Ceremonias
868 2241 1061 2283 quoque,
1092 2231 1135 2270 et
1168 2226 1358 2282 judicia,
1394 2231 1437 2270 et
1466 2227 1632 2283 legem,
1660 2231 1703 2269 et
1732 2226 1996 2269 mandatum
2022 2225 2138 2282 quod
2163 2225 2341 2283 scripsit

497 2287 644 2343 vobis,
668 2286 888 2330 custodite
912 2291 962 2328 ut
986 2286 1167 2329 faciatis
1191 2286 1363 2329 cunctis
1390 2285 1571 2340 diebus,
1604 2290 1647 2329 et
1675 2299 1762 2329 non
1792 2285 1989 2329 timeatis
2019 2285 2123 2329 deos
2155 2284 2340 2329 alienos.

497 2346 534 2373 3⁸
560 2348 618 2389 Et
646 2351 828 2403 pactum
857 2346 973 2402 quod
1004 2345 1219 2402 percussit
1244 2345 1477 2389 vobiscum
1502 2345 1640 2388 nolite
1670 2345 1894 2401 oblivisci,
1929 2359 2010 2389 nec
2044 2344 2201 2388 colatis
2235 2344 2341 2388 deos

497 2406 691 2461 alienos3
713 2405 750 2432 39
766 2405 844 2448 sed
868 2405 1111 2448 Dominum
1135 2406 1276 2448 Deum
1297 2410 1494 2448 vestrum
1516 2404 1691 2461 timete,
1714 2404 1869 2461 etipse
1891 2410 2013 2448 eruet
2031 2417 2108 2447 vos
2127 2403 2182 2447 de
2204 2418 2339 2447 manu

498 2465 697 2509 omnium
721 2465 1005 2508 inimicorum
1026 2469 1287 2508 vestrorum.
1311 2463 1348 2490 4⁰
1366 2464 1441 2507 Illi
1463 2478 1565 2507 vero
1588 2478 1677 2507 non
1701 2463 1958 2519 audierunt,
1981 2463 2058 2507 sed
2079 2463 2209 2520 juxta
2236 2477 2340 2507 con-

496 2524 780 2568 suetudinem
811 2539 939 2567 suam
971 2523 1207 2581 pristinam
1235 2523 1563 2581 perpetrabant.
1593 2522 1628 2549 ‘³¹
1656 2523 1855 2566 Fuerunt
1883 2522 2022 2579 igitur
2053 2527 2209 2579 gentes
2238 2521 2339 2566 istae
2412 2567 2414 2570 ,

497 2584 705 2628 timentes
728 2583 907 2640 quidem
932 2583 1187 2638 Dominum,
1207 2583 1284 2626 sed
1306 2582 1597 2626 nihilominus
1619 2587 1663 2626 et
1683 2582 1814 2626 idolis
1836 2581 1927 2626 suis
1949 2581 2189 2625 servientes
2205 2598 2214 2637 3
2233 2596 2339 2625 nam
2414 2618 2415 2623 ,

498 2649 542 2687 et
563 2643 642 2686 filii
666 2657 836 2745 eorum,
863 2648 906 2686 et
928 2647 1130 2699 nepotes,
1153 2642 1269 2685 sicut
1297 2643 1502 2686 fecerunt
1531 2647 1677 2699 patres
1707 2640 1795 2698 sui,
1825 2641 1889 2684 ita
1918 2640 2094 2684 faciunt
2122 2654 2261 2698 usque
2290 2640 2338 2683 in

497 2707 763 2759 praesentem
818 2702 919 2746 iem.

1041 2825 1258 2881 PARS
1310 2823 1796 2881 POSTERIOR

625 2958 900 2998 HISTORIA
943 2958 1145 2998 REGUM
1186 2957 1332 2997 JUDA
1371 2957 1446 2995 AB
1487 2954 1725 2995 EXCIDIO
1771 2955 1954 2995 REGNI
1996 2955 2208 2995 ISRAEL

848 3031 1039 3078 USQUE
1079 3032 1155 3070 AD
1200 3031 1621 3070 CAPTIVITATEM
1661 3029 1984 3069 BABYLONIS

937 3152 1138 3195 SEcrro
1180 3152 1216 3195 I.
1250 3179 1309 3184 —
1350 3152 1593 3195 REGNUM
1636 3151 1899 3193 EZECHIAE

1049 3260 1072 3317 ξ
1108 3261 1144 3303 Ι.
1177 3285 1235 3293 --
1267 3260 1449 3303 Invasio
1481 3257 1787 3303 Sennacherib.

559 3363 667 3408 CAP.
701 3361 881 3405 XVIII.
914 3386 972 3392 —
1005 3359 1170 3403 ¹Anno
1203 3360 1334 3403 tertio
1368 3360 1498 3415 Osee,
1533 3358 1613 3402 filii
1647 3357 1754 3414 Ela,
1788 3357 1904 3414 regis
1938 3357 2098 3414 Israel,
2131 3357 2336 3413 regnavit

501 3422 736 3477 Ezechias,
766 3420 883 3463 filius
911 3419 1082 3474 Achaz,
1108 3419 1225 3474 regis
1247 3420 1275 3462 J
1281 3419 1380 3462 uda.
1407 3418 1425 3445 2
1442 3417 1618 3474 Viginti
1649 3416 1842 3473 quinque
1866 3431 2082 3460 annorum
2111 3421 2205 3460 erat
2234 3430 2336 3459 cum

501 3495 685 3537 regnare
714 3479 939 3537 coepisset,
970 3484 1013 3522 et
1033 3477 1196 3533 viginti
1226 3493 1384 3522 novem
1413 3477 1542 3520 annis
1570 3476 1775 3532 regnavit
1798 3476 1844 3519 in
1867 3475 2130 3520 Jerusalem.
2160 3475 2334 3519 Nomen
2383 3519 2387 3524 ,
2435 3515 2439 3528 ,

503 3540 656 3583 matris
681 3539 778 3596 ejus
807 3538 918 3593 Abi,
945 3537 1036 3580 filia
1065 3537 1304 3580 Zachariae.
1331 3537 1349 3564 3
1370 3537 1583 3592 Fecitque
1612 3535 1727 3592 quod
1757 3540 1850 3578 erat
1875 3534 2043 3578 bonum
2072 3547 2220 3578 coram
2247 3535 2336 3577 Do·
2429 3546 2438 3582 4ῑ

503 3685 550 3718 34]
568 3684 646 3712 Gen.
665 3684 820 3718 XXXII,
838 3685 881 3711 28.
899 3696 935 3701 —-
956 3682 984 3716 1]
1005 3681 1039 3708 11
1060 3680 1131 3708 Par.
1154 3681 1318 3715 XXVIII,
1331 3681 1365 3708 27
1379 3682 1413 3708 et
1429 3680 1557 3715 XXIX,
1573 3681 1596 3707 1,
