<?xml version="1.0" encoding="UTF-8"?>
<!DOCTYPE html PUBLIC "-//W3C//DTD XHTML 1.0 Transitional//EN"
    "http://www.w3.org/TR/xhtml1/DTD/xhtml1-transitional.dtd">
<html xmlns="http://www.w3.org/1999/xhtml" xml:lang="en" lang="en">
 <head>
  <title>
</title>
<meta http-equiv="Content-Type" content="text/html;charset=utf-8" />
  <meta name='ocr-system' content='tesseract 3.04.00' />
  <meta name='ocr-capabilities' content='ocr_page ocr_carea ocr_par ocr_line ocrx_word'/>
</head>
<body>
  <div class='ocr_page' id='page_1' title='image "./bibliasacrajuxta00fill_0616.png"; bbox 0 0 2423 3861; ppageno 0'>
   <div class='ocr_carea' id='block_1_1' title="bbox 202 927 345 957">
    <p class='ocr_par' dir='ltr' id='par_1_1' title="bbox 202 927 345 957">
     <span class='ocr_line' id='line_1_1' title="bbox 202 927 345 957; baseline 0.021 -3"><span class='ocrx_word' id='word_1_1' title='bbox 202 927 345 957; x_wconf 78' lang='lat' dir='ltr'>Titulus.</span> 
     </span>
    </p>
   </div>
   <div class='ocr_carea' id='block_1_2' title="bbox 163 999 387 1027">
    <p class='ocr_par' dir='ltr' id='par_1_2' title="bbox 163 999 387 1027">
     <span class='ocr_line' id='line_1_2' title="bbox 163 999 387 1027; baseline 0.004 -1"><span class='ocrx_word' id='word_1_2' title='bbox 163 999 387 1027; x_wconf 83' lang='lat' dir='ltr'>Introductio.</span> 
     </span>
    </p>
   </div>
   <div class='ocr_carea' id='block_1_3' title="bbox 152 1361 396 1569">
    <p class='ocr_par' dir='ltr' id='par_1_3' title="bbox 152 1361 396 1480">
     <span class='ocr_line' id='line_1_3' title="bbox 175 1361 376 1391; baseline 0 -1"><span class='ocrx_word' id='word_1_3' title='bbox 175 1361 376 1391; x_wconf 74' lang='lat' dir='ltr'>Describun-</span> 
     </span>
     <span class='ocr_line' id='line_1_4' title="bbox 153 1406 396 1435; baseline 0.004 -1"><span class='ocrx_word' id='word_1_4' title='bbox 153 1410 210 1434; x_wconf 88' lang='lat' dir='ltr'>tur</span> <span class='ocrx_word' id='word_1_5' title='bbox 226 1406 396 1435; x_wconf 77' lang='lat' dir='ltr'>calamita-</span> 
     </span>
     <span class='ocr_line' id='line_1_5' title="bbox 152 1452 395 1480; baseline 0.004 -1"><span class='ocrx_word' id='word_1_6' title='bbox 152 1455 205 1479; x_wconf 76' lang='lat' dir='ltr'>tes</span> <span class='ocrx_word' id='word_1_7' title='bbox 230 1452 335 1480; x_wconf 68' lang='lat' dir='ltr'>Israel</span> <span class='ocrx_word' id='word_1_8' title='bbox 360 1454 395 1480; x_wconf 82' lang='lat' dir='ltr'>et</span> 
     </span>
    </p>

    <p class='ocr_par' dir='ltr' id='par_1_4' title="bbox 179 1495 374 1569">
     <span class='ocr_line' id='line_1_6' title="bbox 200 1495 350 1524; baseline -0.007 0"><span class='ocrx_word' id='word_1_9' title='bbox 200 1495 350 1524; x_wconf 71' lang='lat' dir='ltr'>vastatio</span> 
     </span>
     <span class='ocr_line' id='line_1_7' title="bbox 179 1539 374 1569; baseline 0.005 -1"><span class='ocrx_word' id='word_1_10' title='bbox 179 1539 374 1569; x_wconf 82' lang='lat' dir='ltr'>sanctuarii.</span> 
     </span>
    </p>
   </div>
   <div class='ocr_carea' id='block_1_4' title="bbox 154 2497 396 2707">
    <p class='ocr_par' dir='ltr' id='par_1_5' title="bbox 165 2497 396 2524">
     <span class='ocr_line' id='line_1_8' title="bbox 165 2497 396 2524; baseline 0 0"><span class='ocrx_word' id='word_1_11' title='bbox 165 2497 396 2524; x_wconf 73' lang='lat' dir='ltr'><strong>memorantur</strong></span> 
     </span>
    </p>

    <p class='ocr_par' dir='ltr' id='par_1_6' title="bbox 154 2540 396 2707">
     <span class='ocr_line' id='line_1_9' title="bbox 154 2540 396 2574; baseline -0.004 -5"><span class='ocrx_word' id='word_1_12' title='bbox 154 2541 214 2569; x_wconf 85' lang='lat' dir='ltr'>Dei</span> <span class='ocrx_word' id='word_1_13' title='bbox 250 2540 396 2574; x_wconf 78' lang='lat' dir='ltr'>pristina</span> 
     </span>
     <span class='ocr_line' id='line_1_10' title="bbox 198 2585 360 2614; baseline 0.006 -1"><span class='ocrx_word' id='word_1_14' title='bbox 198 2585 360 2614; x_wconf 77' lang='lat' dir='ltr'>beneficia</span> 
     </span>
     <span class='ocr_line' id='line_1_11' title="bbox 188 2629 362 2663; baseline 0.006 -5"><span class='ocrx_word' id='word_1_15' title='bbox 188 2629 362 2663; x_wconf 74' lang='lat' dir='ltr'><strong>ipsiusque</strong></span> 
     </span>
     <span class='ocr_line' id='line_1_12' title="bbox 195 2674 358 2707; baseline 0.012 -5"><span class='ocrx_word' id='word_1_16' title='bbox 195 2674 358 2707; x_wconf 65' lang='lat' dir='ltr'>potentia.</span> 
     </span>
    </p>
   </div>
   <div class='ocr_carea' id='block_1_5' title="bbox 174 3209 380 3329">
    <p class='ocr_par' dir='ltr' id='par_1_7' title="bbox 174 3209 380 3329">
     <span class='ocr_line' id='line_1_13' title="bbox 176 3209 378 3242; baseline 0.01 -7"><span class='ocrx_word' id='word_1_17' title='bbox 176 3209 295 3237; x_wconf 64' lang='lat' dir='ltr'>Preces</span> <span class='ocrx_word' id='word_1_18' title='bbox 319 3216 378 3242; x_wconf 82' lang='lat' dir='ltr'>pro</span> 
     </span>
     <span class='ocr_line' id='line_1_14' title="bbox 174 3252 380 3281; baseline 0.01 -2"><span class='ocrx_word' id='word_1_19' title='bbox 174 3252 303 3280; x_wconf 65' lang='lat' dir='ltr'>auxilio</span> <span class='ocrx_word' id='word_1_20' title='bbox 321 3253 380 3281; x_wconf 88' lang='lat' dir='ltr'>im·</span> 
     </span>
     <span class='ocr_line' id='line_1_15' title="bbox 189 3297 362 3329; baseline 0.012 -5"><span class='ocrx_word' id='word_1_21' title='bbox 189 3297 362 3329; x_wconf 69' lang='lat' dir='ltr'>petz-ando.</span> 
     </span>
    </p>
   </div>
   <div class='ocr_carea' id='block_1_6' title="bbox 467 114 1813 172">
    <p class='ocr_par' dir='ltr' id='par_1_8' title="bbox 467 114 1813 172">
     <span class='ocr_line' id='line_1_16' title="bbox 467 114 1813 172; baseline 0.002 -15"><span class='ocrx_word' id='word_1_22' title='bbox 467 114 552 157; x_wconf 88' lang='lat'>600</span> <span class='ocrx_word' id='word_1_23' title='bbox 959 116 1033 158; x_wconf 88' lang='lat' dir='ltr'>Ps.</span> <span class='ocrx_word' id='word_1_24' title='bbox 1068 116 1267 172; x_wconf 86' lang='lat' dir='ltr'>LXXII,</span> <span class='ocrx_word' id='word_1_25' title='bbox 1302 116 1359 159; x_wconf 82' lang='lat'>‘26</span> <span class='ocrx_word' id='word_1_26' title='bbox 1390 142 1450 147; x_wconf 94' lang='lat'><strong>—</strong></span> <span class='ocrx_word' id='word_1_27' title='bbox 1482 117 1710 172; x_wconf 83' lang='lat' dir='ltr'>LXXIII,</span> <span class='ocrx_word' id='word_1_28' title='bbox 1743 117 1813 160; x_wconf 84' lang='lat'>20.</span> 
     </span>
    </p>
   </div>
   <div class='ocr_carea' id='block_1_7' title="bbox 640 285 2212 701">
    <p class='ocr_par' dir='ltr' id='par_1_9' title="bbox 640 285 2212 701">
     <span class='ocr_line' id='line_1_17' title="bbox 642 285 1497 343; baseline 0.001 -14"><span class='ocrx_word' id='word_1_29' title='bbox 642 285 679 312; x_wconf 67' lang='lat'>2⁶</span> <span class='ocrx_word' id='word_1_30' title='bbox 698 286 880 329; x_wconf 77' lang='lat' dir='ltr'>Defecit</span> <span class='ocrx_word' id='word_1_31' title='bbox 905 301 1006 329; x_wconf 86' lang='lat' dir='ltr'>caro</span> <span class='ocrx_word' id='word_1_32' title='bbox 1031 301 1130 330; x_wconf 88' lang='lat' dir='ltr'>mea</span> <span class='ocrx_word' id='word_1_33' title='bbox 1156 291 1200 330; x_wconf 91' lang='lat' dir='ltr'>et</span> <span class='ocrx_word' id='word_1_34' title='bbox 1226 302 1298 330; x_wconf 88' lang='lat' dir='ltr'>cor</span> <span class='ocrx_word' id='word_1_35' title='bbox 1320 303 1497 343; x_wconf 70' lang='lat' dir='ltr'>meum,</span> 
     </span>
     <span class='ocr_line' id='line_1_18' title="bbox 763 345 2009 403; baseline 0.002 -16"><span class='ocrx_word' id='word_1_36' title='bbox 763 347 883 388; x_wconf 89' lang='lat' dir='ltr'>Deus</span> <span class='ocrx_word' id='word_1_37' title='bbox 906 345 1049 388; x_wconf 88' lang='lat' dir='ltr'>cordis</span> <span class='ocrx_word' id='word_1_38' title='bbox 1074 346 1181 402; x_wconf 91' lang='lat' dir='ltr'>mei,</span> <span class='ocrx_word' id='word_1_39' title='bbox 1206 351 1250 389; x_wconf 86' lang='lat' dir='ltr'>et</span> <span class='ocrx_word' id='word_1_40' title='bbox 1271 361 1372 403; x_wconf 86' lang='lat' dir='ltr'>pars</span> <span class='ocrx_word' id='word_1_41' title='bbox 1398 362 1516 403; x_wconf 84' lang='lat' dir='ltr'>mea,</span> <span class='ocrx_word' id='word_1_42' title='bbox 1546 349 1685 403; x_wconf 90' lang='lat' dir='ltr'>Deus,</span> <span class='ocrx_word' id='word_1_43' title='bbox 1713 347 1758 389; x_wconf 89' lang='lat' dir='ltr'>in</span> <span class='ocrx_word' id='word_1_44' title='bbox 1783 352 2009 390; x_wconf 76' lang='lat' dir='ltr'>aeternum.</span> 
     </span>
     <span class='ocr_line' id='line_1_19' title="bbox 643 403 1718 463; baseline 0.002 -17"><span class='ocrx_word' id='word_1_45' title='bbox 643 403 678 430; x_wconf 69' lang='lat'>2⁷</span> <span class='ocrx_word' id='word_1_46' title='bbox 697 404 807 455; x_wconf 82' lang='lat' dir='ltr'>Quia</span> <span class='ocrx_word' id='word_1_47' title='bbox 831 419 932 448; x_wconf 90' lang='lat' dir='ltr'>ecce</span> <span class='ocrx_word' id='word_1_48' title='bbox 958 404 1031 460; x_wconf 87' lang='lat' dir='ltr'>qui</span> <span class='ocrx_word' id='word_1_49' title='bbox 1058 405 1270 461; x_wconf 86' lang='lat' dir='ltr'>elongant</span> <span class='ocrx_word' id='word_1_50' title='bbox 1292 420 1338 449; x_wconf 88' lang='lat' dir='ltr'>se</span> <span class='ocrx_word' id='word_1_51' title='bbox 1364 421 1391 449; x_wconf 85' lang='lat' dir='ltr'>a</span> <span class='ocrx_word' id='word_1_52' title='bbox 1415 412 1459 450; x_wconf 92' lang='lat' dir='ltr'>te</span> <span class='ocrx_word' id='word_1_53' title='bbox 1486 406 1718 463; x_wconf 68' lang='lat' dir='ltr'>peribunt,</span> 
     </span>
     <span class='ocr_line' id='line_1_20' title="bbox 758 464 1751 520; baseline 0.005 -15"><span class='ocrx_word' id='word_1_54' title='bbox 758 464 989 520; x_wconf 75' lang='lat' dir='ltr'>perdidisti</span> <span class='ocrx_word' id='word_1_55' title='bbox 1017 478 1169 507; x_wconf 84' lang='lat' dir='ltr'>omnes</span> <span class='ocrx_word' id='word_1_56' title='bbox 1191 465 1266 520; x_wconf 90' lang='lat' dir='ltr'>qui</span> <span class='ocrx_word' id='word_1_57' title='bbox 1291 465 1571 508; x_wconf 83' lang='lat' dir='ltr'>fornicantur</span> <span class='ocrx_word' id='word_1_58' title='bbox 1591 465 1671 508; x_wconf 86' lang='lat' dir='ltr'>abs</span> <span class='ocrx_word' id='word_1_59' title='bbox 1691 469 1751 511; x_wconf 82' lang='lat' dir='ltr'>te.</span> 
     </span>
     <span class='ocr_line' id='line_1_21' title="bbox 640 521 1657 581; baseline 0.002 -16"><span class='ocrx_word' id='word_1_60' title='bbox 640 521 676 548; x_wconf 72' lang='lat'>2²3</span> <span class='ocrx_word' id='word_1_61' title='bbox 695 522 807 565; x_wconf 87' lang='lat' dir='ltr'>Mihi</span> <span class='ocrx_word' id='word_1_62' title='bbox 832 528 982 567; x_wconf 87' lang='lat' dir='ltr'>autem</span> <span class='ocrx_word' id='word_1_63' title='bbox 1007 524 1233 567; x_wconf 76' lang='lat' dir='ltr'>adhaerere</span> <span class='ocrx_word' id='word_1_64' title='bbox 1260 525 1354 568; x_wconf 89' lang='lat' dir='ltr'>Deo</span> <span class='ocrx_word' id='word_1_65' title='bbox 1379 525 1545 568; x_wconf 89' lang='lat' dir='ltr'>bonum</span> <span class='ocrx_word' id='word_1_66' title='bbox 1572 529 1657 581; x_wconf 88' lang='lat' dir='ltr'>est,</span> 
     </span>
     <span class='ocr_line' id='line_1_22' title="bbox 758 582 1672 640; baseline 0.002 -16"><span class='ocrx_word' id='word_1_67' title='bbox 758 597 922 639; x_wconf 77' lang='lat' dir='ltr'>ponere</span> <span class='ocrx_word' id='word_1_68' title='bbox 945 582 991 625; x_wconf 91' lang='lat' dir='ltr'>in</span> <span class='ocrx_word' id='word_1_69' title='bbox 1017 583 1208 626; x_wconf 87' lang='lat' dir='ltr'>Domino</span> <span class='ocrx_word' id='word_1_70' title='bbox 1235 585 1329 628; x_wconf 91' lang='lat' dir='ltr'>Deo</span> <span class='ocrx_word' id='word_1_71' title='bbox 1351 599 1475 640; x_wconf 88' lang='lat' dir='ltr'>spem</span> <span class='ocrx_word' id='word_1_72' title='bbox 1498 598 1672 640; x_wconf 82' lang='lat' dir='ltr'>meam3</span> 
     </span>
     <span class='ocr_line' id='line_1_23' title="bbox 757 642 2212 701; baseline 0.004 -17"><span class='ocrx_word' id='word_1_73' title='bbox 757 647 805 684; x_wconf 89' lang='lat' dir='ltr'>ut</span> <span class='ocrx_word' id='word_1_74' title='bbox 819 642 1082 685; x_wconf 76' lang='lat' dir='ltr'>annuntiem</span> <span class='ocrx_word' id='word_1_75' title='bbox 1099 656 1250 686; x_wconf 88' lang='lat' dir='ltr'>omnes</span> <span class='ocrx_word' id='word_1_76' title='bbox 1264 643 1607 700; x_wconf 67' lang='lat' dir='ltr'>praedicationes</span> <span class='ocrx_word' id='word_1_77' title='bbox 1627 648 1726 686; x_wconf 85' lang='lat' dir='ltr'>tuas</span> <span class='ocrx_word' id='word_1_78' title='bbox 1744 643 1790 686; x_wconf 90' lang='lat' dir='ltr'>in</span> <span class='ocrx_word' id='word_1_79' title='bbox 1812 644 1950 701; x_wconf 87' lang='lat' dir='ltr'>portis</span> <span class='ocrx_word' id='word_1_80' title='bbox 1968 644 2073 688; x_wconf 90' lang='lat' dir='ltr'>filiae</span> <span class='ocrx_word' id='word_1_81' title='bbox 2096 645 2212 690; x_wconf 83' lang='lat' dir='ltr'>Sion.</span> 
     </span>
    </p>
   </div>
   <div class='ocr_carea' id='block_1_8' title="bbox 1155 751 1611 795">
    <p class='ocr_par' dir='ltr' id='par_1_10' title="bbox 1155 751 1611 795">
     <span class='ocr_line' id='line_1_24' title="bbox 1155 751 1611 795; baseline 0 -1"><span class='ocrx_word' id='word_1_82' title='bbox 1155 751 1371 795; x_wconf 81' lang='lat' dir='ltr'>PSALMus</span> <span class='ocrx_word' id='word_1_83' title='bbox 1405 752 1611 795; x_wconf 85' lang='lat' dir='ltr'>LXXIII</span> 
     </span>
    </p>
   </div>
   <div class='ocr_carea' id='block_1_9' title="bbox 521 835 2245 895">
    <p class='ocr_par' dir='ltr' id='par_1_11' title="bbox 521 835 2245 895">
     <span class='ocr_line' id='line_1_25' title="bbox 521 835 2245 895; baseline 0.004 -18"><span class='ocrx_word' id='word_1_84' title='bbox 521 835 578 877; x_wconf 79' lang='lat' dir='ltr'>In</span> <span class='ocrx_word' id='word_1_85' title='bbox 595 837 756 892; x_wconf 76' lang='lat' dir='ltr'>populi</span> <span class='ocrx_word' id='word_1_86' title='bbox 776 838 1029 882; x_wconf 79' lang='lat' dir='ltr'>calamitate</span> <span class='ocrx_word' id='word_1_87' title='bbox 1056 839 1287 895; x_wconf 67' lang='lat' dir='ltr'>templique</span> <span class='ocrx_word' id='word_1_88' title='bbox 1320 840 1616 883; x_wconf 77' lang='lat' dir='ltr'>devastatione</span> <span class='ocrx_word' id='word_1_89' title='bbox 1639 841 1871 883; x_wconf 73' lang='lat' dir='ltr'>invocatur</span> <span class='ocrx_word' id='word_1_90' title='bbox 1892 839 1984 882; x_wconf 74' lang='lat' dir='ltr'>Dei</span> <span class='ocrx_word' id='word_1_91' title='bbox 2009 840 2245 884; x_wconf 73' lang='lat' dir='ltr'>auxilium.</span> 
     </span>
    </p>
   </div>
   <div class='ocr_carea' id='block_1_10' title="bbox 522 921 1022 982">
    <p class='ocr_par' dir='ltr' id='par_1_12' title="bbox 522 921 1022 982">
     <span class='ocr_line' id='line_1_26' title="bbox 522 921 1022 982; baseline 0.01 -18"><span class='ocrx_word' id='word_1_92' title='bbox 522 921 535 947; x_wconf 93' lang='grc'>1</span> <span class='ocrx_word' id='word_1_93' title='bbox 563 923 826 967; x_wconf 75' lang='lat' dir='ltr'>Intellectus</span> <span class='ocrx_word' id='word_1_94' title='bbox 853 925 1022 982; x_wconf 88' lang='lat' dir='ltr'>Asaph.</span> 
     </span>
    </p>
   </div>
   <div class='ocr_carea' id='block_1_11' title="bbox 641 998 2299 3554">
    <p class='ocr_par' dir='ltr' id='par_1_13' title="bbox 641 998 2299 3554">
     <span class='ocr_line' id='line_1_27' title="bbox 701 998 1566 1057; baseline 0.005 -17"><span class='ocrx_word' id='word_1_95' title='bbox 701 998 764 1041; x_wconf 89' lang='lat' dir='ltr'>Ut</span> <span class='ocrx_word' id='word_1_96' title='bbox 789 999 915 1055; x_wconf 89' lang='lat' dir='ltr'>quid,</span> <span class='ocrx_word' id='word_1_97' title='bbox 945 1001 1085 1057; x_wconf 89' lang='lat' dir='ltr'>Deus,</span> <span class='ocrx_word' id='word_1_98' title='bbox 1112 1001 1313 1057; x_wconf 82' lang='lat' dir='ltr'>repulisti</span> <span class='ocrx_word' id='word_1_99' title='bbox 1338 1001 1383 1043; x_wconf 89' lang='lat' dir='ltr'>in</span> <span class='ocrx_word' id='word_1_100' title='bbox 1411 1002 1566 1057; x_wconf 89' lang='lat' dir='ltr'>finem,</span> 
     </span>
     <span class='ocr_line' id='line_1_28' title="bbox 757 1057 1897 1116; baseline 0.004 -16"><span class='ocrx_word' id='word_1_101' title='bbox 757 1057 896 1101; x_wconf 86' lang='lat' dir='ltr'>iratus</span> <span class='ocrx_word' id='word_1_102' title='bbox 923 1064 990 1102; x_wconf 92' lang='lat' dir='ltr'>est</span> <span class='ocrx_word' id='word_1_103' title='bbox 1014 1059 1139 1103; x_wconf 85' lang='lat' dir='ltr'>furor</span> <span class='ocrx_word' id='word_1_104' title='bbox 1164 1065 1265 1102; x_wconf 88' lang='lat' dir='ltr'>tuus</span> <span class='ocrx_word' id='word_1_105' title='bbox 1287 1075 1418 1116; x_wconf 88' lang='lat' dir='ltr'>super</span> <span class='ocrx_word' id='word_1_106' title='bbox 1443 1074 1547 1103; x_wconf 88' lang='lat' dir='ltr'>oves</span> <span class='ocrx_word' id='word_1_107' title='bbox 1569 1074 1748 1116; x_wconf 86' lang='lat' dir='ltr'>pascuae</span> <span class='ocrx_word' id='word_1_108' title='bbox 1774 1061 1897 1105; x_wconf 76' lang='lat' dir='ltr'>tuae?</span> 
     </span>
     <span class='ocr_line' id='line_1_29' title="bbox 658 1115 1507 1176; baseline 0.005 -17"><span class='ocrx_word' id='word_1_109' title='bbox 658 1115 675 1141; x_wconf 66' lang='lat'>‘⁶&#39;</span> <span class='ocrx_word' id='word_1_110' title='bbox 694 1117 864 1160; x_wconf 83' lang='lat' dir='ltr'>Memor</span> <span class='ocrx_word' id='word_1_111' title='bbox 889 1123 983 1161; x_wconf 90' lang='lat' dir='ltr'>esto</span> <span class='ocrx_word' id='word_1_112' title='bbox 1010 1118 1371 1174; x_wconf 88' lang='lat' dir='ltr'>congregationis</span> <span class='ocrx_word' id='word_1_113' title='bbox 1396 1124 1507 1176; x_wconf 80' lang='lat' dir='ltr'>tuae,</span> 
     </span>
     <span class='ocr_line' id='line_1_30' title="bbox 760 1177 1397 1233; baseline 0.003 -14"><span class='ocrx_word' id='word_1_114' title='bbox 760 1191 893 1232; x_wconf 87' lang='lat' dir='ltr'>quam</span> <span class='ocrx_word' id='word_1_115' title='bbox 915 1177 1150 1233; x_wconf 77' lang='lat' dir='ltr'>possedisti</span> <span class='ocrx_word' id='word_1_116' title='bbox 1175 1178 1229 1220; x_wconf 90' lang='lat' dir='ltr'>ab</span> <span class='ocrx_word' id='word_1_117' title='bbox 1255 1178 1397 1222; x_wconf 85' lang='lat' dir='ltr'>initio.</span> 
     </span>
     <span class='ocr_line' id='line_1_31' title="bbox 701 1235 1572 1295; baseline 0.003 -17"><span class='ocrx_word' id='word_1_118' title='bbox 701 1235 948 1279; x_wconf 83' lang='lat' dir='ltr'>Redemisti</span> <span class='ocrx_word' id='word_1_119' title='bbox 974 1236 1148 1292; x_wconf 87' lang='lat' dir='ltr'>virgam</span> <span class='ocrx_word' id='word_1_120' title='bbox 1173 1237 1435 1280; x_wconf 88' lang='lat' dir='ltr'>hereditatis</span> <span class='ocrx_word' id='word_1_121' title='bbox 1461 1243 1572 1295; x_wconf 81' lang='lat' dir='ltr'>tuae,</span> 
     </span>
     <span class='ocr_line' id='line_1_32' title="bbox 758 1295 1618 1352; baseline 0.005 -15"><span class='ocrx_word' id='word_1_122' title='bbox 758 1309 884 1338; x_wconf 91' lang='lat' dir='ltr'>mons</span> <span class='ocrx_word' id='word_1_123' title='bbox 907 1295 1034 1352; x_wconf 84' lang='lat' dir='ltr'>Sion,</span> <span class='ocrx_word' id='word_1_124' title='bbox 1061 1296 1108 1338; x_wconf 89' lang='lat' dir='ltr'>in</span> <span class='ocrx_word' id='word_1_125' title='bbox 1130 1311 1214 1352; x_wconf 88' lang='lat' dir='ltr'>quo</span> <span class='ocrx_word' id='word_1_126' title='bbox 1240 1297 1457 1340; x_wconf 83' lang='lat' dir='ltr'>habitasti</span> <span class='ocrx_word' id='word_1_127' title='bbox 1483 1297 1527 1339; x_wconf 90' lang='lat' dir='ltr'>in</span> <span class='ocrx_word' id='word_1_128' title='bbox 1554 1313 1618 1343; x_wconf 89' lang='lat' dir='ltr'>eo.</span> 
     </span>
     <span class='ocr_line' id='line_1_33' title="bbox 657 1353 1869 1413; baseline 0.004 -17"><span class='ocrx_word' id='word_1_129' title='bbox 657 1353 675 1380; x_wconf 81' lang='lat'><strong>3</strong></span> <span class='ocrx_word' id='word_1_130' title='bbox 693 1355 815 1397; x_wconf 88' lang='lat' dir='ltr'>Leva</span> <span class='ocrx_word' id='word_1_131' title='bbox 840 1370 998 1398; x_wconf 87' lang='lat' dir='ltr'>manus</span> <span class='ocrx_word' id='word_1_132' title='bbox 1024 1361 1122 1399; x_wconf 85' lang='lat' dir='ltr'>tuas</span> <span class='ocrx_word' id='word_1_133' title='bbox 1148 1356 1194 1399; x_wconf 90' lang='lat' dir='ltr'>in</span> <span class='ocrx_word' id='word_1_134' title='bbox 1219 1357 1449 1413; x_wconf 81' lang='lat' dir='ltr'>superbias</span> <span class='ocrx_word' id='word_1_135' title='bbox 1475 1371 1627 1400; x_wconf 88' lang='lat' dir='ltr'>eorum</span> <span class='ocrx_word' id='word_1_136' title='bbox 1647 1358 1694 1400; x_wconf 88' lang='lat' dir='ltr'>in</span> <span class='ocrx_word' id='word_1_137' title='bbox 1720 1358 1869 1402; x_wconf 90' lang='lat' dir='ltr'>finem.</span> 
     </span>
     <span class='ocr_line' id='line_1_34' title="bbox 759 1413 1826 1471; baseline 0.004 -15"><span class='ocrx_word' id='word_1_138' title='bbox 759 1413 934 1464; x_wconf 84' lang='lat' dir='ltr'>Quanta</span> <span class='ocrx_word' id='word_1_139' title='bbox 960 1415 1233 1471; x_wconf 80' lang='lat' dir='ltr'>malignatus</span> <span class='ocrx_word' id='word_1_140' title='bbox 1255 1422 1322 1459; x_wconf 92' lang='lat' dir='ltr'>est</span> <span class='ocrx_word' id='word_1_141' title='bbox 1345 1416 1554 1459; x_wconf 88' lang='lat' dir='ltr'>inimicus</span> <span class='ocrx_word' id='word_1_142' title='bbox 1580 1417 1626 1459; x_wconf 91' lang='lat' dir='ltr'>in</span> <span class='ocrx_word' id='word_1_143' title='bbox 1650 1418 1826 1461; x_wconf 84' lang='lat' dir='ltr'>sancto!</span> 
     </span>
     <span class='ocr_line' id='line_1_35' title="bbox 657 1472 2163 1535; baseline 0.004 -20"><span class='ocrx_word' id='word_1_144' title='bbox 657 1472 672 1498; x_wconf 72' lang='lat'><strong><em>4</em></strong></span> <span class='ocrx_word' id='word_1_145' title='bbox 693 1474 750 1515; x_wconf 81' lang='lat' dir='ltr'>Et·</span> <span class='ocrx_word' id='word_1_146' title='bbox 775 1473 954 1529; x_wconf 89' lang='lat' dir='ltr'>gloriati</span> <span class='ocrx_word' id='word_1_147' title='bbox 980 1480 1082 1518; x_wconf 91' lang='lat' dir='ltr'>sunt</span> <span class='ocrx_word' id='word_1_148' title='bbox 1104 1475 1179 1531; x_wconf 88' lang='lat' dir='ltr'>qui</span> <span class='ocrx_word' id='word_1_149' title='bbox 1201 1476 1388 1519; x_wconf 87' lang='lat' dir='ltr'>oderunt</span> <span class='ocrx_word' id='word_1_150' title='bbox 1413 1482 1457 1519; x_wconf 90' lang='lat' dir='ltr'>te</span> <span class='ocrx_word' id='word_1_151' title='bbox 1477 1476 1523 1518; x_wconf 88' lang='lat' dir='ltr'>in</span> <span class='ocrx_word' id='word_1_152' title='bbox 1552 1476 1697 1521; x_wconf 89' lang='lat' dir='ltr'>medio</span> <span class='ocrx_word' id='word_1_153' title='bbox 1723 1477 2020 1521; x_wconf 85' lang='lat' dir='ltr'>solemnitatis</span> <span class='ocrx_word' id='word_1_154' title='bbox 2046 1482 2163 1535; x_wconf 81' lang='lat' dir='ltr'>tuae3</span> 
     </span>
     <span class='ocr_line' id='line_1_36' title="bbox 760 1535 1454 1591; baseline 0.003 -15"><span class='ocrx_word' id='word_1_155' title='bbox 760 1540 998 1589; x_wconf 86' lang='lat' dir='ltr'>posuerunt</span> <span class='ocrx_word' id='word_1_156' title='bbox 1024 1535 1153 1590; x_wconf 86' lang='lat' dir='ltr'>signa</span> <span class='ocrx_word' id='word_1_157' title='bbox 1177 1550 1276 1590; x_wconf 86' lang='lat' dir='ltr'>sua,</span> <span class='ocrx_word' id='word_1_158' title='bbox 1300 1535 1454 1591; x_wconf 86' lang='lat' dir='ltr'>signa;</span> 
     </span>
     <span class='ocr_line' id='line_1_37' title="bbox 719 1592 2016 1653; baseline 0.002 -18"><span class='ocrx_word' id='word_1_159' title='bbox 719 1592 736 1618; x_wconf 76' lang='lat'>5</span> <span class='ocrx_word' id='word_1_160' title='bbox 754 1598 797 1635; x_wconf 88' lang='lat' dir='ltr'>et</span> <span class='ocrx_word' id='word_1_161' title='bbox 822 1607 911 1636; x_wconf 88' lang='lat' dir='ltr'>non</span> <span class='ocrx_word' id='word_1_162' title='bbox 939 1600 1242 1649; x_wconf 80' lang='lat' dir='ltr'>cognoverunt</span> <span class='ocrx_word' id='word_1_163' title='bbox 1266 1595 1380 1637; x_wconf 90' lang='lat' dir='ltr'>sicut</span> <span class='ocrx_word' id='word_1_164' title='bbox 1403 1595 1451 1637; x_wconf 87' lang='lat' dir='ltr'>in</span> <span class='ocrx_word' id='word_1_165' title='bbox 1476 1595 1599 1638; x_wconf 75' lang='lat' dir='ltr'>exitu</span> <span class='ocrx_word' id='word_1_166' title='bbox 1622 1610 1753 1653; x_wconf 86' lang='lat' dir='ltr'>super</span> <span class='ocrx_word' id='word_1_167' title='bbox 1779 1610 2016 1638; x_wconf 88' lang='lat' dir='ltr'>summum.</span> 
     </span>
     <span class='ocr_line' id='line_1_38' title="bbox 702 1652 1568 1710; baseline 0.005 -17"><span class='ocrx_word' id='word_1_168' title='bbox 702 1652 835 1702; x_wconf 77' lang='lat' dir='ltr'>Quasi</span> <span class='ocrx_word' id='word_1_169' title='bbox 857 1652 903 1694; x_wconf 91' lang='lat' dir='ltr'>in</span> <span class='ocrx_word' id='word_1_170' title='bbox 930 1653 1043 1695; x_wconf 86' lang='lat' dir='ltr'>silva</span> <span class='ocrx_word' id='word_1_171' title='bbox 1091 1653 1317 1710; x_wconf 88' lang='lat' dir='ltr'>lignorum</span> <span class='ocrx_word' id='word_1_172' title='bbox 1341 1654 1568 1697; x_wconf 80' lang='lat' dir='ltr'>securibus</span> 
     </span>
     <span class='ocr_line' id='line_1_39' title="bbox 717 1711 1631 1770; baseline 0.003 -17"><span class='ocrx_word' id='word_1_173' title='bbox 717 1711 734 1736; x_wconf 73' lang='grc'><strong>6</strong></span> <span class='ocrx_word' id='word_1_174' title='bbox 753 1711 1013 1755; x_wconf 77' lang='lat' dir='ltr'>exciderunt</span> <span class='ocrx_word' id='word_1_175' title='bbox 1037 1712 1198 1768; x_wconf 82' lang='lat' dir='ltr'>januas</span> <span class='ocrx_word' id='word_1_176' title='bbox 1218 1713 1316 1769; x_wconf 82' lang='lat' dir='ltr'>ejus</span> <span class='ocrx_word' id='word_1_177' title='bbox 1340 1713 1386 1755; x_wconf 87' lang='lat' dir='ltr'>in</span> <span class='ocrx_word' id='word_1_178' title='bbox 1411 1714 1631 1770; x_wconf 88' lang='lat' dir='ltr'>idipsum;</span> 
     </span>
     <span class='ocr_line' id='line_1_40' title="bbox 758 1770 1617 1828; baseline 0.005 -16"><span class='ocrx_word' id='word_1_179' title='bbox 758 1770 804 1812; x_wconf 88' lang='lat' dir='ltr'>in</span> <span class='ocrx_word' id='word_1_180' title='bbox 830 1771 971 1813; x_wconf 86' lang='lat' dir='ltr'>securi</span> <span class='ocrx_word' id='word_1_181' title='bbox 998 1777 1043 1815; x_wconf 90' lang='lat' dir='ltr'>et</span> <span class='ocrx_word' id='word_1_182' title='bbox 1067 1773 1188 1815; x_wconf 83' lang='lat' dir='ltr'>ascia</span> <span class='ocrx_word' id='word_1_183' title='bbox 1219 1773 1480 1828; x_wconf 79' lang='lat' dir='ltr'>dejecerunt</span> <span class='ocrx_word' id='word_1_184' title='bbox 1505 1788 1617 1816; x_wconf 89' lang='lat' dir='ltr'>eam.</span> 
     </span>
     <span class='ocr_line' id='line_1_41' title="bbox 659 1828 1620 1887; baseline 0.002 -15"><span class='ocrx_word' id='word_1_185' title='bbox 659 1828 674 1855; x_wconf 79' lang='lat'><strong>7</strong></span> <span class='ocrx_word' id='word_1_186' title='bbox 696 1830 997 1873; x_wconf 88' lang='lat' dir='ltr'>Incenderunt</span> <span class='ocrx_word' id='word_1_187' title='bbox 1020 1831 1114 1886; x_wconf 88' lang='lat' dir='ltr'>igni</span> <span class='ocrx_word' id='word_1_188' title='bbox 1141 1832 1443 1874; x_wconf 84' lang='lat' dir='ltr'>sanctuarium</span> <span class='ocrx_word' id='word_1_189' title='bbox 1469 1837 1620 1887; x_wconf 86' lang='lat' dir='ltr'>tuum;</span> 
     </span>
     <span class='ocr_line' id='line_1_42' title="bbox 760 1889 1917 1947; baseline 0.004 -16"><span class='ocrx_word' id='word_1_190' title='bbox 760 1889 805 1931; x_wconf 89' lang='grc'>111</span> <span class='ocrx_word' id='word_1_191' title='bbox 831 1894 947 1932; x_wconf 88' lang='lat' dir='ltr'>terra</span> <span class='ocrx_word' id='word_1_192' title='bbox 972 1891 1225 1947; x_wconf 87' lang='lat' dir='ltr'>polluerunt</span> <span class='ocrx_word' id='word_1_193' title='bbox 1249 1891 1590 1934; x_wconf 87' lang='lat' dir='ltr'>tabernaculum</span> <span class='ocrx_word' id='word_1_194' title='bbox 1619 1893 1812 1935; x_wconf 85' lang='lat' dir='ltr'>nominis</span> <span class='ocrx_word' id='word_1_195' title='bbox 1837 1893 1917 1937; x_wconf 88' lang='lat' dir='ltr'>tui.</span> 
     </span>
     <span class='ocr_line' id='line_1_43' title="bbox 660 1947 1856 2006; baseline 0.004 -15"><span class='ocrx_word' id='word_1_196' title='bbox 660 1947 676 1973; x_wconf 74' lang='grc'>8</span> <span class='ocrx_word' id='word_1_197' title='bbox 695 1948 915 1992; x_wconf 81' lang='lat' dir='ltr'>Dixerunt</span> <span class='ocrx_word' id='word_1_198' title='bbox 935 1949 981 1991; x_wconf 91' lang='grc'>111</span> <span class='ocrx_word' id='word_1_199' title='bbox 1009 1950 1138 1993; x_wconf 89' lang='lat' dir='ltr'>corde</span> <span class='ocrx_word' id='word_1_200' title='bbox 1164 1965 1240 1993; x_wconf 86' lang='lat' dir='ltr'>suo</span> <span class='ocrx_word' id='word_1_201' title='bbox 1268 1950 1476 2006; x_wconf 84' lang='lat' dir='ltr'>cognatio</span> <span class='ocrx_word' id='word_1_202' title='bbox 1503 1965 1654 1994; x_wconf 88' lang='lat' dir='ltr'>eorum</span> <span class='ocrx_word' id='word_1_203' title='bbox 1680 1951 1812 1994; x_wconf 88' lang='lat' dir='ltr'>simul</span> <span class='ocrx_word' id='word_1_204' title='bbox 1847 1969 1856 1996; x_wconf 75' lang='grc' dir='ltr'>ε</span> 
     </span>
     <span class='ocr_line' id='line_1_44' title="bbox 758 2008 2012 2058; baseline 0.004 -8"><span class='ocrx_word' id='word_1_205' title='bbox 758 2008 988 2058; x_wconf 83' lang='lat' dir='ltr'>Quiescere</span> <span class='ocrx_word' id='word_1_206' title='bbox 1013 2009 1235 2052; x_wconf 80' lang='lat' dir='ltr'>faciamus</span> <span class='ocrx_word' id='word_1_207' title='bbox 1262 2024 1416 2053; x_wconf 84' lang='lat' dir='ltr'>omnes</span> <span class='ocrx_word' id='word_1_208' title='bbox 1438 2009 1532 2053; x_wconf 91' lang='lat' dir='ltr'>dies</span> <span class='ocrx_word' id='word_1_209' title='bbox 1557 2010 1697 2054; x_wconf 86' lang='lat' dir='ltr'>festos</span> <span class='ocrx_word' id='word_1_210' title='bbox 1725 2010 1810 2054; x_wconf 89' lang='lat' dir='ltr'>Dei</span> <span class='ocrx_word' id='word_1_211' title='bbox 1834 2026 1861 2054; x_wconf 84' lang='lat' dir='ltr'>a</span> <span class='ocrx_word' id='word_1_212' title='bbox 1882 2016 2012 2056; x_wconf 82' lang='lat' dir='ltr'>terra.</span> 
     </span>
     <span class='ocr_line' id='line_1_45' title="bbox 659 2066 1365 2125; baseline 0.004 -15"><span class='ocrx_word' id='word_1_213' title='bbox 659 2066 675 2092; x_wconf 77' lang='lat'><strong>9</strong></span> <span class='ocrx_word' id='word_1_214' title='bbox 695 2067 832 2123; x_wconf 80' lang='lat' dir='ltr'>Signa</span> <span class='ocrx_word' id='word_1_215' title='bbox 857 2073 1008 2111; x_wconf 86' lang='lat' dir='ltr'>nostra</span> <span class='ocrx_word' id='word_1_216' title='bbox 1033 2083 1121 2111; x_wconf 89' lang='lat' dir='ltr'>non</span> <span class='ocrx_word' id='word_1_217' title='bbox 1145 2069 1365 2125; x_wconf 75' lang='lat' dir='ltr'>vidimus,</span> 
     </span>
     <span class='ocr_line' id='line_1_46' title="bbox 757 2127 1319 2185; baseline 0.005 -16"><span class='ocrx_word' id='word_1_218' title='bbox 757 2127 851 2183; x_wconf 76' lang='lat' dir='ltr'>jam</span> <span class='ocrx_word' id='word_1_219' title='bbox 877 2142 965 2171; x_wconf 89' lang='lat' dir='ltr'>non</span> <span class='ocrx_word' id='word_1_220' title='bbox 987 2133 1054 2171; x_wconf 90' lang='lat' dir='ltr'>est</span> <span class='ocrx_word' id='word_1_221' title='bbox 1078 2129 1319 2185; x_wconf 71' lang='lat' dir='ltr'>propheta,</span> 
     </span>
     <span class='ocr_line' id='line_1_47' title="bbox 758 2189 1511 2245; baseline 0.004 -16"><span class='ocrx_word' id='word_1_222' title='bbox 758 2192 801 2229; x_wconf 93' lang='lat' dir='ltr'>et</span> <span class='ocrx_word' id='word_1_223' title='bbox 827 2201 905 2230; x_wconf 88' lang='lat' dir='ltr'>nos</span> <span class='ocrx_word' id='word_1_224' title='bbox 931 2201 1018 2230; x_wconf 87' lang='lat' dir='ltr'>non</span> <span class='ocrx_word' id='word_1_225' title='bbox 1043 2194 1281 2243; x_wconf 87' lang='lat' dir='ltr'>cognoscet</span> <span class='ocrx_word' id='word_1_226' title='bbox 1306 2189 1511 2245; x_wconf 85' lang='lat' dir='ltr'>amplius.</span> 
     </span>
     <span class='ocr_line' id='line_1_48' title="bbox 642 2245 1738 2304; baseline 0.005 -16"><span class='ocrx_word' id='word_1_227' title='bbox 642 2245 677 2271; x_wconf 81' lang='lat'>¹0</span> <span class='ocrx_word' id='word_1_228' title='bbox 695 2246 955 2302; x_wconf 84' lang='lat' dir='ltr'>Usquequo,</span> <span class='ocrx_word' id='word_1_229' title='bbox 984 2248 1124 2303; x_wconf 89' lang='lat' dir='ltr'>Deus,</span> <span class='ocrx_word' id='word_1_230' title='bbox 1150 2247 1472 2304; x_wconf 83' lang='lat' dir='ltr'>improperabit</span> <span class='ocrx_word' id='word_1_231' title='bbox 1497 2248 1738 2293; x_wconf 84' lang='lat' dir='ltr'>inimicus?</span> 
     </span>
     <span class='ocr_line' id='line_1_49' title="bbox 759 2305 1809 2352; baseline 0.004 -5"><span class='ocrx_word' id='word_1_232' title='bbox 759 2305 905 2348; x_wconf 89' lang='lat' dir='ltr'>irritat</span> <span class='ocrx_word' id='word_1_233' title='bbox 929 2306 1209 2350; x_wconf 76' lang='lat' dir='ltr'>adversarius</span> <span class='ocrx_word' id='word_1_234' title='bbox 1235 2322 1396 2350; x_wconf 86' lang='lat' dir='ltr'>nomen</span> <span class='ocrx_word' id='word_1_235' title='bbox 1418 2313 1546 2350; x_wconf 85' lang='lat' dir='ltr'>tuum</span> <span class='ocrx_word' id='word_1_236' title='bbox 1568 2309 1613 2351; x_wconf 88' lang='lat' dir='ltr'>in</span> <span class='ocrx_word' id='word_1_237' title='bbox 1639 2308 1809 2352; x_wconf 83' lang='lat' dir='ltr'>finem?</span> 
     </span>
     <span class='ocr_line' id='line_1_50' title="bbox 644 2365 1462 2423; baseline 0 -14"><span class='ocrx_word' id='word_1_238' title='bbox 644 2365 674 2390; x_wconf 79' lang='lat'>¹¹</span> <span class='ocrx_word' id='word_1_239' title='bbox 696 2366 759 2409; x_wconf 90' lang='lat' dir='ltr'>Ut</span> <span class='ocrx_word' id='word_1_240' title='bbox 784 2365 890 2421; x_wconf 88' lang='lat' dir='ltr'>quid</span> <span class='ocrx_word' id='word_1_241' title='bbox 917 2366 1081 2409; x_wconf 82' lang='lat' dir='ltr'>avertis</span> <span class='ocrx_word' id='word_1_242' title='bbox 1107 2381 1289 2409; x_wconf 89' lang='lat' dir='ltr'>manum</span> <span class='ocrx_word' id='word_1_243' title='bbox 1314 2372 1462 2423; x_wconf 88' lang='lat' dir='ltr'>tuam,</span> 
     </span>
     <span class='ocr_line' id='line_1_51' title="bbox 760 2425 1957 2472; baseline 0.003 -4"><span class='ocrx_word' id='word_1_244' title='bbox 760 2430 802 2468; x_wconf 91' lang='lat' dir='ltr'>et</span> <span class='ocrx_word' id='word_1_245' title='bbox 829 2425 1060 2468; x_wconf 80' lang='lat' dir='ltr'>dexteram</span> <span class='ocrx_word' id='word_1_246' title='bbox 1086 2430 1210 2468; x_wconf 85' lang='lat' dir='ltr'>tuam</span> <span class='ocrx_word' id='word_1_247' title='bbox 1237 2426 1290 2469; x_wconf 88' lang='lat' dir='ltr'>de</span> <span class='ocrx_word' id='word_1_248' title='bbox 1316 2427 1462 2470; x_wconf 89' lang='lat' dir='ltr'>medio</span> <span class='ocrx_word' id='word_1_249' title='bbox 1490 2428 1590 2471; x_wconf 89' lang='lat' dir='ltr'>sinu</span> <span class='ocrx_word' id='word_1_250' title='bbox 1614 2433 1689 2471; x_wconf 91' lang='lat' dir='ltr'>tuo</span> <span class='ocrx_word' id='word_1_251' title='bbox 1713 2428 1761 2471; x_wconf 90' lang='lat' dir='ltr'>in</span> <span class='ocrx_word' id='word_1_252' title='bbox 1787 2428 1957 2472; x_wconf 83' lang='lat' dir='ltr'>finem?</span> 
     </span>
     <span class='ocr_line' id='line_1_52' title="bbox 645 2483 1613 2544; baseline 0.004 -18"><span class='ocrx_word' id='word_1_253' title='bbox 645 2483 680 2509; x_wconf 64' lang='lat'>¹2</span> <span class='ocrx_word' id='word_1_254' title='bbox 700 2485 818 2527; x_wconf 89' lang='lat' dir='ltr'>Deus</span> <span class='ocrx_word' id='word_1_255' title='bbox 844 2490 994 2528; x_wconf 87' lang='lat' dir='ltr'>autem</span> <span class='ocrx_word' id='word_1_256' title='bbox 1015 2499 1094 2528; x_wconf 79' lang='lat' dir='ltr'>rex</span> <span class='ocrx_word' id='word_1_257' title='bbox 1119 2491 1268 2529; x_wconf 88' lang='lat' dir='ltr'>noster</span> <span class='ocrx_word' id='word_1_258' title='bbox 1293 2491 1397 2530; x_wconf 88' lang='lat' dir='ltr'>ante</span> <span class='ocrx_word' id='word_1_259' title='bbox 1423 2488 1613 2544; x_wconf 81' lang='lat' dir='ltr'>saecula,</span> 
     </span>
     <span class='ocr_line' id='line_1_53' title="bbox 760 2545 1692 2600; baseline 0.004 -13"><span class='ocrx_word' id='word_1_260' title='bbox 760 2551 965 2600; x_wconf 71' lang='lat' dir='ltr'>operatus</span> <span class='ocrx_word' id='word_1_261' title='bbox 991 2550 1058 2588; x_wconf 91' lang='lat' dir='ltr'>est</span> <span class='ocrx_word' id='word_1_262' title='bbox 1082 2545 1273 2588; x_wconf 87' lang='lat' dir='ltr'>salutem</span> <span class='ocrx_word' id='word_1_263' title='bbox 1298 2546 1344 2588; x_wconf 88' lang='lat' dir='ltr'>in</span> <span class='ocrx_word' id='word_1_264' title='bbox 1371 2546 1517 2589; x_wconf 89' lang='lat' dir='ltr'>medio</span> <span class='ocrx_word' id='word_1_265' title='bbox 1544 2552 1692 2593; x_wconf 85' lang='lat' dir='ltr'>terrae.</span> 
     </span>
     <span class='ocr_line' id='line_1_54' title="bbox 641 2603 1588 2661; baseline 0.003 -15"><span class='ocrx_word' id='word_1_266' title='bbox 641 2603 677 2629; x_wconf 82' lang='grc'>13</span> <span class='ocrx_word' id='word_1_267' title='bbox 695 2604 761 2653; x_wconf 79' lang='lat' dir='ltr'>Tu</span> <span class='ocrx_word' id='word_1_268' title='bbox 788 2603 1059 2647; x_wconf 88' lang='lat' dir='ltr'>confirmasti</span> <span class='ocrx_word' id='word_1_269' title='bbox 1085 2604 1129 2647; x_wconf 86' lang='lat' dir='ltr'>in</span> <span class='ocrx_word' id='word_1_270' title='bbox 1155 2604 1319 2648; x_wconf 80' lang='lat' dir='ltr'>virtute</span> <span class='ocrx_word' id='word_1_271' title='bbox 1341 2610 1417 2648; x_wconf 89' lang='lat' dir='ltr'>tua</span> <span class='ocrx_word' id='word_1_272' title='bbox 1443 2621 1588 2661; x_wconf 83' lang='lat' dir='ltr'>mare;</span> 
     </span>
     <span class='ocr_line' id='line_1_55' title="bbox 759 2663 1745 2722; baseline 0.004 -17"><span class='ocrx_word' id='word_1_273' title='bbox 759 2663 1067 2706; x_wconf 87' lang='lat' dir='ltr'>contribulasti</span> <span class='ocrx_word' id='word_1_274' title='bbox 1095 2664 1245 2721; x_wconf 89' lang='lat' dir='ltr'>capita</span> <span class='ocrx_word' id='word_1_275' title='bbox 1270 2665 1514 2708; x_wconf 88' lang='lat' dir='ltr'>draconum</span> <span class='ocrx_word' id='word_1_276' title='bbox 1537 2666 1585 2708; x_wconf 92' lang='lat' dir='ltr'>in</span> <span class='ocrx_word' id='word_1_277' title='bbox 1610 2666 1745 2722; x_wconf 88' lang='lat' dir='ltr'>aquis.</span> 
     </span>
     <span class='ocr_line' id='line_1_56' title="bbox 642 2721 1639 2780; baseline 0.004 -15"><span class='ocrx_word' id='word_1_278' title='bbox 642 2721 677 2748; x_wconf 71' lang='lat'>¹4</span> <span class='ocrx_word' id='word_1_279' title='bbox 696 2723 762 2765; x_wconf 87' lang='lat' dir='ltr'>Tu</span> <span class='ocrx_word' id='word_1_280' title='bbox 789 2723 1051 2779; x_wconf 77' lang='lat' dir='ltr'>confregisti</span> <span class='ocrx_word' id='word_1_281' title='bbox 1079 2723 1226 2780; x_wconf 84' lang='lat' dir='ltr'>capita</span> <span class='ocrx_word' id='word_1_282' title='bbox 1251 2723 1483 2780; x_wconf 88' lang='lat' dir='ltr'>draconis;</span> <span class='ocrx_word' id='word_1_283' title='bbox 1638 2732 1639 2735; x_wconf 76' lang='grc'>’</span> 
     </span>
     <span class='ocr_line' id='line_1_57' title="bbox 759 2782 1716 2842; baseline 0.004 -18"><span class='ocrx_word' id='word_1_284' title='bbox 759 2782 920 2825; x_wconf 89' lang='lat' dir='ltr'>dedisti</span> <span class='ocrx_word' id='word_1_285' title='bbox 946 2797 1048 2825; x_wconf 89' lang='lat' dir='ltr'>eum</span> <span class='ocrx_word' id='word_1_286' title='bbox 1071 2797 1219 2826; x_wconf 89' lang='lat' dir='ltr'>escam</span> <span class='ocrx_word' id='word_1_287' title='bbox 1241 2783 1416 2840; x_wconf 89' lang='lat' dir='ltr'>populis</span> <span class='ocrx_word' id='word_1_288' title='bbox 1438 2784 1716 2842; x_wconf 87' lang='lat' dir='ltr'>AEthiopum.</span> 
     </span>
     <span class='ocr_line' id='line_1_58' title="bbox 642 2841 1498 2899; baseline 0.004 -16"><span class='ocrx_word' id='word_1_289' title='bbox 642 2841 677 2867; x_wconf 73' lang='lat'>15</span> <span class='ocrx_word' id='word_1_290' title='bbox 696 2842 762 2884; x_wconf 82' lang='lat' dir='ltr'>Tu</span> <span class='ocrx_word' id='word_1_291' title='bbox 789 2841 993 2898; x_wconf 88' lang='lat' dir='ltr'>dirupisti</span> <span class='ocrx_word' id='word_1_292' title='bbox 1019 2842 1168 2885; x_wconf 84' lang='lat' dir='ltr'>fontes</span> <span class='ocrx_word' id='word_1_293' title='bbox 1192 2848 1235 2885; x_wconf 91' lang='lat' dir='ltr'>et</span> <span class='ocrx_word' id='word_1_294' title='bbox 1257 2848 1498 2899; x_wconf 84' lang='lat' dir='ltr'>torrentes3</span> 
     </span>
     <span class='ocr_line' id='line_1_59' title="bbox 758 2901 1380 2946; baseline 0.003 -3"><span class='ocrx_word' id='word_1_295' title='bbox 758 2906 807 2944; x_wconf 89' lang='lat' dir='ltr'>tu</span> <span class='ocrx_word' id='word_1_296' title='bbox 831 2901 1008 2944; x_wconf 85' lang='lat' dir='ltr'>siccasti</span> <span class='ocrx_word' id='word_1_297' title='bbox 1031 2901 1191 2945; x_wconf 81' lang='lat' dir='ltr'>fluvios</span> <span class='ocrx_word' id='word_1_298' title='bbox 1217 2903 1380 2946; x_wconf 86' lang='lat' dir='ltr'>Ethan.</span> 
     </span>
     <span class='ocr_line' id='line_1_60' title="bbox 642 2959 1448 3018; baseline 0.004 -16"><span class='ocrx_word' id='word_1_299' title='bbox 642 2959 678 2985; x_wconf 70' lang='lat'>1⁰</span> <span class='ocrx_word' id='word_1_300' title='bbox 696 2961 815 3003; x_wconf 81' lang='lat' dir='ltr'>Tuus</span> <span class='ocrx_word' id='word_1_301' title='bbox 841 2968 907 3004; x_wconf 89' lang='lat' dir='ltr'>est</span> <span class='ocrx_word' id='word_1_302' title='bbox 933 2960 1049 3016; x_wconf 86' lang='lat' dir='ltr'>dies,</span> <span class='ocrx_word' id='word_1_303' title='bbox 1073 2967 1117 3004; x_wconf 91' lang='lat' dir='ltr'>et</span> <span class='ocrx_word' id='word_1_304' title='bbox 1142 2966 1217 3004; x_wconf 89' lang='lat' dir='ltr'>tua</span> <span class='ocrx_word' id='word_1_305' title='bbox 1241 2967 1308 3005; x_wconf 87' lang='lat' dir='ltr'>est</span> <span class='ocrx_word' id='word_1_306' title='bbox 1332 2977 1448 3018; x_wconf 81' lang='lat' dir='ltr'>n0x3</span> 
     </span>
     <span class='ocr_line' id='line_1_61' title="bbox 759 3020 1619 3066; baseline 0.005 -4"><span class='ocrx_word' id='word_1_307' title='bbox 759 3025 807 3062; x_wconf 88' lang='lat' dir='ltr'>tu</span> <span class='ocrx_word' id='word_1_308' title='bbox 830 3020 1078 3064; x_wconf 85' lang='lat' dir='ltr'>fabricatus</span> <span class='ocrx_word' id='word_1_309' title='bbox 1102 3035 1148 3064; x_wconf 89' lang='lat' dir='ltr'>es</span> <span class='ocrx_word' id='word_1_310' title='bbox 1172 3036 1377 3064; x_wconf 82' lang='lat' dir='ltr'>auroram</span> <span class='ocrx_word' id='word_1_311' title='bbox 1400 3028 1445 3065; x_wconf 90' lang='lat' dir='ltr'>et</span> <span class='ocrx_word' id='word_1_312' title='bbox 1466 3023 1619 3066; x_wconf 88' lang='lat' dir='ltr'>solem.</span> 
     </span>
     <span class='ocr_line' id='line_1_62' title="bbox 644 3077 1526 3137; baseline 0.005 -17"><span class='ocrx_word' id='word_1_313' title='bbox 644 3077 677 3104; x_wconf 73' lang='lat'>¹7</span> <span class='ocrx_word' id='word_1_314' title='bbox 697 3079 764 3121; x_wconf 87' lang='lat' dir='ltr'>Tu</span> <span class='ocrx_word' id='word_1_315' title='bbox 790 3079 939 3122; x_wconf 77' lang='lat' dir='ltr'>fecisti</span> <span class='ocrx_word' id='word_1_316' title='bbox 963 3094 1114 3123; x_wconf 86' lang='lat' dir='ltr'>omnes</span> <span class='ocrx_word' id='word_1_317' title='bbox 1137 3081 1348 3124; x_wconf 88' lang='lat' dir='ltr'>terminos</span> <span class='ocrx_word' id='word_1_318' title='bbox 1375 3087 1526 3137; x_wconf 78' lang='lat' dir='ltr'>terrae;</span> 
     </span>
     <span class='ocr_line' id='line_1_63' title="bbox 763 3140 1595 3196; baseline 0.006 -16"><span class='ocrx_word' id='word_1_319' title='bbox 763 3143 965 3182; x_wconf 79' lang='lat' dir='ltr'>aestatem</span> <span class='ocrx_word' id='word_1_320' title='bbox 987 3144 1032 3182; x_wconf 90' lang='lat' dir='ltr'>et</span> <span class='ocrx_word' id='word_1_321' title='bbox 1056 3154 1132 3183; x_wconf 86' lang='lat' dir='ltr'>ver</span> <span class='ocrx_word' id='word_1_322' title='bbox 1154 3145 1201 3182; x_wconf 88' lang='lat' dir='ltr'>tu</span> <span class='ocrx_word' id='word_1_323' title='bbox 1226 3140 1459 3196; x_wconf 86' lang='lat' dir='ltr'>plasmasti</span> <span class='ocrx_word' id='word_1_324' title='bbox 1485 3156 1550 3186; x_wconf 87' lang='lat' dir='ltr'>ea.</span> <span class='ocrx_word' id='word_1_325' title='bbox 1589 3159 1595 3166; x_wconf 92' lang='lat'><strong>·</strong></span> 
     </span>
     <span class='ocr_line' id='line_1_64' title="bbox 642 3197 1972 3258; baseline 0.004 -19"><span class='ocrx_word' id='word_1_326' title='bbox 642 3197 677 3223; x_wconf 73' lang='grc'>13</span> <span class='ocrx_word' id='word_1_327' title='bbox 694 3197 864 3240; x_wconf 84' lang='lat' dir='ltr'>Memor</span> <span class='ocrx_word' id='word_1_328' title='bbox 885 3203 977 3241; x_wconf 88' lang='lat' dir='ltr'>esto</span> <span class='ocrx_word' id='word_1_329' title='bbox 999 3199 1156 3255; x_wconf 84' lang='lat' dir='ltr'>hujus,</span> <span class='ocrx_word' id='word_1_330' title='bbox 1182 3199 1392 3243; x_wconf 88' lang='lat' dir='ltr'>inimicus</span> <span class='ocrx_word' id='word_1_331' title='bbox 1415 3200 1737 3258; x_wconf 89' lang='lat' dir='ltr'>improperavit</span> <span class='ocrx_word' id='word_1_332' title='bbox 1759 3200 1972 3258; x_wconf 84' lang='lat' dir='ltr'>Domino,</span> 
     </span>
     <span class='ocr_line' id='line_1_65' title="bbox 757 3257 1835 3315; baseline 0.006 -17"><span class='ocrx_word' id='word_1_333' title='bbox 757 3262 801 3299; x_wconf 91' lang='lat' dir='ltr'>et</span> <span class='ocrx_word' id='word_1_334' title='bbox 826 3257 1012 3313; x_wconf 88' lang='lat' dir='ltr'>populus</span> <span class='ocrx_word' id='word_1_335' title='bbox 1037 3258 1252 3315; x_wconf 85' lang='lat' dir='ltr'>insipiens</span> <span class='ocrx_word' id='word_1_336' title='bbox 1278 3259 1486 3303; x_wconf 87' lang='lat' dir='ltr'>incitavit</span> <span class='ocrx_word' id='word_1_337' title='bbox 1509 3274 1670 3304; x_wconf 88' lang='lat' dir='ltr'>nomen</span> <span class='ocrx_word' id='word_1_338' title='bbox 1695 3264 1835 3304; x_wconf 87' lang='lat' dir='ltr'>tuum.</span> 
     </span>
     <span class='ocr_line' id='line_1_66' title="bbox 641 3315 1720 3373; baseline 0.003 -15"><span class='ocrx_word' id='word_1_339' title='bbox 641 3315 677 3342; x_wconf 77' lang='grc'>19</span> <span class='ocrx_word' id='word_1_340' title='bbox 695 3316 763 3359; x_wconf 86' lang='lat' dir='ltr'>Ne</span> <span class='ocrx_word' id='word_1_341' title='bbox 784 3315 934 3359; x_wconf 86' lang='lat' dir='ltr'>tradas</span> <span class='ocrx_word' id='word_1_342' title='bbox 958 3316 1113 3360; x_wconf 89' lang='lat' dir='ltr'>bestiis</span> <span class='ocrx_word' id='word_1_343' title='bbox 1134 3318 1309 3361; x_wconf 87' lang='lat' dir='ltr'>animas</span> <span class='ocrx_word' id='word_1_344' title='bbox 1332 3320 1593 3363; x_wconf 85' lang='lat' dir='ltr'>confitentes</span> <span class='ocrx_word' id='word_1_345' title='bbox 1615 3319 1720 3373; x_wconf 87' lang='lat' dir='ltr'>tibi,</span> 
     </span>
     <span class='ocr_line' id='line_1_67' title="bbox 758 3375 2082 3432; baseline 0.005 -15"><span class='ocrx_word' id='word_1_346' title='bbox 758 3380 801 3418; x_wconf 90' lang='lat' dir='ltr'>et</span> <span class='ocrx_word' id='word_1_347' title='bbox 822 3375 994 3418; x_wconf 85' lang='lat' dir='ltr'>animas</span> <span class='ocrx_word' id='word_1_348' title='bbox 1018 3390 1262 3432; x_wconf 85' lang='lat' dir='ltr'>pauperum</span> <span class='ocrx_word' id='word_1_349' title='bbox 1284 3383 1461 3421; x_wconf 89' lang='lat' dir='ltr'>tuorum</span> <span class='ocrx_word' id='word_1_350' title='bbox 1483 3393 1538 3422; x_wconf 91' lang='lat' dir='ltr'>ne</span> <span class='ocrx_word' id='word_1_351' title='bbox 1563 3378 1841 3422; x_wconf 65' lang='lat' dir='ltr'>obliviscaris</span> <span class='ocrx_word' id='word_1_352' title='bbox 1862 3379 1910 3422; x_wconf 90' lang='lat' dir='ltr'>in</span> <span class='ocrx_word' id='word_1_353' title='bbox 1935 3379 2082 3424; x_wconf 86' lang='lat' dir='ltr'>finem.</span> 
     </span>
     <span class='ocr_line' id='line_1_68' title="bbox 641 3433 1476 3492; baseline 0.004 -14"><span class='ocrx_word' id='word_1_354' title='bbox 641 3433 678 3461; x_wconf 71' lang='lat'>2⁰</span> <span class='ocrx_word' id='word_1_355' title='bbox 697 3435 883 3492; x_wconf 87' lang='lat' dir='ltr'>Respice</span> <span class='ocrx_word' id='word_1_356' title='bbox 907 3434 954 3477; x_wconf 92' lang='lat' dir='ltr'>in</span> <span class='ocrx_word' id='word_1_357' title='bbox 979 3439 1299 3480; x_wconf 85' lang='lat' dir='ltr'>testamentum</span> <span class='ocrx_word' id='word_1_358' title='bbox 1323 3443 1476 3492; x_wconf 89' lang='lat' dir='ltr'>tuum,</span> 
     </span>
     <span class='ocr_line' id='line_1_69' title="bbox 760 3493 2299 3554; baseline 0.005 -19"><span class='ocrx_word' id='word_1_359' title='bbox 760 3493 862 3550; x_wconf 88' lang='lat' dir='ltr'>quia</span> <span class='ocrx_word' id='word_1_360' title='bbox 882 3494 1040 3551; x_wconf 88' lang='lat' dir='ltr'>repleti</span> <span class='ocrx_word' id='word_1_361' title='bbox 1066 3500 1168 3537; x_wconf 88' lang='lat' dir='ltr'>sunt</span> <span class='ocrx_word' id='word_1_362' title='bbox 1186 3495 1260 3551; x_wconf 85' lang='lat' dir='ltr'>qui</span> <span class='ocrx_word' id='word_1_363' title='bbox 1275 3496 1496 3539; x_wconf 85' lang='lat' dir='ltr'>obscurati</span> <span class='ocrx_word' id='word_1_364' title='bbox 1511 3499 1616 3539; x_wconf 90' lang='lat' dir='ltr'>sunt</span> <span class='ocrx_word' id='word_1_365' title='bbox 1629 3500 1756 3540; x_wconf 87' lang='lat' dir='ltr'>terrae</span> <span class='ocrx_word' id='word_1_366' title='bbox 1772 3496 1979 3541; x_wconf 87' lang='lat' dir='ltr'>domibus</span> <span class='ocrx_word' id='word_1_367' title='bbox 1992 3496 2299 3554; x_wconf 84' lang='lat' dir='ltr'>iniquitatum.</span> 
     </span>
    </p>
   </div>
   <div class='ocr_carea' id='block_1_12' title="bbox 467 3637 1153 3674">
    <p class='ocr_par' dir='ltr' id='par_1_14' title="bbox 467 3637 1153 3674">
     <span class='ocr_line' id='line_1_70' title="bbox 467 3637 1153 3674; baseline 0 -8"><span class='ocrx_word' id='word_1_368' title='bbox 467 3637 495 3671; x_wconf 76' lang='lat'>7]</span> <span class='ocrx_word' id='word_1_369' title='bbox 514 3638 558 3665; x_wconf 87' lang='lat' dir='ltr'>lv</span> <span class='ocrx_word' id='word_1_370' title='bbox 578 3638 660 3671; x_wconf 77' lang='lat' dir='ltr'>Reg.</span> <span class='ocrx_word' id='word_1_371' title='bbox 679 3638 783 3674; x_wconf 82' lang='lat' dir='ltr'>XXV,</span> <span class='ocrx_word' id='word_1_372' title='bbox 801 3640 826 3666; x_wconf 79' lang='lat'>9.</span> <span class='ocrx_word' id='word_1_373' title='bbox 844 3652 879 3657; x_wconf 90' lang='lat'>—-</span> <span class='ocrx_word' id='word_1_374' title='bbox 899 3638 945 3672; x_wconf 85' lang='lat'>12]</span> <span class='ocrx_word' id='word_1_375' title='bbox 962 3637 1042 3665; x_wconf 87' lang='lat' dir='ltr'>Luc.</span> <span class='ocrx_word' id='word_1_376' title='bbox 1062 3637 1089 3672; x_wconf 88' lang='lat' dir='ltr'>I,</span> <span class='ocrx_word' id='word_1_377' title='bbox 1109 3640 1153 3666; x_wconf 83' lang='grc'>68.</span> 
     </span>
    </p>
   </div>
  </div>
 </body>
</html>
