2391 3861
885 101 955 143 III
993 100 1131 143 Esou.
1165 100 1306 154 VIII,
1343 102 1502 146 12-61.
2193 100 2243 142 9*

141 279 307 320 judicans
327 281 367 313 in
386 279 589 319 beneflciis,
615 279 772 318 proecepi
804 280 856 310 eis
883 279 947 318 qui
972 278 1186 310 desiderant
1206 285 1252 309 ex
1277 277 1389 316 gente
1417 277 1658 316 Judoeorum,
1683 284 1748 307 sua
1771 278 1922 316 sponte,
1950 279 1988 309 et
2011 284 2056 309 ex
2079 277 2237 309 sacerdo·

142 332 240 364 tibus
264 335 302 365 et
326 333 471 370 levitis,
495 331 558 370 qui
591 333 680 362 sunt
712 330 749 361 in
781 338 895 369 regno
928 337 1027 369 meo,
1053 328 1223 361 comitari
1249 330 1372 360 tecum
1398 328 1436 360 in
1457 328 1676 360 Jerusalem.
1701 319 1734 346 ¹²
1753 328 1788 360 Si
1813 329 1876 367 qui
1900 336 1988 368 ergo
2011 328 2170 368 cupiunt
2190 329 2242 362 ire

141 386 282 423 tecum,
305 384 548 421 conveniant,
577 384 614 413 et
646 382 940 420 proficiscantur,
965 381 1060 413 sicut
1088 380 1228 420 placuit
1257 379 1346 412 mihi
1370 382 1409 412 et
1440 381 1578 419 septem
1605 379 1732 411 amicis
1764 381 1854 412 meis
1885 379 2124 419 consiliariis,
2153 371 2186 399 ¹³
2203 382 2246 413 ut

143 436 293 468 visitent
316 443 358 468 ea
381 442 465 474 quae
489 434 656 473 aguntur
679 433 881 464 secundum
901 433 923 464 J
929 433 1076 464 udaeam
1103 435 1140 464 et
1163 432 1382 470 Jerusalem,
1407 431 1646 464 observantes
1669 431 1768 463 sicut
1792 430 1903 464 habes
1928 432 1967 463 in
1989 433 2066 472 lege
2088 431 2246 472 Domini,

142 478 172 504 ¹⁴
197 489 236 519 et
268 487 392 519 terunt
416 492 571 518 munera
603 483 759 516 Domino
785 484 861 516 Deo
886 484 1016 522 Israel,
1048 492 1131 523 quie
1162 483 1245 515 vovi
1276 492 1344 522 ego
1376 485 1415 515 et
1447 482 1555 515 amici
1587 483 1813 522 Jerusalem,
1844 484 1883 515 et
1908 491 2014 516 omne
2044 492 2177 516 aurum
2209 485 2248 516 et

140 541 355 578 argentum,
379 537 477 577 quod
502 535 697 568 inventum
723 535 840 567 fuerit
865 535 903 566 in
929 535 1076 573 regione
1094 535 1320 574 Babyloniae,
1340 536 1495 566 Domino
1520 536 1558 567 in
1583 535 1789 567 Jerusalem
1811 542 1895 566 cum
1920 526 2048 567 1110.15
2069 536 2171 574 Quod
2191 537 2248 568 est

142 590 319 622 donatum
344 596 410 629 pro
438 588 515 627 ipsa
545 589 655 627 gente
684 587 721 618 111
755 587 936 625 templum
971 586 1122 618 Domini
1154 594 1303 626 eorum,
1335 587 1433 626 quod
1458 588 1515 619 est
1549 586 1587 618 in
1618 587 1846 625 Jerusalem,
1875 589 1916 618 ut
1950 586 2152 626 colligatur
2180 587 2248 620 boc

142 648 274 673 aurum
297 642 336 672 et
359 642 557 679 argentum
586 639 633 670 ad
653 639 799 677 tauros,
823 640 861 670 ct
885 638 1044 676 arietes,
1064 639 1102 670 et
1126 645 1259 676 agnos,
1278 639 1316 670 et
1340 638 1484 677 haedos,
1511 639 1551 670 et
1575 646 1658 677 quae
1684 637 1738 669 his
1763 642 1851 670 sunt
1872 638 2123 678 congruentia,
2149 630 2181 656 ¹⁶
2204 641 2248 671 ut

139 693 299 724 offerant
330 691 470 724 hostias
503 690 659 723 Domino
690 697 800 729 super
827 690 946 721 altare
980 689 1127 721 Domini
1153 690 1339 728 ipsorum,
1367 690 1465 728 quod
1488 691 1546 722 est
1572 689 1609 721 in
1633 690 1853 722 Jerusalem.
1874 681 1905 707 ¹7
1925 690 1974 722 Et
1999 691 2123 722 omnia
2147 698 2249 730 (11130-

140 751 295 782 cumque
320 742 477 775 volueris
503 750 586 774 cum
613 741 795 772 fratribus
823 742 898 773 tuis
923 741 1043 772 facere
1069 749 1159 772 auro
1183 742 1219 772 et
1244 743 1418 779 argento,
1450 741 1580 780 perfice
1609 749 1675 780 pro
1701 742 1894 774 voluntate
1926 743 2009 780 tua.
2043 742 2248 774 secundum

141 797 368 835 pracceptum
400 794 546 826 Domini
574 793 638 825 Dei
663 794 741 832 tui;
776 784 808 810 ¹⁸
825 796 863 825 et
891 794 1123 824 sacrosancta
1154 800 1261 830 vasa,
1286 800 1369 831 quae
1396 792 1487 824 data
1516 794 1604 824 sunt
1634 792 1702 824 tibi
1731 794 1777 825 ad
1809 801 1922 832 opera
1946 794 2076 825 domus
2102 793 2249 826 Domini

142 846 205 879 Dei
231 846 306 886 tui,
329 854 412 886 quoe
437 848 495 878 est
521 845 559 877 in
583 845 812 884 Jerusalem;
837 836 871 862 ¹9
887 848 926 877 et
949 846 1072 876 cetera
1096 852 1339 884 quaecumque
1363 843 1430 875 tibi
1456 844 1698 876 subvenerint
1720 845 1764 876 ad
1789 852 1898 884 opera
1923 846 2050 885 templi
2080 845 2145 877 Dei
2174 846 2246 882 tui,

141 899 242 931 dabis
270 898 315 930 de
342 897 457 937 regali
481 897 766 938 gazophylaci03
797 888 834 915 ²⁰
850 904 934 928 cum
959 897 1121 928 volueris
1149 904 1233 927 cum
1265 895 1446 927 fratribus
1476 897 1551 928 tuis
1579 897 1698 928 facere
1724 904 1816 928 auro
1846 898 1885 928 et
1915 899 2089 937 argento,
2118 898 2250 937 perfice

140 950 341 983 secundum
361 950 596 982 voluntatem
622 948 778 982 Domini.
803 939 834 966 ²¹
853 949 900 980 Et
926 956 993 987 ego
1017 948 1189 987 quidem,
1216 955 1281 979 rex
1302 948 1548 987 Artaxerxes,
1573 948 1729 988 praecepi
1752 948 1963 981 custodibus
1988 949 2249 982 thesaurorum

141 1001 259 1042 syriae
285 1003 324 1034 et
352 1000 556 1039 Phoenicis,
581 1002 625 1033 ut
652 1008 896 1040 quaecumque
920 999 1105 1040 scripserit
1138 999 1272 1031 Esdras
1303 999 1493 1038 sacerdos,
1524 1001 1564 1032 et
1596 1001 1711 1032 lector
1739 999 1830 1039 legis
1859 1000 2023 1041 Domini,
2051 1001 2250 1041 diligenter

141 1054 252 1086 detur
275 1053 308 1086 ei
333 1061 448 1092 usque
475 1053 521 1085 ad
549 1054 696 1091 argenti
726 1053 869 1085 talenta
891 1055 1060 1092 centum,
1087 1051 1260 1084 similiter
1283 1052 1322 1083 et
1345 1051 1445 1090 auri,
1472 1043 1508 1069 ²²
1524 1053 1563 1083 et
1588 1059 1701 1090 usque
1726 1052 1772 1083 ad
1796 1052 1975 1084 frumenti
2002 1053 2140 1085 modios
2168 1061 2249 1086 cen-

140 1108 240 1144 tum,
265 1107 303 1138 et
332 1104 409 1137 vini
439 1105 636 1144 amphoras
664 1106 834 1145 centum,
859 1106 898 1137 et
922 1104 997 1136 alla
1023 1111 1268 1143 quaecumque
1293 1103 1487 1146 abundant
1511 1104 1590 1135 sine
1616 1103 1815 1135 taxatione.
1838 1094 1874 1122 23
1891 1104 2024 1137 Omnia
2048 1105 2249 1138 secundum

141 1158 258 1197 legem
280 1156 347 1189 Dei
367 1157 460 1189 fiant
486 1157 562 1190 Deo
583 1156 781 1197 altissimo,
805 1165 852 1189 ne
872 1157 970 1188 forte
986 1158 1146 1196 exurgat
1170 1155 1226 1188 ira
1246 1154 1285 1186 in
1304 1162 1418 1194 regno
1442 1156 1558 1195 regis,
1578 1156 1616 1188 et
1634 1154 1718 1195 filii,
1742 1156 1781 1188 et
1801 1154 1958 1187 filiorum
1978 1157 2067 1195 ejus.
2085 1150 2120 1174 ‘²⁴
2141 1157 2250 1190 Vobis

141 1214 266 1242 autem
289 1208 444 1250 dicItur,
466 1211 507 1241 ut
532 1209 702 1241 omnibus
718 1208 988 1248 sacerdotibus,
1012 1210 1050 1240 et
1074 1207 1213 1248 levitis,
1236 1208 1274 1239 et
1297 1207 1414 1238 sacris
1438 1207 1675 1247 cantoribus,
1699 1208 1737 1239 et
1753 1207 1871 1239 servis
1896 1208 2042 1248 templi,
2063 1212 2100 1241 et
2120 1209 2250 1242 scribis

141 1261 270 1301 templi
294 1261 416 1301 hujus,
444 1253 481 1279 25
498 1261 644 1293 nullum
665 1260 862 1301 tributum,
886 1268 1005 1300 neque
1027 1260 1104 1292 ulla
1126 1259 1197 1292 alia
1218 1258 1371 1291 indictio
1393 1259 1593 1299 irrogetur,
1618 1266 1686 1291 nec
1713 1259 1850 1291 habeat
1870 1258 2063 1298 quisquam
2089 1262 2249 1300 potesta-

141 1316 217 1346 tem
244 1313 400 1353 objicere
424 1313 474 1345 eis
499 1313 713 1353 quidquam.
739 1304 776 1331 ²⁶
793 1313 849 1345 Tu
876 1314 1023 1352 autem,
1052 1312 1190 1351 Esdra,
1214 1311 1416 1343 secundum
1449 1310 1673 1349 sapientiam
1706 1310 1791 1350 Dei,
1823 1311 2008 1343 constitue
2044 1313 2182 1351 judices
2212 1315 2251 1345 et

141 1366 303 1398 arbitros
327 1364 366 1397 in
385 1367 465 1397 tota
490 1364 612 1404 syria,
635 1366 673 1397 et
703 1365 897 1404 Phoenice;
921 1366 960 1397 et
987 1372 1113 1396 omnes
1144 1363 1209 1403 qni
1240 1364 1358 1402 legem
1388 1362 1454 1395 Dei
1483 1362 1536 1394 tui
1559 1371 1632 1395 non
1657 1364 1864 1403 noverunt,
1892 1364 2001 1403 doce;
2023 1356 2058 1382 2⁷
2079 1367 2121 1397 ut
2147 1367 2251 1404 quot-

142 1419 234 1456 quot
263 1418 488 1456 transgressi
508 1417 652 1449 fuerint
676 1418 806 1457 legem,
834 1416 1032 1455 diligenter
1056 1416 1280 1456 plectantur,
1301 1414 1377 1447 sive
1401 1416 1531 1455 morte,
1552 1416 1627 1447 sive
1651 1414 1830 1455 cruciatu,
1852 1414 1928 1448 sive
1948 1416 2061 1448 etiam
2083 1417 2249 1456 pecuniae

141 1468 386 1502 mulctatione
411 1470 468 1501 vel
496 1468 724 1501 abductione.

193 1512 230 1539 ‘²⁸
245 1520 294 1553 Et
321 1520 416 1553 dixit
450 1521 585 1552 Esdras
612 1522 731 1553 scriba
758 1531 766 1553 :
798 1520 1019 1552 Benedictus
1043 1520 1142 1552 Deus
1169 1520 1321 1560 patrum
1353 1521 1590 1559 nostrorum,
1620 1519 1684 1559 qui
1708 1519 1810 1552 dedit
1834 1521 1929 1553 hanc
1954 1521 2188 1554 voluntatem
2212 1521 2251 1554 in

143 1580 204 1605 cor
219 1573 325 1612 regis,
345 1572 546 1605 clarificare
567 1573 716 1604 domum
741 1580 845 1604 suam
869 1579 953 1611 quae
976 1574 1031 1604 est
1051 1573 1090 1603 in
1110 1572 1328 1612 Jerusalem,
1347 1563 1382 1590 ²9
1402 1574 1441 1605 et
1458 1580 1516 1604 me
1540 1571 1802 1603 honorificavit
1819 1571 1855 1604 in
1876 1575 2075 1612 conspectu
2097 1573 2192 1612 regis
2212 1576 2252 1606 et

141 1623 446 1663 consiliariorum,
465 1626 503 1655 et
520 1625 735 1662 amicorum,
760 1627 799 1655 et
825 1627 1116 1662 purpuratorum
1134 1624 1224 1663 eius.
1239 1616 1276 1642 3⁰
1294 1624 1341 1656 Et
1365 1632 1432 1663 ego
1455 1626 1628 1656 constans
1651 1622 1775 1655 animo
1795 1624 1918 1656 factus
1939 1632 2022 1657 sum
2046 1625 2251 1657 secundum

141 1674 422 1716 opitulationem
448 1675 597 1706 Domini
623 1675 689 1707 Dei
709 1675 799 1714 mei,
820 1676 859 1706 et
882 1674 1102 1713 congregavi
1125 1682 1170 1708 ex
1194 1675 1308 1708 Israel
1326 1675 1434 1715 viros,
1458 1677 1503 1708 ut
1527 1675 1636 1708 simul
1660 1676 1900 1708 ascenderent
1924 1684 2078 1709 mecum.

193 1718 225 1745 3¹
251 1727 300 1759 Et
334 1726 374 1759 111
404 1728 494 1759 511111
524 1726 713 1767 praepositi
744 1726 947 1758 secundum
977 1733 1062 1758 suas
1093 1726 1250 1767 patrias,
1275 1729 1312 1759 et
1343 1727 1572 1767 principatus
1599 1726 1843 1767 portionales‚
1868 1735 1994 1760 eorum
2019 1728 2083 1768 qui
2108 1736 2251 1761 mecum

140 1780 387 1812 ascenderunt
411 1779 455 1811 de
476 1778 678 1819 Babylonia
697 1778 736 1810 in
755 1786 870 1817 regno
895 1777 1126 1811 Artaxerxis.
1153 1769 1189 1796 32
1205 1779 1254 1810 Et
1275 1787 1320 1811 ex
1343 1778 1427 1810 filiis
1451 1779 1601 1818 Phares,
1622 1778 1818 1811 Gersomus
1835 1789 1844 1819 ;
1870 1787 1914 1812 ex
1935 1780 2021 1811 filiis
2042 1779 2252 1820 Siemarith,

141 1832 325 1870 Amenus;
350 1830 511 1863 filiorum
541 1830 679 1870 David,
707 1830 851 1862 Acchus
879 1830 978 1862 filius
1003 1829 1186 1870 Sceciliae3
1211 1822 1248 1849 33
1265 1839 1311 1863 ex
1334 1830 1419 1862 filiis
1443 1830 1601 1870 Phares,
1629 1830 1841 1870 Zacharias,
1867 1832 1907 1864 et
1930 1839 2016 1864 cum
2040 1839 2082 1864 eo
2114 1833 2251 1864 reversi

141 1887 230 1915 sunt
253 1883 325 1915 viri
352 1884 501 1915 centum
534 1882 815 1922 quinquaginta.
847 1873 883 1900 34
903 1882 959 1913 Ex
982 1881 1067 1913 filiis
1098 1882 1262 1914 ductoris
1287 1881 1520 1915 Moabilionis
1553 1881 1689 1922 Zaraei‚
1717 1884 1755 1914 et
1786 1890 1870 1915 cum
1898 1882 1976 1923 ipso
1999 1883 2074 1915 viri
2101 1883 2252 1916 ducenti

140 1934 427 1975 quinquaginta.
453 1927 489 1953 3⁵
506 1935 562 1966 Ex
586 1935 670 1966 fiilis
691 1934 862 1974 ZachueS,
886 1933 1082 1966 Jechonias
1103 1934 1280 1973 Zecholei,
1304 1937 1342 1966 et
1366 1943 1450 1966 cum
1474 1934 1551 1974 ipso
1567 1934 1636 1966 viri
1662 1934 1811 1966 ducenti
1835 1935 2116 1975 quinquaginta.
2139 1927 2175 1954 3⁶
2198 1936 2252 1968 Ex

142 1987 228 2020 filiis
251 1987 346 2027 Sala,
369 1987 530 2019 Maasias
550 1986 748 2026 Gotholiae‚
772 1990 810 2018 et
833 1994 917 2018 cum
941 1986 1020 2026 ipso
1044 1986 1112 2018 viri
1137 1985 1383 2026 septuaginta.
1413 1978 1449 2006 37
1469 1986 1523 2018 Ex
1548 1985 1632 2017 filiis
1661 1985 1860 2027 Saphatiae,
1885 1987 2008 2019 Zarias
2033 1987 2192 2028 Micheli,
2215 1991 2253 2021 et

141 2047 225 2072 cum
253 2041 332 2079 ipso
357 2039 428 2071 viri
450 2039 652 2078 octoginta.
679 2031 714 2057 38
733 2038 788 2070 Ex
811 2038 897 2070 filiis
921 2038 1011 2077 Job,
1039 2038 1176 2070 Abdias
1199 2037 1341 2078 Jeheli,
1366 2039 1406 2071 et
1433 2047 1517 2070 cum
1541 2037 1617 2078 ipso
1642 2037 1714 2070 viri
1740 2038 1893 2071 ducenti
1913 2039 2116 2072 duodecim.
2143 2031 2179 2058 39
2197 2040 2253 2072 Ex

141 2091 225 2124 filiis
249 2090 386 2131 Baniae,
411 2090 603 2131 Salimoth,
627 2090 724 2123 tilius
751 2089 946 2130 Josaphiae,
971 2094 1008 2122 et
1032 2098 1117 2122 cum
1141 2090 1219 2130 ipso
1243 2090 1314 2122 viri
1338 2092 1488 2123 0011111111
1512 2091 1718 2129 sexaginta.
1748 2081 1785 2108 40
1803 2091 1859 2123 Ex
1882 2090 1966 2124 filiis
1991 2091 2092 2131 Beer,
2119 2092 2251 2125 Zacha-

140 2143 214 2175 rias
242 2142 370 2182 Bebei‚
402 2145 440 2175 et
469 2151 553 2175 cum
585 2143 662 2183 ipso
695 2142 767 2175 viri
799 2142 951 2175 ducenti
978 2143 1072 2174 octo,
1097 2133 1204 2174 41Ex
1229 2141 1313 2174 filiis
1339 2142 1477 2182 Ezead‚
1503 2142 1668 2174 Joannes
1695 2142 1873 2182 Eccetan,
1899 2144 1938 2176 et
1969 2152 2053 2176 cum
2077 2144 2157 2183 ipso
2181 2144 2252 2176 viri

138 2196 289 2228 centum
315 2196 450 2228 decem.
475 2186 513 2214 ‘⁶²
531 2195 586 2227 Ex
607 2195 691 2227 filiis
715 2194 917 2227 Adonicam
941 2193 1027 2234 ipsis
1050 2194 1255 2234 postremis,
1280 2196 1318 2226 et
1342 2194 1425 2226 haec
1450 2197 1539 2226 sunt
1562 2195 1712 2226 nomina
1735 2202 1863 2226 eorum
1885 2205 1893 2228 :
1918 2194 2137 2235 Eliphalam,
2155 2196 2253 2228 iilius

141 2246 270 2286 elehel,
294 2249 332 2279 et
356 2246 530 2285 semeias,
555 2250 592 2279 et
615 2255 700 2280 011111
725 2247 801 2286 ipso
825 2246 897 2279 viri
921 2245 1171 2286 septuaginta.

192 2291 230 2318 43
248 2299 297 2332 Ε1
319 2300 541 2339 congregavi
565 2307 624 2332 eos
649 2300 696 2331 ad
720 2299 876 2331 fiuvium
900 2298 964 2338 qui
988 2298 1125 2330 dicitur
1151 2298 1253 2339 Thia,
1278 2300 1317 2331 et
1340 2298 1470 2330 metati
1493 2297 1632 2330 fuimus
1650 2298 1728 2330 illic
1748 2298 1884 2339 triduo,
1901 2301 1939 2331 et
1966 2300 2162 2339 recognovi
2179 2308 2251 2333 eos.

142 2343 179 2370 44
197 2351 246 2384 Ε1
273 2359 319 2384 ex
347 2351 433 2383 filiis
457 2353 691 2383 sacerdotum
723 2354 761 2383 et
785 2350 985 2383 levitarum
1012 2358 1087 2382 non
1115 2350 1242 2382 inveni
1269 2350 1355 2383 illic.
1380 2343 1418 2368 45
1436 2351 1484 2382 Et
1509 2349 1591 2382 misi
1614 2351 1661 2382 ad
1686 2351 1925 2389 Eleazarum,
1954 2354 1991 2383 et
2017 2351 2190 2391 Eccelon,
2214 2354 2252 2384 et

142 2403 318 2444 Masman,
337 2405 377 2436 et
400 2403 582 2442 Maloban,
605 2405 643 2435 et
667 2403 872 2442 Enaathan‚
897 2404 935 2434 et
960 2402 1101 2442 Samea,
1125 2405 1163 2434 et
1186 2402 1372 2442 Joribum,
1399 2402 1564 2442 Nathan,
1593 2402 1796 2442 managam,
1826 2403 2049 2444 Zachariam,
2074 2406 2113 2436 et
2137 2404 2252 2436 Mosa-

142 2457 304 2495 lamum,
335 2454 429 2495 ipsos
461 2455 632 2488 ductores
665 2458 703 2487 et
733 2455 881 2496 peritos.
915 2445 952 2471 46
971 2454 1019 2486 Ε1
1051 2454 1127 2486 dixi
1153 2454 1204 2487 eis
1235 2456 1278 2487 ut
1302 2454 1473 2487 venirent
1497 2454 1545 2486 ad
1573 2454 1781 2494 Loddeum,
1806 2454 1869 2494 qui
1897 2457 1978 2487 erat
2009 2456 2107 2495 apud
2132 2457 2251 2488 locum

143 2507 405 2548 gazophylacii.
431 2499 467 2525 47
487 2508 535 2539 Ε1
558 2507 732 2540 mandavi
759 2508 810 2539 eis
841 2508 885 2539 ut
917 2506 1084 2539 dicerent
1107 2506 1275 2547 Loddeo,
1300 2508 1338 2539 et
1365 2506 1546 2538 fratribus
1569 2508 1667 2546 ejus,
1692 2509 1730 2539 et
1758 2506 1832 2539 illis
1856 2507 1920 2546 qui
1944 2510 2054 2539 erant
2085 2507 2122 2539 in
2149 2516 2251 2547 gazo-

142 2559 333 2600 phylacio,
367 2561 411 2592 ut
445 2560 642 2592 mitterent
673 2560 779 2592 nobis
811 2567 871 2591 eos
901 2558 967 2598 qui
998 2558 1204 2591 sacerdotio
1234 2559 1485 2598 fungerentur
1515 2558 1554 2590 in
1585 2559 1693 2591 domo
1717 2558 1866 2591 Domini
1899 2558 1965 2591 Dei
1996 2559 2124 2593 nostri.
2150 2551 2186 2577 43
2204 2559 2253 2592 Et

138 2612 378 2644 adduxerunt
401 2612 506 2644 nobis
530 2612 733 2644 secundum
757 2619 909 2643 manum
934 2611 1098 2643 validam
1116 2610 1267 2643 Domini
1291 2610 1358 2643 Dei
1381 2609 1501 2643 nostri
1525 2609 1624 2643 viros
1647 2610 1786 2650 peritos
1807 2620 1815 2643 :
1840 2619 1886 2643 ex
1908 2610 1992 2643 filiis
2016 2610 2167 2651 Moholi‚
2187 2611 2253 2643 filii

144 2663 250 2704 Levi,
283 2663 350 2695 filii
381 2664 514 2702 Israel,
536 2663 730 2703 Sebebian‚
763 2664 802 2696 et
828 2663 926 2695 filios
949 2664 988 2695 et
1011 2663 1168 2702 fratres,
1193 2663 1256 2702 qui
1280 2665 1389 2695 erant
1417 2663 1541 2695 decem
1565 2664 1603 2695 et
1626 2665 1734 2703 octo;
1760 2653 1797 2680 49
1814 2662 1982 2708 Asbiam,
2007 2665 2045 2696 et
2073 2664 2185 2696 Amin
2207 2672 2253 2696 ex

143 2715 226 2747 filiis
249 2715 411 2747 filiorum
435 2715 656 2756 Chananaei,
679 2717 717 2748 et
741 2714 808 2747 filii
832 2723 960 2747 eorum
985 2714 1057 2746 viri
1080 2714 1238 2755 viginti3
1265 2708 1303 2733 5⁰
1319 2717 1357 2747 et
1380 2723 1425 2747 ex
1449 2715 1508 2746 his
1531 2715 1595 2754 qui
1619 2716 1758 2755 templo
1781 2715 2010 2755 serviebant,
2036 2723 2127 2754 quos
2152 2715 2252 2748 dedit

142 2767 282 2807 David,
305 2771 343 2799 et
367 2768 438 2806 ipsi
460 2767 643 2807 principes
666 2768 713 2799 ad
736 2768 987 2807 operationem
1012 2766 1132 2799 levitis
1160 2768 1298 2807 templo
1327 2766 1572 2800 servientium
1596 2767 1746 2799 ducenti
1770 2766 1917 2806 viginti.
1951 2767 2080 2800 Omnia
2105 2767 2257 2799 nomina

140 2818 349 2858 significata
372 2821 460 2851 sunt
483 2819 522 2851 in
545 2819 750 2859 scn'pturis,

196 2862 226 2889 51
244 2871 293 2903 Et
316 2871 400 2903 vovi
423 2870 499 2903 illic
521 2870 699 2910 jejunium
730 2871 928 2910 juvenibus
952 2870 990 2903 in
1014 2871 1211 2910 conspectu
1243 2871 1327 2910 Dei,
1351 2872 1396 2903 ut
1420 2879 1626 2910 quaererem
1651 2871 1697 2903 ab
1721 2878 1763 2902 eo
1794 2871 1933 2903 bonum
1965 2871 2035 2903 iter
2067 2871 2190 2910 nobis,
2215 2872 2252 2903 et

138 2924 203 2963 qui
222 2923 412 2955 nobiscum
428 2924 556 2963 erant,
577 2924 615 2955 et
639 2923 748 2963 filiis,
772 2924 810 2955 et
833 2922 1044 2962 pecoribus,
1065 2925 1217 2962 propter
1241 2922 1400 2956 insidias,
1422 2915 1457 2942 52
1476 2923 1617 2955 Erubui
1642 2922 1739 2955 enim
1763 2924 1888 2962 petere
1907 2931 1929 2954 a
1950 2931 2034 2962 rege
2051 2923 2191 2963 pedites
2215 2926 2254 2955 et

141 2976 282 3016 equites
306 2975 344 3006 in
366 2975 558 3015 comitatu,
579 2975 710 3007 tutelae
733 2974 865 3014 gratia,
885 2976 1015 3007 contra
1035 2974 1262 3007 adversarios
1279 2978 1438 3008 nostros.
1465 2967 1500 2994 53
1518 2975 1686 3007 Diximus
1706 2973 1805 3007 enim
1825 2976 1915 3014 regi,
1941 2975 2115 3014 quoniam
2132 2974 2253 3007 virtus

143 3027 291 3060 Domini
314 3027 388 3059 erit
410 3034 495 3059 cum
520 3026 571 3059 eis
594 3026 657 3065 qui
680 3025 876 3066 inquirunt
900 3034 986 3058 eum
1018 3026 1059 3058 in
1082 3026 1182 3059 0111111
1212 3027 1361 3060 affectu.
1392 3019 1426 3045 54
1447 3027 1495 3060 Et
1526 3027 1664 3059 iterum
1695 3026 1880 3066 deprecati
1905 3034 2032 3058 sumus
2054 3026 2252 3058 Dominum

146 3079 261 3112 Deum
281 3081 452 3111 nostrum
476 3079 677 3111 secundum
699 3077 801 3117 haec;
825 3086 934 3117 quem
958 3080 997 3111 et
1017 3078 1222 3118 propitium
1242 3078 1453 3119 habuimus,
1477 3080 1515 3111 et
1538 3079 1724 3118 compotes
1746 3078 1837 3110 facti
1862 3086 1990 3110 sumus
2014 3078 2089 3111 Deo
2113 3082 2251 3110 nostro,

142 3122 182 3149 55
199 3131 248 3164 Et
267 3131 437 3171 separavi
461 3138 507 3163 ex
523 3130 643 3170 plebis
663 3129 892 3170 praepositis,
915 3131 955 3162 et
978 3130 1231 3163 sacerdotibus
1254 3130 1403 3172 templi,
1423 3130 1522 3163 viros
1550 3131 1753 3169 duodecim,
1777 3132 1815 3162 et
1840 3129 2048 3170 Sedebiam,
2075 3132 2114 3162 et
2138 3131 2252 3163 Asan-

140 3190 247 3223 nam,
273 3186 312 3216 et
340 3191 425 3216 cum
458 3183 509 3215 015
542 3190 588 3214 ex
619 3181 801 3214 fratribus
832 3190 960 3214 eorum
989 3183 1088 3214 viros
1111 3183 1249 3216 decem.
1280 3174 1315 3201 56
1334 3183 1383 3215 Et
1406 3182 1562 3222 appendi
1586 3182 1637 3215 eis
1661 3190 1796 3214 aurum
1820 3184 1859 3214 et
1882 3184 2080 3221 argentum
2104 3184 2143 3214 et
2166 3190 2255 3214 vasa

144 3235 385 3268 sacerdotalia
408 3235 539 3267 domus
564 3234 630 3266 Dei
657 3234 785 3274 nostri,
809 3241 894 3273 quae
919 3234 1126 3267 donaverat
1149 3243 1227 3275 rex,
1251 3237 1289 3267 et
1309 3234 1505 3267 consiliarii
1529 3235 1617 3274 ejuS,
1642 3236 1679 3266 et
1705 3233 1897 3273 principes,
1920 3235 1959 3266 et
1982 3234 2101 3266 omnis
2127 3233 2254 3266 Israel.

147 3278 180 3304 57
205 3286 252 3318 Et
274 3295 358 3319 cum
381 3287 648 3327 appendissem,
673 3285 811 3318 tradidi
831 3285 974 3325 argenti
999 3287 1143 3318 talenta
1165 3290 1315 3319 centum
1338 3286 1625 3326 quinquaginta,
1649 3287 1687 3317 et
1711 3293 1798 3317 vasa
1821 3286 2000 3325 argentea
2024 3286 2254 3318 talentorum

145 3339 313 3381 centum„
344 3340 382 3372 et
413 3340 497 3371 auri
525 3339 669 3371 talenta
699 3339 871 3378 centum,
904 3329 940 3356 58
956 3339 997 3370 et
1027 3346 1201 3370 vasorum
1225 3346 1422 3371 aureorum
1447 3338 1581 3377 septies
1608 3336 1762 3377 viginti,
1787 3338 1825 3370 et
1852 3345 1939 3370 vasa
1967 3344 2065 3371 31103
2088 3337 2133 3370 de
2158 3337 2254 3369 bono

144 3392 347 3423 aeramento
370 3390 620 3431 splendentia,
645 3389 854 3429 duodecim,
877 3389 960 3422 auri
987 3389 1143 3430 speciem
1172 3389 1378 3422 reddentia.
1407 3381 1443 3408 59
1462 3390 1510 3421 Et
1539 3388 1616 3421 dixi
1639 3390 1690 3421 eis
1720 3399 1728 3422 :
1753 3388 1802 3421 Et
1826 3398 1890 3422 vos
1921 3389 2043 3423 sancti
2070 3389 2158 3422 estis
2183 3389 2252 3421 Do-

145 3441 264 3482 mino,
291 3443 331 3475 et
360 3451 448 3475 vasa
477 3445 567 3475 sunt
600 3444 746 3482 sancta,
777 3444 815 3474 et
841 3449 995 3481 aurum,
1018 3443 1057 3474 et
1087 3443 1286 3481 argentum
1314 3443 1442 3474 votum
1471 3442 1526 3473 est
1554 3441 1711 3473 Domino
1743 3441 1820 3474 Deo
1846 3442 1997 3482 patrum
2026 3442 2252 3474 nostrorum.

146 3485 183 3512 ⁶⁰
203 3493 366 3534 Vigilate
384 3499 424 3527 et
438 3495 634 3535 custodite,
658 3495 771 3526 donec
794 3493 952 3526 tradatis
975 3501 1018 3526 ea
1041 3493 1155 3533 plebis
1178 3492 1397 3534 praepositis,
1417 3494 1456 3526 et
1475 3492 1737 3532 sacerdotibus,
1757 3494 1794 3526 et
1815 3494 1949 3533 levltis,
1965 3495 2006 3526 et
2025 3493 2252 3534 principibus

141 3545 343 3579 civitatum
367 3546 501 3586 Israel,
525 3546 564 3580 in
589 3547 817 3584 Jerusalem,
837 3546 875 3578 in
894 3545 1132 3585 pastophorio
1156 3545 1285 3577 domus
1309 3545 1375 3577 Dei
1399 3543 1529 3577 nostri.

198 3587 229 3615 ⁶¹
248 3597 297 3630 Et
319 3597 358 3630 hi
379 3598 441 3637 qui
465 3601 704 3638 susceperunt
725 3598 930 3630 sacerdotes
954 3600 994 3630 et
1017 3597 1141 3630 levitae
1167 3605 1302 3629 aurum
1327 3598 1365 3630 et
1384 3598 1580 3636 argentum
1605 3598 1644 3630 et
1671 3605 1781 3638 vasa,
1805 3597 2018 3630 intulerunt
2042 3597 2079 3630 in
2105 3598 2249 3631 Jerusa-
