2423 3861
876 96 948 137 Ps.
983 93 1072 142 CV,
1107 92 1238 134 3-27.
1885 79 1966 123 627

347 272 364 299 ³
384 271 508 315 Beati
531 271 603 326 qui
630 266 885 311 custodiunt
909 263 1147 320 judicium,

447 336 490 374 et
514 328 690 371 faciunt
713 324 934 382 justitiam
960 322 1005 364 in
1031 320 1148 365 omni
1173 325 1380 375 tempore.

348 390 364 417 ·'·
382 390 605 433 Memento
629 385 788 440 nostri,
811 382 1019 435 Domine,
1045 380 1090 422 in
1114 376 1391 434 beneplacito
1414 371 1564 431 populi
1590 369 1653 413 tui
1673 387 1683 425 ;

450 447 582 490 visita
608 459 686 487 nos
707 444 752 486 in
779 441 961 485 salutari
985 446 1087 482 tuo:

349 508 366 533 ⁵
382 507 438 550 ad
464 504 704 549 videndum
727 503 773 544 in
796 500 993 544 bonitate
1015 498 1252 541 electorum
1271 500 1465 547 tuorum,

447 565 503 608 ad
530 561 776 607 laetandum
800 560 846 602 in
869 557 1025 601 laetitia
1051 554 1195 611 gentis
1218 559 1325 607 tuae,

448 630 496 666 ut
519 621 710 665 lauderis
737 633 837 663 cum
860 615 1104 660 hereditate
1126 619 1215 655 tua.

349 683 367 710 ⁶
386 681 673 726 Peccavimus
697 692 797 722 cum
823 674 1022 733 patribus
1043 671 1203 715 nostris
1222 687 1230 723 ;

447 741 614 797 injuste
640 737 832 793 egimus,
855 732 1138 789 iniquitatem
1159 728 1363 772 fecimus.

349 799 364 827 '¹
385 801 536 843 Patres
562 796 698 842 nostri
719 796 766 838 in
791 795 991 849 AEgypto
1017 803 1106 833 non
1130 787 1445 831 intellexerunt
1467 783 1687 826 mirabilia
1712 787 1786 824 tua
1807 797 1816 835 3

450 873 537 902 non
563 858 745 900 fuerunt
767 865 981 896 memores
1008 846 1307 892 multitudinis
1335 841 1647 886 misericordiae
1668 847 1770 883 tuae.

451 919 509 961 Et
529 916 814 960 irritaverunt
838 909 1128 954 ascendentes
1152 907 1199 949 in
1224 917 1363 959 mare,
1392 915 1512 944 mare
1539 900 1748 944 Rubrum.

351 979 368 1007 8
386 981 442 1022 Et
463 975 656 1020 salvavit
681 987 753 1017 eos
775 975 952 1029 propter
976 981 1137 1011 nomen
1158 979 1308 1019 suum,

450 1042 499 1079 ut
520 1040 670 1078 notam
693 1033 864 1075 faceret
884 1027 1130 1086 potentiam
1151 1038 1290 1067 suam.

352 1097 369 1124 ⁹
387 1098 444 1140 Et
464 1092 684 1150 increpuit
710 1104 830 1134 mare
854 1089 1074 1142 Rubrum,
1101 1090 1144 1129 et
1169 1083 1442 1127 exsiccatum
1464 1084 1558 1134 est3

452 1160 495 1198 et
517 1151 704 1197 deduxit
728 1164 800 1194 eos
825 1149 871 1191 in
897 1146 1069 1204 abyssis
1094 1144 1211 1187 sicut
1230 1142 1277 1185 in
1300 1140 1485 1184 deserto.

335 1215 371 1242 ¹⁰
388 1216 445 1258 Et
469 1211 662 1257 salvavit
687 1224 760 1254 eos
782 1209 837 1252 de
863 1221 997 1250 manu
1023 1203 1287 1256 odientium,

452 1279 496 1317 et
516 1270 704 1316 redemit
725 1283 798 1313 eos
825 1267 879 1311 de
904 1279 1038 1309 manu
1060 1261 1244 1306 inimici.

337 1334 370 1360 ¹¹
392 1333 450 1376 Et
475 1331 647 1389 operuit
671 1343 786 1385 aqua
811 1326 1074 1369 tribulantes
1099 1336 1199 1376 eos;

453 1405 565 1434 unus
587 1404 643 1433 ex
665 1389 726 1432 eis
748 1400 836 1430 non
857 1383 1082 1428 remansit.

336 1451 372 1479 ¹2
390 1452 448 1495 Et
470 1448 751 1494 crediderunt
772 1444 917 1488 verbis
944 1443 1060 1498 ejus,

453 1515 496 1553 et
517 1507 813 1550 laudaverunt
838 1502 1015 1546 laudem
1041 1501 1152 1556 ejus.

337 1569 374 1596 13
391 1569 489 1612 Cito
512 1567 737 1619 fecerunt,
762 1562 888 1606 obliti
911 1565 1015 1604 sunt
1036 1572 1219 1616 operum
1241 1557 1336 1612 ejus
1355 1575 1367 1612 3

455 1632 498 1670 et
518 1640 606 1669 non
631 1623 936 1667 sustinuerunt
962 1617 1199 1663 consilium
1219 1616 1329 1672 ejus.

336 1687 373 1714 ¹4
391 1688 448 1730 Et
470 1683 790 1741 concupierunt
813 1677 1222 1736 concupiscentiam
1241 1676 1290 1717 in
1312 1673 1505 1729 deserto,

454 1750 498 1789 et
522 1746 806 1788 tentaverunt
833 1741 978 1783 Deum
1001 1738 1048 1780 in
1068 1737 1296 1792 inaquoso.

339 1805 376 1832 15
395 1807 453 1848 Et
474 1803 597 1848 dedit
619 1803 681 1846 eis
706 1800 967 1859 petitionem
988 1797 1206 1854 ipsorum,

458 1869 501 1908 et
525 1862 647 1905 misit
671 1859 951 1904 saturitatem
972 1857 1019 1900 in
1040 1855 1212 1898 animas
1238 1866 1401 1896 eorum.

341 1924 376 1951 ¹⁶
394 1925 452 1967 Et
471 1922 759 1966 irritaverunt
782 1919 969 1975 Moysen
991 1916 1038 1958 in
1063 1913 1240 1969 castris,

459 1983 630 2037 Aaron,
657 1983 862 2023 sanctum
889 1974 1083 2020 Domini.

343 2042 377 2069 ¹⁷
395 2043 563 2099 Aperta
588 2045 654 2084 est
679 2045 816 2093 terra,
843 2042 887 2080 et
912 2034 1152 2092 deglutivit
1180 2032 1381 2086 Dathan,

461 2106 505 2144 et
529 2099 701 2156 operuit
725 2111 855 2155 super
880 2093 1271 2151 congregationem
1296 2090 1482 2134 Abiron.

346 2161 381 2188 ¹8
400 2162 457 2204 Et
482 2158 648 2203 exarsit
671 2157 790 2213 ignis
814 2155 862 2198 in
886 2167 1116 2211 synagoga
1143 2165 1314 2207 eorum,

463 2218 644 2261 flamma
667 2215 910 2260 combussit
935 2217 1201 2270 peccatores.

345 2278 381 2304 19
399 2279 457 2321 Et
481 2279 686 2321 fecerunt
711 2274 903 2318 vitulum
928 2272 975 2314 in
1000 2271 1172 2328 Horeb,

465 2343 508 2380 et
531 2336 830 2379 adoraverunt
853 2331 1072 2388 sculptile.

348 2397 384 2424 *²⁰
402 2397 459 2440 Et
484 2398 769 2438 mutaverunt
793 2391 982 2448 gloriam
1004 2405 1130 2434 suam

463 2455 511 2498 in
535 2452 878 2497 similitudinem
899 2449 1032 2493 vituli
1058 2448 1328 2492 comedentis
1355 2448 1543 2490 foenum.

348 2515 382 2541 2¹
403 2514 542 2560 Obliti
567 2518 671 2557 sunt
697 2514 842 2555 Deum
868 2509 942 2566 qui
968 2508 1161 2552 salvavit
1186 2521 1280 2562 eos,

469 2573 543 2630 qui
567 2572 679 2616 fecit
700 2569 926 2626 magnalia
951 2568 997 2610 in
1022 2567 1244 2624 AEgypto,

410 2632 447 2659 2'2
465 2631 689 2675 mirabilia
713 2630 761 2673 in
786 2635 902 2672 terra
927 2627 1089 2681 Cham,

469 2690 685 2735 terribilia
708 2690 756 2732 in
781 2687 891 2731 mari
919 2686 1081 2730 Rubro.

352 2751 390 2778 23
406 2752 464 2794 Et
489 2750 604 2794 dixit
628 2754 678 2792 ut
703 2746 974 2805 disperderet
1000 2759 1092 2800 eos,

471 2811 508 2854 si
532 2823 622 2853 non
644 2809 840 2865 Moyses,
868 2805 1033 2849 electus
1059 2803 1176 2860 ejus,

471 2869 666 2913 stetisset
689 2867 736 2909 in
762 2863 1067 2910 confractione
1090 2863 1138 2904 in
1163 2867 1402 2920 conspectu
1427 2865 1544 2917 eJ'us,

473 2934 522 2971 ut
547 2931 766 2971 averteret
791 2925 902 2968 iram
929 2923 1046 2979 ejus,
1074 2935 1128 2965 ne
1154 2920 1428 2978 disperderet
1452 2934 1539 2964 eOS.

355 2987 392 3014 2⁴
410 2989 467 3030 Et
488 3002 565 3044 pro
590 2986 729 3030 nihilo
754 2984 1007 3028 habuerunt
1033 2987 1196 3025 terram
1220 2979 1592 3035 desiderabilem3

475 3061 564 3090 non
586 3045 868 3089 crediderunt
892 3042 1027 3085 verbo
1049 3040 1158 3096 ejus.

358 3106 395 3133 ⁹25
411 3107 469 3148 Et
489 3109 878 3149 murmuraverunt
903 3101 949 3144 in
970 3099 1270 3143 tabernaculis
1294 3099 1385 3143 suis
1404 3116 1414 3156 3

475 3179 563 3209 non
588 3163 881 3208 exaudierunt
907 3174 1061 3204 vocem
1087 3159 1280 3202 Domini.

360 3224 397 3252 2⁶
413 3227 472 3269 Et
496 3223 690 3269 elevavit
711 3237 893 3266 manum
918 3234 1045 3264 suam
1069 3233 1199 3276 super
1223 3232 1295 3262 eos

478 3289 527 3327 ut
547 3287 841 3341 prosterneret
866 3295 938 3325 eos
959 3279 1007 3322 in
1032 3277 1223 3334 deserto,

363 3343 398 3370 2⁷
415 3349 460 3388 et
484 3349 534 3386 ut
560 3342 774 3399 dejiceret
795 3355 944 3385 semen
971 3353 1122 3384 eorum
1145 3337 1193 3380 in
1213 3337 1490 3394 nationibus,

481 3408 524 3446 et
546 3402 817 3459 dispergeret
843 3415 914 3444 eos
938 3400 985 3442 in
1006 3396 1274 3454 regionibus.

189 3566 218 3600 6]
237 3564 371 3600 Judith,
387 3564 466 3599 VII,
484 3567 528 3592 19.
546 3579 582 3584 —-
599 3564 629 3598 9]
647 3564 709 3591 Ex.
730 3562 823 3596 XIV,
840 3564 885 3589 21.
900 3575 935 3580 —
957 3559 1004 3592 11]
1027 3559 1087 3586 Ex.
1106 3557 1197 3592 XIV,
1214 3558 1258 3584 27.
1276 3570 1313 3575 --
1329 3555 1377 3589 14]
1395 3555 1456 3582 Ex.
1474 3552 1586 3588 XVII,
1608 3556 1631 3580 2.
1650 3566 1684 3571 —
1704 3552 1752 3586 15]
1774 3552 1870 3580 Num.
1888 3550 1951 3583 XI,
1967 3549 2013 3579 31.

190 3623 224 3630 —
242 3610 289 3644 17]
305 3610 403 3639 Num.
414 3608 508 3644 XVI,
524 3611 570 3637 32.
588 3623 623 3628 -
641 3609 689 3637 19]
709 3609 769 3635 Ex.
788 3605 938 3638 XXXII,
955 3606 982 3632 4.
1001 3618 1034 3623 —
1057 3603 1104 3635 23]
1123 3602 1183 3629 Ex.
1202 3599 1350 3635 XXXII,
1364 3602 1408 3627 10.
1425 3612 1461 3618 —
1474 3599 1522 3632 26]
1541 3597 1638 3625 Num.
1658 3597 1750 3630 XIV,
1765 3600 1808 3624 32.

2085 669 2134 697 Ad
2148 673 2235 696 mare

2082 712 2244 740 Rubrum.

2053 1547 2152 1581 Apud
2187 1546 2297 1579 sepul-

2054 1598 2112 1621 cra
2141 1598 2296 1624 concupl-

2103 1634 2251 1664 scentiae.

2062 1900 2100 1926 In
2134 1896 2300 1926 seditione

2124 1944 2242 1970 contra

2094 1988 2268 2015 Aaronem.

2093 2258 2276 2286 Occasmne

2063 2300 2167 2330 vituli
2193 2297 2309 2328 aurei.

2093 2964 2297 2999 exploratio-

2105 3009 2159 3038 nis
2176 3010 2284 3037 Terrae

2120 3054 2252 3083 Sanctae
2263 3073 2271 3088 ,
