2456 3861
493 125 576 168 138
1051 124 1179 167 NUM.
1213 123 1312 177 xv,
1347 123 1404 165 29
1435 147 1494 154 -
1525 121 1657 176 xvi,
1696 122 1761 164 17.

488 295 711 351 trahitque
743 295 782 337 ei
824 293 1020 347 veniam,
1052 297 1094 335 et
1128 292 1377 334 dimittetur
1403 290 1484 333 illi.
1512 289 1549 316 29
1574 291 1686 332 Tam
1714 289 1938 345 indigenis
1972 305 2106 346 quam
2135 291 2327 335 advenis:

488 369 576 397 una
600 354 673 397 lex
695 354 775 396 erit
798 352 1015 406 omnium,
1040 351 1112 406 qui
1140 349 1421 406 peccaverint
1445 349 1717 405 ignorantes,
1740 347 1776 374 3⁰
1797 349 1964 392 Anima
1985 364 2108 405 vero,
2127 365 2227 406 quae
2245 364 2329 407 per·

487 413 739 470 superbiam
765 411 933 466 aliquid
967 409 1258 463 commiserit,
1285 408 1379 452 sive
1412 408 1522 451 civis
1548 407 1606 450 sit
1636 407 1733 462 ille,
1768 407 1862 451 sive
1893 409 2148 464 peregrinus
2183 412 2320 466 (quo-

486 472 608 514 niam
634 472 843 514 adversus
878 469 1121 512 Dominum
1152 468 1329 511 rebellis
1362 467 1506 524 fuit),
1532 466 1694 524 peribit
1727 466 1781 510 de
1813 467 1975 523 populo
2003 481 2082 510 suo
2108 486 2117 523 3
2165 468 2198 495 3¹
2227 483 2319 512 ver-

486 531 594 574 bum
619 531 738 573 enim
766 528 946 571 Domini
969 527 1235 584 contempsit
1261 532 1303 570 et
1328 531 1603 584 praeceptum
1624 525 1746 568 illius
1783 526 1895 569 fecit
1921 526 2123 581 irritum
2155 527 2320 571 idcirco

487 590 726 641 delebitur,
753 593 795 631 et
818 587 1014 644 portabit
1034 586 1320 642 iniquitatem
1344 601 1484 629 suam.

216 663 386 692 infractor
545 647 581 675 32
606 649 796 690 Factum
828 652 894 690 est
918 652 1090 701 autem,
1125 660 1228 689 cum
1259 652 1406 689 essent
1437 645 1516 688 filii
1544 645 1683 689 Israel
1706 645 1753 688 in
1778 645 2039 701 solitudine,
2061 650 2105 689 et
2128 646 2333 690 invenis—⁷

208 706 380 784 ‘hfgffifflr
485 712 582 750 sent
603 707 829 749 hominem
851 705 1135 761 colligentem
1165 706 1288 761 ligna
1315 705 1363 747 in
1392 705 1463 749 die
1488 705 1687 760 sabbati,
1713 704 1750 731 33
1772 704 2027 748 obtulerunt
2051 719 2153 748 eum
2179 705 2324 761 Moysi

485 772 528 810 et
553 767 703 808 Aaron
734 772 776 808 et
808 765 1028 808 universae
1061 764 1362 819 multitudini,
1394 764 1430 791 34
1464 764 1536 820 (1111
1570 764 1845 807 recluserunt
1875 778 1977 807 eum
2007 764 2055 807 in
2081 778 2321 815 carcerem,

484 825 731 868 nescientes
754 824 859 880 quid
885 838 1015 881 super
1039 838 1090 868 eo
1118 825 1268 867 facere
1302 824 1526 867 deberent.
1553 823 1590 850 35
1617 823 1831 879 Dixitque
1865 823 2083 867 Dominus
2116 824 2173 866 ad
2198 824 2324 880 Moy-

485 899 562 927 sen
592 901 600 928 :
626 884 769 926 Morte
795 883 1007 926 moriatur
1030 883 1162 926 homo
1183 883 1288 938 iste,
1317 884 1473 926 obruat
1498 898 1600 927 eum
1625 883 1850 940 lapidibus
1878 883 2020 925 omnis
2046 883 2176 926 turba
2200 889 2325 926 ext-ra

485 949 643 986 castra.
677 943 714 970 36
747 943 945 998 Cumque
978 943 1236 986 eduxissent
1264 957 1365 985 eum
1394 943 1537 998 foras,
1569 942 1809 985 obruerunt
1841 942 2091 999 lapidibus3
2131 949 2173 986 et
2211 955 2334 985 mora<

484 1008 587 1045 tuus
616 1007 703 1057 est,
734 1003 849 1045 sicut
881 1008 1154 1059 praeceperat
1170 1002 1401 1045 Dominus.

263 1061 332 1088 Lex
363 1103 381 1108 ..
545 1061 579 1088 37
608 1062 735 1105 Dixit
760 1075 931 1117 quoque
955 1061 1172 1104 Dominus
1197 1061 1253 1103 ad
1280 1061 1466 1117 Moysen
1500 1078 1508 1105 :
1532 1061 1567 1088 33
1595 1063 1794 1117 Loquere
1819 1060 1922 1103 filiis
1949 1061 2109 1113 Israel,
2136 1066 2180 1104 et
2205 1061 2335 1105 dices

191 1104 407 1177 {evzfflfflj
484 1121 541 1163 ad
575 1135 646 1164 eos
680 1127 728 1162 nt
760 1121 933 1162 faciant
967 1120 1051 1162 sibi
1090 1120 1287 1162 fimbrias
1321 1135 1397 1177 per
1429 1120 1617 1176 angulos
1650 1121 1907 1177 palliorum,
1942 1126 2154 1177 ponentes
2183 1120 2230 1163 in
2263 1121 2325 1164 eis

486 1180 620 1222 vittas
653 1179 992 1235 hyacinthinas3
1017 1179 1053 1205 39
1071 1194 1179 1234 quas
1206 1194 1307 1222 cum
1329 1179 1543 1235 viderint,
1562 1180 1848 1223 recordentur
1876 1180 2076 1222 omnium
2094 1179 2334 1222 mandato*

484 1254 582 1281 rum
609 1239 810 1293 Domini,
837 1252 918 1281 nec
943 1243 1184 1294 sequantur
1202 1239 1494 1294 cogitationes
1517 1254 1618 1282 suas
1641 1244 1684 1282 et
1707 1239 1856 1282 oculos
1882 1253 1958 1295 per
1975 1253 2042 1282 res
2064 1239 2209 1281 varias
2235 1239 2326 1282 for-

483 1298 709 1352 nicantes,
738 1298 774 1323 4⁰
798 1297 874 1341 sed
896 1298 1040 1353 magis
1064 1312 1279 1341 memores
1303 1304 1627 1355 praeceptorum
1651 1298 1833 1342 Domini
1854 1298 2030 1341 faciant
2056 1312 2128 1353 ea,
2152 1297 2337 1354 sintque>

483 1357 625 1399 sancti
661 1358 754 1400 Deo
795 1371 886 1399 suo.
921 1356 954 1382 4¹
991 1358 1086 1413 Ego
1121 1357 1339 1400 Dominus
1375 1358 1493 1400 Deus
1527 1364 1691 1414 vester,
1727 1357 1799 1414 (1111
1834 1357 1968 1401 eduxi
2004 1371 2082 1400 vos
2121 1357 2175 1400 de
2212 1363 2337 1400 terra.

483 1417 693 1473 AEgypti,
721 1422 768 1458 ut
793 1431 936 1460 essem
963 1418 1082 1460 Deus
1104 1422 1260 1460 vester.

574 1555 596 1608 ξ
620 1553 684 1595 Π.
699 1579 757 1584 -
781 1553 981 1596 Aaronis
1001 1553 1293 1596 sacerdotium
1320 1555 1627 1610 impuynatum
1649 1560 1689 1597 et
1711 1555 1928 1597 divinitus
1948 1554 2235 1598 vindicatam.

176 1663 418 1735 cssgssisslffisst
543 1684 649 1727 CAP.
677 1684 803 1726 xvi.
832 1683 925 1714 *1
955 1685 1071 1726 Eece
1103 1689 1254 1727 autem
1280 1684 1410 1739 oore,
1445 1684 1562 1727 finus
1592 1685 1738 1740 isaar,
1773 1684 1853 1727 filii
1889 1684 2053 1740 caath,
2080 1684 2160 1727 fini
2196 1683 2335 1740 Levi,

239 1753 358 1779 contra
484 1748 527 1786 et
551 1743 731 1786 Dathan
757 1748 890 1798 atque
913 1742 1103 1798 Abiron,
1132 1743 1210 1785 filii
1235 1743 1365 1786 Eliab
1379 1778 1387 1799 ,
1416 1745 1520 1786 Hon
1544 1757 1736 1800 qnoque,
1763 1743 1880 1787 filius
1903 1744 2112 1799 Pheleth,
2145 1744 2199 1787 de
2223 1743 2335 1786 filiis.

203 1797 341 1868 *125⁵OE
361 1800 395 1824 ‘³‘
486 1802 663 1857 Ruben,
702 1801 718 1827 ²
754 1808 1037 1845 surrexerunt
1081 1808 1233 1845 contra
1275 1803 1482 1859 Moysen,
1524 1803 1690 1859 aliique
1733 1803 1926 1846 filiorum
1961 1803 2100 1846 Israel
2146 1803 2328 1847 ducenti

269 1848 348 1869 aron
485 1861 808 1918 quinquaginta
846 1861 927 1903 viri
965 1875 1164 1918 proceres
1201 1876 1466 1918 synagogae,
1506 1868 1549 1905 et
1586 1862 1660 1918 (1111
1698 1867 1895 1920 tempore
1929 1861 2107 1905 concilii
2140 1877 2217 1920 per
2249 1876 2325 1905 no-

484 1921 605 1963 mina
631 1921 919 1964 vocabantur.
947 1920 964 1946 3
986 1920 1186 1976 Cumque
1208 1921 1434 1965 stetissent
1467 1922 1705 1965 adversum
1727 1922 1911 1978 Moysen
1942 1927 1986 1965 et
2007 1922 2180 1978 Aaron,
2204 1922 2325 1965 dixe-

483 1986 585 2023 runt
614 1997 622 2024 t
644 1980 853 2023 Sufficiat
875 1979 1023 2035 vobis,
1048 1980 1150 2036 quia
1174 1980 1316 2022 omnis
1339 1981 1580 2024 multitudo
1602 1987 1857 2024 sanctorum
1879 1986 1966 2036 est,
1989 1987 2033 2024 et
2053 1981 2100 2023 in
2119 1981 2228 2038 ipsis
2262 1986 2327 2025 est

484 2040 716 2083 Dominus
751 2040 840 2082 Cur
871 2039 1109 2082 elevamini
1138 2054 1270 2097 super
1298 2040 1513 2098 populum
1544 2040 1759 2084 Domini?
1789 2040 1807 2067 4
1836 2040 1961 2091 Quod
1996 2055 2098 2084 cum
2130 2040 2328 2084 audisset

483 2101 680 2156 Moyses,
705 2099 866 2142 cecidit
888 2113 1050 2156 pronus
1067 2099 1114 2141 in
1137 2099 1304 2143 faeiem
1317 2134 1325 2154 ,
1350 2100 1366 2126 ⁵
1381 2100 1642 2156 locutusque
1659 2100 1716 2143 ad
1739 2100 1849 2144 Core
1871 2106 1914 2143 et
1935 2099 1992 2143 ad
2015 2114 2192 2143 omnem
2214 2100 2326 2142 mul-

483 2158 722 2202 titudinem
752 2175 760 2202 :
783 2159 936 2214 Mane,
960 2158 1125 2215 inquit,
1149 2164 1305 2201 notum
1326 2159 1466 2202 faciet
1489 2160 1707 2202 Dominus
1738 2160 1812 2216 qui
1841 2160 1899 2202 ad
1922 2173 1967 2203 se
1989 2159 2261 2217 pertineant,
2284 2165 2328 2203 et

483 2224 659 2262 sanctos
681 2217 928 2275 applicabit
949 2218 1060 2273 sibi,
1085 2224 1128 2262 et
1151 2233 1258 2274 quos
1281 2218 1484 2274 elegerit,
1507 2219 1929 2276 appropinquabunt
1951 2219 2004 2262 ei.
2027 2219 2045 2245 6
2067 2219 2167 2262 Ηο0
2187 2219 2336 2275 igitur-

483 2278 623 2322 facite
653 2294 661 2321 :
691 2277 839 2320 Tollat
877 2278 1177 2334 unusquisque
1214 2278 1441 2320 thuribula
1477 2293 1577 2333 sua,
1612 2284 1660 2321 tu
1683 2278 1813 2334 Core,
1848 2283 1891 2322 et
1925 2293 2054 2322 omne
2087 2278 2327 2321 concilium

484 2342 635 2393 tuum3
672 2336 687 2363 7
711 2342 753 2380 et
782 2337 942 2380 hausto
972 2352 1067 2380 cras
1096 2337 1224 2393 igne,
1259 2337 1410 2394 ponite
1440 2337 1627 2396 desuper
1655 2338 1904 2395 thymiama
1935 2352 2085 2381 coram
2107 2337 2325 2392 Domino;

484 2402 528 2440 et
550 2410 872 2453 quemcumque
894 2396 1100 2453 elegerit,
1123 2397 1218 2454 ipse
1241 2397 1322 2440 erit
1351 2403 1557 2452 sanctus3
1588 2397 1781 2440 multum
1810 2397 2056 2453 erigimini,
2087 2396 2167 2440 fflii
2202 2397 2324 2440 Levi.

173 2479 203 2490 x
484 2455 501 2482 ⁸
525 2456 737 2512 Dixitque
759 2470 932 2499 rursum
960 2457 1017 2499 ad
1048 2456 1157 2499 Core
1186 2473 1194 2500 :
1226 2456 1413 2512 Audite,
1444 2456 1525 2499 filii
1549 2457 1657 2500 Levi
1687 2473 1696 2501 :
1719 2457 1736 2483 9
1757 2457 1877 2500 Num
1910 2471 2068 2514 parum
2089 2456 2216 2500 vobis
2239 2462 2327 2511 est,

485 2516 600 2573 quod
623 2515 845 2573 separavit
874 2530 951 2558 vos
983 2517 1103 2560 Deus
1134 2516 1273 2559 Israel
1292 2516 1350 2558 ab
1381 2516 1501 2559 omni
1530 2516 1714 2574 populo,
1738 2522 1780 2560 et
1808 2516 1958 2572 junxit
1991 2516 2096 2572 sibi,
2120 2520 2170 2558 ut
2191 2516 2326 2559 servi-

483 2576 588 2619 retis
619 2575 657 2618 ei
686 2575 733 2618 in
763 2575 885 2618 cultu
918 2575 1218 2631 tabernaculi,
1249 2581 1292 2619 et
1324 2575 1500 2619 staretis
1531 2590 1679 2619 coram
1699 2575 1952 2631 frequentia
1978 2574 2150 2632 populi,
2176 2581 2219 2618 et
2245 2575 2331 2618 nii--

484 2635 731 2678 nistraretis
766 2634 836 2678 ei?
870 2634 907 2661 ¹⁰
938 2635 1113 2678 Idcirco
1145 2635 1202 2678 ad
1237 2649 1283 2678 se
1316 2635 1428 2678 fecit
1460 2635 1672 2678 accedere
1703 2640 1747 2678 te
1780 2640 1822 2678 et
1853 2648 2004 2678 omnes
2033 2635 2195 2677 fratres
2227 2639 2331 2677 tuos

485 2694 598 2737 filios
621 2694 753 2749 Levi,
776 2700 825 2736 ut
846 2694 971 2737 vobis
996 2695 1132 2737 etiam
1155 2694 1452 2738 sacerdotium
1472 2694 1724 2748 vindicetis,
1747 2693 1781 2720 ¹¹
1805 2699 1848 2738 et
1870 2693 2012 2737 omnis
2035 2693 2195 2750 globus
2223 2699 2335 2736 tuus-

486 2759 572 2797 stet
597 2759 747 2796 contra
772 2753 1045 2798 Dominum?
1068 2754 1183 2804 Quid
1213 2759 1280 2797 est
1309 2754 1428 2797 enim
1457 2754 1608 2796 Aaron
1630 2758 1679 2796 ut
1701 2753 1983 2796 murmuretis
2017 2758 2169 2797 contra
2191 2752 2328 2796 eum?

487 2811 524 2838 ¹2
544 2813 668 2856 Misit
698 2827 800 2868 ergo
830 2813 1006 2869 Moyses
1036 2819 1084 2856 ut
1115 2819 1292 2857 vocaret
1323 2814 1503 2856 Dathan
1534 2819 1576 2856 et
1605 2813 1797 2868 Abiron,
1828 2812 1941 2855 filios
1972 2812 2117 2855 Eliab.
2148 2812 2231 2862 Qui
2259 2826 2326 2855 re-

487 2872 758 2929 sponderunt
780 2889 788 2915 ε
811 2873 912 2915 Νο11
941 2873 1158 2916 venimus.
1182 2873 1218 2899 13
1239 2873 1470 2929 Numquid
1492 2888 1649 2931 parum
1678 2877 1743 2916 est
1772 2871 1854 2915 tibi
1885 2872 2001 2928 quod
2031 2871 2224 2915 eduxisti
2247 2865 2326 2915 no¹s

488 2931 543 2975 de
563 2937 700 2986 terra,
728 2945 826 2987 quae
848 2931 965 2975 lacte
987 2938 1030 2975 et
1052 2932 1183 2975 melle
1205 2933 1438 2987 manabat,
1462 2938 1511 2975 ut
1533 2931 1753 2976 occideres
1782 2931 1828 2974 in
1863 2931 2055 2986 deserto,
2078 2930 2163 2974 nisi
2186 2935 2230 2974 et
2251 2930 2325 2973 do-

488 2991 683 3034 minatus
706 2991 843 3033 fueris
873 2990 1044 3034 nostri?
1069 2991 1103 3018 14
1127 2992 1296 3035 Revera
1316 2991 1534 3035 induxisti
1566 3006 1643 3035 nos
1671 2992 1717 3034 in
1746 2996 1931 3046 terram,
1963 3005 2062 3047 quae
2091 2989 2190 3032 fluit
2219 2989 2326 3032 rivis

487 3049 616 3094 lactis
647 3057 690 3092 et
720 3050 884 3105 mellis,
908 3057 951 3093 et
973 3050 1133 3093 dedisti
1164 3051 1291 3094 nobis
1312 3051 1609 3109 poss-*essiones
1630 3065 1837 3108 agrorum
1860 3056 1903 3093 et
1923 3050 2180 3103 vinearum;
2204 3063 2261 3091 an
2283 3054 2326 3092 et

489 3109 638 3153 oculos
668 3115 837 3152 nostros
867 3109 934 3151 vis
963 3110 1145 3153 eruere?
1175 3110 1275 3154 Non
1305 3111 1522 3154 venimus.
1554 3110 1591 3137 ¹5
1621 3111 1854 3165 Iratusque
1882 3109 2058 3166 Moyses
2088 3107 2240 3163 valde,
2263 3108 2326 3151 ait

488 3168 546 3212 ad
581 3168 823 3212 Dominum
854 3184 861 3211 :
896 3169 964 3212 Ne
996 3169 1205 3226 respicias
1239 3169 1457 3213 sacrificia
1491 3184 1654 3213 eorum.
1689 3170 1756 3212 Tu
1786 3168 1871 3212 scis
1902 3168 2018 3225 quod
2052 3182 2106 3212 ne
2137 3167 2326 3210 asellum

489 3227 669 3285 quidem
721 3241 916 3282 unquam
956 3229 1203 3285 acceperim
1244 3229 1300 3272 ab
1341 3229 1429 3284 616,
1471 3243 1552 3273 1160
1591 3228 1824 3272 afflixerim
1866 3227 2120 3286 quempiam
2160 3240 2325 3269 eorum.

490 3287 528 3314 ¹⁰
549 3287 762 3342 Dixitque
782 3286 839 3328 ad
862 3286 971 3330 Core
1000 3304 1008 3330 ε
1030 3288 1119 3343 Τ11,
1143 3294 1186 3331 et
1209 3289 1350 3331 omnis
1381 3288 1668 3345 congregatio
1697 3293 1793 3342 tua,
1817 3293 1932 3331 state
1959 3300 2155 3331 seorsum
2178 3298 2327 3328 coram

493 3346 704 3401 Domino,
740 3351 783 3388 et
815 3346 965 3390 Aaron
1000 3345 1070 3389 die
1104 3348 1295 3390 crastino
1328 3348 1582 3405 separatim.
1617 3347 1652 3374 ¹⁷
1688 3346 1851 3390 Tollite
1892 3345 2061 3403 singuli
2099 3344 2335 3388 thuribula„

490 3412 658 3461 vestra,
681 3411 724 3449 et
746 3405 895 3462 ponite
916 3421 1045 3464 super
1067 3420 1117 3449 ea
1138 3406 1391 3463 incensum,
1415 3407 1652 3451 offerentes
1676 3406 1867 3449 Domino
1890 3405 2082 3449 ducenta
2111 3403 2335 3460 quinqua—

491 3464 617 3520 ginta
639 3464 891 3519 thuribula3
915 3466 1064 3509 Aaron
1087 3479 1258 3521 quoque
1279 3472 1428 3509 teneat
1449 3465 1727 3509 thuribulum
1748 3479 1890 3507 suum.

493 3638 541 3671 38]
566 3638 663 3665 Dcut.
686 3639 799 3673 XXII,
817 3642 860 3667 12.
882 3639 1003 3666 Matth.
1018 3638 1151 3673 XXIII,
1164 3641 1191 3666 5.
1204 3652 1239 3656 —-
1257 3637 1286 3670 3]
1306 3635 1408 3664 Eccli.
1426 3637 1527 3671 XLV,
1540 3639 1584 3665 22.
1609 3613 1710 3665 IA'Cor.
1724 3637 1765 3672 X,
1780 3639 1822 3664 10.
1845 3637 1961 3672 Judae,
1975 3639 2019 3664 11.
