2423 3861
204 374 287 406 Spes
304 372 337 401 in
357 371 415 400 Dei

238 414 383 451 justitia.

239 828 383 858 Titulus.

246 900 358 928 Clamo
370 921 376 935 ,

247 942 378 973 exaudi

214 1140 411 1168 Abstineam

190 1186 234 1213 ab
255 1183 434 1216 impiorum

244 1226 384 1256 malitia.

200 1791 238 1819 In
264 1793 298 1819 te
324 1796 436 1825 spero,

199 1841 265 1862 nen
279 1834 438 1861 obstante

241 1876 403 1910 pericu10.

251 2038 392 2069 Custodi

213 2091 266 2112 me
276 2105 283 2119 ‚
304 2083 426 2112 cadant

258 2128 386 2156 hostes,

250 2501 394 2529 Titulus.

221 2570 425 2600 Prooemium

242 2614 408 2649 generale.

237 2794 421 2824 Deficiente

240 2838 415 2867 hominum

256 2880 396 2917 auxilio,

210 3274 336 3303 fortior
356 3280 455 3303 exur-

231 3317 284 3351 git
314 3317 437 3346 fiducia

278 3362 311 3390 in
330 3363 398 3390 Deo

253 3408 285 3434 ct
303 3405 422 3436 oratio.

497 128 581 171 654
999 128 1074 179 Ps.
1108 124 1368 182 CXXXIX,
1405 127 1460 169 13
1491 151 1551 158 -
1582 126 1749 180 CXLI,
1784 126 1824 167 7.

791 300 935 342 virum
961 298 1179 354 injustum
1205 298 1324 340 mala
1350 297 1528 354 capient
1554 297 1597 338 in
1620 297 1815 340 interitu.

676 359 712 385 ¹3
732 357 932 414 Cognovi
954 358 1056 413 quia
1081 357 1222 400 faciet
1241 357 1458 400 Dominus
1479 355 1699 412 judicium
1719 355 1884 412 inopis,

792 423 836 461 et
860 416 1108 460 vindictam
1125 428 1382 473 pauperum.

676 476 711 503 ¹4
732 477 1052 520 Verumtamen
1073 475 1184 531 justi
1210 475 1538 518 confitebuntur
1559 472 1729 517 nomini
1755 477 1830 515 tuo
1850 489 1859 528 ;

792 540 836 579 et
859 534 1130 578 habitabunt
1153 535 1263 578 recti
1287 548 1388 577 cum
1412 533 1540 576 vultu
1567 538 1655 575 tut).

1230 643 1447 685 PsALMus
1480 641 1600 685 CXL

673 732 749 775 Ab
770 734 1008 788 impiorum
1029 732 1205 774 malitia
1227 730 1472 773 abstineam
1493 743 1726 783 eorumque
1754 728 1938 770 devitem
1958 727 2157 770 insidias.

558 820 571 846 1
596 819 798 863 Psalmus
824 818 987 863 David.

738 894 948 949 Domine,
973 893 1164 936 clamavi
1190 893 1247 935 ad
1273 898 1329 948 te,
1354 892 1516 935 exaudi
1543 904 1637 944 me;

792 953 974 996 intende
997 953 1096 995 voci
1120 966 1252 1008 meae,
1277 965 1379 994 cum
1405 951 1656 994 clamavero
1683 949 1739 992 ad
1759 955 1817 993 te.

694 1011 711 1037 2
733 1012 963 1068 *fingatur
985 1011 1123 1054 oratio
1152 1025 1250 1054 mea
1272 1011 1389 1053 sicut
1408 1010 1640 1052 incensum
1665 1009 1711 1051 in
1733 1013 1973 1066 conspectu
1998 1013 2098 1061 tuo,

795 1071 985 1114 elevatio
1010 1085 1224 1113 manuum
1246 1082 1447 1112 mearum
1472 1067 1741 1111 sacrificium
1767 1067 2084 1124 vespertinum.

697 1130 715 1156 3
735 1131 868 1186 Pone,
897 1129 1107 1185 Domine,
1136 1128 1383 1172 custodian]
1411 1128 1475 1171 ori
1501 1140 1621 1182 meo,

796 1194 839 1232 et
861 1189 1023 1232 ostium
1046 1187 1395 1232 circumstantiae
1423 1187 1554 1230 labiis
1577 1187 1700 1230 meis.

697 1249 714 1275 ‘¹
737 1250 837 1292 Non
865 1248 1061 1292 declines
1087 1262 1161 1291 cor
1186 1261 1335 1290 meum
1361 1247 1407 1289 in
1433 1247 1571 1289 verba
1592 1245 1800 1301 malitiae,

797 1308 852 1351 ad
878 1307 1153 1351 excusandas
1177 1307 1487 1350 excusationes
1508 1306 1555 1348 in
1581 1305 1776 1362 peccatis

798 1381 899 1410 cum
921 1367 1176 1410 hominibus
1200 1365 1485 1423 operantibus
1508 1365 1815 1421 iniquitatem3

799 1432 843 1469 et
867 1442 955 1470 non
981 1426 1321 1469 communicabo
1348 1440 1450 1468 cum
1475 1425 1630 1468 electis
1652 1437 1817 1467 eorum,

701 1487 718 1513 5
740 1486 957 1543 Corripiet
979 1500 1049 1529 me
1074 1486 1217 1542 justus
1240 1485 1286 1527 in
1308 1484 1633 1540 misericordia,
1658 1490 1702 1527 et
1726 1482 1977 1539 increpabit
2003 1497 2096 1539 me;

801 1546 945 1588 oleum
970 1550 1121 1588 autem
1144 1545 1390 1601 peccatoris
1414 1558 1502 1586 non
1528 1544 1779 1599 impinguet
1801 1547 1936 1598 caput
1958 1555 2124 1599 meum,

799 1605 1005 1660 quonian]
1034 1603 1179 1647 adhuc
1201 1609 1245 1646 et
1271 1603 1409 1646 oratio
1436 1617 1535 1646 mea
1557 1603 1603 1645 in
1631 1601 1923 1658 beneplacitis
1945 1615 2108 1645 eorum.

701 1666 718 1691 ὓ
736 1663 947 1720 Absorpti
973 1668 1075 1706 sunt
1099 1663 1246 1719 juncti
1271 1669 1409 1719 petrae
1436 1662 1608 1719 judices
1635 1675 1811 1715 eorum,

799 1723 984 1766 audient
1008 1722 1143 1765 verba
1165 1737 1283 1777 mea,
1312 1722 1522 1778 quoniam
1549 1726 1800 1778 potuerunt.

703 1783 717 1809 7
739 1783 861 1826 Sicut
887 1781 1133 1825 crassitudo
1158 1787 1286 1824 terrae
1310 1788 1465 1837 erupta
1488 1786 1554 1824 est
1575 1795 1705 1837 super
1731 1785 1918 1835 terram3

802 1841 1017 1897 dissipata
1043 1846 1145 1883 sunt
1168 1855 1264 1883 ossa
1291 1845 1439 1883 nostra
1467 1854 1592 1883 secus
1636 1839 1878 1882 infernum.

702 1902 718 1928 8
741 1900 852 1951 Quia
876 1900 934 1943 ad
959 1906 1026 1956 te,
1055 1900 1265 1955 Domine,
1296 1899 1506 1955 Domine,
1531 1898 1648 1942 oculi
1669 1898 1786 1953 mei,

801 1960 846 2002 in
873 1964 916 2002 te
942 1958 1136 2016 speravi,
1160 1973 1248 2001 non
1270 1958 1449 2001 auferas
1477 1958 1674 2000 animam
1701 1971 1860 1999 meam.

703 2019 720 2045 9
738 2019 920 2062 Custodi
943 2033 1013 2062 me
1038 2033 1064 2060 a
1089 2018 1247 2073 laqueo
1273 2032 1404 2073 quem
1430 2022 1680 2060 statuerunt
1705 2016 1835 2071 mihi,

803 2084 848 2121 et
872 2093 898 2120 a
921 2077 1144 2120 scandalis
1171 2077 1451 2134 operantium
1475 2077 1775 2132 iniquitatem.

688 2136 723 2162 ¹⁰
741 2137 913 2182 Cadent
937 2137 982 2179 in
1008 2137 1222 2180 retiaculo
1250 2137 1348 2192 ejus
1374 2140 1642 2193 peccatores.

805 2196 1097 2252 Singulariter
1118 2209 1217 2238 sum
1238 2210 1346 2251 ego,
1374 2195 1515 2239 donec
1541 2200 1778 2239 transeam.

1233 2305 1450 2347 PsALMus
1483 2303 1628 2348 CXLI

598 2388 600 2390 V
660 2394 789 2439 Omni
813 2394 1001 2436 humano
1026 2393 1197 2435 auxilio
1222 2392 1471 2445 destitutus,
1491 2390 1650 2434 David
1672 2391 1820 2434 Deum
1845 2393 1966 2434 enixe
1977 2395 2202 2447 precatur.

576 2483 585 2508 ¹
610 2480 872 2525 Intellectus
896 2479 1064 2535 David,
1093 2493 1195 2522 cum
1220 2485 1334 2523 esset
1358 2479 1405 2522 in
1427 2478 1657 2536 spelunca,
1685 2478 1837 2521 oratio.

707 2554 724 2580 ‘²
742 2555 864 2598 Voce
890 2568 988 2597 mea
1014 2554 1070 2596 ad
1098 2554 1342 2597 Dominum
1365 2553 1583 2608 clamavi3

808 2628 916 2657 voce
943 2628 1041 2656 mea
1068 2613 1124 2656 ad
1153 2613 1398 2656 Dominum
1424 2613 1683 2669 deprecatus
1704 2625 1816 2654 sum.

711 2674 729 2700 3
746 2673 944 2716 Effundo
965 2673 1010 2714 in
1037 2678 1277 2729 conspectu
1299 2673 1396 2728 ejus
1422 2671 1668 2714 orat-ionem
1695 2684 1865 2725 meam;

808 2737 852 2775 et
876 2731 1211 2774 tribulationem
1234 2746 1381 2774 meam
1401 2736 1505 2774 ante
1530 2731 1675 2787 ipsum
1701 2729 1951 2785 pronuntio.

709 2792 726 2818 4
744 2793 798 2835 In
821 2790 1066 2834 deficiendo
1093 2805 1147 2834 ex
1168 2805 1239 2834 me
1265 2791 1469 2848 spiritum
1496 2803 1664 2844 meum,

810 2856 856 2894 et
880 2856 927 2893 tu
949 2849 1197 2906 cognovisti
1223 2850 1405 2893 semitas
1431 2864 1566 2893 meas.

754 2912 807 2954 In
828 2910 902 2952 via
926 2910 1010 2952 hac
1033 2923 1118 2965 qua
1144 2909 1434 2952 ambulabam

811 2968 1139 3012 absconderunt
1161 2969 1369 3024 laqueum
1391 2968 1514 3012 mihi.

715 3030 731 3055 5
750 3028 1097 3073 Considerabam
1118 3028 1174 3070 ad
1202 3027 1452 3084 dexteram,
1481 3032 1524 3070 et
1546 3027 1778 3083 videbam3

812 3094 855 3131 et
876 3101 963 3130 non
986 3091 1080 3130 erat
1102 3087 1176 3142 qui
1203 3092 1489 3143 cognosceret
1510 3101 1593 3130 me.

754 3146 893 3190 Periit
914 3146 1024 3202 fuga
1049 3160 1075 3188 a
1098 3161 1194 3202 me;

816 3211 860 3248 et
884 3219 971 3248 non
998 3211 1064 3248 est
1089 3206 1163 3261 qui
1189 3206 1384 3261 requirat
1409 3206 1606 3249 animam
1630 3219 1789 3249 meam.

719 3265 736 3291 ὓ
754 3264 954 3308 Clamavi
977 3264 1033 3306 ad
1056 3269 1120 3320 te,
1149 3265 1364 3320 Domine;
1570 3284 1572 3287 ¹

818 3323 909 3366 dixi
937 3339 945 3365 :
974 3324 1040 3365 Tu
1064 3338 1107 3366 es
1133 3338 1232 3380 spes
1258 3339 1378 3380 mea,

815 3381 958 3439 portio
976 3396 1073 3425 mea
1095 3383 1141 3425 in
1163 3388 1277 3426 terra
1303 3384 1563 3428 viventium.

717 3442 732 3468 7
752 3441 941 3485 Intende
967 3441 1023 3483 ad
1050 3441 1407 3498 deprecationem
1432 3456 1597 3496 meam,

817 3500 920 3557 quia
945 3500 1206 3543 humiliatus
1231 3516 1328 3544 sum
1354 3501 1501 3545 nimis.

528 3600 660 3607 ——-

531 3650 650 3683 14171]
675 3650 689 3676 1
710 3649 791 3681 Reg.
810 3648 933 3676 XXIV.
951 3661 986 3665 -
1004 3647 1033 3680 2]
1052 3646 1104 3673 ΡΞ.
1125 3645 1318 3681 LXXV1,2.
