2456 3861
228 648 358 677 Danitfii

216 700 327 725 quaeru
334 696 369 720 nt

187 735 252 766 sibi
269 744 397 770 posses-

220 780 344 810 sionem
362 789 368 814 ;

212 2009 372 2037 auferunt

215 2053 305 2082 idola
325 2058 359 2082 et

187 2098 394 2127 sacerdotem

222 2142 340 2171 Michae
351 2164 357 2178 ,

479 164 564 207 242
990 163 1099 205 JUD.
1133 162 1291 217 XVII,
1330 164 1378 205 11
1415 189 1474 196 —
1507 160 1693 213 XVIII,
1726 161 1795 202 26.

479 335 633 378 decem
658 339 904 389 argenteos,
927 347 979 374 ac
1004 338 1175 375 vestem
1197 332 1434 387 duplicem,
1460 336 1504 375 et
1525 345 1624 386 quae
1647 331 1704 373 ad
1725 331 1896 373 victum
1921 335 2024 374 sunt
2047 334 2309 378 necessaria.

480 393 511 418 ¹¹
540 392 798 447 Acquievit,
831 396 874 434 et
905 390 1072 433 mansit
1099 390 1218 447 apud
1248 390 1495 446 hominem,
1522 389 1699 445 fuitque
1727 389 1794 432 illi
1823 389 1948 445 quasi
1977 404 2090 433 unus
2111 391 2165 434 de
2193 392 2310 437 filiis.

480 450 514 477 ¹2
531 450 829 506 Implevitque
856 449 1028 492 Michas
1058 464 1240 492 manum
1266 449 1386 505 ejus,
1419 454 1463 492 et
1495 448 1653 492 habuit
1681 463 1866 504 puerum
1892 448 2170 492 sacerdotem
2194 451 2311 507 apud

476 524 546 564 se3
580 509 615 535 ¹3
640 509 770 552 Nunc
807 508 919 564 scio,
958 508 1129 564 dicens,
1164 508 1280 564 quod
1318 507 1576 551 benefaciet
1613 506 1722 550 mihi
1761 508 1881 551 Deus
1921 507 2107 550 habenti
2143 508 2312 553 levitici

476 568 650 624 generis
675 567 963 611 sacerdotem.

536 627 643 670 CAP.
666 628 845 670 XVIII.
867 653 927 660 —
952 627 965 653 ¹
991 628 1044 670 In
1071 626 1228 670 diebus
1262 626 1352 670 illis
1377 641 1466 670 non
1497 630 1591 669 erat
1619 640 1698 670 rex
1719 626 1765 669 in
1791 625 1951 683 Israel,
1980 631 2024 670 et
2048 626 2190 669 tribus
2213 626 2314 669 Dan

477 686 706 742 quaerebat
741 685 1063 742 possessionem
1097 685 1203 742 sibi,
1242 692 1292 729 ut
1325 685 1550 728 habitaret
1578 685 1625 728 in
1656 700 1737 741 ea3
1773 699 1910 741 usque
1943 685 2000 728 ad
2032 685 2161 728 illum
2193 685 2315 728 enim

477 745 595 788 diem
617 745 732 788 inter
754 750 922 789 ceteras
944 745 1085 789 tribus
1110 751 1273 788 sortem
1291 760 1379 789 non
1401 750 1649 801 acceperat.
1676 743 1694 770 2
1711 744 1930 788 Miserunt
1953 758 2057 800 ergo
2083 743 2163 787 filii
2190 745 2313 800 Dan,

476 804 624 861 stirpis
647 809 690 848 et
711 804 902 848 familiae
924 819 1015 848 suae
1050 804 1243 861 quinque
1269 805 1385 848 viros
1414 804 1682 847 fortissimos
1713 803 1767 847 de
1795 805 1930 848 Saraa
1956 808 2000 847 et
2029 802 2234 859 Esthaol,
2265 807 2315 846 ut

477 864 759 921 explorarent
790 869 974 921 terram,
1006 869 1051 908 et
1084 863 1322 920 diligenter
1349 864 1650 920 inspicerent3
1683 863 1980 919 dixeruntque
2010 862 2072 906 eis
2105 879 2114 907 :
2149 863 2240 919 Ite,
2270 866 2315 906 et

476 923 753 967 considerate
776 929 953 967 terram.
981 923 1063 975 Qui
1087 937 1188 966 cum
1213 928 1450 980 pergentes
1474 923 1702 966 venissent
1722 922 1770 965 in
1792 927 1991 966 montem
2015 921 2245 978 Ephraim,
2269 926 2315 965 et

475 982 716 1026 intrassent
752 983 933 1027 domum
973 983 1156 1039 Michae,
1203 982 1515 1039 requieverunt
1554 981 1647 1037 ibi3
1693 981 1712 1008 3
1740 987 1786 1025 et
1827 987 2122 1038 agnoscentes
2159 995 2314 1025 vocem

474 1041 770 1086 adolescentis
797 1042 967 1099 levitae,
995 1047 1257 1098 utentesque
1282 1041 1403 1084 illius
1426 1041 1689 1097 diversorio,
1721 1041 1932 1084 dixerunt
1961 1041 2018 1084 ad
2042 1055 2143 1084 eum
2173 1056 2182 1084 :
2208 1040 2312 1091 Quis

474 1106 519 1144 te
551 1102 637 1145 huc
669 1101 893 1145 adduxit?
931 1101 1036 1158 quid
1068 1101 1141 1144 hic
1175 1101 1305 1157 agis?
1339 1115 1472 1156 quam
1508 1100 1562 1143 ob
1592 1114 1772 1143 causam
1801 1100 1888 1143 huc
1917 1100 2069 1143 venire
2098 1099 2313 1144 voluisti?

476 1160 491 1187 ⁴
513 1161 594 1212 Qui
620 1161 848 1217 respondit
869 1161 931 1204 eis
969 1178 977 1204 :
1009 1161 1122 1203 Haec
1148 1166 1192 1203 et
1221 1160 1319 1202 haec
1348 1159 1560 1216 praestitit
1582 1159 1692 1202 mihi
1716 1159 1908 1215 Michas,
1937 1164 1982 1202 et
2010 1174 2081 1203 me
2110 1159 2313 1203 mercede

475 1220 708 1275 conduxit,
743 1225 792 1263 ut
828 1220 912 1263 sim
947 1220 986 1263 ei
1020 1220 1236 1265 sacerdos.
1277 1219 1293 1245 ⁵
1321 1220 1609 1275 Rogaverunt
1641 1222 1792 1262 autem
1826 1232 1947 1275 eum,
1982 1224 2030 1262 ut
2065 1218 2314 1263 consuleret

474 1279 738 1335 Dominum,
761 1284 811 1322 ut
840 1279 951 1323 scire
981 1284 1162 1336 possent
1183 1294 1240 1322 an
1270 1292 1478 1336 prospero
1499 1277 1659 1321 itinere
1681 1283 1937 1334 pergerent,
1962 1283 2007 1321 et
2031 1293 2099 1321 res
2128 1278 2313 1322 haberet

475 1338 699 1381 effectum.
745 1338 763 1365 ὓ
792 1338 873 1390 Qui
913 1338 1142 1395 respondit
1179 1338 1241 1382 eis
1287 1355 1296 1382 z
1344 1338 1414 1381 Ite
1454 1337 1501 1380 in
1539 1351 1677 1394 pace;
1719 1337 1938 1380 Dominus
1974 1337 2157 1394 respicit
2192 1337 2313 1380 viam

473 1403 688 1454 vestram,
717 1403 760 1441 et
780 1398 864 1441 iter
889 1412 973 1454 quo
1003 1397 1201 1454 pergitis
1227 1395 1243 1422 ⁷
1262 1398 1431 1440 Euntes
1453 1397 1593 1453 igitur
1618 1396 1812 1452 quinque
1835 1396 1920 1439 viri
1945 1402 2164 1440 venerunt
2187 1397 2311 1453 Lais,

474 1457 766 1513 videruntque
794 1457 1007 1514 populum
1038 1457 1319 1501 habitantem
1347 1456 1395 1500 in
1421 1471 1474 1500 ea
1502 1456 1670 1512 absque
1703 1456 1794 1499 ullo
1827 1456 2008 1513 timore,
2043 1457 2175 1513 juxta
2210 1471 2312 1500 con-

473 1516 755 1560 suetudinem
783 1517 1074 1572 Sidoniorum,
1099 1530 1301 1559 securum
1323 1521 1367 1559 et
1396 1515 1610 1572 quietum,
1639 1515 1762 1559 nullo
1789 1515 1827 1559 ei
1859 1515 2039 1573 penitus
2063 1516 2311 1573 resistente,

474 1590 825 1632 magnarumque
851 1590 1005 1633 opum,
1029 1583 1074 1618 et
1096 1575 1247 1632 procul
1268 1590 1294 1618 a
1318 1575 1480 1620 Sidone
1502 1580 1635 1631 atque
1657 1590 1683 1618 a
1710 1575 1882 1618 cunctis
1908 1575 2166 1618 hominibus
2187 1590 2313 1632 sepa-

473 1640 632 1680 ratum.
657 1635 674 1661 8
691 1636 958 1691 Reversique
984 1635 1040 1678 ad
1063 1635 1229 1678 fratres
1251 1649 1350 1678 suos
1371 1635 1418 1677 in
1442 1635 1580 1678 saraa
1610 1639 1654 1677 et
1684 1635 1889 1691 Esthaol,
1915 1639 1959 1678 et
1988 1634 2094 1690 quid
2118 1635 2313 1691 egissent

473 1694 824 1751 sciscitantibus,
864 1694 1186 1751 responderunt
1225 1710 1233 1738 :
1273 1693 1291 1720 9
1318 1693 1513 1750 Surgite,
1549 1693 1843 1737 ascendamus
1881 1693 1937 1737 ad
1977 1708 2078 1750 eos,
2119 1694 2313 1738 vidimus

474 1753 593 1797 enim
614 1759 777 1797 terram
800 1754 930 1797 valde
952 1753 1211 1810 opulentam
1238 1759 1281 1797 et
1302 1753 1483 1796 uberem
1503 1771 1511 1808 3
1537 1753 1674 1796 nolite
1696 1753 1938 1809 negligere,
1963 1753 2102 1797 nolite
2127 1768 2311 1800 cessare.

475 1814 660 1868 Eamus,
685 1817 729 1856 et
749 1813 1054 1870 possideamus
1076 1827 1176 1856 eam
1195 1830 1204 1866 ;
1229 1813 1377 1855 nullus
1400 1813 1482 1856 erit
1504 1812 1641 1856 labor.
1675 1812 1710 1839 ¹⁰
1729 1812 2006 1856 Intrabimus
2030 1813 2087 1856 ad
2113 1827 2311 1870 securos,

472 1873 519 1915 in
540 1872 769 1928 regionem
792 1872 1078 1928 latissimam,
1105 1871 1338 1928 tradetque
1360 1871 1487 1915 nobis
1515 1870 1733 1915 Dominus
1755 1871 1923 1928 locum,
1954 1872 2001 1914 in
2032 1886 2118 1928 quo
2147 1872 2312 1916 nullius

473 1931 535 1975 rei
559 1937 624 1975 est
645 1932 831 1989 penuria
855 1946 1004 1975 eorum
1026 1945 1124 1987 quae
1147 1931 1392 1987 gignuntur
1412 1931 1459 1973 in
1481 1935 1611 1975 terra.

534 1992 566 2018 ¹¹
589 1991 785 2034 Profecti
814 1991 952 2047 igitur
981 1995 1085 2033 sunt
1113 1990 1167 2034 de
1201 1990 1467 2047 cognatione
1494 1991 1615 2047 Dan,
1641 1989 1688 2033 id
1712 1995 1777 2033 est
1800 1990 1854 2034 de
1876 1991 2013 2035 Saraa
2036 1995 2081 2034 et
2103 1991 2309 2048 Esthaol,

473 2051 672 2095 sexcenti
717 2050 799 2093 viri
845 2050 1036 2093 accincti
1073 2049 1208 2093 armis
1252 2049 1446 2106 bellicis,
1486 2049 1522 2075 ¹⁹²
1555 2049 1932 2106 ascendentesque
1971 2055 2231 2094 manserunt
2265 2050 2312 2093 in

474 2109 789 2155 Cariathiarim
825 2109 988 2165 Judae3
1025 2109 1098 2166 qui
1136 2109 1278 2165 locus,
1310 2124 1365 2152 ex
1393 2124 1445 2152 eo
1473 2114 1693 2166 tempore,
1726 2110 1982 2153 Castrorum
2016 2110 2118 2152 Dan
2151 2124 2312 2153 nomen

473 2169 659 2226 accepit,
688 2174 732 2213 et
753 2174 819 2213 est
848 2174 949 2226 post
977 2174 1152 2225 tergum
1183 2168 1512 2213 Cariathiarim.
1539 2168 1574 2195 ¹3
1593 2167 1704 2212 Inde
1735 2169 2007 2212 transierunt
2038 2169 2085 2212 in
2115 2175 2312 2213 montem

474 2228 702 2286 Ephraim.
734 2229 933 2284 Cumque
954 2228 1181 2272 venissent
1202 2228 1259 2272 ad
1282 2228 1464 2271 domum
1491 2227 1675 2283 Michae,
1707 2227 1742 2254 ¹4
1758 2227 1966 2271 dixerunt
1988 2228 2183 2285 quinque
2204 2228 2309 2285 viri,

473 2288 546 2344 qui
568 2288 688 2345 prius
718 2288 840 2331 missi
869 2288 1051 2331 fuerant
1079 2288 1136 2331 ad
1167 2287 1536 2331 considerandam
1558 2292 1723 2331 terram
1754 2287 1878 2343 Lais,
1911 2288 2068 2331 ceteris
2097 2287 2311 2332 fratribus

473 2347 562 2390 suis
587 2363 598 2392 z
624 2347 775 2391 Nostis
797 2347 912 2403 quod
933 2347 980 2390 in
1002 2347 1207 2390 domibus
1228 2347 1326 2390 istis
1347 2347 1405 2390 sit
1431 2347 1596 2404 ephod,
1630 2352 1675 2390 et
1703 2346 1977 2404 theraphim,
2011 2351 2055 2390 et
2083 2347 2310 2404 sculptile,

472 2414 606 2463 atque
639 2406 893 2461 conflatile3
924 2407 1074 2450 videte
1104 2406 1209 2463 quid
1241 2406 1367 2450 vobis
1397 2407 1588 2463 placeat.
1620 2406 1655 2432 15
1685 2408 1744 2450 Ε1
1772 2420 1873 2449 011111
1902 2406 2136 2463 paululum
2176 2406 2312 2449 decli-

473 2471 674 2522 nassent,
710 2466 896 2522 ingressi
935 2472 1038 2509 sunt
1079 2466 1260 2509 domum
1297 2465 1594 2509 adolescentis
1634 2465 1807 2522 levitae,
1847 2465 1922 2521 qui
1964 2470 2060 2509 erat
2096 2465 2141 2508 in
2180 2465 2311 2509 domo

473 2526 658 2582 Michae,
687 2525 1077 2581 salutaveruntque
1103 2540 1205 2568 eum
1228 2525 1374 2568 verbis
1396 2525 1609 2582 pacificis.
1644 2524 1680 2552 16
1699 2524 1905 2570 Sexcenti
1936 2529 2085 2568 autem
2111 2524 2216 2581 viri,
2246 2525 2312 2568 ita

473 2592 522 2629 ut
559 2590 685 2629 erant
720 2584 901 2642 armati,
940 2585 1122 2628 stabant
1160 2590 1266 2628 ante
1303 2585 1479 2629 ostium.
1520 2584 1553 2610 ¹7
1581 2587 1643 2628 At
1678 2584 1746 2627 illi
1786 2583 1860 2640 qui
1907 2583 2093 2640 ingressi
2130 2584 2313 2628 fuerant

474 2646 654 2689 domum
676 2644 867 2701 juvenis,
891 2643 1111 2701 sculptile,
1136 2650 1180 2688 et
1201 2644 1360 2701 ephod,
1385 2649 1429 2687 et
1450 2643 1717 2701 theraphim,
1743 2648 1875 2699 atque
1908 2642 2134 2687 conflatile
2155 2643 2311 2688 tollere

473 2704 759 2759 nitebantur;
797 2708 841 2747 et
873 2704 1077 2747 sacerdos
1114 2704 1265 2747 stabat
1297 2708 1401 2746 ante
1436 2703 1617 2759 ostium,
1657 2702 1878 2746 sexcentis
1912 2702 2019 2745 viris
2052 2702 2311 2746 fortissimis

473 2764 592 2807 haud
617 2763 770 2820 procul
801 2763 1154 2820 expectantibus.
1182 2763 1217 2790 18
1236 2762 1452 2806 Tulerunt
1480 2762 1619 2819 igitur
1652 2762 1725 2818 qui
1750 2761 2048 2818 intraverant,
2081 2761 2308 2819 sculptile,

474 2823 639 2879 ephod,
674 2829 718 2866 et
751 2823 890 2879 idola,
924 2827 1057 2879 atque
1088 2822 1326 2866 conflatile.
1353 2822 1520 2873 Quibus
1552 2821 1667 2864 dixit
1694 2820 1899 2864 sacerdos
1935 2836 1943 2864 ε
1979 2821 2092 2872 Quid
2122 2821 2308 2866 facitis?

475 2882 511 2908 ¹9
529 2881 609 2925 Cui
630 2881 987 2939 responderunt:
1017 2882 1157 2938 Tace,
1185 2886 1228 2925 et
1256 2896 1370 2938 pone
1393 2880 1586 2937 digitum
1607 2894 1737 2937 super
1758 2894 1805 2923 os
1827 2885 1981 2923 tuum·
1973 2880 2204 2936 ,venique
2234 2894 2311 2924 no·

474 2941 667 2997 biscum,
698 2948 748 2984 ut
776 2941 1019 2984 habeamus
1052 2946 1096 2984 te
1118 2946 1312 3009 patrem,
1335 2955 1387 2984 ac
1409 2940 1697 2984 sacerdotem.
1721 2939 1835 2990 Quid
1858 2939 1940 2982 tibi
1965 2939 2123 2983 melius
2146 2944 2232 2996 est,
2262 2945 2310 2983 ut

475 3001 534 3044 sis
567 3000 770 3043 sacerdos
801 3000 848 3042 in
877 3001 1007 3044 domo
1033 3000 1162 3043 unius
1191 3000 1297 3057 viri,
1328 3015 1385 3042 an
1421 3000 1467 3042 in
1504 3014 1592 3043 una
1628 2998 1746 3043 tribu
1777 3003 1821 3041 et
1849 2998 2029 3042 familia
2056 2999 2103 3041 in
2135 2998 2309 3043 Israel?

476 3059 513 3086 20
530 3059 653 3111 Quod
688 3074 787 3102 cum
820 3059 1036 3116 audisset,
1071 3059 1296 3116 acquievit
1329 3059 1604 3102 sermonibus
1637 3072 1816 3112 eorum3
1852 3063 1897 3100 et
1928 3058 2034 3101 tulit
2067 3058 2232 3115 ephod,
2267 3063 2311 3101 et

475 3119 608 3174 idola,
631 3131 683 3161 ac
705 3118 924 3175 sculptile,
950 3123 993 3161 et
1015 3119 1242 3175 profectus
1265 3124 1331 3162 est
1353 3133 1453 3161 cum
1476 3118 1552 3162 eis.
1583 3117 1616 3144 2¹
1638 3116 1720 3168 Qui
1743 3131 1845 3159 cum
1867 3122 2117 3173 pergerent,
2142 3122 2186 3160 et
2206 3122 2311 3161 ante

476 3191 522 3221 se
551 3177 614 3221 ire
642 3177 857 3221 fecissent
887 3178 1092 3234 parvulos
1121 3192 1173 3220 ac
1195 3178 1420 3234 jumenta,
1445 3183 1489 3221 et
1511 3191 1640 3220 omne
1663 3175 1780 3232 quod
1804 3181 1899 3219 erat
1924 3175 2249 3233 1110110511111,22
2265 3181 2311 3219 et

474 3238 571 3294 jam
599 3251 626 3280 a
656 3237 787 3280 domo
818 3236 981 3279 Michae
1011 3241 1158 3280 essent
1188 3237 1360 3294 procul,
1384 3237 1467 3279 1111
1500 3236 1573 3293 qui
1595 3235 1929 3279 habitabantur
1955 3235 2125 3278 aedibus
2146 3234 2310 3278 Michae

477 3295 809 3340 conclamantes
830 3295 968 3338 secuti
991 3302 1115 3351 sunt,
1147 3295 1184 3322 ‘²3
1201 3302 1245 3340 et
1274 3302 1374 3352 post
1396 3301 1571 3353 tergum
1594 3295 1786 3338 clamare
1810 3299 2052 3351 coeperunt.
2076 3294 2180 3349 Qui,
2208 3307 2311 3337 cum

476 3355 792 3413 respexissent,
823 3355 1032 3398 dixerunt
1065 3331 1121 3397 ad
1156 3355 1398 3399 Micham:
1433 3355 1546 3406 Quid
1576 3353 1658 3397 tibi
1688 3353 1790 3396 vis?
1825 3368 1902 3396 cur
1931 3352 2137 3396 clamas?
2167 3352 2203 3379 2¹
2224 3352 2308 3403 Qui

476 3414 740 3472 respondit:
772 3415 887 3458 Deos
917 3427 1058 3469 meos,
1089 3428 1195 3470 quos
1225 3414 1335 3457 mihi
1364 3415 1475 3468 feci,
1506 3413 1691 3468 tulistis,
1719 3418 1763 3455 et
1784 3413 2060 3456 sacerdotem
2081 3417 2127 3455 et
2158 3411 2308 3455 omnia

477 3489 576 3530 quae
598 3473 752 3530 habeo,
775 3478 821 3517 et
842 3473 1018 3516 dicitis:
1043 3449 1156 3524 Quid
1178 3473 1259 3516 tibi
1287 3474 1385 3518 est?
1408 3473 1444 3500 25
1464 3473 1769 3541 Dixeruntque
1793 3472 1831 3515 ei
1854 3472 1934 3515 filii
1953 3473 2089 3515 Dan:
2112 3471 2231 3514 Cave
2252 3484 2307 3513 ne

477 3533 592 3576 ultra
621 3532 824 3589 loquaris
841 3532 898 3576 ad
928 3546 1027 3589 nos,
1058 3537 1102 3576 et
1123 3533 1306 3576 veniant
1328 3533 1385 3576 ad
1414 3537 1459 3576 te
1488 3531 1571 3574 viri
1592 3530 1743 3574 animo
1766 3531 2000 3585 concitati,
2024 3536 2069 3574 et
2089 3530 2183 3587 ipse
2205 3543 2303 3573 cum

477 3592 596 3635 omni
619 3592 749 3635 domo
770 3597 848 3635 tua
868 3606 1034 3649 pereas.
1059 3590 1095 3618 2⁶
1114 3593 1171 3634 Et
1191 3591 1254 3634 sic
1277 3597 1423 3649 coepto
1444 3591 1602 3634 itinere
1631 3595 1932 3646 perrexerunt.
1956 3566 2126 3633 V⁷idens
2155 3593 2302 3632 autem

423 3692 426 3695 Δ
479 3650 670 3707 Michas,
693 3652 807 3707 quod
830 3651 1036 3695 fortiores
1058 3665 1103 3694 se
1127 3656 1293 3707 essent,
1316 3664 1516 3694 reversus
1539 3654 1605 3693 est
1626 3649 1670 3691 in
1694 3648 1874 3692 domum
1895 3663 2035 3693 suam.
