2456 3861
880 121 960 162 Ex.
996 120 1111 174 ΧΠ,
1145 120 1309 163 26-51.
1946 123 2001 164 63

176 289 362 332 daturus
390 297 457 332 est
488 291 614 332 vobis
645 297 694 331 ut
720 289 945 345 pollicitus
979 294 1065 344 est,
1101 289 1392 332 observabi-tis
1426 289 1696 332 ceremonias
1732 290 1852 333 istas.
1886 291 1923 317 “2ss
1946 293 2002 334 Et

177 363 280 390 cum
320 348 515 390 dixerint
550 347 676 390 vobis
715 348 795 390 filii
835 349 1003 391 vestri:
1032 354 1138 398 Quae
1179 353 1246 390 est
1290 347 1374 390 ista
1415 347 1606 403 religio?
1641 348 1674 373 ‘2⁷
1705 348 1862 391 dicetis
1899 350 1998 395 eis:

180 407 376 448 Victima
416 407 627 449 transitus
662 407 841 450 Domini
879 412 964 461 est,
1000 407 1176 462 quando
1216 406 1421 448 transivit
1460 420 1589 462 super
1625 406 1776 449 domos
1813 408 2001 451 filiorum

180 466 317 508 Israel
343 465 388 507 in
414 466 635 521 AEgypto‚
658 466 908 521 percutiens
940 466 1199 521 AEgyptios,
1227 471 1271 508 et
1300 466 1451 509 domos
1484 470 1654 507 nostras
1687 465 1892 510 liberans.
1927 469 2001 510 In-

179 530 472 580 curvatusque
510 524 698 581 populus
736 525 952 567 adoravit.
993 524 1029 549 2⁸
1061 526 1117 566 Et
1153 524 1317 580 egressi
1355 524 1433 566 filii
1475 524 1612 567 Israel
1649 524 1854 568 fecerunt
1889 525 2003 569 sicut

177 589 450 638 praeceperat
490 583 705 626 Dominus
737 582 881 638 Moysi
921 589 965 625 et
1002 584 1165 626 Aaron.

237 640 273 666 ‘2¹‘
292 643 479 683 Factum
499 647 572 684 est
597 646 749 683 autem
775 641 819 682 in
842 642 984 683 noctis
1015 642 1178 696 medio,
1205 643 1421 698 percussit
1449 642 1663 685 Dominus
1686 657 1815 687 omne
1840 645 2001 700 primo-

178 700 379 755 genitum
411 701 457 742 in
490 706 606 742 terra
640 699 854 755 AEgypti,
887 714 914 741 a
943 699 1241 755 primogenito
1275 701 1537 757 Pharaonis,
1572 702 1645 756 qui
1685 702 1731 745 in
1764 702 1872 746 solio
1905 704 2002 759 ejus

176 759 380 813 sedebat,
401 772 537 814 usque
562 758 619 800 ad
643 758 988 814 primogenitum
1023 758 1214 814 captivae
1240 772 1339 813 quae
1369 765 1464 802 erat
1493 760 1537 801 in
1567 774 1764 816 carcere,
1795 766 1840 805 et
1871 777 2001 806 omne

177 817 523 873 primogenitum
548 817 863 873 jumentorum.
887 817 924 843 3⁰
941 818 1222 872 Surrexitque
1250 818 1421 860 Pharao
1446 824 1596 873 nocte,
1626 825 1671 861 et
1705 834 1856 862 omncs
1886 822 2000 864 servi

177 876 296 932 ejus,
318 882 564 932 cunctaque
583 876 835 931 AEgyptus3
858 881 904 918 et
926 881 1044 918 ortus
1061 881 1133 919 est
1154 877 1320 919 clamor
1343 890 1532 931 magnus
1551 877 1598 918 in
1617 878 1840 933 Assquito,
1862 894 2001 935 neque

171 935 295 977 ›eni-m
314 940 411 977 erat
433 935 589 977 domus
615 935 659 976 in
682 949 768 990 qua
790 949 877 977 non
901 935 1071 991 jaceret
1097 941 1306 981 mortuus,

235 994 269 1020 3¹
291 994 557 1049 V-ocatisque
581 994 752 1037 Pharao
775 995 928 1050 Moyse
950 1000 994 1037 et
1016 996 1166 1037 Aaron
1188 995 1447 1050 nocte,ait:
1475 995 1647 1051 Surgite
1663 1001 1714 1039 *et
1738 997 2002 1051 egredimini

171 1067 201 1095 a
229 1053 391 1109 populo
425 1067 546 1108 meo,
584 1067 661 1095 vos
693 1059 739 1096 et
774 1053 853 1095 filii
892 1053 1055 1108 isiae-13
1083 1053 1169 1108 ite,
1204 1054 1431 1097 immolate
1470 1054 1661 1097 Domino
1694 1054 1808 1097 sicut
1839 1055 2000 1097 dicitis.

176 1111 213 1138 3²³
230 1112 344 1155 Oves
367 1117 538 1155 vestras
564 1117 608 1155 et
637 1117 839 1155 armen-ta
863 1112 1076 1155 assumite
1101 1118 1150 1154 ut
1174 1113 1423 1168 petieratis,
1447 1119 1492 1156 et
1508 1113 1727 1156 >abeuntes
1752 1113 2002 1156 benedicite

174 1171 297 1214 mihi.
320 1170 357 1197 33
377 1171 694 1228 Urgebantque
712 1171 918 1227 AEgyptii
946 1171 1158 1227 populum
1174 1171 1233 1214 de
1256 1176 1371 1224 terra
1394 1172 1513 1215 exire
1533 1172 1755 1227 velociter,
1778 1172 1974 1215 dicentes
1995 1187 2003 1214 :

166 1231 339 1273 Omnes
367 1231 618 1276 moriemur.
646 1230 683 1256 ³4
701 1229 823 1272 Tulit
849 1230 985 1286 igitur
1009 1230 1196 1286 populus
1226 1244 1506 1287 conspersam
1535 1231 1731 1273 farinam
1763 1236 2003 1286 antequam

174 1289 544 1343 ferinentaretur3
573 1294 616 1332 et
639 1288 787 1345 ligans
820 1289 865 1331 in
898 1289 1067 1345 palliis,
1099 1288 1244 1345 posuit
1272 1304 1405 1346 super
1433 1290 1636 1333 humeros
1667 1304 1779 1332 suos.
1806 1290 1843 1316 35
1866 1291 2000 1333 Fece-

174 1354 360 1403 suntque
390 1348 470 1390 filii
503 1349 642 1391 Israel
672 1349 785 1390 sicut
816 1353 1089 1404 praeceperat
1118 1348 1318 1404 Moyses3
1356 1354 1400 1391 et
1431 1349 1656 1405 petierunt
1684 1349 1740 1391 ab
1773 1349 2004 1405 AEgyptiis

174 1421 279 1449 vasa
309 1411 523 1462 argentea
547 1412 598 1450 et
625 1421 777 1462 aurea,
805 1413 1062 1461 vestemque
1098 1407 1350 1462 plurimam.
1385 1408 1421 1434 36
1449 1408 1665 1450 Dominus
1699 1414 1848 1450 autem
1882 1409 2005 1451 dedit

172 1466 363 1520 gratiam
397 1465 560 1522 populo
597 1479 744 1508 coram
781 1465 1012 1523 AEgyptiis
1044 1470 1094 1507 ut
1122 1466 1461 1515 commodarent
1494 1467 1585 1521 eis3
1621 1472 1666 1509 et
1703 1466 2004 1522 spoliaverunt

165 1524 424 1580 AEgyptios.

757 1666 1152 1723 SECUNDA
1202 1666 1418 1722 PARS

639 1812 938 1851 EXITUS
984 1812 1537 1869 ,HEBRAEORUM

709 1954 872 1998 SEc'rlo
907 1955 943 1997 Ι.
969 1981 1029 1986 ——
1060 1954 1271 1997 ITINEms
1305 1966 1458 1997 INITIA

231 2082 266 2109 3⁷
285 2083 569 2139 Profectique
598 2088 701 2126 sunt
729 2082 810 2125 filii
843 2083 983 2126 Israel
1021 2083 1074 2126 de
1113 2084 1324 2126 Ramesse
1358 2083 1404 2125 in
1445 2084 1624 2139 Socoth,
1661 2090 1872 2128 sexcenta
1909 2086 2004 2130 fere

167 2141 314 2184 millia
341 2142 543 2198 peditum
571 2142 786 2198 virorum,
819 2142 985 2198 absque
1014 2142 1227 2199 parvulis,
1259 2142 1295 2169 33
1322 2142 1406 2186 Sed
1438 2147 1482 2185 et
1515 2143 1674 2198 vulgus
1705 2144 2004 2200 promiscuum

171 2200 494 2243 innumerabile
530 2201 732 2243 ascendit
765 2215 866 2243 cum
899 2201 982 2256 eis,
1013 2215 1115 2244 oves
1149 2206 1193 2244 et
1226 2206 1449 2257 armenta,
1484 2206 1528 2244 et
1561 2202 1808 2245 animantia
1844 2203 2004 2246 diversi

171 2260 345 2315 generis
379 2259 519 2302 multa
555 2259 699 2303 nimis.
724 2259 761 2286 3⁹
779 2261 1089 2316 Coxeruntque
1115 2261 1331 2317 farinam,
1360 2275 1493 2317 quam
1526 2261 1693 2304 dudum
1724 2261 1777 2305 de
1802 2262 2004 2319 AEgypto

170 2333 454 2374 conspersam
475 2319 690 2375 tulerant,
711 2324 756 2362 et
772 2319 977 2362 fecerunt
999 2319 1314 2363 subcinericios
1336 2334 1473 2376 panes
1494 2335 1674 2376 azymos
1691 2339 1700 2375 3
1726 2336 1866 2377 neque
1885 2321 2004 2364 enim

171 2382 376 2434 poterant
399 2377 664 2421 fermentari
690 2377 952 2434 cogentibus
979 2378 1098 2422 exire
1123 2379 1374 2436 AEgyptiis,
1406 2383 1450 2422 et
1476 2379 1644 2422 nullam
1677 2380 1827 2423 facere
1858 2381 2004 2424 sinen-

164 2436 289 2480 tibus
311 2451 481 2479 moram
500 2455 509 2492 3
533 2451 616 2480 nec
637 2436 857 2493 pulmenti
883 2437 1124 2493 quidquam
1147 2443 1395 2481 occurrerat
1421 2452 1682 2495 praeparare.
1709 2438 1747 2465 40
1770 2439 2004 2483 Habitatio

164 2503 321 2540 autem
349 2495 540 2538 filiorum
567 2496 707 2539 Israel
735 2510 823 2552 qua
848 2501 1106 2539 manserunt
1137 2497 1184 2539 in
1209 2497 1432 2553 AEgypto,
1464 2497 1554 2539 fuit
1579 2498 2004 2554 quadringentorum

173 2556 357 2612 triginta
386 2569 616 2599 annorum.
639 2554 674 2581 4¹
695 2555 860 2606 Quibus
887 2555 1097 2611 expletis,
1121 2556 1277 2598 eadem
1303 2556 1373 2599 die
1401 2570 1601 2612 egressus
1623 2561 1690 2599 est
1715 2557 1858 2601 omnis
1881 2572 2003 2600 exer-

166 2615 286 2658 citus
305 2614 487 2658 Domini
506 2615 559 2658 de
577 2620 694 2658 terra
712 2614 916 2671 AEgypti.
937 2613 974 2640 42
989 2615 1090 2658 Nox
1108 2614 1193 2657 ista
1212 2620 1278 2657 est
1298 2614 1587 2658 observabilis
1608 2615 1808 2668 Domini,
1829 2616 2004 2671 quando

166 2674 326 2717 eduxit
347 2687 419 2717 eos
445 2674 499 2717 de
521 2679 639 2717 terra
659 2673 875 2730 AEgypti3
904 2673 1019 2716 hanc
1050 2673 1282 2717 observare
1315 2674 1478 2717 debent
1501 2687 1652 2717 omnes
1678 2674 1758 2718 filii
1787 2675 1928 2718 Israel
1957 2675 2004 2717 in

165 2733 532 2789 ,generationibus
553 2734 656 2777 suis.

231 2792 268 2819 43
295 2792 506 2848 Dixitque
537 2793 755 2836 Dominus
787 2793 843 2836 ad
877 2793 1064 2849 Moysen
1101 2798 1145 2836 et
1178 2794 1326 2837 Aaron
1354 2810 1363 2838 ε
1395 2794 1508 2836 Haec
1537 2798 1604 2836 est
1635 2791 1793 2848 religio
1827 2794 2001 2849 Phase3

166 2851 314 2895 omnis
342 2851 596 2908 alienigena
629 2867 718 2896 non
752 2851 954 2895 comedet
983 2866 1039 2894 ex
1070 2866 1134 2895 eo.
1162 2852 1199 2879 44
1221 2853 1376 2896 Omnis
1409 2858 1560 2895 autem
1593 2865 1744 2894 servus
1776 2853 2004 2909 emptitius

167 2910 525 2967 circumcidetur,
549 2916 594 2954 et
618 2912 681 2954 sic
707 2911 922 2955 comede-t.
949 2910 986 2937 45
1001 2911 1188 2954 Advena
1215 2917 1259 2955 et
1280 2911 1578 2955 mercenarius
1596 2925 1684 2953 non
1707 2911 1840 2954 edent
1865 2926 1920 2955 ex
1938 2927 2003 2956 eo.

170 2970 210 2996 46
227 2971 282 3012 In
306 2985 393 3012 una
420 2970 550 3013 domo
581 2971 861 3025 comedetur3
885 2984 967 3013 nec
997 2970 1193 3014 efferetis
1227 2971 1281 3015 de
1307 2970 1514 3014 carnibus
1540 2970 1637 3026 ejus
1666 2969 1810 3024 foras,
1842 2985 1924 3014 nec
1958 2986 2004 3014 os

168 3029 291 3072 illius
317 3029 624 3085 confringetis.
649 3029 685 3056 47
704 3029 860 3073 Omnis
890 3034 1029 3072 coetus
1061 3029 1254 3073 filiorum
1279 3030 1418 3073 Israel
1438 3029 1580 3073 faciet
1608 3028 1733 3072 illud.
1755 3028 1792 3056 48
1815 3030 1939 3080 Quod
1967 3030 2004 3073 si

167 3088 270 3143 quis
293 3088 629 3144 peregrinorum
653 3089 699 3132 in
721 3094 916 3132 ves-tram
938 3088 1128 3131 voluerit
1147 3089 1335 3132 transire
1357 3088 1602 3143 coloniam,
1622 3093 1667 3132 et
1686 3088 1838 3132 facere
1861 3089 2003 3132 Phase

175 3147 376 3202 Domini,
403 3147 744 3191 circumcidetur
768 3147 888 3204 prius
919 3161 1050 3190 omne
1082 3148 1380 3191 masculinum
1409 3148 1532 3204 ejus,
1563 3153 1608 3191 et
1635 3152 1742 3190 tunc
1771 3147 1856 3191 rite
1891 3148 2002 3191 cele—

173 3205 344 3261 brabit3
365 3207 534 3263 eritque
553 3207 671 3250 sicut
687 3206 900 3263 indigena
915 3210 1047 3249 terrae
1064 3222 1073 3249 :
1098 3206 1135 3249 si
1153 3207 1250 3262 quis
1267 3212 1416 3250 autem
1435 3206 1719 3250 circumcisus
1737 3220 1824 3249 non
1843 3207 2001 3263 fuerit,

173 3279 261 3308 non
278 3271 481 3308 vescetur
501 3280 558 3309 ex
579 3280 645 3310 eo.
663 3265 700 3292 4⁹
717 3266 889 3309 Eadem
910 3266 982 3308 lex
1003 3266 1088 3308 erit
1112 3266 1338 3322 indigenae
1361 3271 1406 3309 et
1427 3266 1582 3309 colono
1601 3265 1675 3321 qui
1697 3266 2004 3321 peregrinatur

169 3324 290 3379 apud
326 3338 418 3368 VOS.
453 3324 490 3351 5⁰
515 3325 820 3380 Feceruntque
854 3338 1005 3368 omnes
1038 3324 1119 3367 filii
1156 3325 1296 3369 Israel
1329 3325 1443 3368 sicut
1478 3329 1752 3381 praeceperat
1785 3325 2002 3367 Dominus

174 3382 318 3439 Moysi
347 3388 391 3426 et
419 3385 583 3428 Aaron„
609 3383 643 3410 ⁵1
667 3385 726 3426 Et
754 3383 911 3427 eadem
938 3383 1014 3427 ,dje
1045 3383 1199 3427 eduxit
1233 3384 1451 3427 Dominus
1483 3384 1596 3427 filios
1627 3383 1765 3426 Israel
1800 3382 1854 3426 de
1886 3388 2003 3426 terra

173 3442 364 3498 AEgypti
391 3457 467 3498 per
487 3448 656 3485 turmas
680 3457 794 3485 suas.

175 3610 225 3642 29]
243 3609 321 3642 Sul).
335 3611 396 3646 XI,
411 3614 438 3640 5.
459 3613 533 3644 Sap.
547 3613 718 3648 XV111,⁵.
737 3627 770 3632 —-
784 3614 834 3646 35]
851 3613 928 3645 Sup.
944 3613 1004 3648 XI,
1021 3615 1048 3640 2.
1063 3628 1096 3633 —
1110 3613 1159 3646 46]
1175 3613 1271 3641 Num.
1288 3613 1348 3647 IX,
1364 3615 1406 3640 12.
1424 3613 1521 3640 Joan.
1536 3612 1629 3646 XIX,
1641 3614 1687 3640 36.

2124 649 2257 677 Dec-Ima

2130 693 2243 726 plaga:

2067 737 2173 765 caedcs
2190 744 2305 769 1›r·.·.2.:.-

2086 781 2286 814 genitortm.

2128 1002 2254 1029 Pharao

2114 1046 2265 1074 Hebraeis

2095 1090 2281 1117 dlSCt'ssShtn

2113 1134 2265 1167 largiziir.

2082 2094 2302 2122 Proficizcxan-

2068 2144 2128 2166 tur
2167 2137 2309 2167 Hebraei.

2088 2798 2293 2835 Quibusnam

2069 2843 2168 2872 liceat
2182 2844 2308 2872 Pascha

2083 2888 2293 2916 manducare.
