2456 3861
706 131 787 173 Ex,
823 131 999 186 XXVI,
1036 132 1088 174 14
1121 158 1179 163 —
1211 132 1414 186 XXVII,
1453 134 1518 175 12.
1967 137 2022 180 77

197 297 470 340 tabernaculi
502 303 750 353 protegens
786 299 817 325 ¹¹·
842 299 996 342 Facies
1027 305 1069 342 et
1100 300 1424 356 operimentum
1452 301 1574 344 aliud
1605 307 1721 345 tecto
1751 303 1804 346 de
1833 304 2022 359 pellibus

195 356 383 399 arietum
406 356 669 412 rubricatis3
701 363 744 400 et
773 372 901 414 super
930 358 1011 401 hoc
1041 373 1209 401 rursum
1239 359 1361 402 aliud
1391 359 1712 415 operimentum
1734 361 1787 404 de
1809 362 2022 406 ianthinis

194 414 399 471 pellibus.

254 473 289 499 ¹⁵
313 474 469 517 Facies
492 480 533 518 et
558 475 732 518 tabulas
755 480 922 518 stantes
946 476 1219 519 tabernaculi
1243 478 1296 520 de
1319 477 1452 533 lignis
1474 478 1624 534 setim,
1656 478 1691 505 ¹⁰
1712 492 1811 534 quae
1833 480 2022 536 singulae

193 532 328 575 denos
351 534 523 576 cubitos
552 534 597 575 in
621 533 899 589 longitudine
929 535 1141 589 habeant,
1166 542 1207 578 et
1237 536 1282 578 in
1313 536 1548 580 latitudine
1577 537 1775 593 singulos
1797 552 1850 581 ac
1871 539 2022 582 semis-

192 606 298 634 sem.
334 591 363 618 Π
389 593 442 634 In
466 592 678 635 lateribus
709 592 896 646 tabulae,
921 593 1018 635 duae
1049 593 1356 637 incastraturze
1388 595 1513 650 fient,
1537 596 1695 652 quibus
1720 597 1875 640 tabula
1895 598 2022 641 alteri

191 650 358 693 tabulae
390 655 705 704 connectatur,
740 656 871 705 atque
905 651 950 693 in
985 652 1100 693 hunc
1131 653 1309 694 modum
1340 659 1511 696 cunctae
1542 655 1706 698 tabulae
1737 656 2022 712 parabuntur.

194 708 228 735 ¹⁸
258 711 452 760 Quarum
490 709 652 764 viginti
690 715 817 751 erunt
852 708 898 750 in
936 709 1071 752 latere
1111 711 1355 753 meridiano
1392 713 1506 767 quod
1544 714 1688 770 vergit
1719 715 1776 758 ad
1809 721 2021 760 austrum.

193 768 228 794 ¹9
257 769 424 820 Quibus
461 767 757 823 quadraginta
791 767 917 810 bases
956 774 1191 824 argenteas
1224 770 1406 826 fundes,
1441 776 1490 813 ut
1526 772 1643 815 binae
1677 773 1803 817 bases
1836 774 2024 831 singulis

191 827 355 870 tabulis
378 841 455 883 per
477 827 585 869 duos
607 827 794 881 angulos
825 827 1136 882 subjiciantur.
1166 827 1203 853 ‘²⁰
1226 829 1278 870 In
1308 828 1444 872 latere
1474 844 1643 886 quoque
1665 833 1858 875 secundo
1880 834 2023 877 taber-

193 886 338 929 naculi
368 885 484 941 quod
513 885 659 941 vergit
695 885 752 928 ad
784 885 1056 941 aquilonem,
1088 886 1249 942 viginti
1284 887 1449 930 tabulae
1484 894 1630 944 erunt,
1664 889 1698 916 2¹
1729 892 2024 948 quadraginta

194 944 405 988 habentes
428 945 555 987 bases
577 950 813 999 argenteas
834 962 842 999 3
867 944 985 987 binae
1008 945 1136 988 bases
1158 945 1346 1001 singulis
1368 946 1532 989 tabulis
1555 954 1869 1004 supponentur.
1894 951 1930 976 ”²²
1953 952 2022 994 Ad

193 1003 513 1047 occidentalem
542 1017 645 1045 vero
679 1003 860 1060 plagam
893 1004 1169 1047 tabernaculi
1204 1005 1345 1048 facies
1380 1019 1458 1048 sex
1486 1005 1682 1062 tabulas,
1717 1006 1754 1034 ⁹²3
1782 1014 1825 1050 et
1854 1024 2022 1053 rursum

191 1062 301 1105 alias
324 1062 433 1105 duas
454 1076 552 1118 quae
574 1061 621 1104 in
645 1062 822 1118 angulis
846 1062 1073 1118 erigantur
1094 1068 1192 1119 post
1221 1069 1396 1119 tergum
1418 1065 1707 1109 tabernaculi.
1739 1065 1775 1092 ²4
1798 1067 2023 1124 Eruntque

191 1121 443 1177 conjunctae
477 1136 503 1164 a
538 1121 741 1164 deorsum
775 1135 912 1177 usque
946 1136 1139 1177 sursum,
1175 1127 1219 1165 et
1251 1138 1339 1166 una
1374 1137 1524 1167 omnes
1555 1138 1772 1182 compago
1800 1127 2022 1172 retinebit.

191 1181 375 1224 Duabus
408 1195 580 1236 quoque
612 1180 778 1224 tabulis
817 1195 915 1236 quae
949 1181 995 1224 in
1024 1182 1200 1238 angulis
1230 1183 1446 1239 ponendae
1477 1188 1597 1239 sunt,
1630 1184 1788 1228 similis
1816 1185 2024 1241 junctura

190 1240 451 1283 servabitur.
475 1239 512 1266 '²5
535 1241 591 1282 Et
614 1245 741 1282 erunt
763 1240 896 1282 simul
918 1240 1084 1283 tabulae
1108 1246 1226 1296 octo,
1246 1241 1373 1284 bases
1397 1256 1547 1284 earum
1569 1248 1793 1299 argenteae
1816 1244 2022 1300 sedecim,

191 1299 362 1342 duabus
385 1299 564 1342 basibus
586 1313 663 1355 per
685 1313 820 1341 unam
841 1299 1042 1342 tabulam
1064 1300 1328 1356 supputatis,
1352 1300 1388 1326 ‘²⁶
1408 1301 1563 1344 Facies
1586 1308 1629 1345 et
1650 1308 1799 1346 vectes
1818 1303 1871 1346 de
1890 1303 2024 1359 lignis

190 1358 320 1401 setim
354 1359 546 1414 quinque
580 1358 636 1400 ad
672 1358 962 1401 continendas
996 1359 1171 1401 tabulas
1204 1359 1251 1402 in
1284 1374 1370 1403 uno
1403 1360 1539 1403 latere
1575 1361 1880 1417 tabernaculi,
1916 1362 1951 1388 2⁷
1980 1368 2023 1406 et

191 1417 382 1473 quinque
415 1417 525 1460 alios
558 1417 604 1459 in
641 1417 799 1472 altero,
840 1422 883 1460 et
920 1417 1122 1473 ejusdem
1159 1418 1330 1461 numeri
1364 1419 1420 1462 ad
1454 1419 1776 1464 occidentalem
1809 1421 2020 1478 plagam3

191 1475 227 1503 ²⁸
247 1476 321 1532 qui
346 1476 579 1519 mittentur
599 1490 676 1532 per
698 1476 867 1518 medias
889 1476 1065 1519 tabulas
1094 1491 1119 1518 a
1141 1491 1313 1519 summo
1336 1492 1472 1533 usque
1493 1479 1550 1521 ad
1572 1493 1808 1523 summum.
1839 1480 1875 1506 ‘²9
1898 1483 2023 1537 [psas

190 1549 360 1590 qnoque
381 1535 558 1578 tabulas
580 1535 834 1590 deaurabis,
857 1540 900 1578 et
921 1535 1084 1578 fundes
1105 1535 1151 1578 in
1175 1535 1236 1578 eis
1257 1537 1444 1579 annulos
1462 1551 1635 1593 aureos,
1655 1553 1732 1594 per
1750 1553 1856 1594 quos
1875 1546 2022 1583 vectes

188 1594 391 1636 tabulata
421 1594 707 1649 contineant3
740 1607 846 1649 quos
870 1594 1038 1650 operies
1060 1594 1238 1637 laminis
1269 1596 1425 1638 aureis.
1456 1595 1493 1622 30
1515 1597 1573 1639 Et
1596 1597 1737 1653 eriges
1761 1597 2022 1642 tabernacu-

188 1652 281 1695 lum
302 1653 433 1708 juxta
456 1653 684 1709 exemplar
704 1652 821 1709 quod
842 1652 925 1695 tibi
947 1653 993 1695 in
1016 1659 1166 1697 monte
1189 1659 1485 1697 monstratum
1508 1660 1587 1699 est.

246 1708 280 1734 3¹
310 1708 466 1752 Facies
499 1714 546 1752 et
574 1709 726 1752 velum
756 1708 811 1752 de
832 1708 1098 1764 hyacintho,
1126 1715 1171 1754 et
1193 1725 1408 1768 purpura,
1440 1725 1660 1768 coccoque
1686 1711 1756 1755 bis
1783 1711 1946 1770 tincto,
1973 1719 2020 1758 et

189 1762 318 1820 bysso
351 1769 535 1819 retorta,
568 1778 697 1821 opere
729 1765 948 1822 plumario
982 1771 1026 1809 et
1057 1767 1244 1822 pulchra
1274 1767 1491 1810 varietate
1527 1773 1816 1825 contextum,
1848 1770 1885 1797 3²
1906 1772 2020 1826 quod

187 1823 412 1879 appendes
434 1828 537 1866 ante
560 1829 747 1879 quatuor
769 1824 998 1867 columnas
1020 1825 1074 1868 de
1097 1826 1231 1881 lignis
1254 1826 1404 1881 setim,
1428 1840 1525 1882 quae
1555 1827 1664 1884 ipsae
1687 1828 1867 1883 quidem
1889 1829 2020 1873 deau-

186 1888 296 1924 ratae
327 1888 474 1937 erunt,
506 1887 550 1925 et
579 1883 808 1926 habebunt
838 1883 986 1939 capita
1016 1899 1169 1939 aurea,
1201 1885 1277 1927 sed
1307 1885 1434 1928 bases
1463 1891 1708 1941 argenteas.
1740 1887 1777 1914 33
1799 1889 2022 1931 inseretur

187 1946 338 1984 autem
371 1941 520 1984 velum
553 1956 630 1998 per
663 1941 868 1997 circulos,
901 1942 1020 1985 intra
1053 1944 1168 1999 quod
1203 1958 1337 2000 pones
1373 1958 1524 1986 arcam
1557 1945 1821 2003 testimonii,
1856 1961 1941 2002 quo
1979 1953 2020 1990 et

189 2001 519 2055 Sanctuarium,
544 2006 587 2044 et
610 2001 857 2044 Sanctuarii
888 2003 1141 2045 sanctuaria
1164 2002 1432 2048 dividentur.
1467 2003 1502 2030 34
1526 2005 1668 2048 Pones
1698 2010 1741 2048 et
1761 2006 2019 2062 propitiato-

186 2059 302 2101 rium
330 2073 460 2116 super
487 2074 638 2102 arcam
666 2060 910 2103 testimonii
940 2061 986 2103 in
1017 2063 1178 2106 Sancto
1207 2068 1480 2118 sanctorum,
1516 2063 1552 2090 35
1581 2078 1866 2120 mensamque
1896 2073 2019 2108 extra

186 2118 355 2174 velum,
380 2124 423 2161 et
444 2124 597 2162 contra
626 2134 822 2163 mensam
856 2120 1173 2164 candelabrum
1202 2121 1249 2163 in
1270 2121 1408 2165 latere
1437 2122 1713 2166 tabernaculi
1744 2124 2017 2179 meridia1103

186 2192 339 2220 mensa
368 2178 487 2221 enim
516 2178 653 2221 stabit
680 2179 726 2221 in
756 2185 881 2235 parte
910 2180 1141 2235 aquilonis.
1174 2180 1211 2207 36
1233 2181 1390 2224 Facies
1422 2186 1466 2224 et
1494 2182 1734 2225 tentorium
1761 2183 1808 2225 in
1837 2183 2020 2226 introitu

185 2236 461 2280 tabernaculi
492 2237 546 2281 de
574 2238 837 2294 hyacintho,
869 2243 912 2281 et
941 2254 1153 2296 purpura,
1186 2254 1403 2296 coccoque
1432 2240 1500 2284 bis
1529 2241 1690 2297 tincto,
1723 2247 1766 2285 et
1795 2242 1925 2298 bysso
1954 2257 2019 2286 re-

185 2300 321 2352 torta,
346 2310 474 2352 opere
496 2297 719 2353 plumarii.
749 2297 783 2323 3⁷
807 2298 866 2340 Et
887 2298 1079 2354 quinque
1110 2299 1337 2342 columnas
1360 2300 1593 2343 deaurabis
1624 2300 1846 2357 lignorum
1868 2302 2017 2357 setim,

185 2360 288 2398 ante
310 2370 418 2411 quas
440 2356 624 2399 ducetur
645 2356 910 2411 tentorium;
935 2372 1122 2413 quarum
1145 2364 1272 2402 erunt
1297 2359 1446 2415 capita
1474 2374 1626 2416 aurea,
1651 2365 1695 2403 et
1716 2360 1843 2404 bases
1868 2375 2016 2406 aeneae.

245 2415 351 2458 CAP.
367 2415 565 2459 XXVII.
580 2441 637 2447 —
658 2415 672 2441 ¹
694 2415 849 2458 Facies
872 2422 915 2459 et
936 2417 1076 2460 altare
1099 2417 1153 2460 de
1175 2417 1309 2473 lignis
1328 2418 1471 2474 setim,
1493 2419 1608 2474 quod
1627 2419 1811 2462 habebit
1828 2420 2019 2476 quinque

185 2473 356 2517 cubitos
383 2474 430 2516 in
460 2474 760 2531 longitudine,
783 2480 827 2518 et
855 2475 1043 2518 totidem
1072 2476 1117 2518 in
1147 2476 1404 2533 latitudine,
1427 2477 1473 2520 id
1505 2483 1570 2521 est
1599 2478 1836 2534 quadrum,
1860 2484 1903 2522 et
1932 2485 2018 2522 tres

185 2532 357 2576 cubitos
377 2533 423 2576 in
446 2534 698 2577 altitudine.
729 2533 747 2560 2
768 2534 942 2577 Cornua
971 2539 1123 2578 autem
1150 2550 1228 2592 per
1249 2540 1437 2591 quatuor
1457 2537 1644 2592 angulos
1668 2551 1723 2580 ex
1743 2537 1838 2593 ipso
1861 2544 1988 2580 erunt
2008 2556 2016 2593 ;

185 2598 229 2635 et
261 2592 428 2648 operies
464 2593 576 2636 illud
613 2608 710 2637 aere.
749 2593 767 2620 3
796 2594 1039 2650 Faciesque
1071 2594 1118 2636 in
1152 2609 1255 2637 usus
1290 2595 1387 2651 ejus
1420 2596 1586 2639 lebetes
1622 2596 1679 2639 ad
1716 2597 2018 2652 suscipiendos

184 2651 372 2707 cineres,
397 2657 440 2695 et
461 2653 655 2709 forcipes
676 2658 809 2709 atque
838 2653 1107 2709 fuscinulas,
1131 2659 1175 2697 et
1195 2653 1369 2710 ignium
1399 2655 1710 2710 receptacula3
1742 2655 1891 2698 omnia
1913 2670 2019 2698 vasa

184 2725 239 2753 ex
274 2725 358 2754 aere
390 2711 650 2756 fabricabis.
688 2712 705 2738 4
738 2712 1095 2768 Craticulamque
1127 2713 1173 2755 in
1210 2713 1391 2756 modum
1428 2713 1533 2757 retis
1571 2729 1762 2771 aeneam,
1785 2729 1862 2771 per
1891 2715 2018 2771 cujus

183 2775 369 2825 quatuor
390 2771 577 2827 angulos
599 2776 727 2814 erunt
760 2776 947 2827 quatuor
979 2771 1132 2814 annuli
1168 2772 1293 2816 aenei.
1328 2773 1345 2799 ⁵
1367 2773 1482 2823 Quos
1514 2787 1650 2829 pones
1671 2773 1821 2817 subter
1846 2774 2017 2816 arulam

181 2828 364 2884 altaris3
400 2830 568 2885 eritque
605 2831 818 2873 craticula
855 2845 991 2886 usque
1028 2831 1084 2874 ad
1121 2831 1274 2874 altaris
1312 2832 1522 2876 medium.
1557 2833 1574 2859 6
1596 2833 1752 2876 Facies
1786 2838 1829 2876 et
1869 2839 2017 2876 vectes

181 2888 335 2931 altaris
373 2889 426 2932 de
463 2889 598 2946 lignis
635 2890 766 2933 setim
803 2890 931 2946 duos,
962 2904 1068 2946 quos
1110 2891 1277 2947 operies
1314 2891 1492 2934 laminis
1532 2891 1694 2947 aeneis3
1726 2892 1740 2918 7
1764 2897 1807 2936 et
1834 2893 2016 2936 induces

181 2961 259 3003 per
298 2948 504 3003 circulos,
543 2954 756 3005 eruntque
791 2964 845 2993 ex
877 2954 1060 3005 utroque
1101 2950 1238 2993 latere
1272 2949 1425 2993 altaris
1465 2951 1522 2994 ad
1559 2951 1839 3007 portandum.
1874 2951 1890 2978 8
1917 2953 2016 2995 Non

182 3006 394 3062 solidum,
418 3007 494 3050 sed
515 3007 648 3051 inane
671 3013 714 3051 et
736 3023 896 3051 cavum
924 3008 1190 3052 intrinsecus
1219 3009 1360 3053 facies
1388 3009 1521 3066 illud,
1545 3010 1659 3053 sicut
1687 3010 1770 3054 tibi
1798 3011 1845 3054 in
1869 3016 2016 3054 monte

183 3071 477 3109 monstratum
500 3072 579 3111 est.

241 3124 259 3150 9
281 3125 438 3168 Facies
462 3131 505 3169 et
525 3127 689 3170 atrium
710 3127 1008 3185 tabernaculi,
1031 3128 1078 3171 in
1100 3129 1228 3185 cujus
1249 3128 1432 3171 australi
1455 3128 1590 3185 plaga
1611 3134 1763 3172 contra
1785 3129 2015 3173 meridiem

183 3189 310 3226 erunt
342 3185 533 3228 tentoria
565 3186 619 3230 de
652 3186 783 3243 bysso
816 3192 1008 3243 retorta3
1043 3192 1223 3230 centum
1254 3188 1426 3231 cubitos
1455 3202 1592 3230 unum
1621 3188 1738 3231 latus
1766 3188 1937 3232 tenebit
1969 3189 2014 3231 in

182 3242 490 3299 longitudine3
535 3244 571 3271 ¹⁰
599 3250 644 3289 et
679 3246 908 3289 columnas
942 3247 1103 3302 viginti
1142 3261 1243 3290 cum
1280 3246 1460 3290 basibus
1497 3247 1684 3290 totidem
1724 3247 1876 3302 aeneis,
1915 3261 2013 3302 quae

183 3302 332 3358 capita
367 3317 469 3345 cum
506 3304 729 3348 caelaturis
762 3305 851 3348 suis
883 3306 1112 3349 habebunt
1144 3311 1369 3362 argentea.
1411 3305 1443 3332 ¹¹
1477 3306 1690 3350 Similiter
1723 3312 1766 3349 et
1798 3306 1844 3348 in
1878 3306 2014 3349 latere

183 3361 402 3416 aquilonis
422 3376 501 3418 per
522 3363 706 3419 longum
729 3370 856 3407 erunt
877 3364 1068 3408 tentoria
1090 3370 1269 3408 centum
1292 3365 1561 3420 cubitorum,
1586 3365 1803 3407 columnae
1829 3364 2003 3421 viginti,

185 3425 228 3461 et
262 3420 390 3464 bases
429 3436 563 3465 aeneae
602 3423 804 3478 ejusdem
841 3423 1033 3479 numeri,
1073 3428 1115 3467 et
1153 3424 1302 3480 capita
1339 3438 1491 3467 earum
1529 3438 1627 3466 cum
1666 3423 1887 3466 caelaturis
1923 3423 2011 3467 suis

184 3484 408 3533 argentea.
440 3479 476 3506 1‘2
497 3481 550 3524 In
581 3481 818 3525 latitudine
846 3496 950 3525 vero
979 3483 1102 3538 atrii,
1125 3483 1241 3539 quod
1271 3482 1452 3539 respicit
1481 3482 1538 3525 ad
1568 3481 1863 3538 occidentem,
1887 3488 2009 3526 erunt

184 3621 233 3653 30]
251 3621 328 3654 Sup.
343 3622 448 3658 XXV,
460 3626 505 3653 40.
522 3638 559 3644 —
575 3626 604 3659 1]
624 3625 689 3653 Ins.
705 3625 903 3662 XXXVIII,
921 3629 946 3655 6.
961 3641 997 3645 -
1011 3627 1040 3660 8]
1056 3626 1133 3659 Sup.
1150 3626 1223 3661 XX,
1234 3628 1278 3654 24.

2141 499 2277 525 Asscres

2120 542 2296 569 coadunari

2108 587 2146 613 nd
2166 587 2313 614 cortinas

2097 629 2320 658 s11÷tine11ua<.

2089 1724 2206 1752 Partes
2221 1726 2327 1753 taber-

2102 1767 2232 1803 naculi,
2249 1769 2312 1797 dis-

2106 1811 2223 1841 tinctae
2251 1820 2308 1845 per

2120 1857 2293 1887 velamina.

2147 2428 2263 2456 Altare

2110 2472 2304 2500 holocauto-

2136 2519 2274 2544 matum.

2138 3141 2270 3170 Atrium

2092 3185 2309 3214 tabernaculi.
