2423 3861
129 459 336 487 nocumenta

153 501 290 531 foederis
305 510 311 529 :

128 550 158 575 10
179 545 329 579 Epistola

146 590 254 623 Lysiae
271 591 310 617 ad

155 634 301 662 dudaeos.

126 990 155 1015 20
173 985 325 1018 Epistola

115 1029 274 1058 Antiochi
291 1031 332 1057 ad

152 1073 295 1107 Lysiam.

121 1585 153 1609 30
173 1580 324 1614 Epistola

114 1625 274 1654 Antiochi
292 1626 332 1653 ad

158 1670 306 1698 JudaeOS.

119 2126 151 2150 4ο
171 2123 323 2156 Epistola

115 2168 339 2195 Romanorum

120 2211 161 2238 ad
179 2211 323 2239 Judaeos.

109 2756 331 2787 Introductio.

97 3052 207 3082 Judas
236 3053 339 3082 vincit

136 3096 304 3129 Joppitas,

421 154 532 196 1090
976 149 1023 190 II
1056 149 1208 190 MACH.
1242 147 1332 200 XI,
1370 146 1615 201 ie—XH,
1647 147 1686 188 7.

416 324 699 365 Machabaeus
730 319 931 376 precibus
963 316 1131 372 Lysiae,
1157 315 1204 358 in
1227 315 1431 358 omnibus
1458 315 1642 358 utilitati
1669 315 1926 371 consulens;
1951 322 1994 359 et
2018 332 2241 373 quaecum-

417 395 498 437 que
518 380 803 423 Machabaeus
829 376 1006 432 scripsit
1030 374 1180 430 Lysiae
1206 374 1260 418 de
1285 374 1480 429 Judaeis,
1507 389 1558 417 ea
1581 389 1659 417 rex
1685 375 1916 417 concessit.

476 440 509 466 16
536 440 651 481 Nam
685 441 808 479 erant
837 434 1014 490 scriptae
1047 432 1220 477 Judaeis
1254 433 1454 490 epistolae
1487 448 1513 476 a
1539 434 1674 490 Lysia
1700 433 1880 490 quidem
1908 435 2028 477 hunc
2061 436 2241 479 modum

415 499 690 541 continentes
712 511 720 538 :
749 493 903 550 Lysias
930 493 1091 550 populo
1114 492 1388 548 Judaeorum,
1414 492 1617 536 salutem.
1642 492 1676 518 ¹⁷
1695 493 1724 535 J
1728 507 1891 536 oannes
1917 499 1960 536 et
1986 494 2242 550 Abesalom,

413 558 485 612 qui
513 555 634 598 missi
660 555 840 597 fuerant
860 567 886 595 a
908 552 1056 605 vobis,
1087 552 1312 596 tradentes
1337 552 1522 608 scripta,
1551 552 1838 608 postulabant
1864 557 1910 594 ut
1939 567 2011 609 ea,
2039 568 2136 609 quae
2165 568 2243 610 per

411 617 510 658 illos
536 613 915 670 significabantur,
942 611 1184 667 implerem.
1216 610 1248 638 ¹3
1267 612 1566 668 Quaecumque
1589 611 1729 667 igitur
1753 611 1846 667 regi
1875 616 2114 668 potuerunt
2147 627 2243 670 per—

411 674 538 728 ferri,
563 672 765 729 exposui,
789 677 832 714 et
857 686 957 727 quae
988 685 1059 714 res
1087 670 1396 728 permittebat,
1424 671 1654 714 concessit.
1682 670 1719 697 ¹9
1747 670 1790 714 Si
1815 670 1953 726 igitur
1975 671 2021 713 in
2052 672 2243 728 negotiis

412 734 544 776 iidem
582 730 969 787 conservaveritis,
1004 735 1049 774 et
1090 730 1298 787 deinceps
1333 731 1551 774 bonorum
1583 730 1709 773 vobis
1747 744 1880 773 causa
1917 744 2010 773 esse
2044 731 2241 776 tentabO.

411 792 447 817 ⁵²⁰
469 793 535 835 De
561 791 717 835 ceteris
742 795 893 833 autem
922 804 1000 846 per
1023 789 1200 845 singula
1221 789 1355 833 verbo
1391 790 1621 845 mandavi,
1651 794 1695 833 et
1720 788 1836 845 istis,
1860 794 1903 832 et
1927 789 1996 832 his
2023 789 2096 845 qui
2122 805 2148 832 a
2174 798 2243 833 me

411 851 531 894 missi
558 856 680 906 sunt,
705 849 894 906 colloqui
921 848 1166 892 vobiscum.
1194 848 1226 874 ²¹
1249 849 1370 892 Bene
1389 849 1548 892 valete.
1572 850 1703 892 Anno
1730 848 1972 891 centesimo
1996 849 2240 905 quadrage-

410 911 520 953 simo
548 915 726 965 octavo,
754 908 918 952 mensis
944 908 1132 951 dioscori
1160 908 1229 951 die
1255 908 1474 964 vigesima
1500 914 1543 951 et
1569 913 1737 964 quarta.
1959 958 1962 962 .

470 970 505 996 '‘2‘2
525 969 659 1026 Regis
683 974 834 1011 autem
857 968 1045 1024 epistola
1067 967 1154 1010 ista
1180 967 1467 1011 continebat:
1505 969 1600 1011 Rex
1626 968 1876 1011 Antiochus
1908 968 2056 1024 Lysiae
2090 968 2240 1024 fratri,

409 1030 611 1073 salutem.
637 1027 674 1054 23
698 1029 830 1071 Patre
856 1032 1004 1070 nostro
1034 1027 1149 1070 inter
1179 1027 1282 1070 deos
1312 1027 1551 1082 translato,
1579 1041 1658 1070 nos
1684 1027 1883 1070 volentes
1910 1041 2003 1083 eos,
2035 1027 2108 1083 qui
2142 1033 2244 1070 sunt

409 1090 455 1131 in
479 1103 614 1145 regno
637 1093 806 1143 nostro,
833 1087 928 1129 sine
953 1087 1149 1130 tumultu
1175 1101 1326 1142 agere,
1354 1091 1397 1130 et
1417 1086 1548 1130 rebus
1577 1086 1667 1129 suis
1689 1086 1900 1130 adhibere
1927 1086 2242 1143 diligentiam3

411 1148 446 1174 ”24
464 1147 716 1191 audivimus
735 1146 918 1190 Judaeos
941 1160 1030 1189 non
1049 1146 1322 1189 consensisse
1345 1146 1459 1203 patri
1483 1160 1579 1189 meo
1599 1150 1648 1188 ut
1665 1145 2012 1189 transferrentur
2027 1146 2085 1188 ad
2107 1146 2244 1189 ritum

412 1209 686 1263 Graecorum,
715 1206 790 1250 sed
821 1211 970 1249 tenere
996 1205 1110 1249 velle
1142 1220 1272 1248 suum
1299 1205 1578 1260 institutum,
1611 1219 1662 1248 ac
1696 1209 1927 1262 propterea
1961 1205 2184 1261 postulare
2216 1220 2243 1248 a

410 1267 535 1311 nobis
566 1266 747 1310 concedi
781 1265 864 1308 sibi
895 1265 1098 1321 legitima
1128 1279 1220 1308 sua.
1248 1263 1283 1291 25
1301 1265 1515 1308 Volentes
1544 1264 1683 1321 igitur
1715 1264 1830 1307 hanc
1861 1278 2034 1319 quoque
2063 1270 2244 1320 gentem

410 1327 605 1382 quietam
633 1340 748 1380 esse,
782 1329 1028 1368 statuentes
1061 1324 1361 1380 judicavimus
1386 1324 1602 1381 templum
1634 1323 1806 1367 restitui
1840 1322 1952 1379 illis,
1982 1328 2032 1366 ut
2060 1328 2244 1380 agerent

409 1385 653 1429 secundum
688 1399 867 1428 suorum
908 1384 1129 1440 majorum
1170 1383 1550 1427 consuetudinem.
1585 1382 1621 1409 ⁶26
1649 1384 1769 1426 Bene
1808 1382 1945 1438 igitur
1985 1383 2172 1439 feceris,
2206 1383 2245 1426 si

411 1445 578 1488 miseris
602 1445 659 1488 ad
690 1458 783 1500 eos,
810 1449 853 1487 et
878 1443 1108 1487 dexteram
1141 1443 1337 1498 dederis,
1372 1448 1420 1486 ut
1450 1442 1630 1499 cognita
1663 1446 1814 1485 nostra
1847 1441 2097 1498 voluntate,
2128 1442 2244 1486 bono

409 1505 558 1548 animo
584 1504 692 1560 sint,
720 1508 764 1547 et
789 1503 1057 1546 utilitatibus
1083 1502 1270 1560 propriis
1293 1503 1560 1546 deserviant.

468 1563 502 1590 2⁷
521 1564 594 1606 Ad
635 1563 820 1606 Judaeos
853 1576 956 1606 vero
990 1562 1106 1618 regis
1139 1562 1326 1619 epistola
1361 1562 1463 1605 talis
1498 1567 1625 1606 erat:
1661 1564 1757 1606 Rex
1788 1562 2037 1606 Antiochus
2071 1560 2245 1606 senatui

410 1623 682 1678 -Judaeorum,
711 1627 756 1666 et
777 1622 933 1665 ceteris
961 1621 1147 1677 Judaeis,
1175 1621 1378 1664 salutem.
1406 1620 1442 1647 ‘28
1463 1622 1505 1665 Si
1529 1621 1701 1677 valetis,
1728 1622 1791 1664 sic
1814 1621 1918 1664 estis
1942 1626 1989 1663 ut
2011 1621 2241 1676 volumus3

409 1683 484 1726 sed
507 1688 551 1726 et
576 1682 659 1738 ipsi
681 1682 794 1724 bene
819 1681 1031 1723 valemus.
1059 1680 1095 1706 29
1112 1681 1241 1723 Adiit
1262 1695 1340 1724 nos
1365 1680 1618 1735 Menelaus,
1646 1680 1799 1724 dicens
1825 1680 1939 1723 velle
1962 1695 2040 1723 vos
2063 1680 2242 1723 descen-

411 1742 511 1785 dere
536 1742 593 1784 ad
618 1746 786 1784 vestros
809 1740 881 1796 qui
912 1745 1013 1782 sunt
1038 1740 1156 1797 apud
1179 1754 1271 1783 nos.
1295 1739 1332 1766 3⁰
1350 1740 1434 1782 His
1464 1740 1611 1796 igitur,
1644 1739 1717 1795 qui
1741 1745 1995 1782 commeant
2020 1754 2156 1795 usque
2185 1738 2243 1782 ad

411 1801 528 1844 diem
554 1800 830 1856 trigesimum
856 1799 1019 1842 mensis
1046 1799 1267 1855 xanthici,
1292 1799 1447 1841 damus
1475 1799 1652 1842 dextras
1675 1799 1939 1854 securitatis,
1967 1798 2000 1825 3¹
2025 1803 2070 1840 ut
2091 1798 2241 1841 Judaei

413 1865 590 1903 utantur
615 1860 725 1902 cibis
759 1864 801 1902 et
834 1858 1006 1914 legibus
1036 1859 1150 1914 suis,
1185 1859 1301 1901 sicut
1330 1863 1373 1901 et
1401 1858 1543 1915 prius,
1575 1863 1618 1901 et
1650 1872 1780 1900 nemo
1811 1872 1961 1900 eorum
1990 1857 2080 1900 ullo
2110 1857 2241 1901 modo

410 1919 659 1963 molestiam
689 1919 884 1975 patiatur
917 1918 970 1961 de
1002 1918 1070 1960 his
1105 1932 1202 1973 quae
1231 1932 1308 1974 per
1339 1917 1640 1973 ignorantiam
1674 1922 1801 1972 gesta
1833 1922 1950 1958 sunt.
1981 1915 2017 1942 3⁶2
2039 1916 2243 1959 Misimus

408 1984 555 2022 autem
583 1984 627 2022 et
650 1978 923 2033 Menelaum,
948 1977 1022 2033 qui
1048 1992 1125 2020 vos
1153 1977 1417 2032 alloquatur.
1444 1976 1481 2002 33
1499 1976 1671 2019 Valete.
1704 1976 1835 2018 Anno
1865 1975 2108 2018 centesimo
2139 1990 2243 2031 qua-

410 2038 659 2093 dragesimo
685 2043 864 2092 octavo,
893 2037 1092 2080 xanthici
1116 2036 1278 2079 mensis
1305 2035 1460 2092 quinta
1483 2035 1655 2079 decima
1682 2035 1766 2078 die.

466 2097 502 2124 34
521 2097 738 2140 Miserunt
762 2101 910 2139 autem
937 2097 1072 2140 etiam
1097 2095 1284 2138 Romani
1315 2095 1550 2153 epistolam
1577 2095 1642 2137 ita
1671 2109 1716 2137 se
1745 2095 1987 2138 habentem
2011 2112 2019 2139 :
2054 2094 2244 2146 Quintus

408 2156 642 2200 Memmius
685 2161 727 2198 et
768 2155 894 2198 Titus
936 2155 1168 2211 Manilius,
1207 2155 1348 2210 legati
1390 2155 1711 2210 Romanorum,
1753 2154 1915 2212 populo
1956 2154 2243 2211 Judaeorum,

408 2215 608 2258 ralutem.
641 2215 677 2241 35
697 2217 763 2259 De
793 2214 860 2258 his
898 2229 996 2271 quae
1024 2214 1202 2271 Lysias,
1238 2219 1454 2270 cognatus
1487 2213 1624 2270 regis,
1653 2213 1871 2256 concessit
1906 2214 2053 2269 vobis,
2087 2218 2132 2257 et
2163 2228 2243 2258 nos

409 2274 719 2333 concessimus.
741 2274 777 2300 3⁶
797 2275 864 2317 De
897 2274 1056 2330 quibus
1089 2280 1240 2317 autem
1273 2274 1327 2316 ad
1359 2288 1511 2329 regem
1544 2273 1766 2329 judicavit
1799 2273 2105 2330 referendum,
2140 2287 2242 2317 con—

408 2334 560 2378 festim
584 2334 779 2390 aliquem
805 2333 984 2387 mittite,
1011 2333 1272 2389 diligentius
1294 2333 1411 2376 inter
1435 2347 1514 2376 vos
1540 2333 1838 2387 conferentes
1864 2337 1912 2375 ut
1938 2332 2243 2388 decernamUS,

408 2394 522 2436 sicut
547 2393 750 2449 congruit
780 2393 906 2436 vobis
929 2409 938 2448 3
966 2407 1046 2437 nos
1073 2392 1190 2436 enim
1221 2392 1512 2436 Antiochiam
1540 2392 1808 2436 accedimus,
1833 2391 1868 2418 3⁷
1888 2391 2083 2449 Ideoque
2115 2391 2243 2436 festi-

408 2458 510 2496 nate
541 2452 802 2508 rescribere,
837 2457 886 2495 ut
917 2467 996 2496 nos
1030 2466 1203 2508 quoque
1239 2451 1431 2494 sciamus
1466 2451 1594 2507 cujus
1628 2450 1732 2494 estis
1766 2451 2023 2494 voluntatis.
2058 2451 2094 2478 33
2121 2451 2243 2494 Bene

407 2513 564 2555 valete.
590 2513 722 2555 Amio
750 2512 992 2556 centesimo
1018 2510 1359 2568 quadragesimo
1389 2515 1573 2568 octavo,
1601 2509 1756 2567 quinta
1782 2509 1956 2554 decima
1981 2510 2052 2553 die
2077 2509 2243 2555 mensis

407 2571 619 2614 xanthici.

702 2642 724 2694 ξ
749 2639 840 2682 III.
866 2664 924 2671 —
948 2639 1084 2682 Balla
1104 2638 1365 2682 Judoeorum
1387 2653 1485 2681 cum
1507 2638 1708 2694 ycntibus
1720 2639 1942 2694 finiti-mis.

465 2747 571 2790 CAP.
611 2748 719 2790 XII.
752 2773 811 2779 —
843 2747 856 2773 1
887 2747 971 2790 His
1007 2747 1143 2790 factis
1180 2747 1484 2804 pactionibus,
1527 2746 1684 2802 Lysias
1721 2746 1936 2803 pergebat
1971 2746 2029 2790 ad
2064 2760 2240 2804 regem,

406 2806 553 2849 Judaei
580 2811 729 2849 autem
754 2806 1040 2863 agriculturae
1067 2820 1245 2863 operam
1272 2806 1453 2849 dabant.
1480 2805 1497 2831 ‘2
1516 2806 1601 2849 Sed
1623 2806 1669 2848 hi
1695 2806 1767 2862 qui
1793 2804 2068 2860 resederant,
2092 2805 2235 2848 Timo-

406 2865 552 2920 theus,
580 2872 623 2908 et
649 2865 934 2922 Apollonius,
966 2865 1153 2909 Gennaei
1188 2865 1325 2921 filius,
1356 2866 1432 2909 sed
1467 2871 1511 2908 et
1546 2865 1867 2921 Hieronymus,
1899 2870 1942 2908 et
1977 2865 2241 2920 Demophon

407 2938 536 2979 super
560 2925 661 2979 hos,
691 2931 736 2968 et
761 2925 958 2968 Nicanor
983 2925 1296 2981 Cypriarches,
1323 2939 1410 2968 non
1440 2924 1648 2968 sinebant
1673 2938 1746 2967 eos
1775 2924 1821 2967 in
1846 2923 2023 2966 silentio
2044 2937 2176 2979 agere
2199 2928 2241 2967 et

408 2983 564 3036 quiete.

467 3040 483 3066 3
516 3042 713 3098 «loppitae
755 3058 856 3086 vero
898 3044 989 3087 tale
1038 3043 1259 3100 quoddam
1304 3042 1527 3099 flagitium
1573 3045 1881 3101 perpetrarunt
1919 3057 1928 3085 :
1973 3047 2241 3097 rogaverunt

408 3099 613 3156 Judaeos,
650 3116 749 3143 cum
784 3102 940 3158 quibus
973 3102 1261 3157 habitabant,
1297 3103 1535 3146 ascendere
1569 3102 1778 3158 scaphas,
1812 3115 1920 3157 quas
1953 3106 2240 3157 paraverant,

409 3173 508 3201 cum
544 3159 753 3202 uxoribus
787 3167 831 3203 et
865 3161 987 3217 filiis,
1019 3162 1144 3218 quasi
1178 3162 1310 3205 nullis
1348 3162 1596 3205 inimicitiis
1633 3161 1747 3204 inter
1779 3174 1851 3203 eos
1887 3160 2238 3216 subjacentibus.

409 3218 424 3243 ³¹
444 3217 698 3262 Secundum
723 3232 956 3263 commune
980 3221 1129 3277 itaque
1156 3221 1382 3265 decretum
1408 3221 1616 3275 civitatis,
1637 3224 1681 3262 et
1705 3219 1813 3276 ipsis
1838 3219 2237 3275 acquiescentibus,

409 3277 617 3332 pacisque
649 3291 781 3320 causa
803 3278 914 3320 nihil
936 3285 1190 3336 suspectum
1215 3280 1502 3336 habentibus,
1529 3294 1628 3323 cum
1659 3279 1705 3321 in
1731 3279 1869 3321 altum
1902 3278 2236 3334 processissent,

409 3336 738 3379 submerserunt
772 3351 858 3379 non
897 3338 1041 3381 minus
1076 3339 1302 3383 ducentos.
1329 3339 1346 3366 ⁵
1371 3339 1510 3389 Quam
1545 3337 1852 3381 crudelitatem
1889 3337 2031 3380 Judas
2064 3337 2109 3380 in
2147 3351 2237 3380 suae

410 3395 554 3448 gentis
582 3395 782 3438 homines
804 3395 975 3438 factam
998 3403 1045 3439 ut
1078 3399 1307 3454 cognovit,
1335 3398 1547 3455 praecepit
1574 3397 1677 3440 viris
1711 3397 1783 3453 qui
1818 3401 1944 3440 erant
1978 3411 2079 3439 cum
2111 3396 2236 3453 ipso;

412 3464 453 3494 et
481 3454 686 3497 invocato
715 3454 835 3510 justo
866 3455 1016 3510 judice
1044 3456 1158 3510 Deo,
1185 3457 1201 3482 ⁰
1219 3458 1342 3500 venit
1371 3457 1581 3500 adversus
1607 3456 1918 3500 interfectores
1952 3456 2166 3509 fratrum,
2195 3463 2239 3498 et

412 3518 583 3565 portum
610 3513 787 3569 quidem
817 3519 951 3557 noctu
975 3515 1226 3571 succendit,
1251 3517 1437 3573 scaphas
1463 3515 1651 3569 exussit,
1676 3529 1748 3558 eos
1773 3520 1918 3558 autem
1948 3516 2021 3571 qui
2048 3515 2105 3558 ab
2133 3514 2237 3570 igne

412 3570 688 3627 refugerant,
720 3572 869 3628 gladio
893 3573 1092 3630 peremit.
1117 3573 1131 3599 7
1152 3575 1210 3616 Et
1235 3589 1336 3618 cum
1362 3576 1457 3618 haec
1482 3575 1545 3617 ita
1567 3574 1750 3629 egisset,
1775 3573 1978 3617 discessit
2003 3573 2128 3631 quasi
2157 3573 2238 3615 ite-

412 3641 508 3670 rum
532 3644 799 3686 reversurus,
824 3637 867 3674 et
891 3631 1119 3675 universos
1141 3633 1348 3689 Joppitas
1371 3633 1683 3676 eradicaturus.
