2456 3861
744 97 809 139 IV
846 97 956 140 Rm.
991 96 1178 150 XXIII,
1213 95 1347 138 6-27.
1879 95 1962 138 375

133 269 153 296 ⁶
164 270 220 312 Et
238 268 385 312 efferri
401 269 512 313 fecit
526 268 671 312 lucum
688 267 742 311 de
757 267 888 311 domo
904 267 1083 310 Domini
1098 267 1219 310 foras
1234 266 1482 310 Jerusalem
1497 265 1542 308 in
1558 265 1761 309 convalle
1775 265 1960 316 Cedron,

131 333 174 371 et
199 327 442 371 combussit
467 342 567 371 eum
593 327 674 383 ibi,
709 332 752 370 et
786 326 956 382 redegit
980 326 1025 368 in
1052 326 1299 383 pulverem,
1327 331 1370 368 et
1394 324 1583 381 projecit
1607 338 1736 381 super
1762 324 1961 381 sepulcra

129 387 267 442 vulgi.
303 386 318 412 ⁷
347 386 577 430 Destruxit
610 400 780 442 quoque
815 385 1024 429 aediculas
1056 385 1415 428 effeminatorum
1452 398 1549 440 quae
1587 388 1711 427 erant
1747 383 1792 426 in
1832 383 1961 426 dom-2>

132 445 336 500 Domini,
372 460 448 502 pro
482 445 639 501 quibus
665 445 870 488 mulieres
901 444 1113 487 texebant
1138 444 1262 499 quasi
1289 442 1579 486 domunculas
1605 442 1707 485 luci.
1734 442 1750 469 8
1769 442 1960 498 Congre-

129 504 342 560 gavitque
368 518 520 547 omnes
545 504 794 547 sacerdotes
821 503 875 546 (16
900 503 1158 545 civitatibus
1181 503 1329 556 Juda3
1359 507 1402 545 et
1425 501 1749 545 contaminavit
1771 501 1960 557 excelsa,

129 563 203 605 ubi
228 563 542 605 sacrificabant
563 559 834 617 sacerdotes,
862 562 915 604 de
942 561 1099 605 Gabaa
1121 576 1256 617 usque
1286 561 1503 604 Bersabee
1522 579 1531 615 3
1552 566 1595 604 61
1621 561 1838 604 destruxit
1863 575 1960 603 aras

128 625 355 677 portarum
402 621 449 663 111
496 621 679 663 introitu
727 621 827 664 ostii
878 621 904 663 J
909 635 1032 675 osue,
1079 620 1292 677 principis
1341 620 1557 674 civitatis,
1607 620 1722 675 quod
1765 624 1859 663 erat
1904 619 1960 662 ad

127 679 354 722 sinistram
395 685 534 736 portae
575 679 784 722 civitatis.
827 679 844 705 ⁰
878 680 1198 722 Verumtamen
1238 693 1326 721 non
1367 679 1667 722 ascendebant
1711 679 1960 722 sacerdotes

127 739 401 782 excelsorum
438 738 495 781 ad
534 739 675 781 altare
716 737 897 781 Domini
938 737 984 779 in
1026 737 1296 792 Jerusalem,
1336 737 1412 780 sed
1453 742 1627 780 tantum
1669 738 1961 781 comedebant

127 812 284 853 azyma
310 797 355 840 in
380 797 528 840 medio
552 797 744 840 fratrum
769 810 959 839 suorum.
992 796 1024 822 ¹⁰
1042 796 1378 840 Contaminavit
1403 810 1575 852 quoque
1600 797 1818 852 Topheth,
1845 797 1960 852 quod

127 862 193 900 est
224 856 270 899 111
298 856 501 900 convalle
533 855 612 899 filii
639 857 835 910 Ennom,
866 859 914 898 ut
939 869 1067 898 nemo
1096 859 1372 898 consecraret
1396 854 1538 897 filium
1564 869 1693 897 suum
1722 860 1798 897 aut
1823 855 1962 899 filiam

127 930 203 972 per
226 916 399 971 ignem,
427 915 618 958 Moloch‘.
648 914 680 941 ¹¹
701 915 902 958 Abstulit
928 929 1099 970 quoque
1126 928 1280 970 equos,
1311 927 1418 970 quos
1450 913 1663 957 dederant
1687 928 1813 970 reges
1840 915 1867 957 J
1874 914 1960 957 uda

125 974 228 1030 soli,
255 975 302 1017 in
326 974 511 1017 introitu
536 974 692 1031 templi
718 973 898 1017 Domini
929 974 1059 1030 juxta
1084 974 1294 1017 exedram
1319 972 1698 1016 Nathan-Melech
1747 974 1958 1028 eunuchi,

127 1033 200 1090 qui
241 1039 334 1077 erat
369 1033 415 1076 in
454 1033 717 1088 Pharurim3
755 1047 905 1076 currus
942 1039 1092 1076 autem
1129 1033 1232 1076 solis
1277 1031 1519 1076 combussit
1560 1032 1669 1088 igni.
1714 1031 1749 1058 '¹2
1786 1032 1960 1075 Altaria

126 1107 298 1149 quoque
323 1107 421 1149 quae
447 1097 572 1136 erant
597 1107 727 1149 super
752 1098 870 1136 tecta
895 1093 1112 1136 coenaculi
1135 1093 1300 1148 Achaz,
1325 1106 1424 1148 quae
1450 1091 1653 1135 fecerant
1674 1106 1799 1147 reges
1826 1092 1855 1134 J
1859 1091 1959 1146 uda,

125 1158 169 1196 et
207 1152 368 1195 altaria
401 1167 499 1208 quae
536 1152 707 1195 fecerat
745 1153 972 1195 Manasses
1004 1152 1051 1194 in
1089 1151 1258 1195 duobus
1296 1151 1420 1194 atriis
1457 1150 1613 1208 templi
1648 1150 1851 1205 Domini,
1887 1151 1958 1194 de-

126 1212 289 1254 struxit
316 1226 422 1266 rex3
454 1217 498 1255 et
532 1211 724 1254 cucurrit
756 1210 881 1266 inde,
915 1216 958 1255 et
992 1211 1199 1268 dispersit
1233 1211 1427 1254 cinerem
1460 1224 1611 1253 eorum
1639 1210 1688 1253 111
1720 1214 1960 1254 torrentem

126 1271 312 1316 Cedron.
350 1270 385 1297 ¹3
404 1270 593 1314 Excelsa
626 1284 798 1328 quoque
827 1285 925 1326 quae
953 1275 1080 1314 erant
1103 1270 1150 1313 in
1176 1270 1426 1314 Jerusalem
1454 1268 1511 1312 ad
1535 1269 1764 1313 dexteram
1789 1275 1959 1326 partem

124 1330 288 1373 Montis
337 1329 616 1385 offensionis,
657 1345 754 1385 quae
794 1330 1092 1373 aedificaverat
1138 1329 1365 1385 Salomon,
1406 1343 1484 1372 rex
1525 1329 1683 1385 Israel,
1723 1328 1957 1383 Astaroth,

124 1389 242 1432 idolo
266 1389 558 1444 Sidoniorum,
579 1394 621 1431 et
648 1389 850 1443 Chamos,
876 1388 1111 1431 offensioni
1135 1389 1282 1444 Moab,
1306 1393 1349 1431 et
1371 1388 1608 1443 Melchom,
1636 1387 1959 1431 abominationi

125 1448 317 1491 filiorum
348 1449 564 1503 Ammon,
596 1447 756 1504 polluit
788 1462 878 1490 reX.
911 1447 945 1473 14
964 1449 1022 1490 Et
1055 1447 1264 1490 contrivit
1298 1451 1488 1503 statuas,
1522 1451 1566 1490 et
1600 1446 1790 1489 succidit
1816 1446 1957 1503 lucos,

124 1507 397 1564 replevitque
422 1507 519 1550 loca
545 1521 694 1550 eorum
720 1506 892 1549 ossibus
918 1511 1203 1549 mortuorum.

184 1566 218 1592 ¹5
248 1567 436 1623 Insuper
472 1571 514 1609 et
551 1566 691 1609 altare
728 1565 843 1621 quod
876 1570 969 1608 erat
1005 1565 1053 1608 in
1091 1566 1269 1621 Bethel,
1309 1570 1351 1609 et
1381 1566 1608 1609 excelsum
1641 1564 1758 1621 quod
1790 1564 1959 1609 fecerat

123 1625 383 1681 Jeroboam,
426 1625 542 1668 filius
587 1625 758 1681 Nabat,
796 1625 871 1680 qui
911 1639 1095 1682 peccare
1135 1625 1247 1668 fecit
1289 1624 1447 1680 Israel,
1490 1630 1533 1668 et
1573 1624 1713 1667 altare
1759 1623 1872 1667 illud
1917 1630 1959 1668 et

124 1685 350 1728 excelsum
378 1684 617 1741 destruxit,
651 1690 785 1740 atque
820 1684 1083 1740 combussit,
1119 1689 1162 1728 et
1198 1684 1461 1728 comminuit
1493 1683 1540 1726 in
1573 1683 1823 1740 pulverem,
1863 1698 1957 1726 suc-

123 1743 358 1800 cenditque
390 1744 527 1787 etiam
559 1744 721 1786 lucum.
758 1743 794 1770 16
821 1745 877 1786 Ε1
915 1758 1151 1787 conversus
1190 1744 1337 1787 Josias
1373 1743 1488 1786 vidit
1524 1743 1587 1785 ibi
1624 1743 1826 1799 sepulcra
1861 1757 1958 1799 quae

123 1809 247 1847 erant
282 1803 329 1846 in
366 1808 544 1859 monte3
585 1803 814 1859 misitque,
851 1808 893 1846 et
926 1803 1030 1845 tulit
1067 1818 1165 1846 ossa
1200 1803 1253 1847 de
1291 1802 1522 1859 sepulcris,
1559 1807 1602 1845 et
1633 1801 1876 1845 combussit
1909 1817 1958 1845 ea

122 1877 252 1920 super
275 1862 436 1919 altare,
472 1868 515 1906 et
539 1862 701 1919 polluit
724 1862 859 1918 illud,
887 1862 1016 1918 juxta
1043 1863 1227 1906 verbum
1255 1861 1435 1906 Domini
1463 1862 1578 1917 quod
1604 1861 1777 1905 locutus
1803 1866 1868 1905 est
1891 1862 1960 1904 vir

123 1922 206 1965 Dei
243 1922 317 1978 qui
350 1922 618 1979 praedixerat
654 1921 788 1965 verba
825 1922 936 1965 haec.
976 1921 1010 1948 '¹7
1038 1923 1096 1965 Et
1127 1922 1191 1965 ait
1223 1939 1231 1966 :
1267 1921 1372 1972 Quis
1414 1926 1480 1964 est
1516 1921 1670 1964 titulus
1710 1920 1788 1964 ille
1829 1935 1959 1977 quem

122 1981 285 2025 video?
321 1982 744 2038 Responderuntque
776 1981 816 2024 ei
851 1981 969 2024 cives
1007 1981 1127 2024 urbis
1165 1981 1286 2024 illius
1321 1998 1330 2026 :
1371 1980 1631 2037 Sepulcrum
1664 1984 1730 2023 est
1766 1980 1958 2023 hominis

123 2041 206 2084 Dei
241 2041 314 2097 qui
348 2041 471 2084 venit
501 2041 554 2084 de
588 2042 615 2083 J
621 2040 727 2096 uda,
759 2045 803 2083 et
832 2040 1045 2097 praedixit
1077 2041 1211 2084 verba
1245 2041 1341 2084 haec
1368 2054 1465 2096 quae
1490 2039 1640 2083 fecisti
1667 2053 1797 2095 super
1818 2039 1958 2082 altare

125 2100 293 2144 Bethel.
320 2099 356 2127 ‘¹8
379 2101 436 2142 Et
461 2100 550 2143 ait:
586 2099 811 2143 Dimittite
839 2114 958 2155 eum,
985 2114 1116 2143 nemo
1142 2104 1420 2143 commoveat
1445 2113 1543 2142 ossa
1569 2099 1679 2155 ejus.
1707 2099 1764 2140 Et
1788 2098 1957 2141 intacta

123 2164 381 2203 manserunt
413 2173 511 2202 ossa
542 2159 685 2214 illius,
720 2173 822 2201 oum
854 2159 1025 2202 ossibus
1062 2160 1288 2216 prophetae
1326 2159 1400 2215 qui
1437 2163 1619 2202 venerat
1657 2158 1710 2202 (16
1745 2157 1956 2201 Samaria.

124 2218 160 2244 19
177 2219 366 2276 Insuper
391 2223 434 2262 et
459 2218 607 2262 omnia
632 2218 742 2261 fana
771 2217 1046 2262 excelsorum
1072 2233 1171 2274 quae
1197 2223 1322 2262 erant
1352 2218 1400 2261 in
1432 2217 1689 2261 civitatibus
1725 2216 1955 2272 Samariae,

124 2292 222 2334 quae
256 2278 459 2321 fecerant
490 2292 615 2333 reges
651 2277 791 2321 Israel
823 2277 880 2320 ad
911 2277 1179 2321 irritandum
1204 2278 1468 2333 Dominum,
1503 2277 1691 2320 abstulit
1718 2276 1887 2332 Josias,
1915 2282 1957 2319 et

122 2337 233 2381 fecit
255 2337 317 2381 eis
343 2337 588 2380 secundum
613 2337 763 2380 omnia
788 2351 920 2393 opera
946 2351 1044 2393 quae
1066 2337 1237 2380 fecerat
1262 2337 1309 2379 in
1336 2337 1506 2380 Β611161.
1533 2335 1570 2363 2⁰
1595 2337 1653 2379 Et
1679 2335 1840 2379 occidit
1862 2335 1958 2378 uni-

122 2411 269 2440 versos
294 2396 552 2440 vsacerdotes
587 2396 862 2440 excelsorum
895 2396 968 2452 qui
1002 2401 1126 2439 erant
1158 2396 1221 2438 ibi
1254 2410 1384 2452 super
1415 2395 1602 2451 altaria3
1639 2400 1681 2438 et
1716 2394 1959 2438 combussit

123 2470 221 2499 ossa
245 2456 442 2498 humana
467 2470 598 2513 super
624 2470 688 2500 ea.

183 2516 487 2571 Reversusque
512 2520 577 2559 est
599 2515 862 2559 Jerusalem.
883 2514 916 2541 2¹
938 2516 995 2558 Et
1017 2515 1228 2572 praecepit
1250 2515 1370 2559 omni
1392 2515 1576 2573 populo,
1602 2514 1752 2557 dicens
1776 2531 1784 2558 ε
1804 2513 1958 2556 Facite

123 2575 267 2618 Phase
282 2575 475 2618 Domino
494 2575 588 2618 Deo
601 2580 761 2630 vestro,
776 2574 1021 2618 secundum
1039 2574 1154 2630 quod
1172 2575 1386 2631 scriptum
1405 2580 1471 2617 est
1487 2574 1533 2616 in
1548 2573 1659 2616 libro
1677 2572 1861 2616 foederis
1877 2572 1957 2615 hu-

123 2634 207 2690 jus.
222 2633 260 2659 22
281 2634 374 2677 Nec
393 2634 513 2677 enim
530 2634 705 2677 factum
724 2641 790 2678 est
815 2634 958 2677 Phase
976 2634 1085 2689 tale,
1105 2649 1130 2676 a
1153 2633 1308 2677 diebus
1329 2633 1530 2689 judicum
1549 2633 1623 2688 qui
1645 2632 1958 2688 judicaverunt

123 2693 282 2748 Israel,
303 2697 346 2736 61
372 2693 571 2736 011111111111
597 2693 768 2737 dierum
789 2707 944 2749 regum
968 2693 1108 2736 Israel
1134 2698 1176 2736 et
1200 2707 1355 2748 regum
1381 2694 1408 2736 J
1413 2692 1519 2748 uda,
1539 2691 1576 2718 “23
1592 2691 1708 2734 sicut
1728 2691 1774 2734 in
1800 2696 1958 2734 octavo

121 2752 294 2795 decimo
316 2766 434 2795 anno
459 2753 574 2809 regis
601 2754 629 2796 J
634 2753 739 2796 osiae
764 2753 940 2795 factum
965 2757 1031 2796 681
1054 2752 1196 2796 Ρ11686
1220 2752 1340 2795 1811111
1364 2751 1556 2795 Domino
1580 2751 1628 2793 in
1650 2750 1915 2794 Jerusalem.

181 2811 218 2837 ‘²4
244 2811 328 2855 Sed
350 2816 393 2855 et
415 2812 654 2868 pythones,
682 2817 725 2856 et
746 2811 927 2867 ariolos,
955 2816 998 2854 et
1022 2811 1186 2867 figuras
1216 2811 1457 2866 idolorum,
1485 2816 1528 2854 et
1556 2809 1888 2864 immunditias,
1915 2814 1957 2853 et

121 2871 476 2914 abominationes
506 2885 605 2927 quae
634 2871 814 2914 fuerant
846 2870 893 2913 in
923 2876 1036 2914 terra
1065 2870 1184 2914 Juda
1214 2875 1256 2914 et
1285 2870 1554 2926 Jerusalem,
1577 2869 1763 2913 abstulit
1788 2869 1955 2925 Josias,

122 2935 171 2972 ut
198 2935 413 2973 statueret
435 2930 570 2973 Verba
599 2930 712 2986 legis
733 2945 833 2986 quae
863 2930 1027 2986 scripta
1048 2935 1152 2973 sunt
1182 2930 1229 2973 in
1254 2929 1368 2973 libro
1390 2944 1520 2986 quem
1548 2929 1721 2973 invenit
1751 2928 1934 2972 Helcias

122 2989 347 3043 sacerdos,
377 2989 424 3032 in
454 2989 622 3046 templo
653 2990 848 3032 Domini.
882 2988 918 3015 ²5
942 2989 1111 3032 Similis
1139 2989 1207 3032 illi
1241 3004 1330 3033 non
1362 2990 1452 3032 fuit
1484 2994 1588 3032 ante
1617 3003 1719 3035 eum
1748 3002 1846 3044 reX,
1881 2987 1956 3043 qui

120 3053 414 3092 reverteretur
434 3048 492 3091 ad
518 3049 763 3092 Dominum
790 3049 838 3091 in
864 3048 982 3092 omni
1006 3049 1136 3092 corde
1165 3063 1263 3105 suo,
1286 3054 1330 3092 et
1359 3049 1406 3091 in
1428 3054 1522 3092 tota
1547 3048 1697 3091 anima
1723 3062 1823 3102 sua,
1847 3051 1890 3091 et
1910 3047 1957 3090 in

123 3106 328 3150 universa
349 3107 514 3151 virtute
536 3122 628 3163 sua,
655 3108 785 3164 juxta
808 3122 983 3152 omnem
1009 3107 1154 3164 legem
1174 3108 1334 3165 Moysi,
1357 3123 1499 3164 neque
1524 3113 1622 3165 post
1644 3121 1745 3151 eum
1766 3106 1956 3150 surrexit

123 3165 281 3208 similis
309 3165 391 3209 illi.
422 3166 459 3193 9⁶
477 3167 798 3211 Verumtamen
830 3182 918 3210 non
952 3172 1018 3210 est
1050 3182 1230 3211 aversus
1261 3167 1479 3211 Dominus
1512 3168 1568 3210 ab
1601 3167 1666 3209 ira
1692 3166 1855 3209 furoris
1888 3164 1955 3207 sui

124 3225 290 3280 magni,
306 3240 391 3282 quo
415 3226 554 3269 iratus
581 3232 647 3270 est
667 3227 792 3270 furor
817 3226 912 3282 ejus
937 3231 1088 3270 contra
1109 3227 1137 3270 J
1142 3227 1289 3283 udam,
1313 3232 1490 3284 propter
1510 3226 1779 3269 irritationes
1796 3223 1955 3279 quibus

124 3291 441 3340 provocaverat
475 3300 576 3329 eum
608 3286 850 3329 Manasses.
885 3284 919 3311 '²⁷
944 3285 1075 3329 Dixit
1113 3286 1264 3342 itaque
1302 3286 1519 3329 Dominus
1557 3302 1566 3329 ε
1602 3284 1751 3328 Ε116111
1788 3282 1956 3325 Judam

124 3343 327 3386 auferam
350 3359 376 3386 a
409 3345 529 3388 facie
558 3359 677 3401 mea,
707 3345 823 3389 sicut
854 3344 1019 3388 abstuli
1046 3345 1214 3401 Israel;
1246 3350 1289 3389 et
1318 3345 1553 3403 projiciam
1580 3344 1810 3387 civitatem
1840 3341 1956 3383 hanc

126 3414 257 3455 quam
282 3403 418 3460 elegi,
441 3404 710 3460 Jerusalem,
735 3409 778 3448 et
804 3404 984 3447 domum
1009 3403 1063 3448 de
1084 3419 1170 3460 qua
1196 3404 1289 3448 dixi
1320 3422 1328 3448 :
1352 3404 1449 3447 Erit
1474 3417 1634 3447 nomen
1656 3415 1805 3445 meum
1829 3400 1907 3443 ibi.

126 3561 259 3637 13](,ῙξῐΙ
277 3562 360 3632 Ifkeg.
379 3564 440 3597 XI,
461 3565 486 3592 7.
511 3579 548 3584 -
576 3565 622 3598 15]
643 3565 697 3592 ΙΙΙ
716 3565 799 3597 Reg.
822 3564 921 3599 XIII,
939 3566 984 3591 32.
1002 3578 1038 3583 —
1060 3564 1106 3597 17]
1135 3565 1188 3591 ΙΙΙ
1216 3564 1299 3597 Reg.
1323 3564 1423 3597 XIII,
1441 3565 1466 3591 2.
1492 3576 1528 3581 -
1552 3562 1600 3595 21]
1625 3563 1658 3589 II
1679 3561 1751 3588 Par.
1771 3560 1911 3595 XXXV,
1930 3562 1954 3588 1.

125 3616 162 3622 -—
179 3606 213 3631 ..7
266 3611 286 3632 n
306 3626 313 3634 .
331 3607 458 3642 XXIV,
474 3611 500 3636 2.

2058 1570 2091 1599 in
2110 1571 2228 1600 Bethel

2096 1618 2130 1644 et
2156 1616 2189 1644 in

2043 1659 2244 1689 civitatibus·

2061 1703 2223 1732 Samariae.

2050 2521 2236 2550 Celebratio

2086 2566 2203 2593 Phase.

2053 2814 2229 2843 Conclusio

2096 2865 2191 2892 regni

2084 2901 2195 2931 Josiae.
