2456 3861
834 107 882 151 II
916 109 1026 151 PAR.
1060 107 1245 162 XVIII,
1279 108 1413 151 4-31.
1951 109 2037 153 423

273 278 292 305 ⁴
311 277 522 334 Dixitque
538 278 758 334 Josaphat
778 278 833 321 ad
856 292 1005 334 regem
1024 277 1186 323 Israel:
1206 278 1408 335 Consule,
1429 278 1620 334 obsecro,
1638 279 2039 336 impraesentiarum

214 350 461 380 sermonem
490 336 681 380 Domini.
708 337 725 364 ⁵
743 336 1040 393 Congrcgavit
1071 337 1205 393 igitur
1225 352 1302 380 rex
1325 337 1462 381 Israel
1489 337 1803 395 prophetarum
1833 338 2038 395 quadrin-

215 400 371 452 gentos
396 395 532 451 viros,
559 401 602 439 et
627 396 741 438 dixit
762 396 818 438 ad
844 409 945 438 eos:
974 397 1027 438 In
1055 396 1243 439 Ramoth
1268 395 1439 440 Galaad
1462 397 1517 440 ad
1540 394 1798 440 bellandum
1823 398 1884 440 ire
1908 398 2038 442 debe-

215 468 333 509 mus,
358 468 414 496 an
445 454 698 510 quiescere?
724 456 785 497 At
813 454 878 496 illi
900 469 907 496 :
932 454 1155 509 Ascende,
1179 454 1404 510 inquiunt,
1433 460 1478 499 et
1503 454 1648 499 tradet
1679 456 1798 499 Deus
1831 455 1875 499 in
1905 470 2040 500 manu

214 513 344 567 regis.
370 513 387 539 θ’
408 513 618 569 Dixitque
648 512 892 569 Josaphat:
921 512 1146 568 Numquid
1177 527 1264 555 non
1298 518 1362 556 est
1390 514 1464 557 hic
1493 515 1728 572 prophetes
1761 515 1960 572 Domini,
1991 521 2041 559 ut

214 571 270 614 ab
297 571 374 613 illo
398 572 534 614 etiam
563 570 870 627 requiramus?
896 570 912 596 ⁷
932 571 989 612 Et
1017 571 1080 613 ait
1108 586 1184 614 rcx
1215 572 1353 615 Israel
1379 573 1434 615 ad
1462 574 1706 630 Josaphat:
1737 574 1816 617 Est
1840 574 1908 617 vir
1928 588 2041 618 unus

214 645 240 672 a
266 644 349 685 quo
375 645 603 686 possumus
628 644 822 685 quaerere
850 629 1028 671 Domini
1052 630 1355 684 voluntatem,
1379 632 1455 674 sed
1479 646 1560 687 ego
1583 633 1653 675 odi
1678 647 1796 687 eum,
1821 633 1924 689 quia
1954 647 2037 677 non

214 689 449 745 prophetat
482 688 589 730 mihi
619 689 803 741 bonum,
830 687 905 730 sed
931 687 1099 730 malum
1128 689 1247 731 omni
1278 694 1500 745 tempore,
1530 696 1595 733 est
1627 697 1772 734 autem
1805 693 2040 747 Michaeas‚

214 747 330 789 filius
356 746 516 791 semla.
550 746 760 801 Dixitque
786 746 1033 802 Josaphat:
1061 747 1128 789 Nc
1161 746 1373 803 loquaris,
1404 763 1500 803 rex,
1527 749 1608 791 hoc
1642 750 1785 794 modo.
1812 750 1829 778 ⁸
1850 751 2043 794 vocavit

216 820 319 862 ergo
342 821 419 849 rex
441 805 577 848 Israel
600 819 735 847 unum
758 804 810 847 de
833 805 1065 861 eunuchis,
1085 810 1129 848 et
1151 805 1265 848 dixit
1287 806 1351 849 ei:
1372 807 1495 849 Voca
1516 807 1604 849 cito
1627 808 1883 865 Michaeam,
1903 809 2043 852 filium

215 865 376 908 Jemla.
399 864 567 907 ⁹Porro
599 877 676 907 rex
709 863 868 919 Israel,
903 867 947 906 et
979 864 1219 920 Josaphat,
1252 879 1331 907 rex
1363 865 1390 908 J
1396 865 1502 920 uda,
1536 871 1718 922 uterque
1751 867 1965 911 sedebant
1997 868 2044 911 in

215 924 324 967 solio
348 936 445 978 suo,
478 921 628 966 vestiti
657 922 779 965 cultu
808 922 955 978 regio,
990 922 1205 965 sedebant
1237 929 1388 966 autem
1417 924 1463 971 in
1487 939 1590 967 area
1616 925 1744 981 juxta
1769 932 1942 983 portam
1967 928 2043 971 Sa-

215 982 392 1035 mariae;
428 995 664 1037 omnesque
692 981 920 1038 prophetae
953 981 1315 1025 vaticinabantur
1343 997 1491 1025 coram
1521 982 1596 1027 eis.
1625 983 1660 1010 10
1685 984 1890 1028 Sedecias
1918 1000 2042 1041 vero,

215 1041 330 1083 filius
359 1039 621 1097 Chanaana,
660 1040 767 1083 fecit
798 1040 882 1082 sibi
912 1054 1073 1084 cornua
1104 1042 1269 1097 ferrea,
1300 1046 1344 1084 et
1369 1041 1463 1084 ait:
1500 1043 1613 1085 Haee
1647 1043 1757 1086 dicit
1795 1045 2042 1089 Dominus:

216 1100 300 1143 His
341 1099 580 1142 ventilabis
626 1099 822 1155 Syriam,
869 1099 1010 1142 donec
1059 1105 1260 1143 conteras
1303 1115 1415 1146 eam.
1459 1101 1492 1127 1¹
1528 1102 1778 1157 Omnesque
1819 1103 2045 1160 prophetae

214 1158 419 1202 similiter
444 1159 789 1215 prophetabant,
816 1162 948 1214 atque
978 1158 1188 1202 dicebant
1210 1160 1445 1205 :Ascende
1471 1160 1517 1202 in
1548 1161 1740 1204 Ramoth
1771 1161 1968 1219 Galaad,
2001 1167 2046 1205 et

215 1217 566 1275 prosperaberis3
589 1223 634 1260 et
658 1217 804 1260 tradet
826 1231 898 1260 eos
922 1217 1136 1261 Dominus
1158 1218 1203 1260 in
1227 1233 1360 1261 manu
1380 1218 1512 1275 regis.

277 1275 312 1301 ¹⁹²
336 1276 527 1319 Nuntius
551 1281 702 1320 autem
727 1276 801 1332 qui
825 1276 937 1319 ierat
961 1277 1018 1319 ad
1041 1277 1291 1320 vocandum
1325 1277 1560 1321 Michaeam
1574 1314 1582 1334 ,
1606 1278 1670 1322 ait
1695 1279 1761 1322 illi
1781 1297 1790 1323 :
1814 1281 1882 1323 En
1910 1280 2047 1324 verba

216 1335 415 1379 omnium
443 1335 778 1393 prophetarum,
806 1349 893 1378 uno
923 1349 1015 1391 ore,
1042 1336 1157 1378 bona
1180 1336 1275 1392 regi
1303 1337 1597 1393 annuntiant,
1622 1352 1771 1394 quaeso
1801 1353 1905 1395 ergo
1935 1344 1978 1383 te
1999 1345 2047 1382 ut

216 1399 261 1437 et
297 1408 438 1437 sermo
470 1399 570 1437 tuus
603 1394 660 1436 ab
694 1394 757 1436 eis
794 1408 882 1436 non
920 1394 1179 1450 dissentiat,
1217 1395 1496 1452 loquarisque
1531 1411 1752 1453 prospera.
1790 1397 1827 1424 13
1863 1398 1942 1441 Cui
1978 1413 2045 1442 re-

216 1453 396 1510 spondit
427 1453 670 1497 Michaeas:
698 1453 824 1495 Vivit
857 1453 1099 1496 Dominus!
1128 1454 1229 1509 quia
1263 1454 1569 1510 quodcumque
1603 1455 1766 1498 dixerit
1790 1457 1900 1499 mihi
1928 1458 2047 1501 Deus

216 1527 359 1567 meus,
383 1512 465 1554 hoc
490 1512 656 1566 loquar.
675 1510 712 1538 11
730 1510 867 1553 Venit
888 1525 992 1566 ergo
1014 1512 1070 1554 ad
1093 1526 1258 1567 regem.
1278 1513 1358 1556 Cui
1383 1528 1461 1556 rex
1483 1513 1573 1556 ait:
1597 1513 1802 1564 Michaea,
1829 1515 1890 1558 ire
1917 1516 2048 1560 debe-

218 1585 314 1613 mus
349 1571 395 1612 in
431 1570 622 1612 Ramoth
657 1569 830 1614 Galaad
862 1570 918 1612 ad
952 1571 1232 1627 bellandum,
1266 1586 1324 1614 an
1357 1572 1614 1627 quiescere?
1649 1573 1731 1616 Cui
1762 1573 1839 1617 ille
1870 1588 2048 1631 respon-

217 1630 309 1672 dit:
342 1629 608 1683 Ascendite,
643 1635 802 1672 cuncta
833 1629 950 1672 enim
983 1643 1191 1686 prospera
1228 1630 1455 1687 evenient,
1486 1636 1530 1674 et
1562 1631 1795 1675 tradentur
1824 1634 1973 1677 hostes
2002 1634 2048 1677 in

217 1702 375 1731 manus
400 1692 584 1731 vestras.
617 1687 653 1715 15
680 1688 892 1744 Dixitque
925 1702 1003 1731 rex
1027 1705 1035 1732 :
1063 1690 1233 1732 Iterum
1266 1695 1398 1745 atque
1430 1690 1591 1734 iterum
1614 1696 1658 1734 te
1684 1691 1840 1747 adjuro
1867 1698 1915 1735 ut
1939 1693 2048 1736 mihi

216 1762 305 1790 non
331 1746 523 1803 loquaris
548 1746 633 1790 nisi
658 1747 773 1803 quod
799 1762 954 1790 verum
976 1752 1062 1803 est,
1088 1747 1135 1790 in
1160 1749 1338 1792 nomine
1365 1749 1559 1795 Domini.
1587 1749 1622 1776 ¹⁶
1640 1753 1702 1793 At
1727 1750 1803 1794 ille
1824 1751 1887 1794 ait
1910 1769 1918 1796 :
1944 1752 2051 1795 Vidi

217 1807 472 1849 universum
504 1806 644 1849 Israel
680 1806 926 1863 dispersum
954 1807 1002 1849 in
1035 1808 1262 1850 montibus
1290 1808 1404 1851 sicut
1434 1823 1538 1852 oves
1571 1809 1735 1865 absque
1769 1815 1973 1867 pastore3
2008 1817 2052 1855 et

218 1865 333 1908 dixit
370 1865 623 1910 Dominus:
665 1866 766 1909 Non
801 1866 969 1908 habent
1008 1865 1081 1909 isti
1116 1867 1341 1922 dominos3
1382 1872 1630 1911 revertatur
1668 1869 1965 1926 unusquisque
2004 1870 2052 1913 in

218 1924 399 1968 domum
423 1938 549 1967 suam
574 1924 620 1967 in
645 1939 767 1981 pace.
795 1924 829 1951 ¹⁷
848 1926 905 1968 Et
930 1925 994 1969 ait
1018 1939 1096 1969 rex
1121 1926 1261 1969 Israel
1285 1926 1341 1969 ad
1368 1927 1615 1984 Josaphat:
1647 1928 1806 1971 Nonne
1840 1928 1934 1971 dixi
1968 1929 2051 1972 tibi

218 1983 334 2039 quod
358 1997 447 2026 non
479 1984 763 2040 prophetaret
787 1983 870 2027 iste
898 1984 1008 2027 mihi
1038 1985 1279 2041 quidquam
1304 1985 1430 2043 boni,
1456 1986 1535 2029 sed
1565 2001 1616 2030 ea
1645 2001 1743 2043 quae
1768 1988 1888 2031 mala
1912 1993 2015 2031 sunt
2030 1988 2051 2031 ἶ)

219 2042 254 2068 ¹⁸
273 2044 334 2085 At
358 2042 434 2085 ille
454 2060 462 2087 :
490 2042 683 2096 Idcirco,
707 2043 789 2099 ait,
815 2043 966 2087 audite
990 2044 1175 2087 verbum
1201 2045 1412 2091 Domini:
1435 2045 1538 2088 Vidi
1561 2046 1802 2089 Dominum
1824 2047 2052 2090 sedentem

219 2101 265 2144 in
289 2101 399 2144 solio
424 2116 521 2156 suo,
544 2107 588 2144 et
613 2116 790 2145 omnem
819 2103 1063 2146 exercitum
1089 2103 1189 2146 caeli
1210 2103 1492 2147 assistentem
1514 2105 1554 2148 ei
1582 2120 1609 2147 a
1634 2105 1801 2149 dextris
1828 2111 1871 2150 et
1896 2122 1922 2149 a
1947 2106 2052 2150 sini-

219 2160 333 2203 stris.
362 2160 397 2186 19
420 2162 478 2203 Et
500 2160 613 2203 dixit.
637 2161 853 2204 Dominus
878 2179 887 2205 :
911 2162 1014 2212 Quis
1041 2162 1235 2219 decipiet
1259 2164 1438 2219 Achab,
1465 2178 1617 2220 regem
1639 2164 1799 2222 Israel,
1825 2170 1875 2208 ut
1899 2180 2052 2208 ascen-

220 2219 298 2262 dat
323 2225 367 2262 et
397 2224 571 2262 corruat
599 2220 645 2262 in
673 2221 864 2263 Ramoth
893 2221 1066 2264 Galaad
1084 2221 1105 2264 ⁴?
1135 2222 1332 2278 Cumque
1366 2222 1532 2266 diceret
1564 2238 1677 2267 unus
1704 2225 1787 2267 hoc
1821 2224 1974 2280 modo,
2009 2229 2053 2268 et

219 2278 332 2321 alter
357 2279 464 2334 alio,
489 2277 526 2304 '20
543 2279 756 2335 processit.
779 2279 977 2336 spiritus,
1005 2285 1049 2323 et
1074 2281 1198 2324 stetit
1222 2295 1371 2324 coram
1397 2282 1610 2339 Domino,
1636 2288 1681 2326 et
1705 2283 1792 2329 ait:
1822 2285 1916 2340 Ego
1940 2283 2054 2327 deci-

220 2337 339 2394 piam
369 2352 483 2380 eum.
512 2338 593 2381 Cui
622 2338 866 2382 Dominus:
893 2339 946 2381 In
973 2353 1077 2394 quo,
1105 2339 1267 2396 inquit,
1291 2341 1518 2398 decipies?
1545 2341 1578 2368 2¹
1599 2344 1661 2385 At
1688 2342 1765 2386 ille
1789 2343 2019 2400 respondit
2042 2359 2050 2386 :

221 2396 449 2452 Egrediar,
477 2402 521 2440 et
547 2411 618 2440 ero
644 2397 822 2453 spiritus
845 2398 1036 2440 mendax
1059 2398 1104 2440 in
1127 2413 1199 2442 ore
1223 2400 1420 2443 omnium
1441 2402 1754 2458 prophetarum
1776 2402 1886 2458 ejus.
1907 2402 2052 2445 Dixit—

220 2470 303 2511 que
322 2456 562 2506 Dominus:
588 2456 807 2512 DecipieS,
828 2460 871 2499 et
888 2457 1178 2513 praevalebis3
1200 2459 1420 2515 egredere,
1444 2465 1487 2502 et
1504 2460 1579 2503 fac
1601 2461 1678 2504 ita.
1696 2460 1737 2487 Ὦ
1752 2462 1794 2504 N
1797 2475 1881 2504 unc
1903 2461 2051 2517 igitur,

220 2529 322 2558 ecce
355 2515 571 2558 Dominus
597 2515 720 2559 dedit
745 2515 949 2572 spiritum
978 2517 1199 2559 mendacii
1223 2518 1271 2559 in
1294 2532 1366 2560 ore
1396 2519 1594 2561 omnium
1619 2520 1932 2576 prophetarum
1956 2525 2052 2563 tuo-

219 2588 342 2630 rum;
379 2579 422 2617 et
456 2575 672 2617 Dominus
706 2574 878 2618 locutus
915 2580 980 2618 est
1013 2575 1066 2618 de
1105 2582 1146 2618 te
1183 2577 1314 2618 mala.
1341 2576 1379 2603 ‘23
1399 2578 1602 2620 Accessit
1637 2584 1786 2621 autem
1825 2578 2050 2635 Sedecias,

221 2633 337 2676 filius
360 2633 621 2690 Ghanaana,
652 2639 695 2677 et
721 2634 936 2690 percussit
970 2634 1173 2677 Michaeas
1205 2636 1455 2689 maxillam,
1480 2641 1524 2679 et
1548 2637 1611 2679 ait
1635 2653 1643 2680 :
1669 2638 1752 2679 Per
1775 2651 1907 2693 quam
1933 2637 2053 2681 viam
2103 2680 2107 2684 .

221 2692 428 2735 transivit
452 2693 631 2749 spiritus
663 2693 844 2737 Domini
865 2708 891 2735 a
916 2708 1006 2748 me,
1030 2698 1076 2735 ut
1101 2694 1352 2749 loqueretur
1373 2695 1488 2738 tibi?
1515 2694 1551 2722 24
1570 2696 1782 2753 Dixitque
1811 2696 2050 2740 Michaeas:

221 2751 288 2794 Tu
308 2751 404 2808 ipse
423 2752 596 2795 videbis
618 2752 663 2795 in
687 2752 757 2795 die
780 2752 876 2807 illo,
897 2753 1071 2808 quando
1098 2752 1318 2809 ingressus
1340 2754 1480 2796 fueris
1502 2754 1755 2798 cubiculum
1778 2755 1830 2798 de
1850 2756 2053 2799 cubiculo

221 2815 271 2853 ut
292 2811 590 2855 abscondaris.
618 2810 655 2838 25
673 2811 894 2868 Praecepit
922 2817 1070 2854 autem
1095 2826 1172 2855 rex
1196 2813 1357 2869 Israel,
1387 2813 1540 2856 dicens
1567 2830 1576 2858 ε
1599 2814 1762 2858 Tollite
1792 2815 2051 2871 Michaeam,

222 2874 266 2912 et
288 2869 435 2913 ducite
460 2885 562 2913 eum
586 2871 643 2913 ad
670 2871 836 2927 Amon,
863 2871 1109 2928 principem
1132 2871 1340 2928 civitatis,
1363 2877 1406 2916 et
1430 2873 1487 2916 ad
1505 2873 1533 2916 J
1538 2887 1624 2930 cas,
1648 2873 1790 2916 filium
1811 2874 2051 2929 Amelech3

223 2927 260 2955 2⁶
278 2934 322 2971 et
347 2929 533 2974 dicetis:
561 2931 673 2973 Haec
704 2930 813 2972 dicit
841 2944 947 2973 rex:
972 2930 1138 2973 Mittite
1164 2930 1281 2973 hunc
1302 2931 1349 2974 in
1378 2946 1620 2988 carcerem,
1652 2938 1694 2976 et
1724 2932 1825 2977 date
1858 2934 1898 2977 ei
1926 2933 2054 2990 panis

223 2988 449 3031 modicum
466 2995 508 3032 et
526 3003 655 3045 aquae
673 2989 934 3045 pauxillum,
955 2989 1093 3032 donec
1112 2995 1307 3039 revertar
1323 2991 1369 3033 in
1388 3005 1510 3048 pace.
1530 2990 1565 3018 2⁷
1582 2992 1794 3048 Dixitque
1813 2993 2053 3036 Michaeas:

222 3046 268 3090 Si
290 3054 489 3090 reversus
509 3048 649 3091 fueris
672 3048 719 3090 in
741 3062 870 3105 pace,
890 3062 977 3091 non
999 3053 1064 3090 est
1086 3049 1257 3091 locutus
1281 3050 1497 3093 Dominus
1515 3050 1561 3093 in
1578 3065 1662 3095 me.
1686 3052 1744 3093 Et
1765 3051 1852 3095 ait:
1873 3051 2052 3106 Audite,

224 3119 376 3148 omnes
398 3107 562 3164 populi.
1819 3119 1822 3122 ’
1900 3146 1902 3148 ,

283 3163 319 3191 ²⁸
348 3165 494 3220 Igitur
528 3167 824 3210 ascenderunt
855 3181 932 3210 rex
969 3167 1127 3223 Israel,
1159 3173 1203 3211 et
1234 3170 1473 3227 Josaphat,
1504 3185 1582 3214 rex
1615 3171 1753 3227 Juda,
1784 3171 1832 3213 in
1863 3170 2055 3213 Ramoth

225 3224 411 3268 Gaia-ad.
439 3223 476 3282 ²?
495 3225 707 3283 Dixitque
736 3241 815 3270 rex
837 3225 975 3269 Israel
1000 3226 1055 3268 ad
1082 3228 1328 3284 Josaphat:
1354 3229 1539 3272 Mutabo
1568 3230 1791 3286 habitum,
1827 3234 1870 3273 et
1903 3229 1964 3272 sic
1998 3228 2054 3272 ad

226 3297 422 3340 pugnam
449 3285 637 3339 vadam3
672 3290 721 3328 tu
753 3291 903 3328 autem
936 3285 1117 3328 induere
1153 3288 1348 3331 vestibus
1380 3288 1481 3331 tuis.
1512 3289 1771 3345 Mutatoque
1803 3303 1880 3332 rex
1914 3288 2054 3331 Israel

225 3342 403 3399 habitu,
435 3344 558 3387 venit
587 3345 643 3387 ad
676 3344 858 3387 bellum.
882 3344 918 3371 3⁰
938 3345 1032 3386 Rex
1064 3350 1213 3388 autem
1247 3347 1384 3403 Syriae
1412 3353 1685 3405 praeceperat
1717 3347 1902 3390 ducibus
1933 3348 2053 3404 equi-

225 3405 346 3444 tatus
377 3402 466 3458 sui,
493 3403 673 3448 dicens:
706 3404 771 3446 Ne
804 3403 1010 3461 pugnetis
1045 3410 1197 3448 contra
1227 3406 1463 3449 minimum
1492 3413 1569 3450 aut
1601 3412 1753 3450 contra
1786 3406 2051 3462 maximum,

228 3459 312 3503 nisi
346 3467 499 3504 contra
527 3463 670 3505 solum
701 3477 851 3518 regem
881 3462 1033 3506 Israel.
1067 3464 1100 3489 3¹
1120 3464 1278 3521 Itaque
1311 3481 1411 3509 cum
1436 3466 1653 3509 vidissent
1686 3466 1906 3523 principes
1934 3466 2053 3522 equi-

227 3524 347 3562 tatus
379 3520 616 3578 Josaphat,
650 3521 889 3565 dixerunt:
941 3524 1018 3564 {ex
1050 3523 1189 3566 Israel
1222 3530 1289 3568 est
1320 3525 1419 3569 iste.
1450 3527 1508 3568 Et
1536 3525 1920 3568 circumdederunt
1953 3540 2054 3569 eum

229 3577 516 3635 dimicantes,
552 3586 599 3623 at
629 3580 706 3624 ille
739 3581 950 3624 clamavit
983 3580 1039 3623 ad
1077 3582 1334 3639 Dominum,
1373 3589 1418 3627 et
1449 3583 1689 3627 auxiliatus
1725 3589 1792 3627 est
1824 3584 1889 3642 ei,
1917 3589 2054 3641 atque

2152 292 2293 319 Pseudo-

2141 336 2310 368 ιιι-0111101113

2122 378 2327 412 promittunt

2131 422 2317 452 victoriam.

2141 1287 2324 1322 Prophetia

2155 1332 2314 1364 Michaeae.

2164 3180 2321 3213 Syrorum

2160 3223 2323 3259 victoria,

2118 3276 2209 3297 mors
2235 3269 2360 3297 Achab.
