2456 3861
218 1560 368 1587 Sec-iuda

237 1605 332 1637 plaga
350 1612 357 1630 :

239 1655 334 1676 ranze.

187 3153 297 3181 Tertia
310 3153 426 3186 plaga:

218 3196 399 3230 sciniphes.

473 138 530 180 58
1047 134 1128 175 EX.
1166 133 1278 187 VII,
1315 133 1371 175 16
1393 157 1452 163 —-
1483 131 1630 186 VIII,
1663 131 1729 174 18.

474 321 690 350 conversa
712 310 779 350 est
802 305 850 347 in
879 304 1136 356 draconem,
1164 301 1293 343 tolles
1317 301 1364 342 in
1393 314 1529 342 manu
1554 305 1652 354 tua,
1680 299 1715 326 ¹⁶
1733 300 1939 355 dicesque
1969 301 2026 343 ad
2054 315 2155 344 eum
2178 319 2186 345 :
2216 303 2302 344 Do·

475 366 620 409 minus
647 367 766 408 Deus
792 363 1083 406 Hebraeorum
1110 360 1232 402 misit
1253 374 1323 402 me
1345 359 1405 401 ad,
1427 365 1493 413 te,
1512 358 1663 401 dicens
1683 358 1898 401 :Dimitte
1921 360 2131 415 populum
2155 375 2304 403 meum

474 430 524 468 ut
548 424 765 468 sacrificet
790 422 899 465 mihi
928 421 973 463 in
995 420 1188 473 deserto,
1212 423 1256 460 et
1277 432 1413 473 usque
1439 418 1495 460 ad
1517 432 1713 473 praesens
1737 417 1891 460 audire
1911 417 2106 462 noluisti.
2136 419 2169 446 ¹7
2190 421 2315 462 Haec-

473 485 613 541 igitur
637 483 747 526 dicit
772 480 987 524 Dominus
1011 495 1020 522 :
1048 479 1103 520 In
1128 478 1210 520 hoe
1236 477 1348 519 scies
1378 476 1493 532 quod
1527 476 1613 518 sim
1645 475 1887 530 Dominns;
1924 490 2026 519 ecce
2059 478 2307 534 percutiam

474 544 622 599 virga,
647 556 745 597 quae
772 540 817 582 in
842 552 977 581 manu
1001 551 1106 580 mea.
1126 541 1212 591 est,
1237 550 1399 591 aquam
1423 535 1639 590 fluminis,
1667 540 1711 578 et
1735 541 1932 578 vertetur
1955 535 2003 577 in¹
2028 537 2305 593 sanguinem.

476 603 512 630 13
531 602 680 645 Pisces
706 612 896 655 quoque,
927 597 1000 652 qui
1034 601 1138 639 sunt
1162 595 1208 637 in
1233 595 1367 638 fluvio
1382 630 1392 650 ,
1417 595 1672 650 morientur,
1704 600 1748 637 et
1773 600 2130 651 computrescent.
2153 610 2301 651 aquae,

475 667 519 705 et
541 660 796 715 affligentur
810 655 1016 712 AEgyptii
1042 655 1247 698 bibentes
1273 668 1434 710 aquam
1459 653 1667 696 fluminis.
1688 653 1724 679 19
1744 653 1870 696 Dixit
1892 667 2062 709 quoqne
2090 654 2318 698 Dominus-

476 721 534 763 ad·
555 720 740 774 Moysen
760 735 771 760 :
797 717 880 759 Dic
902 715 959 758 ad
981 717 1132 758 Aaron
1155 731 1164 757 ε
1187 714 1314 756 Tolle
1337 714 1510 768 virgam
1536 717 1684 768 tuam,
1700 718 1748 756 et
1771 713 1962 756 extende
1983 727 2165 755 manum
2183 718 2307 756 tuam

476 793 606 834 super
623 791 759 832 aquas
783 774 985 831 AEgypti,
1010 779 1054 817 et
1075 788 1206 829 super
1227 772 1385 814 fluvios
1411 786 1574 827 eorum,
1598 778 1643 815 et
1663 772 1783 815 rivos
1799 786 1850 814 ac
1876 771 2073 828 paludes,
2093 778 2137 814 et
2155 786 2308 816 omnes

476 838 598 881 lacus
631 849 868 891 aquarum,
901 840 951 876 ut
978 838 1210 876 vertantur
1238 832 1284 874 in
1318 831 1604 887 sanguinem,
1636 837 1680 874 et
1713 831 1771 874 sit
1805 845 1929 873 cruor
1960 831 2007 873 in
2042 830 2161 874 omni
2194 837 2309 874 terra

476 895 689 952 AEgypti‚
711 900 805 937 tam
833 893 880 936 in
905 892 1067 949 ligneis
1093 892 1211 934 vasis
1237 905 1370 947 quam
1398 890 1447 932 in
1475 891 1633 935 saxeis,
1661 890 1699 916 “2⁰
1721 891 2026 946 Feceruntqne
2061 892 2242 947 Moyses
2265 896 2309 934 et

477 958 627 1000 Aaron
657 955 771 997 sicut
804 957 1074 1010 praeceperat
1108 950 1350 1005 Dominus3
1383 954 1427 992 et
1463 949 1642 992 elevans
1667 949 1862 1005 virgam,
1899 950 2116 1006 percussit
2148 964 2309 1005 aquam

476 1014 672 1058 fluminis
695 1027 844 1056 coram
874 1011 1103 1055 Pharaone
1123 1015 1166 1053 et
1187 1009 1325 1052 servis
1344 1009 1460 1065 ejus,
1481 1023 1578 1065 quae
1596 1023 1728 1051 versa
1741 1013 1808 1051 est
1832 1008 1879 1050 in
1901 1009 2179 1065 sanguinem.
2198 1007 2232 1035 ²¹
2253 1009 2310 1052 Et

476 1075 640 1131 pisces,
663 1072 738 1129 qui
763 1076 890 1115 erant
911 1071 957 1113 in
986 1069 1190 1124 flumine,
1213 1069 1375 1112 mortui
1405 1073 1530 1123 sunt3
1560 1067 1917 1124 computruitque
1935 1067 2115 1124 fluvius,
2146 1073 2191 1111 et
2222 1082 2311 1111 non

476 1138 682 1190 poterant
712 1130 917 1187 AEgyptii
946 1129 1098 1172 bibere
1132 1142 1296 1184 aquarn
1326 1127 1548 1182 fluminis,
1579 1132 1624 1170 et
1658 1127 1749 1169 fuit
1777 1126 1959 1183 sanguis
1987 1127 2034 1169 in
2066 1132 2163 1170 tota
2194 1132 2323 1170 terra

477 1193 681 1249 *OEgypti
717 1190 754 1216 '2‘2
778 1191 1087 1243 Feceruntque
1118 1187 1323 1230 similiter
1354 1186 1545 1229 malefici
1580 1186 1899 1242 AEgyptiorum
1932 1186 2325 1230 incantationibus.

477 1253 591 1306 suis,
620 1256 666 1294 et
686 1250 941 1293 induratum
971 1253 1037 1290 est
1067 1261 1140 1290 cor
1164 1246 1428 1302 Pharaonis,
1459 1260 1541 1289 nec
1571 1245 1745 1288 audivit
1773 1259 1871 1300 eos,
1894 1245 2010 1288 sicut
2041 1251 2325 1302 praeceperat

478 1311 707 1354 Dominus.
731 1308 768 1335 ⁶23
786 1307 1049 1362 Avertitque
1079 1320 1146 1362 66,
1175 1310 1218 1348 et
1247 1305 1470 1361 ingressus
1504 1310 1572 1348 est
1608 1304 1789 1347 domum
1813 1319 1963 1359 suam,
1995 1319 2079 1348 nec
2107 1305 2314 1361 apposuit

478 1385 551 1413 cor
575 1370 713 1412 etiam
738 1369 822 1410 hac
844 1367 955 1410 vice.
982 1365 1018 1392 “24
1038 1365 1264 1408 Foderunt
1287 1370 1438 1407 autem
1461 1378 1613 1407 omnes
1638 1363 1847 1420 AEgyptii
1872 1377 1950 1420 per
1976 1364 2208 1407 circuitum
2233 1363 2326 1406 fln-

478 1429 610 1471 minis
634 1442 798 1484 aquam
830 1431 877 1469 ut
906 1425 1136 1480 biberent3
1169 1439 1257 1467 non
1292 1424 1411 1467 eni-m
1443 1428 1650 1480 poterant
1681 1423 1835 1466 bibere
1869 1423 1921 1466 de
1950 1438 2066 1479 aqua
2104 1423 2327 1466 fluminis..

477 1487 800 1544 25’111111161111116
823 1490 926 1528 sunt
951 1489 1123 1541 septem
1140 1484 1254 1539 dies,
1281 1488 1516 1539 postquam
1541 1482 1759 1539 percussit
1786 1482 2008 1525 Dominus
2025 1481 2224 1526 fluvium.

537 1547 643 1590 CAP.
673 1547 806 1589 VIII.
824 1571 884 1578 —
908 1544 921 1570 ¹
943 1544 1071 1588 Dixit
1096 1557 1266 1599 1111611116
1293 1542 1510 1585 Dominus
1534 1542 1591 1584 ad
1618 1543 1803 1598 Moysen
1823 1558 1832 1584 :
1857 1542 2097 1597 Ingredere
2120 1542 2176 1584 ad
2201 1543 2318 1585 Pha-

477 1621 682 1659 raonem,
710 1611 753 1649 et
776 1605 897 1648 dices
921 1603 978 1646 ad
1003 1618 1104 1646 eum
1125 1619 1133 1645 :
1159 1603 1273 1645 Haec
1296 1602 1405 1645 dicit
1433 1601 1676 1644 Dominus:
1705 1600 1895 1644 Dimitte
1912 1601 2125 1657 populum
2144 1616 2315 1658 meum,

479 1672 528 1709 ut
556 1665 774 1708 sacrificet
808 1663 942 1718 mihi3
973 1661 993 1688 2
1012 1663 1080 1705 sin
1114 1667 1263 1704 antem
1298 1660 1490 1704 nolueris
1524 1660 1770 1716 dimittere,
1806 1674 1908 1703 6006
1950 1674 2032 1716 ego
2068 1661 2319 1717 percutiam¹

479 1740 632 1770 omnes
657 1724 871 1767 terminos
891 1728 990 1765 tuos
1009 1722 1142 1764 ranis.
1166 1721 1184 1747 3
1202 1722 1265 1763 Et
1286 1720 1473 1763 ebniliet
1496 1719 1658 1762 fluvius
1682 1734 1833 1769 ranas,
1860 1734 1960 1775 quae
1986 1720 2250 1775 ascendent,
2273 1726 2330 1764 et.

479 1783 784 1841 ingredientur
821 1782 1001 1825 domum
1034 1786 1177 1835 tuam,
1213 1785 1257 1823 et
1291 1779 1546 1822 cubiculum
1580 1779 1733 1822 lectuli
1767 1779 1853 1833 tui,
1890 1783 1934 1822 et
1967 1793 2097 1835 super
2129 1784 2320 1822 stratu-m

479 1849 629 1899 tunm,
656 1848 701 1886 et
722 1842 768 1884 in
790 1842 943 1885 domos
969 1854 1198 1884 servorum-
1222 1844 1418 1895 tuorum,
1443 1844 1488 1881 et
1516 1838 1562 1881 in
1592 1838 1809 1895 populum
1835 1843 1983 1894 tuum,
2010 1842 2055 1881 et
2083 1838 2128 1880 in
2162 1839 2331 1882 furnos.

480 1909 599 1958 tuos,
632 1907 678 1945 et
710 1902 755 1944 111
788 1900 996 1956 reliquias
1030 1899 1230 1942 ciborum
1261 1904 1463 1953 tuorum3
1489 1897 1506 1924 4
1525 1905 1569 1940 et
1593 1897 1652 1940 ad
1682 1902 1750 1953 te,
1778 1903 1822 1940 et
1846 1897 1904 1940 ad
1934 1897 2146 1954 populum
2170 1903 2329 1954 tuum,

481 1968 525 2006 et
546 1963 602 2005 ad
626 1975 778 2005 omnes
801 1974 952 2003 servos
972 1964 1096 2015 tuos,
1112 1958 1349 2001 intrabunt.
1365 1972 1501 2000 ranae.
1521 1957 1538 1984 5
1558 1957 1772 2012 Dixi-tque
1792 1956 2010 2000 Dominus
2027 1957 2085 2000 ad
2104 1958 2288 2013 Moysen
2307 1975 2327 2002 :-

483 2023 566 2065 Dic
603 2021 660 2064 ad
690 2023 873 2064 Aaron:
901 2018 1108 2062 Extende
1140 2032 1325 2060 manum
1356 2022 1480 2060 tuam
1514 2031 1647 2073 super
1679 2015 1838 2059 fluvios
1874 2030 1926 2059 ac
1964 2031 2094 2073 super
2125 2017 2245 2059 rivos
2275 2022 2331 2059 et·

480 2081 685 2138 paludes,
710 2085 753 2123 et
779 2078 891 2122 educ
910 2092 1042 2121 ranas
1064 2083 1379 2134 superterram
1401 2075 1610 2132 AEgypti.
1625 2076 1642 2102 ⁶
1661 2077 1718 2118 Et
1740 2076 1943 2119 extendit
1964 2078 2115 2119 Aaron
2137 2090 2321 2118 manum·

482 2155 611 2196 super
632 2153 769 2195 aquas
787 2137 1000 2194 AEgypti,
1021 2142 1067 2180 et
1082 2137 1378 2179 ascenderunt
1396 2151 1517 2178 ranae
1530 2170 1545 2191 ,
1560 2140 1911 2192 operueruntque
1929 2140 2095 2178 terram
2111 2135 2318 2192 AEgypti.

482 2200 497 2226 7
514 2201 733 2242 Fecerunt
750 2203 902 2240 autem
920 2203 964 2239 et
982 2196 1173 2239 malefici
1193 2210 1270 2252 per
1283 2195 1613 2238 incantationes
1634 2208 1735 2237 suas
1752 2194 1970 2250 similiter,
1987 2194 2331 2250 eduxeruntque

481 2273 612 2302 ranas
641 2272 771 2314 snper
796 2263 960 2300 terram
986 2256 1193 2312 AEgypti..
1215 2255 1444 2298 &Vocavit
1475 2259 1627 2297 autem
1656 2254 1829 2297 Pharao
1857 2254 2044 2310 Moysen
2074 2259 2118 2297 et
2146 2256 2319 2310 Aaron,

483 2324 527 2361 ot
553 2318 666 2361 dixit
691 2317 754 2360 eis
778 2333 786 2359 ε
816 2317 949 2360 Orate
974 2315 1215 2358 Dominum
1243 2319 1294 2356 ut
1322 2314 1499 2357 auferat
1520 2327 1652 2356 ranas
1672 2328 1698 2355 a
1719 2327 1790 2356 me
1816 2318 1861 2356 et
1885 2328 1912 2355 6
1936 2313 2099 2369 populo
2128 2327 2251 2367 meo;
2276 2318 2325 2356 et·

484 2377 710 2420 dimittam
737 2375 951 2432 populum
981 2380 1030 2417 ut
1057 2374 1277 2417 sacrificet
1308 2373 1512 2416 Domino.
1548 2372 1566 2399 9
1589 2372 1801 2428 Dixitque
1832 2373 2008 2428 Moyses
2039 2372 2097 2415 ad
2127 2372 2322 2415 Pharao-

483 2451 614 2479 nem:
639 2435 867 2480 Constitue
890 2434 999 2477 mihi
1026 2433 1202 2490 quando
1233 2433 1443 2489 deprecer
1470 2447 1551 2489 pro
1577 2436 1644 2483 te,
1677 2437 1721 2474 et
1749 2446 1827 2488 pro
1855 2431 1993 2474 servis
2024 2431 2131 2487 tuis,
2163 2437 2208 2474 et
2243 2446 2334 2488 pro-

484 2495 646 2552 populo
667 2501 764 2549 tuo,
791 2499 839 2537 ut
863 2493 1103 2549 abigantur
1124 2507 1244 2534 ranae
1269 2508 1295 2535 a
1319 2497 1383 2548 te,
1407 2497 1452 2535 et
1473 2507 1499 2534 a
1525 2491 1654 2534 domo
1679 2496 1780 2546 tua,
1808 2496 1852 2534 et
1877 2505 1903 2532 a
1932 2489 2069 2532 servis
2095 2490 2202 2545 tuis,
2230 2496 2275 2533 et
2294 2506 2321 2533 a

484 2554 646 2611 populo
668 2559 765 2604 tuo,
788 2559 833 2596 et
864 2559 1040 2596 tantum
1069 2552 1115 2594 in
1144 2551 1328 2594 flumine
1357 2555 1630 2594 remaneant.
1660 2549 1697 2576 ¹⁰
1713 2550 1794 2601 Qui
1820 2549 2047 2605 respondit
2073 2566 2082 2593 z
2112 2551 2230 2594 Cras.
2260 2551 2321 2593 At

483 2614 561 2656 ille
588 2631 596 2657 ς
621 2614 781 2661 Juxta,
805 2612 968 2668 inquit,
992 2611 1178 2655 verbum
1203 2616 1330 2654 tuum
1351 2610 1540 2666 faciam,
1564 2615 1613 2652 ut
1641 2609 1754 2652 scias
1776 2609 1985 2665 quoniam
2006 2623 2094 2651 non
2117 2614 2183 2652 est
2209 2609 2335 2652 sicut.

488 2672 704 2716 Dominus
733 2673 850 2714 Deus
872 2678 1033 2714 noster.
1059 2670 1090 2697 ¹¹
1113 2672 1170 2713 Et
1191 2670 1400 2713 recedent
1421 2684 1541 2712 ranae
1560 2683 1585 2710 6
1603 2674 1668 2724 te,
1691 2674 1736 2712 et-
1756 2683 1782 2710 a
1805 2668 1934 2711 domo
1955 2673 2052 2723 tua,
2075 2674 2119 2711 et
2139 2684 2165 2711 6
2184 2668 2322 2712 servis

486 2731 594 2783 tuis,
632 2737 675 2774 et
704 2746 729 2773 a
763 2731 930 2787 populo·
953 2735 1054 2782 16ος
1090 2735 1134 2773 et
1169 2735 1345 2772 tantum
1374 2729 1420 2771 in
1450 2727 1631 2771 flumine
1664 2727 1969 2770 remanebunt.
1998 2726 2034 2753 '¹2
2056 2728 2334 2783 Egressique·

487 2795 590 2833 sunt
612 2791 788 2846 Moyses
810 2795 854 2832 et
876 2792 1027 2832 Aaron
1047 2804 1073 2831 a
1097 2790 1356 2843 Pharaone;
1381 2794 1426 2832 et
1452 2787 1665 2830 clamavit
1690 2787 1867 2843 Moyses
1888 2786 1945 2828 ad
1977 2787 2218 2829 Dominum
2244 2801 2325 2843 pro

487 2849 722 2906 sponsione
746 2864 953 2891 ranarum
976 2863 1109 2904 quan]
1136 2848 1397 2892 condixerat
1416 2847 1651 2890 Pharaoni.
1672 2845 1938 2900 1³=Fecitque
1960 2845 2174 2889 Dominus
2192 2846 2322 2902 juxta

487 2908 672 2951 verbum
696 2907 865 2964 Moysi,
887 2914 933 2950 et
957 2913 1142 2950 mortuae.
1165 2913 1267 2950 sunt
1291 2921 1412 2949 ranae
1436 2906 1489 2949 de
1517 2906 1741 2961 domibus»,
1765 2909 1809 2948 et
1827 2904 1881 2947 de
1900 2904 2034 2959 villis,
2054 2911 2098 2948 et
2116 2905 2169 2948 de
2187 2905 2320 2961 agris.

490 2968 525 2994 ¹4
548 2969 1029 3023 Congregaveruntque
1070 2981 1147 3010 666·
1179 2967 1225 3008 111
1269 2966 1510 3009 immensos
1548 2979 1763 3021 aggeres,
1800 2968 1845 3006 et
1885 2963 2156 3020 computruit
2190 2970 2321 3007 terra.

490 3027 526 3053 ¹5
545 3027 714 3070 Videns
735 3032 884 3069 autem
909 3027 1080 3068 Pharao
1105 3026 1221 3082 quod
1244 3025 1349 3068 data
1375 3029 1490 3068 esset
1513 3025 1707 3080 requies,
1730 3022 1983 3079 ingravavit
2009 3037 2084 3066 cor
2104 3038 2252 3079 suum,
2278 3027 2322 3066 et

490 3100 578 3129 non
603 3085 775 3129 audivit
797 3099 890 3139 eos,
913 3085 1028 3127 sicut
1048 3090 1322 3140 praecesmat
1345 3084 1578 3128 Dominus,

552 3145 588 3172 ¹ss
608 3145 824 3200 Dixitque·
845 3144 1060 3187 Dominus
1085 3144 1142 3186 ad
1164 3145 1350 3199 Moysen
1373 3159 1382 3188 t
1410 3145 1606 3199 Loquere
1629 3143 1685 3185 ad
1712 3143 1860 3185 Aaron
1885 3155 1899 3182 :1
1921 3141 2125 3185 Extende
2147 3140 2323 3196 virgam

491 3209 641 3259 tuam,
675 3209 720 3247 et
750 3208 937 3260 percute
965 3203 1193 3259 pulverem
1229 3208 1383 3258 terrae,
1422 3208 1467 3245 et
1502 3203 1592 3245 sint
1628 3200 1850 3256 sciniphes
1885 3200 1932 3243 in
1966 3200 2170 3244 universa
2207 3204 2323 3242 terra

493 3263 697 3319 AEgypti.
722 3263 755 3289 ¹7
776 3264 1081 3317 Feceruntque
1114 3262 1202 3316 ita,
1231 3267 1275 3304 et
1303 3261 1506 3305 extendit
1531 3263 1681 3304 Aaron
1710 3273 1913 3311 manum,
1937 3260 2111 3315 virgam
2144 3263 2335 3313 tenens,

493 3322 796 3379 percussitque
821 3321 1051 3378 pulverem
1075 3326 1230 3375 terrae3
1255 3326 1300 3364 et
1325 3321 1439 3363 sacti·
1463 3325 1565 3363 sunt
1593 3319 1816 3375 sciniphes
1841 3318 1886 3360 in
1912 3318 2186 3371 hominibus,
2213 3323 2257 3360 et
2278 3317 2324 3359 in

494 3381 735 3437 jumentis;
770 3381 913 3424 omnis
937 3380 1083 3437 pulvis
1112 3385 1242 3423 terrae
1267 3394 1419 3423 versus
1452 3385 1519 3423 est
1552 3379 1597 3421 in
1630 3377 1852 3433 sciniphes
1881 3392 1959 3434 per
1987 3383 2128 3420 totam
2160 3381 2324 3419 terra-m

495 3440 700 3496 AEgypti.
723 3440 759 3467 18
779 3441 1084 3495 Feceruntque
1113 3439 1319 3481 similiter
1346 3439 1538 3481 malefici
1558 3436 1936 3481 incantationibus
1962 3436 2073 3491 suis,
2095 3440 2145 3478 ut
2165 3435 2334 3478 educe-

494 3506 593 3541 rent
621 3499 865 3554 sciniphes,
896 3504 939 3542 et
969 3513 1056 3541 non
1085 3503 1346 3555 potuerunt,
1379 3503 1589 3553 erantque
1619 3495 1840 3551 sciniphes
1869 3500 1966 3538 tam
1992 3494 2038 3537 in
2069 3493 2335 3537 hominibus-

496 3644 544 3677 20]
564 3643 629 3671 'ni
644 3643 754 3677 XV11,
768 3647 794 3671 5.
819 3643 869 3671 ΡΞ.
890 3644 1061 3677 LXXVII,
1074 3646 1119 3671 44.
1139 3659 1174 3664 —
1190 3645 1237 3677 22]
1254 3645 1326 3676 Sap.
1342 3643 1453 3677 XVH.
1469 3646 1491 3671 7.
1514 3659 1550 3664 —-
1569 3644 1596 3676 7]
1615 3643 1687 3675 Sap.
1708 3642 1805 3669 XVH
1821 3662 1827 3675 ‚
1844 3642 1868 3669 7.
