2456 3861
152 710 329 743 Exemplar

162 753 314 787 epistolas

180 802 299 827 contra

172 844 189 871 J
195 843 309 872 udaeos

168 887 312 921 scriptae.

175 2318 289 2347 Oratio

127 2362 338 2392 Mardochaei.

173 3332 297 3359 Esther

173 3374 288 3403 luctus

426 57 509 100 502
1006 58 1146 101 EsTH.
1181 58 1298 114 XII,
1333 59 1359 102 5
1393 85 1452 90 —
1484 59 1611 113 XIV,
1646 59 1685 101 2.

424 226 733 270 Mardochaeus
755 226 816 270 rei
836 227 1097 270 memoriam
1116 227 1276 271 litteris
1298 228 1497 271 tradidit.
1518 228 1535 254 ⁵
1551 228 1858 285 Praecepitque
1877 229 1915 272 ei
1938 244 2015 273 rex
2032 235 2081 272 ut
2097 229 2143 272 in
2161 230 2266 273 aula

425 285 580 343 palatii
607 291 862 341 moraretur,
891 286 1007 329 datis
1041 286 1079 329 ei
1114 301 1192 343 pro
1225 287 1448 330 delatione
1482 287 1754 332 muneribus.
1778 287 1796 314 6
1820 289 1969 331 Aman
1994 303 2120 344 vero,
2147 289 2266 332 filius

425 344 671 388 Amadathi
695 346 908 401 Bugaeus,
933 350 1027 388 erat
1048 345 1392 401 gloriosissimus
1419 361 1567 390 coram
1592 361 1716 402 rege,
1736 352 1780 390 et
1805 347 1947 390 voluit
1966 362 2123 391 nocere
2147 348 2267 391 Mar-

425 403 610 447 dochaeo
632 410 675 448 et
700 404 862 462 populo
885 404 1003 461 ejus,
1026 419 1103 462 pro
1130 405 1300 449 duobus
1331 405 1545 449 eunuchis
1577 405 1694 462 regis
1722 406 1795 462 qui
1821 406 2001 450 fuerant
2021 406 2264 449 interfecti.

484 464 728 520 Hucusque
747 465 1020 520 proaemium.

488 523 591 575 Quae
613 530 862 580 sequuntur,
886 525 931 567 in
956 539 1001 567 eo
1026 525 1115 567 loco
1128 525 1279 581 posita
1304 531 1444 579 erant,
1465 525 1543 567 ubi
1566 526 1778 581 scriptum
1803 531 1867 569 est
1889 526 1935 568 in
1956 526 2175 569 volumine
2190 543 2203 569 .·

484 583 542 626 Et
568 582 844 640 diripuerunt
869 583 1006 639 bona,
1033 584 1105 627 vel
1130 584 1403 628 substantias
1430 599 1594 628 eorum.

488 643 593 695 Quce
615 644 661 686 iu
685 643 780 686 sola
805 644 989 699 vulgata
1013 645 1197 688 edicione
1221 646 1475 700 reperimus.

483 702 697 759 Epistolae
722 707 874 746 autem
898 703 982 746 hoc
1009 703 1236 761 exemplar
1260 704 1364 748 fuit.

483 762 590 805 CAP.
617 762 828 805 XIII.—
846 762 858 788 1
877 763 972 806 Rex
999 763 1220 806 maximus
1247 764 1540 821 Artaxerxes,
1567 764 1624 807 ab
1652 763 1784 807 India
1810 777 1946 819 usque
1970 764 2264 822 AEthiopiam,

424 827 602 864 centum
624 821 787 878 viginti
812 827 983 879 septem
1008 822 1337 879 provinciarum
1363 823 1658 881 principibus,
1686 829 1730 867 et
1751 823 1937 866 ducibus
1961 823 2033 879 qui
2060 824 2157 880 ejus
2181 824 2266 867 im-

423 880 542 938 perio
568 881 762 938 subjecti
785 887 909 937 sunt,
928 881 1131 925 salutem.
1159 881 1176 907 ⁵2
1193 882 1305 925 Cum
1327 883 1530 938 plurimis
1555 882 1766 939 gentibus
1790 882 2078 940 imperarem,
2099 888 2143 927 et
2168 884 2264 927 uni-

422 955 598 984 versum
623 940 774 984 orbem
801 956 911 985 meae
938 941 1097 984 ditioni
1122 941 1449 997 subjugassem,
1469 942 1589 985 volui
1609 957 1889 999 nequaquam
1909 942 2031 985 abuti
2051 943 2265 1000 potentiae

421 999 753 1056 magnitudine,
780 1001 857 1044 sed
892 1000 1129 1044 clementia
1169 1006 1211 1043 et
1248 1000 1433 1044 lenitate
1466 1001 1714 1058 gubernare
1747 1001 1996 1058 subjectos,
2023 1007 2072 1045 ut
2097 1002 2264 1059 absque

421 1058 513 1102 ullo
537 1064 700 1103 terrore
733 1060 874 1103 vitam
907 1060 1085 1103 silentio
1118 1060 1438 1117 transigentes,
1467 1066 1618 1118 optata
1653 1061 1825 1104 cunctis
1859 1061 2122 1105 mortalibus
2155 1077 2266 1119 pace

421 1118 687 1162 fruerentur.
715 1119 732 1145 3
754 1119 987 1170 Quaerente
1013 1124 1164 1162 autem
1187 1134 1256 1162 me
1281 1134 1307 1162 a
1334 1119 1599 1164 consiliariis
1625 1120 1736 1163 meis
1763 1120 1982 1176 quomodo
2007 1127 2156 1177 posset
2180 1122 2264 1165 hoc

420 1177 617 1234 impleri,
644 1193 755 1221 unus
783 1179 854 1235 qui
881 1178 1101 1235 sapientia
1129 1184 1170 1222 et
1207 1179 1293 1222 fide
1328 1184 1496 1224 ceteros
1534 1179 1841 1237 praecellebat,
1869 1184 1912 1223 et
1938 1185 2031 1223 erat
2068 1186 2168 1238 post
2198 1196 2266 1224 re-

419 1251 523 1293 gem
545 1237 783 1293 secundus,
811 1239 960 1281 Aman
985 1238 1185 1295 nomine,
1213 1238 1230 1265 4
1251 1239 1472 1283 indicavit
1497 1239 1608 1282 mihi
1629 1239 1675 1282 in
1698 1245 1790 1283 toto
1818 1239 1922 1283 orbe
1948 1244 2165 1283 terrarum
2189 1255 2265 1299 po-

420 1296 573 1353 pulum
615 1311 708 1340 esse
749 1297 1015 1354 dispersum,
1056 1298 1129 1354 qui
1166 1298 1293 1342 novis
1331 1304 1527 1343 uteretur
1563 1299 1759 1356 legibus,
1795 1303 1839 1342 et
1874 1304 2028 1342 contra
2066 1300 2267 1343 omnium

420 1355 622 1411 gentium
651 1357 1020 1400 consuetudinem
1049 1357 1245 1413 faciens,
1271 1373 1427 1414 regum
1459 1358 1583 1415 jussa
1617 1363 1941 1414 contemneret,
1970 1363 2012 1401 et
2038 1359 2266 1403 universa-

419 1430 518 1457 rum
544 1416 828 1459 concordiam
853 1416 1084 1459 nationum
1110 1431 1189 1460 sua
1224 1417 1500 1462 dissensione
1526 1417 1729 1462 violaret.
1765 1418 1782 1444 5
1804 1417 1929 1469 Quod
1957 1433 2058 1461 cum
2084 1419 2266 1463 didicis-

420 1488 586 1530 semus,
614 1474 816 1519 videntes
842 1490 978 1518 unam
1003 1481 1184 1532 gentem
1208 1477 1421 1520 rebellem
1445 1477 1658 1521 adversus
1692 1492 1823 1521 omne
1855 1477 2089 1521 hominum
2122 1490 2277 1535 genus

419 1534 636 1591 perversis
662 1534 727 1577 uti
753 1534 949 1591 legibus,
984 1535 1231 1591 nostrisque
1257 1535 1532 1592 jussionibus
1566 1537 1805 1594 contraire,
1835 1543 1877 1581 et
1902 1538 2082 1581 turbare
2114 1538 2265 1595 subje—

421 1599 592 1636 ctarum
618 1593 746 1636 nobis
771 1594 1102 1650 provinciarum
1124 1609 1282 1652 pacem
1305 1601 1439 1652 atque
1462 1596 1759 1653 concordiam,
1780 1597 1798 1623 6
1820 1597 2035 1653 jussimus
2061 1602 2110 1640 ut
2135 1612 2265 1655 quos-

421 1666 608 1708 cumque
641 1655 810 1709 Aman,
849 1653 922 1709 qui
956 1653 1162 1696 omnibus
1196 1654 1436 1710 provinciis
1470 1656 1735 1712 praepositus
1773 1662 1859 1711 est,
1896 1661 1939 1699 et
1979 1657 2200 1700 secundus
2236 1673 2264 1700 a

418 1725 543 1768 rege,
571 1717 614 1754 et
640 1727 770 1768 quem
796 1712 934 1769 patris
967 1712 1064 1756 loco
1098 1712 1307 1769 colimus,
1336 1715 1670 1771 monstraverit,
1695 1730 1797 1758 cum
1831 1715 2098 1772 conjugibus
2123 1731 2176 1760 ac
2210 1717 2262 1760 li-

418 1770 535 1813 beris
561 1771 793 1814 deleantur
817 1772 873 1814 ab
902 1771 1097 1815 inimicis
1123 1772 1235 1829 suis,
1263 1773 1501 1829 nullusque
1527 1788 1677 1817 eorum
1702 1775 1977 1830 misereatur,
2004 1781 2162 1831 quarta
2187 1776 2263 1820 de-

420 1829 535 1872 cima
569 1829 640 1873 die
673 1830 925 1874 duodecimi
959 1831 1121 1874 mensis
1155 1831 1264 1874 adar
1295 1832 1401 1874 anni
1439 1833 1699 1889 praesentis3
1740 1833 1755 1860 7
1786 1839 1835 1876 ut
1871 1834 2034 1877 nefarii
2060 1835 2261 1879 homines

419 1903 506 1932 uno
543 1889 613 1933 die
650 1890 706 1933 ad
738 1889 906 1933 inferos
941 1890 1282 1947 descendenteS,
1310 1891 1499 1934 reddant
1531 1891 1717 1949 imperio
1752 1897 1900 1936 nostro
1934 1907 2092 1950 pacem
2130 1908 2263 1950 quam

419 1948 719 1993 turbaverant.

477 2008 721 2064 Hucusque
746 2010 968 2066 exemplar
992 2011 1197 2067 epistol&

482 2067 586 2119 Qaoe
607 2075 854 2124 sequuntur,
872 2076 975 2125 post
1000 2085 1096 2113 eum
1124 2071 1265 2113 locum
1290 2072 1456 2127 scripta
1480 2073 1640 2128 reperi,
1661 2073 1739 2116 ubi
1761 2073 1920 2128 leqitur
1936 2090 1949 2116 .·

478 2127 759 2184 Pergensque
784 2128 1095 2172 Mardochaeus
1117 2129 1229 2172 fecit
1255 2130 1403 2173 omnia
1430 2145 1527 2186 quae
1554 2131 1592 2174 ei
1619 2132 1912 2175 mandaverat
1938 2133 2111 2176 Esther.

476 2186 571 2230 Nec
594 2194 735 2232 tamen
757 2188 971 2232 habentur
991 2190 1036 2232 in
1058 2189 1304 2243 Hebraico,
1321 2196 1362 2232 et
1380 2191 1505 2247 apud
1523 2191 1698 2234 nullum
1711 2192 1889 2248 penitus
1897 2193 2115 2247 feruutur
2131 2194 2262 2237 inter-

408 2253 598 2302 precum.
910 2283 912 2285 .

477 2305 828 2361 SrMardochaeus
854 2313 1004 2351 autem
1042 2307 1304 2365 deprecatus
1340 2315 1405 2353 est
1440 2310 1703 2367 Dominum,
1732 2325 1901 2354 memor
1934 2310 2131 2354 omnium
2159 2326 2261 2369 ope-

416 2379 514 2407 rum
539 2365 661 2422 ejus3
686 2365 703 2392 9
721 2372 764 2409 et
789 2366 903 2409 dixit
932 2384 940 2411 :
969 2367 1180 2423 Domine,
1209 2369 1421 2425 Domine,
1444 2384 1522 2413 rex
1548 2369 1849 2427 omnipotens,
1872 2369 1918 2412 in
1947 2369 2116 2413 ditione
2140 2370 2260 2413 enim

418 2430 494 2467 tua
520 2430 679 2468 cuncta
707 2431 809 2468 sunt
842 2426 1009 2482 posita,
1036 2432 1079 2470 et
1104 2441 1193 2470 non
1220 2433 1285 2471 est
1319 2428 1392 2484 qui
1419 2429 1559 2486 possit
1591 2435 1680 2473 tuae
1714 2428 1917 2472 resistere
1955 2428 2196 2485 voluntati,
2223 2429 2259 2472 si

418 2483 664 2527 decreveris
690 2485 863 2529 salvare
886 2486 1039 2529 Israel.
1064 2486 1100 2513 ¹0
1120 2487 1187 2529 Tu
1213 2487 1364 2530 fecisti
1392 2488 1551 2531 caelum
1578 2494 1621 2532 et
1647 2493 1830 2543 terram,
1852 2493 1895 2531 et
1921 2487 2136 2544 quidquid
2160 2488 2261 2532 caeli

417 2543 589 2586 ambitu
616 2544 880 2589 continetur.
908 2545 940 2571 ¹¹
970 2546 1187 2589 Dominus
1215 2547 1414 2589 omnium
1437 2562 1502 2604 es,
1529 2562 1610 2591 nec
1633 2553 1699 2591 est
1725 2547 1798 2603 qui
1823 2546 2002 2590 resistat
2029 2547 2259 2602 majestati

418 2608 518 2646 tuae.
546 2602 581 2629 ¹²
603 2603 775 2647 Cuncta
808 2605 946 2660 nosti,
981 2610 1024 2648 et
1057 2605 1142 2648 scis
1176 2606 1279 2661 quia
1316 2621 1404 2650 non
1441 2621 1518 2664 pro
1556 2607 1783 2664 superbia,
1812 2611 1856 2650 et
1888 2606 2180 2662 contumelia,
2215 2612 2263 2650 et.

416 2662 564 2718 aliqua
594 2662 750 2719 gloriae
777 2663 1043 2721 cupiditate,
1066 2665 1253 2708 fecerim
1279 2666 1384 2722 hoc,
1418 2672 1467 2709 ut
1492 2681 1580 2710 non
1605 2666 1836 2709 adorarem
1863 2667 2010 2709 Aman
2037 2665 2258 2722 superbis-

417 2721 607 2776 simum3
650 2722 684 2749 ¹3
708 2722 899 2767 libenter
937 2723 1055 2767 enim
1091 2739 1168 2781 pro
1202 2724 1345 2768 salute
1383 2725 1523 2769 Israel
1560 2725 1696 2770 etiam
1732 2724 1924 2781 vestigia
1957 2725 2121 2783 pedum
2160 2725 2260 2782 ejus

417 2780 663 2824 deosculari
689 2787 869 2839 paratus
895 2797 1035 2826 essem
1056 2801 1064 2839 ;
1105 2783 1140 2810 11
1165 2784 1242 2827 sed
1268 2784 1397 2827 timui
1423 2799 1478 2828 ne
1503 2785 1716 2828 honorem
1744 2784 1826 2828 Dei
1854 2784 1939 2828 mei
1967 2784 2260 2828 transferrem

416 2840 473 2883 ad
498 2841 746 2897 hominem,
771 2847 814 2885 et
839 2856 893 2885 ne
919 2857 1187 2899 quemquam
1220 2843 1472 2900 adorarem,
1500 2849 1686 2901 except-o
1715 2845 1808 2888 Deo
1835 2858 1946 2887 meo.
1975 2843 2010 2870 ¹5
2034 2845 2091 2886 Et
2116 2858 2257 2899 111100,

419 2900 609 2943 Domine
644 2915 742 2956 reX,
778 2902 899 2944 Deus
924 2901 1176 2958 Abraham,
1203 2902 1411 2947 miserere
1436 2903 1588 2961 populi
1614 2903 1699 2959 tui,
1735 2903 1837 2959 quia
1870 2903 2027 2946 volunt
2060 2917 2138 2946 nos
2172 2902 2254 2946 ini-

417 2959 521 3002 mici
548 2960 684 3002 nostri
708 2960 910 3017 perdere,
938 2967 982 3004 et
1013 2961 1307 3005 hereditatem
1340 2968 1465 3005 tuam
1492 2962 1648 3008 delere.
1687 2962 1723 2989 ¹⁶
1747 2962 1815 3006 Ne
1838 2962 2057 3019 despicias
2083 2969 2254 3019 partem

417 3022 561 3074 tuam,
589 3034 721 3074 quam
747 3020 973 3063 redemisti
1000 3021 1082 3064 tibi
1110 3021 1164 3064 de
1189 3022 1403 3079 AEgypto.
1440 3022 1474 3048 ¹⁷
1498 3021 1675 3065 Exaudi
1701 3021 2060 3078 deprecationem
2086 3035 2254 3076 meam,

417 3083 460 3120 et
493 3078 708 3134 propitius
743 3084 835 3122 esto
868 3080 974 3122 sorti
1013 3085 1056 3123 et
1087 3081 1291 3124 funiculo
1319 3087 1423 3137 tuo;
1463 3087 1506 3125 et
1541 3085 1747 3124 converte
1780 3081 1951 3124 luctum
1984 3086 2184 3124 nostrum
2209 3080 2257 3122 in·

417 3136 652 3193 gaudium,
680 3143 728 3180 ut
754 3138 955 3182 viventes
980 3139 1213 3184 laudemus
1236 3155 1397 3184 nomen
1424 3146 1571 3196 tuum,
1595 3139 1805 3196 Domine,
1827 3146 1870 3183 et
1895 3155 1949 3183 ne
1972 3140 2154 3183 cla-udas
2180 3154 2255 3182 ora

416 3202 460 3239 te
493 3195 763 3240 canentium.
804 3196 837 3223 18
864 3198 1018 3241 Omnis
1053 3214 1222 3256 quoque
1256 3200 1395 3243 Israel
1428 3200 1524 3257 pari
1558 3204 1706 3243 mente
1743 3205 1787 3242 et
1825 3199 2128 3243 obsecratione
2165 3197 2257 3241 cla—

416 3255 557 3298 mavit
581 3254 638 3298 ad
667 3256 928 3311 Dominum,
952 3272 1002 3301 eo
1028 3258 1142 3314 quod
1170 3259 1233 3302 eis
1259 3265 1379 3302 certa
1404 3274 1520 3303 mors
1546 3258 1836 3315 impenderet.

477 3314 582 3358 CAP.
605 3315 732 3358 XIV.
755 3341 814 3347 —
846 3315 858 3341 ¹
884 3316 1042 3359 Esther
1074 3332 1245 3373 quoque
1277 3318 1432 3374 regina
1465 3317 1671 3373 confugit
1703 3318 1759 3360 ad
1796 3318 2060 3373 Dominum,
2087 3331 2256 3374 pavens

416 3374 664 3431 periculum
689 3373 805 3430 quod
827 3374 1119 3431 imminebat,
1148 3376 1165 3401 '2
1191 3390 1378 3433 cumque
1404 3376 1679 3434 deposuisset
1712 3383 1857 3421 vestes
1884 3376 2048 3433 regias,
2075 3376 2259 3419 fletibus⁵

417 3438 461 3476 et
493 3433 632 3477 luctui
669 3438 775 3490 apta
811 3433 1074 3477 indumenta
1111 3436 1326 3494 suscepit,
1361 3442 1521 3493 etrpro
1562 3436 1802 3491 unguentis
1837 3435 1994 3492 variis,
2029 3435 2175 3479 cinere
2208 3441 2255 3478 et

410 3495 601 3536 stercore
635 3494 842 3550 'implevit
876 3500 1029 3552 caput,
1061 3500 1104 3539 et
1134 3510 1291 3553 corpus
1325 3511 1454 3540 suum
1486 3496 1741 3540 humiliavit
1774 3497 1985 3554 jejuniis;
2017 3497 2257 3554 omniaque

408 3551 527 3607 loca,
554 3552 599 3594 in
626 3554 786 3609 quibus
812 3559 944 3597 antea
971 3554 1114 3597 lfctari
1144 3561 1454 3612 consueverat,
1482 3555 1670 3599 crinium
1698 3556 1968 3600 laceratione
1995 3556 2253 3614 complevit..
