2391 3861
883 178 988 221 Cor„
1024 177 1112 230 IV,
1147 177 1280 219 2-18.
1878 174 1988 216 1:303

837 408 1317 465 CONCLUSIO

229 546 246 572 ‘²
272 547 470 590 Orationi
509 547 690 599 instate,
730 545 966 600 vigilantes
1000 544 1045 586 in
1080 559 1128 587 ea
1169 544 1211 586 in
1246 544 1486 599 gratiarum
1524 543 1727 597 actione3
1771 543 1788 569 3
1816 549 1989 586 orantes

169 605 300 648 simul
326 612 366 648 et
392 620 466 661 pro
490 605 635 655 nohis,
665 610 710 646 ut.
739 605 854 647 Deus
880 603 1048 660 aperiat
1072 602 1196 645 nobis
1220 603 1379 645 ostium
1405 602 1617 644 sermonis
1639 602 1694 644 ad
1723 601 1990 657 loquendum

170 664 427 720 mysterium
448 664 624 717 Christi,
645 670 820 720 propter
841 661 955 717 quod
976 661 1110 704 etiam
1134 661 1307 703 vinctus
1333 675 1443 715 sum,
1469 661 1483 686 ²·
1504 667 1549 702 ut
1577 661 1859 703 manifestem
1879 659 1989 701 illud

168 724 228 764 ita
264 728 310 765 ut
343 729 514 778 oportet
544 737 613 766 ine
647 721 779 777 loqui.
809 722 826 746 ⁵
854 721 905 763 In
935 720 1152 776 sapientia
1178 719 1405 762 ambulate
1434 719 1489 761 ad
1521 734 1593 762 eos
1627 719 1698 774 qui
1725 719 1834 762 foris
1868 726 1988 771 sunt3

168 790 340 837 tempus
368 781 647 824 redimentes.
675 781 692 806 (ἶ
711 782 860 823 Sermo
890 787 1034 822 vester
1058 792 1230 834 semper
1254 778 1299 819 in
1325 778 1467 833 gratia
1494 778 1585 821 sale
1609 778 1666 820 sit
1692 778 1916 832 conditus,
1944 785 1990 819 ut

165 840 316 882 sciatis
341 841 558 895 quomodo
585 846 783 896 oporteat
808 852 882 881 vos
910 837 1146 892 unicuique
1170 836 1443 893 respcmdere.

224 898 239 924 ⁷
258 902 363 948 Quae
400 899 517 941 circa
552 914 620 942 me
648 904 770 953 sunt,
799 897 946 940 omnia
981 896 1104 939 vobis
1134 901 1238 938 nota
1271 895 1410 937 faciet
1439 895 1682 951 Tychicus,
1707 895 1990 938 charissimus

166 957 316 1004 frater.
345 964 385 1000 et
414 957 554 1000 fidelis
580 958 790 1012 minister,
815 962 857 999 et
879 969 1114 998 conservus
1132 954 1176 996 in
1197 954 1414 1007 Domino;
1443 956 1459 980 ὅ
1478 968 1607 1009 quem
1630 954 1727 996 misi
1754 954 1810 996 ad
1837 968 1912 997 vos
1934 953 1990 996 ad

165 1017 246 1059 hoc
276 1016 442 1072 ipsum,
471 1023 517 1059 ut.
546 1022 783 1071 cognoscat
809 1029 906 1070 quae
933 1014 1050 1057 circa
1075 1027 1152 1056 vos
1182 1017 1304 1067 sunt,
1331 1017 1374 1055 et
1397 1012 1646 1056 consoletur
1671 1013 1801 1055 corda
1823 1018 1989 1066 vestra,

165 1074 182 1100 ¹³
200 1090 299 1118 cuni
324 1076 532 1118 Onesimo
560 1075 838 1129 charissimo,
863 1079 905 1117 et
932 1072 1050 1116 fideli
1073 1072 1234 1127 fratre,
1255 1071 1328 1128 qui
1358 1085 1411 1114 ex
1438 1071 1563 1115 vobis
1589 1077 1668 1114 est.
1689 1071 1869 1126 Omnia,
1893 1085 1990 1126 quae

165 1134 235 1176 hic
257 1141 462 1189 aguntur,
490 1141 593 1176 nota
620 1134 788 1177 facient
812 1133 949 1176 vobis.

227 1192 259 1219 ¹⁰
285 1193 457 1236 Salutat
487 1207 563 1235 vos
596 1193 878 1235 Aristarchus
913 1193 1200 1249 concaptivus
1235 1207 1378 1247 meus,
1412 1198 1455 1236 et
1489 1193 1665 1235 Marcus
1703 1191 1990 1234 consobrinus

165 1252 404 1307 Barnabae,
432 1252 486 1295 de
515 1267 598 1307 quo
631 1251 864 1307 accepistis
890 1252 1100 1294 mandata
1121 1269 1130 1304 ς
1157 1252 1193 1294 si
1224 1252 1394 1295 venerit
1419 1251 1474 1294 ad
1499 1266 1590 1306 vos,
1616 1250 1808 1306 excipite
1832 1249 1960 1292 illum
1981 1267 1988 1303 ;

166 1310 196 1336 ¹¹
217 1317 260 1354 et
289 1312 442 1366 desus,
476 1312 550 1367 qni
586 1311 747 1354 dicitnr
779 1311 934 1354 ‚Iustus
964 1327 973 1354 ε
1000 1311 1073 1366 qui
1107 1318 1209 1353 sunt
1238 1325 1292 1353 ex
1319 1310 1679 1363 circumcisione3
1712 1309 1756 1351 hi
1782 1309 1864 1352 soli
1889 1320 1991 1351 sunt

163 1370 388 1425 adjutores
417 1371 501 1413 mei
528 1370 574 1412 in
603 1384 736 1426 regno
761 1370 856 1425 Dei,
881 1370 954 1426 qui
982 1370 1090 1412 mihi
1116 1370 1298 1413 fuerunt
1322 1370 1493 1413 solatio.
1524 1368 1557 1395 ¹²
1576 1369 1747 1413 Salutat
1772 1382 1849 1411 vos
1876 1368 1990 1424 Epa-

163 1430 314 1485 phras,
342 1430 414 1485 qui
443 1444 496 1472 ex
525 1429 649 1472 vobis
675 1436 761 1483 est,
793 1443 945 1472 servus
971 1428 1132 1472 Christi
1164 1429 1190 1470 J
1196 1442 1292 1482 esu,
1319 1443 1490 1486 semper
1522 1427 1738 1472 sollicitus
1763 1442 1840 1484 pro
1866 1427 1990 1470 vobis

161 1488 207 1530 in
235 1488 517 1543 orationibus,
546 1494 593 1531 ut
620 1489 743 1531 stetis
774 1488 962 1544 perfecti
993 1494 1035 1531 et
1058 1487 1175 1544 pleni
1201 1487 1246 1529 in
1273 1483 1391 1530 onfni
1418 1487 1645 1530 voluntate
1669 1486 1764 1530 Dei.
1794 1486 1828 1513 ¹3
1849 1485 1989 1529 Testi-

163 1547 360 1589 monium
388 1547 506 1590 enim
530 1547 595 1589 illi
620 1547 840 1603 perhibeo,
869 1546 983 1601 qnod
1009 1547 1143 1589 habet
1170 1546 1359 1589 multum
1382 1547 1577 1590 laborem
1600 1560 1677 1602 pro
1694 1545 1831 1601 vobis,
1852 1551 1895 1589 et
1913 1559 1989 1601 pro

160 1606 214 1648 iis
241 1606 314 1661 qui
347 1612 450 1648 sunt
487 1606 733 1659 Laodiciae‚
769 1611 811 1648 et
844 1605 918 1660 qui
950 1605 1195 1662 Hierapoli.
1229 1605 1261 1631 κ’*
1288 1605 1460 1649 Salutat
1489 1619 1566 1648 vos
1594 1606 1757 1658 Lucas,
1792 1604 1989 1648 medicus

161 1664 458 1719 chan‘ssimuS,
477 1670 520 1707 et
541 1666 717 1707 Demas.
736 1664 770 1690 ¹⁵
783 1664 983 1707 Salutate
1005 1664 1167 1707 fratres
1185 1664 1259 1718 qui
1279 1669 1381 1707 sunt
1399 1664 1638 1718 Laodiciae,
1656 1669 1698 1706 et
1718 1663 1987 1719 Nympham,

162 1730 204 1766 et
241 1738 338 1779 quae
375 1723 421 1765 in
461 1723 592 1766 domo
626 1723 722 1779 ejus
759 1729 824 1766 est
860 1723 1110 1766 ecclesiam.
1150 1722 1185 1749 ¹6
1211 1723 1272 1765 Et
1309 1737 1408 1766 cum
1443 1722 1558 1766 lecta
1589 1722 1727 1765 fuerit
1762 1721 1880 1778 apud
1912 1736 1989 1764 vos

161 1782 345 1838 epistola
372 1783 487 1837 haec,
518 1782 656 1825 facite
683 1788 730 1825 ut
757 1788 800 1825 et
824 1782 871 1824 in
902 1781 1244 1825 Laodicensium
1274 1781 1461 1825 ecclesia
1487 1781 1671 1836 legatur,
1699 1787 1742 1824 et
1767 1795 1865 1823 eam
1890 1795 1988 1836 quae

163 1841 503 1885 Laodicensium
532 1847 618 1898 est,
649 1855 725 1884 vos
753 1841 925 1897 legatis.
956 1840 987 1867 ¹⁷
1009 1842 1065 1884 Et
1091 1841 1226 1884 dicite
1252 1841 1478 1898 Archippo
1513 1857 1521 1884 :
1547 1839 1665 1883 Vide
1693 1839 1988 1882 ministerium

160 1901 275 1956 quod
302 1901 513 1958 accepisti
539 1901 585 1943 in
613 1901 824 1955 Domino,
848 1906 896 1942 ut
921 1899 1032 1943 illud
1056 1900 1257 1957 impleas.

166 2014 168 2017 y
222 1960 256 1986 ¹²3
286 1960 503 2003 Salutatio
540 1974 637 2003 mea
676 1973 809 2002 manu
848 1958 990 2002 Pauli.
1027 1960 1244 2002 Memores
1286 1963 1424 2002 estote
1461 1958 1740 2002 vinculorum
1777 1972 1989 2002 meorum.

162 2019 313 2062 Gratia
342 2018 583 2061 vobiscum.
613 2020 771 2061 Amen.

161 2177 191 2209 2]
211 2176 290 2204 Luc.
309 2173 441 2207 XVIII,
461 2175 482 2200 1.
502 2174 513 2201 I
533 2175 646 2202 Thess.
669 2173 704 2205 V,
726 2176 767 2201 15.
783 2188 816 2192 —
833 2173 863 2206 3]
879 2172 961 2205 Eph.
980 2173 1037 2207 VI,
1057 2173 1151 2201 19.11
1170 2173 1283 2200 Thess.
1304 2172 1369 2206 III,
1394 2172 1416 2199 1.
1431 2173 1509 2206 —5]
1532 2172 1614 2204 Epn.
1628 2172 1666 2206 V,
1685 2175 1727 2200 15.
1742 2187 1776 2191 —
1795 2173 1892 2206 14]11
1910 2172 1990 2201 Tilu.

162 2219 220 2254 lv,
239 2221 282 2247 ιι.

2120 561 2233 589 Officia

2081 604 2218 638 pietatis
2236 608 2269 633 et

2088 656 2263 676 conversa-

2119 692 2232 720 tionis.

2073 913 2117 940 De
2135 911 2277 944 Tychico

2067 959 2101 984 et
2119 956 2285 984 Onesnno.

2067 1202 2296 1232 Salutationes

2071 1251 2106 1275 ct
2124 1253 2289 1275 commen-

2095 1287 2260 1317 dationes.

2065 1964 2288 2000 Subscriptio.
