2423 3861
184 630 231 657 De
247 632 394 659 anmista

234 678 339 705 porta.

214 1403 358 1431 Herodis

218 1445 358 1474 insiuiae.

206 2003 309 2031 ,Iesus
326 1999 361 2030 in

182 2047 278 2074 domo
300 2046 388 2078 prin-

179 2090 263 2123 cipis
282 2089 390 2123 phari-

208 2142 359 2163 saeorum.

179 2183 210 2207 1⁰
230 2178 394 2212 Emi-opi-

184 2231 259 2253 cum
278 2227 382 2252 Sanat-

188 2477 221 2502 20
239 2473 320 2507 Agit
338 2474 377 2501 de

180 2517 385 2546 humilitate.

182 3014 214 3039 30
233 3011 386 3039 Mutuum

183 3055 384 3083 charitatem

231 3099 338 3127 (10001.

182 3347 213 3383 -10
229 3345 390 3374 Paraboln

210 3388 248 3416 (10
267 3396 361 3417 conia.

221 3440 250 3459 111
256 3440 295 3465 ag
302 3441 349 3460 ua.

481 121 592 162 1172
1027 120 1134 161 Luc.
1168 118 1309 173 xm,
1343 120 1395 160 21
1431 144 1487 150 -
1521 119 1647 171 xiv,
1686 119 1748 161 15.

477 289 558 332 Dei
581 289 600 331 ‘.>
624 289 656 315 ‘2¹
679 289 829 333 Simile
856 293 921 331 est
947 288 1189 343 fermento,
1218 287 1333 342 quod
1359 291 1598 343 acceptum
1628 287 1788 330 mulier
1812 287 2048 331 abscondit
2069 289 2118 331 in
2141 288 2316 330 farinae-1

474 354 571 391 sata
597 349 700 403 tria,
724 348 863 390 donec
889 347 1234 389 fermentaretur
1255 352 1415 389 totum.

836 483 999 525 5130110
1034 482 1097 524 II.
1123 508 1182 513 -
1213 482 1345 527 ALIAE
1379 491 1705 524 NARRArroNEs
1739 492 1946 524 Irmnms

532 613 568 640 2⁹
583 612 641 657 Et
661 614 757 657 ibat
777 627 855 670 per
877 612 1081 656 civitates
1108 616 1152 655 et
1177 611 1381 667 castella,
1406 611 1586 667 docens,
1611 617 1653 655 et
1670 611 1754 655 iter
1774 611 1947 655 faciens
1973 610 2019 655 in
2041 611 2306 660 Jerusalem.

472 673 509 701 ‘⁶²3
526 673 604 717 Ait
634 678 784 716 autem
815 671 882 714 illi
920 670 1101 728 quidam
1141 688 1150 715 :
1185 667 1396 725 Domine,
1431 670 1467 713 si
1497 670 1627 727 pauci
1656 676 1759 714 sunt
1794 671 1865 727 qui
1900 671 2166 716 salvantur?
2204 671 2307 730 Ipse

471 740 622 777 autem
655 732 770 775 dixit
797 731 855 774 ad
887 731 987 774 illos
1017 748 1027 775 ε
1061 729 1097 757 24
1123 729 1388 774 Contendite
1417 730 1583 773 intrare
1607 745 1686 787 per
1709 737 1950 786 angustam
1976 736 2150 787 portam
2166 748 2182 786 3.
2203 731 2305 788 quia

472 791 623 849 multi,
647 791 744 835 dico
767 791 913 844 vobis,
945 795 1143 847 quaerent
1165 789 1350 844 intrare,
1379 795 1421 832 et
1446 803 1533 832 non
1559 795 1778 845 poterunt.
1806 788 1842 816 ‘²5
1860 790 1971 847 Gustu
1994 795 2144 833 autem
2168 790 2306 834 intra—

473 852 584 896 verit
609 849 956 908 paterfamilias,
984 854 1027 893 et
1049 847 1257 892 clauserit
1280 849 1462 903 ostium,
1493 849 1717 905 incipietis
1746 848 1855 892 foris
1882 855 2018 901 stare,
2054 854 2098 892 et
2130 849 2307 906 pulsare
2345 860 2351 875 “

472 912 657 964 051111111,
692 910 890 953 dicentes
923 926 932 953 ε
976 909 1188 964 Domine,
1227 908 1348 965 aperi
1389 908 1544 960 nobis;
1589 913 1633 951 et
1668 909 1940 965 respondens
1981 908 2100 952 dicet
2140 908 2267 952 vobis
2289 926 2299 954 :

471 970 634 1015 Nescio
659 984 737 1013 vos
763 968 879 1012 unde
901 969 1010 1012 sitis.
1036 968 1073 995 2⁶
1090 968 1215 1011 Tunc
1231 967 1454 1024 incipietis
1479 967 1624 1011 dicere
1646 985 1655 1012 z
1676 967 2046 1012 Manducavimus
2073 983 2222 1012 coram
2247 975 2303 1026 te,

472 1036 516 1074 et
538 1029 755 1085 bibimus,
783 1029 892 1072 etin
919 1027 1078 1085 plateis
1104 1027 1265 1071 nostris
1296 1027 1499 1070 docuisti.
1530 1024 1565 1052 9⁷
1592 1026 1650 1070 Et
1684 1026 1801 1071 dicet
1831 1026 1956 1070 vobis
1987 1045 1998 1072 :
2031 1027 2192 1071 Nescio
2226 1042 2304 1072 vos

471 1090 587 1133 unde
611 1089 730 1143 sitis,
761 1086 975 1131 discedite
997 1103 1022 1129 a
1049 1103 1138 1143 me,
1167 1101 1318 1130 omnes
1344 1086 1532 1143 operarii
1555 1085 1817 1142 iniquitatis.
1846 1085 1882 1113 ‘2⁸
1899 1086 1971 1130 Ibi
2002 1087 2085 1131 erit
2109 1087 2239 1131 fletus
2260 1093 2305 1131 et

471 1150 631 1194 stridor
657 1148 879 1203 dentium,
908 1162 1009 1190 cum
1034 1144 1234 1190 videritis
1259 1146 1510 1201 Abraham,
1546 1152 1589 1189 et
1621 1144 1771 1202 Isaac,
1806 1151 1850 1190 et
1882 1145 2046 1202 Jacob,
2078 1152 2123 1190 et
2152 1160 2305 1191 omues

469 1210 707 1267 prophetas
729 1208 774 1250 in
798 1221 934 1263 regno
958 1206 1062 1262 Dei,
1082 1221 1159 1250 vos
1184 1210 1334 1249 autem
1358 1204 1519 1262 expelli
1545 1206 1680 1248 foras.
1704 1204 1740 1231 ‘29
1751 1204 1809 1248 Et
1827 1205 2009 1249 venient
2028 1206 2084 1249 ab
2111 1207 2303 1261 Oriente,

471 1274 515 1312 et
541 1267 805 1321 Occidente,
833 1272 876 1309 et
900 1265 1143 1322 Aquilone,
1167 1270 1210 1308 et
1232 1266 1417 1321 Austro,
1443 1271 1485 1307 et
1514 1265 1781 1308 accumbent
1810 1265 1855 1308 in
1888 1279 2026 1321 regno
2055 1265 2153 1309 Dei.
2187 1265 2225 1292 3⁰
2245 1264 2305 1308 Et

471 1343 573 1371 ecce
599 1333 702 1371 sunt
726 1324 956 1369 novissimi
981 1323 1055 1381 qui
1081 1331 1210 1369 erunt
1234 1323 1386 1382 primi,
1405 1331 1449 1368 01
1470 1329 1574 1367 511111
1598 1324 1729 1381 primi
1753 1324 1825 1381 qui
1850 1330 1978 1368 erunt
2001 1324 2243 1368 novissimi.

530 1386 563 1414 3¹
584 1386 640 1430 In
662 1387 757 1444 ipsa
781 1383 851 1428 die
873 1389 1155 1428 accesserunt
1177 1382 1358 1440 quidam
1383 1383 1723 1441 pharisaeorum,
1759 1383 1957 1428 dicentes
1989 1382 2057 1427 illi
2087 1402 2095 1429 :
2127 1382 2234 1440 Exi,
2260 1391 2304 1428 et

471 1448 583 1491 vade
609 1447 734 1502 hinc,
762 1445 864 1500 quia
891 1444 1092 1488 Herodes
1117 1444 1214 1486 vult
1247 1449 1290 1487 te
1325 1444 1538 1487 occidere.
1573 1442 1610 1470 3'2
1628 1445 1685 1486 Et
1717 1444 1781 1486 ait
1809 1443 1900 1487 illis
1933 1461 1941 1487 :
1973 1444 2062 1500 Ite,
2092 1451 2141 1487 et
2168 1443 2303 1487 dicite

470 1507 594 1564 vulpi
625 1506 693 1549 illi
723 1522 732 1549 ε
766 1507 883 1549 Εο00
913 1505 1046 1561 ejicio
1075 1503 1320 1558 daemonia,
1354 1508 1398 1547 et
1431 1503 1644 1546 sanitates
1673 1501 1852 1560 perficio
1885 1503 2016 1546 hodie
2039 1508 2086 1546 et
2109 1518 2230 1558 cras,
2260 1510 2303 1546 ct

469 1566 600 1610 tertia
624 1566 696 1609 die
723 1579 1016 1609 consummor.
1037 1561 1410 1606 3317-011111110111011
1429 1568 1599 1618 oportet
1617 1577 1687 1605 me
1706 1561 1837 1606 hodie
1855 1568 1900 1606 et
1922 1577 2018 1605 cras
2036 1568 2079 1606 et
2103 1563 2302 1618 seque-uri

471 1627 541 1670 die
567 1625 820 1679 ambulare3
849 1622 951 1680 quia
976 1637 1064 1666 non
1087 1622 1211 1679 capit
1235 1622 1497 1678 prophetam
1522 1621 1663 1678 perire
1690 1627 1814 1665 extra
1840 1620 2102 1665 Jerusalem.
2121 1621 2158 1648 34
2175 1622 2204 1665 J
2208 1637 2304 1665 eru·

470 1686 628 1741 salem,
655 1684 926 1737 Jerusalem,
953 1697 1052 1738 quae
1088 1681 1252 1725 occidis
1285 1681 1545 1738 prophetas,
1573 1685 1616 1723 et
1646 1679 1819 1738 lapidas
1853 1695 1925 1724 eos
1956 1679 2033 1736 qui
2065 1681 2304 1724 mittuntur

469 1745 525 1788 ad
559 1750 623 1800 te,
659 1744 828 1800 quoties
861 1742 980 1786 volui
1011 1755 1281 1797 congregare
1309 1739 1422 1783 filios
1455 1745 1574 1797 tuos,
1606 1739 1980 1796 quemadmodum
2017 1739 2111 1784 avis
2148 1739 2301 1783 nidum

469 1819 598 1848 suum
620 1804 702 1847 sub
728 1803 905 1860 pennis,
925 1807 968 1844 et
993 1800 1199 1844 noluisti!
1227 1799 1262 1826 35
1278 1801 1394 1843 Ecce
1418 1797 1692 1855 relinquetur
1717 1798 1842 1842 vobis
1877 1799 2032 1842 domus
2057 1806 2205 1843 vestra
2227 1799 2302 1843 ‹le-

469 1869 598 1908 serta.
623 1862 735 1906 Dico
752 1869 902 1905 autem
927 1860 1073 1917 vobis,
1097 1859 1200 1916 quia
1221 1874 1309 1902 non
1334 1857 1544 1901 videbitis
1568 1872 1638 1901 me
1665 1857 1805 1901 donce
1824 1858 1975 1901 veniat
1997 1873 2099 1901 011111
2125 1857 2303 1903 dicetis:

471 1923 740 1967 Benedictus
765 1922 839 1978 qui
861 1921 984 1964 venit
1008 1920 1055 1962 in
1079 1918 1258 1962 nomine
1285 1918 1478 1961 Domini.
1929 1921 1932 1923 ’

529 1983 637 2027 CAP.
664 1982 776 2025 XIV
782 2016 790 2024 .
817 2007 875 2012 —-
902 1980 914 2006 '¹
935 1980 994 2022 Et
1018 1979 1191 2021 factum
1211 1982 1297 2033 est,
1314 1991 1415 2020 cum
1435 1977 1622 2021 intraret
1640 1979 1668 2021 J
1673 1991 1771 2021 esus
1795 1977 1841 2019 in
1865 1977 2046 2021 domum
2069 1977 2301 2034 cujusdam

469 2042 682 2100 principis
716 2040 1033 2098 pharisaeorum
1069 2037 1257 2081 sabbato
1294 2037 1565 2080 manducare
1598 2051 1778 2094 panem,
1803 2041 1847 2079 et
1883 2036 1967 2093 ipsi
2007 2036 2302 2080 observabant

470 2117 582 2145 cum.
607 2100 623 2126 9
638 2097 696 2143 Et
723 2115 823 2143 0000
848 2100 978 2142 homo
1006 2098 1187 2155 quidam
1209 2096 1478 2153 hydropicus
1501 2102 1595 2139 erat
1619 2102 1723 2140 ante
1745 2094 1888 2139 illum.
1915 2095 1933 2123 3
1951 2098 2008 2139 Et
2029 2094 2302 2153 respondens

468 2162 496 2204 J
501 2175 619 2216 esus,
643 2158 758 2203 dixit
778 2158 835 2202 ad
858 2158 1158 2215 legisperitos,
1186 2161 1229 2200 et
1250 2156 1513 2213 pharisaeos,
1541 2155 1693 2199 dicens
1723 2173 1732 2200 ε
1767 2154 1809 2200 Si
1835 2155 1940 2199 licet
1965 2155 2152 2199 sabbato
2179 2170 2302 2198 cura-

468 2220 552 2264 re?
578 2220 595 2246 4
613 2222 676 2263 At
700 2218 766 2262 illi
792 2223 1037 2262 tacuerunt.
1064 2217 1168 2273 Ipse
1197 2230 1301 2259 vero
1330 2214 1654 2272 apprehensum
1686 2215 1862 2258 sanavit
1895 2230 2017 2271 eum,
2040 2229 2093 2258 00
2118 2211 2300 2258 dimisit.

468 2280 484 2306 5
503 2279 562 2322 Et
583 2279 855 2336 respondens
876 2276 934 2320 ad
960 2277 1081 2333 illos,
1108 2275 1222 2319 dixit
1252 2292 1260 2319 :
1288 2274 1427 2334 Cujus
1448 2280 1644 2318 vestrum
1669 2275 1820 2317 asinus
1846 2280 1923 2318 aut
1940 2274 2022 2325 bos
2042 2275 2090 2316 in
2118 2279 2302 2331 puteum

468 2339 617 2396 cadet,
645 2344 687 2383 et
712 2354 800 2382 non
826 2337 1036 2382 continuo
1063 2334 1266 2379 extrahet
1286 2334 1415 2376 illum
1446 2334 1516 2378 die
1545 2331 1756 2378 sabbati?
1782 2332 1799 2361 6
1822 2334 1879 2376 Et
1903 2348 1991 2378 non
2017 2338 2222 2391 poterant
2246 2333 2302 2376 ad

467 2399 562 2442 haec
583 2398 846 2456 respondere
865 2395 946 2440 illi.

527 2458 542 2485 7
563 2457 754 2502 Dicebat
775 2463 922 2500 autem
949 2463 991 2500 et
1012 2455 1068 2499 ad
1095 2455 1309 2499 invitatos
1334 2453 1614 2511 parabolam,
1639 2453 1875 2498 intendens
1897 2453 2116 2510 quomodo
2137 2453 2301 2510 primos

467 2516 699 2562 accubitus
722 2516 957 2573 eligerent,
985 2515 1137 2559 dicens
1162 2514 1219 2558 ad
1251 2513 1352 2557 illos
1383 2531 1391 2558 :
1419 2513 1435 2540 8
1455 2514 1566 2558 Cum
1595 2513 1813 2556 'invitatus
1846 2512 1985 2556 fueris
2017 2512 2074 2555 ad
2107 2511 2298 2569 nuptias,

468 2592 555 2621 11011
581 2575 835 2620 discumbas
857 2576 903 2618 in
928 2576 1069 2633 primo
1092 2574 1211 2629 loco,
1234 2588 1289 2617 110
1314 2574 1431 2616 forte
1453 2572 1707 2616 honoratior
1729 2578 1772 2616 te
1796 2573 1854 2616 sit
1877 2570 2092 2615 invitatus
2114 2570 2268 2614 abillo
2291 2589 2301 2627 ς

468 2636 485 2662 ⁰
502 2643 546 2680 et
567 2634 750 2679 veniens
770 2636 808 2678 is
829 2635 904 2692 qui
926 2645 969 2678 te
991 2641 1033 2678 et
1054 2633 1183 2677 illum
1209 2633 1408 2688 vocavit,
1427 2632 1548 2675 dicat
1572 2631 1654 2675 tibi
1681 2649 1689 2676 z
1715 2633 1783 2675 Da
1803 2631 1907 2674 huic
1932 2631 2080 2674 locum
2096 2649 2105 2686 ;
2120 2636 2171 2674 et
2194 2635 2300 2673 tunc

468 2695 655 2753 incipias
682 2710 783 2739 cum
804 2696 961 2738 rubore
983 2694 1275 2737 novissimum
1299 2690 1447 2735 locum
1473 2697 1635 2735 tenere.
1660 2691 1696 2718 ‘¹⁰
1711 2691 1794 2736 Sed
1822 2705 1922 2734 cum
1937 2695 2121 2734 vocatus
2145 2687 2298 2748 fueris,

468 2755 602 2811 vade,
628 2755 836 2798 recumbe
857 2755 901 2797 in
928 2752 1167 2796 novissimo
1190 2753 1307 2807 1000,
1332 2757 1400 2808 111,
1425 2765 1524 2794 011111
1546 2751 1718 2794 venerit
1751 2751 1824 2806 qui
1855 2755 1898 2793 te
1922 2747 2152 2804 invitavit,
2179 2747 2299 2792 dicat

468 2813 549 2857 tibi
576 2815 782 2868 :Amiee,
809 2810 999 2857 ascende
1025 2812 1239 2869 superius.
1266 2808 1391 2854 Tune
1415 2811 1497 2854 erit
1518 2809 1599 2854 tibi
1619 2810 1761 2866 gloria
1783 2824 1931 2853 coram
1952 2806 2085 2852 simul
2107 2806 2296 2851 discum-

467 2871 707 2930 bentibus3
743 2873 774 2899 ¹¹
797 2872 899 2929 quia
931 2872 1073 2916 omnis
1107 2871 1180 2927 qui
1210 2885 1256 2914 se
1289 2870 1457 2914 exaltat
1489 2869 1810 2925 humiliabitur,
1835 2874 1878 2912 et
1910 2867 1984 2924 qui
2014 2881 2061 2911 se
2093 2863 2301 2910 humiliat

469 2933 750 2976 exaltabitur.
1044 2971 1045 2975 ,

465 3030 469 3034 .
529 2990 564 3017 12
582 2990 773 3036 Dicebat
801 2998 950 3036 autem
977 2997 1020 3035 et
1053 2991 1091 3035 ei
1125 2991 1199 3047 qui
1232 3005 1277 3034 se
1308 2990 1580 3033 invitaverat
1605 3006 1614 3033 :
1645 2989 1756 3034 Cum
1785 2987 1900 3032 facis
1933 2986 2187 3044 prandium,
2223 2996 2297 3028 aut

470 3065 662 3107 coenam,
682 3052 774 3095 noli
799 3066 956 3096 vocare
981 3051 1146 3094 amicos
1170 3055 1286 3105 tuos,
1310 3062 1451 3105 neque
1476 3049 1637 3092 fratres
1663 3054 1781 3104 tuos,
1804 3061 1944 3103 neque
1970 3051 2202 3101 cognatos,
2223 3059 2296 3088 ne-

470 3125 553 3169 que
574 3111 744 3154 vicinos
768 3112 946 3166 divites,
970 3125 1025 3154 ne
1053 3110 1171 3153 forte
1205 3115 1248 3152 te
1277 3114 1324 3152 et
1356 3107 1440 3165 ipsi
1466 3107 1729 3162 reinvitent,
1758 3112 1802 3150 et
1831 3104 1907 3149 fiat
1937 3102 2018 3148 tibi
2051 3102 2296 3146 retributio.

471 3169 505 3197 '¹3
524 3169 607 3214 Sed
634 3184 733 3213 cum
759 3171 874 3213 facis
901 3169 1175 3223 convivium,
1202 3182 1312 3211 voca
1344 3181 1578 3224 pauperes,
1614 3165 1802 3220 debiles,
1834 3163 2037 3218 claudos,
2069 3169 2111 3206 et
2138 3177 2294 3208 000005,

473 3229 505 3256 ¹4
523 3231 581 3272 Et
606 3229 762 3273 beatus
784 3230 891 3284 eris,
912 3230 1014 3285 quia
1039 3243 1127 3272 non
1160 3228 1326 3271 habent
1353 3227 1594 3270 retribuere
1627 3223 1733 3280 tibi;
1767 3220 2035 3267 retribuetur
2064 3220 2180 3264 enim
2210 3219 2296 3264 tibi

468 3289 513 3332 in
538 3288 857 3332 resurrectione
882 3289 1113 3344 justorum.

528 3348 563 3375 ¹5
579 3346 694 3391 Haeo
717 3362 814 3391 cum
838 3346 1034 3390 audisset
1052 3344 1233 3402 quidam
1259 3344 1313 3390 de
1337 3345 1470 3388 simul
1497 3340 1898 3397 discumbentibus,
1918 3338 2032 3384 dixit
2057 3339 2123 3384 illi
2147 3357 2156 3384 ε
2186 3340 2296 3384 Bea—

469 3535 515 3567 21]
530 3535 652 3564 Matth.
671 3536 873 3570 X111,33.—
893 3535 939 3568 24]
958 3535 1081 3563 Matth.
1099 3535 1176 3569 VH,
1197 3537 1239 3562 13.
1255 3549 1291 3553 —
1308 3533 1355 3567 25]
1375 3532 1496 3560 Matth.
1514 3531 1620 3564 XXV,
1639 3532 1682 3557 10.
1699 3544 1735 3548 —
1749 3529 1796 3561 27]
1820 3527 1941 3555 Matth.
1960 3528 2037 3561 VII,
2054 3529 2099 3555 23.
2122 3527 2174 3555 ΡΞ.
2192 3527 2251 3561 VJ,
2267 3528 2298 3554 9.

469 3578 590 3607 Matth.
611 3579 717 3613 XXV,
733 3583 778 3608 41.
796 3595 832 3599 —
856 3580 904 3613 30]
931 3579 1052 3607 Matth.
1071 3579 1174 3613 XIX,
1194 3581 1229 3606 30
1251 3580 1285 3605 et·
1303 3578 1384 3610 XX,
1405 3579 1448 3604 16.
1467 3576 1566 3603 Marc.
1593 3575 1642 3608 X,
1667 3576 1711 3601 31.
1739 3587 1773 3592 -
1800 3573 1848 3606 34]
1875 3572 1996 3599 Matth.
2023 3571 2143 3599 XXIII
2158 3591 2165 3605 ‚
2189 3573 2234 3599 37.
2260 3583 2309 3589 -<

471 3623 517 3656 10]
543 3623 639 3651 Prov.
664 3624 768 3660 XXV,
791 3626 815 3652 7.
834 3638 868 3642 —
891 3624 937 3657 11]
957 3623 1078 3651 Mat-th.
1099 3623 1239 3657 XXIII,
1261 3625 1303 3650 22.
1330 3621 1395 3649 Ius.
1418 3619 1557 3654 XVIII,
1575 3621 1618 3655 14.
1633 3630 1671 3637 --
1689 3618 1736 3650 12]
1758 3617 1835 3645 Tob.
1853 3617 1909 3651 lv,
1928 3619 1951 3644 7.
1972 3616 2068 3644 Prov.
2089 3615 2154 3650 111,
2172 3617 2200 3644 9.
