2391 3861
170 737 302 770 Oratio
324 738 522 779 illanassoe,
537 747 678 772 necnon
703 739 791 771 libri
815 740 904 778 duo,
930 742 996 779 qui
1013 741 1083 773 sub
1110 741 1195 773 libri
1221 742 1322 774 tertii
1347 745 1379 774 et
1403 745 1532 781 quarti
1558 743 1688 776 Esdroe
1707 746 1861 776 nomine
1886 745 2227 784 circumferuntur,

116 788 182 821 hoc
201 791 244 820 in
266 789 351 827 loco,
373 792 477 822 east-ra
496 792 632 824 scilicet
654 792 787 823 seriem
812 793 1086 824 canonicorum
1111 793 1311 833 librorum,
1337 802 1431 833 quos
1451 797 1586 827 saucia
1613 796 1840 828 Tridentina
1864 797 2032 835 synodus
2052 798 2221 835 suscepit,

114 843 147 872 et
162 848 234 880 pro
257 843 448 874 canonicis
468 844 728 883 suscipiendos
748 844 917 884 dewemt,
938 845 1092 883 sepositi
1119 846 1222 884 sunt,
1243 853 1289 877 ‘ne
1315 854 1475 884 prorsus
1496 847 1710 888 interirent,
1729 850 1866 887 quippe
1891 849 1958 887 qui
1982 856 2006 880 α
2026 849 2225 879 nonnullis

113 893 256 924 sanctis
283 893 462 926 Patribus
486 895 683 928 interdum
705 895 886 936 citantur,
911 896 945 928 et
969 897 1012 928 in
1041 896 1235 935 aliquibus
1265 897 1400 929 Bibliis
1427 898 1562 930 latinis
1595 901 1675 932 tam
1700 893 1979 939 manuscripsts
2008 907 2125 939 quam
2155 902 2224 931 *ii-sn·

114 946 254 983 pressis
272 947 525 983 reperiuntur.

619 1168 1055 1260 ORATIO
1130 1170 1715 1260 MANASSAE

951 1365 1160 1408 REGIS
1204 1366 1389 1409 JUDA

412 1561 552 1601 CUM
605 1562 875 1602 CAPTUS
925 1564 1369 1603 TENERETUR
1422 1533 1493 1602 Ibo}
1546 1563 1929 1604 BABYLONE

311 1822 319 1826 ·
426 1815 574 1840 OMINE
609 1809 862 1848 omnipotens,
900 1808 998 1840 Deus
1038 1810 1191 1848 patrum
1229 1813 1463 1849 nostrorum,
1502 1810 1707 1849 Abraham,
1736 1814 1772 1842 et
1802 1811 1924 1850 Isaac,
1961 1811 1999 1843 et
2026 1810 2159 1851 Jacob,
2191 1809 2227 1842 ei:

451 1859 599 1892 semlnis
628 1868 754 1892 eorum
782 1860 891 1899 justi,
919 1859 983 1899 qui
1010 1860 1134 1892 fecisti
1167 1862 1298 1894 caelum
1327 1863 1365 1894 et
1389 1863 1533 1894 terram
1557 1871 1641 1894 eum
1666 1863 1768 1894 omni
1801 1867 1938 1895 ornatu
1974 1870 2128 1902 eorum;
2165 1864 2229 1901 qui

452 1911 576 1950 ligasti
601 1919 702 1944 mare
731 1912 843 1944 verbo
867 1913 1045 1951 praecepti
1069 1913 1150 1951 tui;
1175 1913 1241 1952 qui
1261 1913 1477 1945 conclusisti
1506 1914 1700 1954 abyssum,
1722 1916 1760 1947 et
1789 1914 1942 1954 signasti
1968 1923 2050 1947 eam
2072 1914 2229 1947 terribili

452 1965 490 1995 et
522 1963 699 1995 laudabili
731 1964 883 1995 nomine
906 1965 995 2004 tuo;
1029 1973 1139 2003 quem
1163 1965 1287 1997 omnia
1314 1967 1470 2006 pavent,
1500 1967 1538 1998 et
1561 1967 1731 1998 tremunt
1757 1975 1779 1998 a
1807 1968 1918 1999 vultu
1950 1966 2102 1998 virtutis
2134 1967 2229 2006 tuse,

453 2015 536 2054 quia
561 2015 809 2055 importabilis
833 2017 889 2048 est
913 2016 1191 2054 magnificentia
1216 2016 1345 2056 gloriae
1369 2018 1464 2057 tuae,
1485 2019 1523 2050 et
1543 2017 1837 2050 insustentabilis
1861 2018 1916 2050 ira
1937 2017 2228 2050 comminationis

453 2069 530 2099 tuae
561 2076 672 2106 super
702 2069 911 2107 peccatores
945 2077 953 2100 ε
988 2067 1169 2101 immensa
1196 2077 1288 2101 vero
1316 2069 1354 2101 et
1384 2068 1655 2109 investigabilis
1688 2069 1945 2102 misericordia
1980 2070 2229 2109 promissionis

114 2122 212 2161 tuae3
246 2120 418 2160 quoniam
445 2121 488 2151 tu
512 2127 550 2151 es
575 2119 771 2159 Dominus,
799 2119 1018 2160 altissimus,
1046 2120 1247 2161 benignus,
1280 2120 1521 2161 longanimis,
1550 2122 1588 2153 et
1620 2123 1784 2154 multum
1806 2121 2031 2162 misericors,
2055 2123 2091 2153 et
2116 2122 2229 2161 poeni-

114 2175 197 2204 tens
225 2181 334 2212 super
361 2171 526 2204 malitias
555 2171 758 2204 hominum.

165 2225 239 2263 Tu,
265 2224 437 2263 Domine,
465 2224 667 2256 secundum
693 2225 975 2258 multitudinem
1004 2225 1186 2258 bonitatis
1216 2227 1310 2265 tuae,
1336 2224 1537 2265 promisisti
1561 2226 1822 2265 poenitentiam
1851 2227 1888 2258 et
1912 2226 2163 2259 remissionem
2185 2226 2229 2258 iis

113 2276 176 2315 qui
201 2278 447 2316 peecaverunt
477 2277 568 2316 tibi,
612 2280 650 2310 et
681 2277 926 2310 multitudine
954 2277 1233 2309 miserationum
1259 2279 1412 2309 tuarum
1443 2278 1637 2309 decrevisti
1663 2277 1926 2317 poenitentiam
1957 2278 2230 2318 peccatoribus,

113 2328 151 2360 in
178 2329 346 2361 salutem.
373 2329 429 2361 Tu
451 2329 580 2369 igitur,
606 2329 764 2361 Domine
786 2330 882 2361 Deus
902 2331 1098 2369 justorum,
1119 2338 1194 2361 non
1217 2329 1374 2369 posuisti
1397 2329 1658 2369 poenitentiam
1683 2330 1802 2369 justis,
1828 2330 2028 2371 Abraham,
2052 2331 2090 2362 et
2114 2330 2229 2368 Isaac,

113 2383 151 2412 et
177 2381 304 2418 Jacob,
329 2381 372 2413 iis
399 2380 463 2420 qui
487 2381 558 2413 tibi
583 2390 657 2413 non
681 2383 951 2422 peccaverunt;
973 2382 1036 2413 sed
1051 2381 1209 2421 posuisti
1235 2380 1499 2421 poenitentiam
1520 2383 1674 2421 propter
1694 2390 1752 2414 me
1777 2383 2026 2422 peccatorem,
2055 2381 2228 2421 quoniam

113 2432 265 2472 peccavi
295 2441 403 2472 super
428 2441 626 2466 numerum
656 2441 781 2466 arenae
808 2434 926 2466 maris
951 2444 959 2466 ε
983 2433 1242 2473 multiplicatae
1266 2434 1355 2466 sunt
1383 2432 1605 2472 iniquitates
1629 2442 1738 2474 meae,
1768 2433 1942 2475 Domine,
1974 2433 2228 2473 multiplicatae

114 2486 202 2516 sunt
231 2483 450 2524 iniquitates
476 2493 586 2523 meae,
619 2486 657 2518 et
690 2493 765 2518 non
797 2494 878 2517 sum
907 2485 1039 2525 <lignus
1070 2485 1211 2518 intueri
1240 2487 1278 2518 et
1301 2485 1462 2525 aspicere
1493 2486 1735 2518 altitudinem
1763 2485 1854 2524 caeli,
1879 2493 1958 2525 prae
1984 2485 2227 2518 multitudine

114 2535 359 2574 iniquitatum
386 2545 565 2570 mearum.
596 2538 826 2569 incurvatus
854 2546 936 2569 sum
962 2538 1081 2569 multo
1104 2537 1253 2570 vinculo
1278 2538 1416 2578 ferreo,
1437 2538 1481 2569 ut
1506 2545 1582 2570 non
1598 2538 1734 2577 possim
1752 2538 1928 2570 attollere
1953 2538 2064 2577 caput
2085 2545 2227 2575 meum,

114 2589 153 2620 et
184 2596 260 2620 non
287 2591 344 2621 est
376 2588 571 2629 respiratio
601 2588 716 2629 mihi;
748 2589 836 2628 quia
867 2590 1029 2622 excitavi
1060 2589 1291 2622 iracundiam
1324 2591 1451 2629 tuam,
1476 2591 1514 2621 et
1541 2591 1681 2622 malum
1706 2598 1830 2622 coram
1857 2590 1895 2621 te
1926 2589 2022 2630 feci;
2050 2597 2127 2622 non
2159 2588 2228 2621 feci

113 2641 346 2672 voluntatem
382 2643 507 2681 tuam,
539 2643 575 2673 et
620 2642 797 2673 mandata
827 2643 894 2673 tua
925 2649 1000 2673 non
1033 2641 1240 2682 custodivi;
1275 2642 1394 2674 statui
1425 2640 1739 2682 abominationes,
1770 2642 1808 2674 et
1839 2640 2085 2683 multiplicavi
2120 2641 2228 2673 offen-

114 2691 242 2724 siones.

167 2744 214 2774 Et
238 2753 339 2777 nunc
363 2746 469 2777 flecto
497 2754 595 2785 genu
619 2747 739 2779 cordis
764 2746 847 2786 mei,
871 2754 1027 2786 precans
1051 2755 1073 2778 a
1097 2747 1134 2778 te
1159 2746 1378 2779 bonitatem.
1403 2746 1565 2786 Peccavi,
1587 2746 1752 2788 Domine,
1774 2748 1934 2787 peccavi,
1955 2748 1992 2780 et
2013 2746 2228 2786 iniquitates

115 2804 214 2828 meas
238 2805 405 2835 agnosco.
430 2798 549 2835 Quare
577 2800 663 2838 peto
686 2806 823 2838 rogans
848 2800 905 2837 te,
929 2797 1080 2830 remitte
1105 2797 1214 2838 mihi,
1240 2798 1414 2838 Domine,
1439 2798 1593 2830 remitte
1617 2798 1729 2837 mihi,
1755 2802 1791 2831 et
1817 2807 1862 2830 ne
1882 2800 1992 2831 simul
2018 2799 2147 2839 perdas
2173 2805 2228 2829 me

113 2855 197 2879 cum
218 2847 483 2887 iniquitatibus
503 2850 604 2888 meis,
629 2858 747 2889 neque
774 2850 814 2882 in
835 2851 1022 2882 aeternum
1047 2851 1181 2890 iratus
1210 2858 1375 2882 reserves
1400 2851 1500 2882 mala
1524 2849 1625 2890 mihi,
1646 2859 1763 2890 neque
1789 2851 1937 2883 damnes
1963 2859 2020 2883 me
2041 2850 2080 2882 in
2099 2849 2227 2882 infima

115 2902 227 2931 terrae
252 2901 351 2939 loca,
380 2900 466 2939 quia
491 2902 534 2933 tu
565 2910 602 2934 es
628 2902 746 2942 Deus,
780 2902 895 2944 Deus,
923 2901 1093 2942 inquam,
1117 2902 1400 2942 poenitentium,
1425 2903 1462 2934 et
1494 2901 1533 2933 in
1562 2910 1620 2934 me
1648 2903 1820 2935 ostendes
1845 2911 1992 2935 omnem
2021 2901 2226 2935 bonitatem

114 2953 236 2989 tuam,
263 2953 350 2990 quia
377 2952 574 2992 indignum
600 2953 758 2986 salvabis
786 2962 845 2986 me
873 2955 1075 2986 secundum
1098 2962 1271 2993 magnam
1301 2953 1591 2986 misericordiam
1615 2955 1739 2994 tuam,
1770 2956 1807 2987 et
1832 2955 1989 2987 laudabo
2019 2955 2056 2987 te
2085 2961 2227 2992 semper

113 3003 282 3035 omnibus
304 3003 431 3035 diebus
454 3004 543 3037 vitae
568 3012 686 3047 meae;
712 3004 888 3045 quoniam
916 3007 954 3038 te
978 3007 1109 3038 laudat
1134 3007 1253 3038 omnis
1274 3006 1397 3038 virtus
1421 3006 1618 3046 caelorum,
1643 3007 1682 3039 et
1704 3005 1772 3039 tibi
1800 3007 1856 3038 est
1883 3007 2005 3046 gloria
2031 3005 2070 3038 in
2095 3005 2228 3038 saecula

112 3056 342 3087 saeculorum.
373 3057 501 3089 Amen.

1086 3426 1147 3466 Q
