2456 3861
791 102 927 147 Esnn.
961 102 1102 158 vm,
1139 104 1192 146 17
1223 127 1282 136 -
1313 104 1401 159 1x,
1436 106 1474 149 2.
1955 108 2036 152 451

222 270 477 326 Mosollam,
501 271 740 328 principeS,
768 276 811 314 et
836 272 1007 315 Joiarib
1030 277 1076 315 et
1102 272 1345 330 Eluafflan,
1371 275 1605 331 sapientes,
1630 274 1663 301 ¹7
1684 277 1740 318 Et
1763 276 1861 319 misi
1886 291 1959 321 eos
1983 277 2040 320 ad

223 329 364 384 Eddo,
387 329 460 385 qui
483 334 549 374 est
568 329 734 386 primus
755 329 800 372 in
823 330 1058 387 Chasphiae
1081 330 1175 373 loco
1195 348 1202 384 ;
1232 338 1275 375 et
1296 333 1420 388 posui
1441 332 1486 376 in
1512 348 1585 377 ore
1609 347 1759 377 eorum
1784 335 1916 378 verba
1941 350 2040 392 quoe

222 388 503 443 loquerentur
533 388 590 431 ad
624 387 771 443 Eddo,
802 393 845 432 et
876 389 1036 432 fiatres
1061 388 1158 444 ejus
1188 390 1468 446 Nathinaeos,
1495 391 1540 434 in
1574 392 1668 436 loco
1703 392 1957 450 Chasphiae‚
1992 400 2040 438 ut

219 446 494 490 adducerent
514 447 638 490 nobis
660 446 883 491 ministros
914 447 1068 490 domus
1097 447 1178 491 Dei
1204 449 1355 492 nostri.
1380 450 1414 477 ¹⁸
1434 451 1491 493 Et
1513 450 1794 495 adduxerunt
1814 453 1940 495 nobis
1966 468 2041 510 per

223 519 403 548 manum
431 505 511 549 Dei
538 505 674 548 nostri
700 505 861 549 bonam
890 519 1020 562 super
1042 518 1131 562 nOS,
1159 507 1302 550 virum
1328 508 1634 552 doctissimum
1656 510 1710 554 de
1735 510 1836 553 filiis
1857 511 2038 567 Moholi,

221 564 299 607 filii
323 564 451 619 Levi,
475 563 553 607 filii
575 563 733 618 Israel,
757 569 800 607 et
825 564 1073 619 Sarabiam,
1097 571 1140 608 et
1165 565 1277 608 filios
1299 567 1416 621 ejus,
1438 572 1482 610 et
1502 569 1661 611 fratres
1683 569 1799 625 ejus,
1823 569 1975 613 decem
1997 575 2040 613 et

220 627 317 665 octo
338 639 346 674 ;
377 622 410 648 ¹9
427 628 470 666 et
500 622 766 677 Hasabiam,
797 627 840 665 et
869 637 969 665 cum
993 637 1044 666 eo
1067 623 1232 666 Isaiam
1262 624 1315 667 de
1336 625 1438 668 filiis
1463 626 1645 681 Merari,
1671 628 1918 684 fratresque
1943 628 2038 684 ejus

218 686 262 723 et
291 680 403 725 filios
432 681 548 737 ejus,
571 681 731 736 viginti
752 699 761 735 ;
793 680 829 707 ‘2⁰
847 687 890 725 et
915 681 970 725 de
996 681 1267 737 Nathinaeis,
1297 697 1403 738 quos
1429 684 1609 728 dederat
1639 686 1784 729 David
1811 691 1854 730 et
1878 687 2038 744 princi-

204 753 287 797 pes
313 740 370 784 acl
396 740 640 784 ministeria
667 740 926 798 levitarum,
954 741 1215 784 Nathinaeos
1243 740 1459 785 ducentos
1484 743 1660 799 viginti.
1692 745 1856 788 Omnes
1882 745 1928 789 hi
1953 745 2042 789 suis

215 803 466 847 nominibus
490 802 776 846 vocabantur.

274 861 307 889 2¹
336 864 393 906 Et
429 861 668 919 praedicavi
700 860 763 903 ibi
801 861 1023 918 jejunium
1055 861 1184 917 juxta
1220 860 1406 904 fluvium
1442 861 1622 917 Ahava,
1661 867 1709 905 ut
1744 862 2038 918 affligeremur

213 936 362 965 coram
396 920 584 964 Domino
617 920 711 963 Deo
743 925 910 976 nostro,
941 925 984 963 et
1016 925 1262 977 peteremus
1293 921 1350 963 ab
1383 934 1432 964 eo
1462 920 1580 963 viam
1612 926 1779 964 rectam
1810 920 1956 977 nobis,
1993 926 2036 965 et

214 980 315 1024 filiis
359 979 538 1035 nostris,
581 978 885 1035 universaeque
924 978 1186 1022 substantiae
1220 984 1395 1022 nostrae.
1427 978 1464 1004 22
1483 979 1650 1022 Erubui
1683 979 1801 1023 enim
1834 985 1980 1035 petere
2010 995 2037 1023 a

214 1053 315 1095 rege
349 1038 566 1081 auxilium
599 1042 642 1081 et
678 1038 846 1094 equites
879 1038 953 1094 qui
988 1037 1279 1081 defenderent
1311 1051 1390 1082 nos
1425 1038 1482 1081 ab
1514 1037 1695 1081 inimico
1728 1037 1773 1080 in
1803 1038 1900 1093 via,
1934 1039 2037 1094 quia

214 1098 465 1141 dixeramus
488 1096 582 1153 regi
617 1113 625 1141 :
659 1097 819 1140 Manus
846 1097 929 1140 Dei
954 1096 1091 1140 nostri
1117 1101 1183 1140 est
1207 1111 1337 1153 super
1357 1111 1508 1140 omnes
1537 1096 1611 1152 qui
1641 1102 1845 1153 quaerunt
1865 1111 1966 1140 eum
1989 1097 2036 1140 in

212 1157 438 1211 bonitate3
474 1161 517 1200 et
547 1156 783 1212 imperium
813 1156 929 1212 ejus,
961 1161 1004 1199 et
1028 1155 1246 1199 fortitudo
1272 1156 1389 1212 ejus,
1421 1161 1464 1199 et
1484 1156 1610 1199 furor
1632 1170 1762 1212 super
1786 1169 1937 1199 omnes
1962 1155 2036 1212 qui

213 1216 521 1272 derelinquunt
543 1229 656 1258 eum.
678 1213 715 1241 '²3
732 1215 761 1257 J
766 1214 1046 1271 ejunavimus
1070 1220 1232 1270 autem,
1247 1220 1291 1258 et
1308 1214 1561 1270 rogavimus
1581 1216 1724 1258 Deum
1745 1219 1944 1258 nostrum
1961 1227 2037 1272 per

210 1275 324 1329 hoc3
351 1280 394 1318 et
418 1274 566 1318 evenit
585 1274 712 1317 nobis
734 1288 949 1331 prospere.
988 1272 1024 1299 ‘24
1049 1275 1107 1316 Et
1138 1273 1339 1330 separavi
1372 1274 1426 1317 de
1454 1274 1726 1330 principibus
1758 1273 2037 1317 sacerdotum

209 1333 460 1388 duodecim,
485 1333 730 1389 Sarabiam,
754 1338 796 1376 et
819 1333 1079 1388 Hasabiam,
1103 1337 1146 1376 et
1168 1347 1269 1376 cum
1289 1333 1351 1376 eis
1375 1332 1428 1376 de
1449 1333 1662 1376 fratribus
1685 1346 1834 1376 eorum
1855 1332 2033 1387 decem3

209 1391 248 1419 ²⁵
273 1392 552 1449 appendique
589 1392 650 1436 eis
686 1397 921 1447 argentum
962 1397 1005 1435 et
1039 1406 1215 1447 aurum,
1254 1398 1297 1434 et
1329 1406 1436 1434 vasa
1473 1397 1727 1435 consecrata
1761 1391 1916 1434 domus
1953 1391 2035 1435 Dei

210 1452 368 1506 nostri,
400 1465 498 1507 quae
518 1451 746 1494 obtulerat
778 1465 874 1506 rex,
905 1456 948 1493 et
978 1450 1278 1493 consiliatores
1308 1451 1424 1506 ejus,
1456 1456 1498 1493 et
1530 1450 1749 1506 principes
1788 1450 1904 1505 ejus,
1939 1450 2036 1492 uni-

209 1524 448 1566 versusque
480 1510 619 1553 Israel
651 1523 801 1553 eorum
838 1509 912 1565 qui
947 1509 1118 1552 inventi
1150 1509 1343 1552 fuerant.
1377 1508 1414 1535 26
1440 1510 1496 1551 Et
1528 1509 1720 1565 appendi
1753 1509 1799 1550 in
1832 1509 2037 1553 manibus

212 1583 360 1613 eorum
392 1568 564 1625 argenti
594 1568 762 1612 talenta
795 1573 1004 1612 sexcenta
1034 1567 1376 1623 quinquaginta,
1403 1574 1446 1611 et
1471 1581 1577 1610 vasa
1602 1573 1811 1622 argentea
1837 1572 2034 1625 centum,

212 1628 305 1671 auri
339 1633 517 1672 centum
548 1627 738 1681 talenta,
772 1626 807 1653 27
827 1632 870 1670 et
899 1633 1087 1670 crateres
1117 1641 1271 1670 aureos
1304 1626 1485 1682 viginti,
1509 1626 1583 1682 qui
1616 1626 1840 1669 habebant
1872 1625 2036 1669 solidos

211 1687 433 1743 millenos,
457 1692 502 1730 et
527 1701 635 1730 vasa
662 1686 759 1730 aeris
785 1685 1002 1742 fulgentis
1025 1685 1180 1742 optimi
1207 1685 1313 1742 duo,
1339 1685 1522 1742 pulchra
1549 1690 1596 1728 ut
1616 1698 1786 1728 aurum.
1809 1683 1845 1711 28
1863 1686 1920 1728 Et
1943 1684 2035 1727 dixi

209 1746 271 1790 eis
304 1763 312 1790 ε
346 1747 437 1789 Vos
470 1746 614 1789 sancti
648 1745 858 1800 Domini3
895 1750 938 1788 et
966 1759 1074 1787 vasa
1107 1750 1282 1801 sancta,
1316 1750 1360 1788 et
1388 1748 1623 1800 argentum
1656 1750 1699 1787 et
1731 1759 1887 1787 aurum
1920 1743 2034 1799 quod

208 1811 365 1862 sponte
388 1805 589 1849 oblatum
613 1810 679 1848 est
706 1804 917 1860 Domino,
945 1805 1038 1847 Deo
1063 1808 1240 1861 patrum
1260 1809 1521 1847 nostrorum.
1547 1802 1584 1829 29
1600 1803 1799 1858 Vigilate
1824 1809 1867 1846 et
1892 1808 2032 1846 custo-

208 1864 321 1919 dite,
356 1864 495 1908 donec
532 1863 795 1921 appendatis
829 1878 978 1907 coram
1005 1863 1279 1920 principibus
1311 1862 1591 1906 sacerdotum
1625 1867 1669 1905 et
1705 1862 1959 1917 levitarum,
1993 1866 2036 1904 et

209 1922 397 1966 ducibus
428 1923 706 1966 familiarum
733 1923 875 1966 Israel
906 1922 953 1965 in
987 1923 1256 1978 Jerusalem,
1290 1922 1338 1966 in
1374 1922 1630 1965 thesaurum
1659 1921 1815 1964 domus
1841 1920 2035 1964 Domini.

209 1980 248 2008 30
266 1981 561 2038 Susceperunt
580 1988 731 2026 autem
751 1982 1001 2025 sacerdotes
1024 1987 1067 2024 et
1090 1981 1240 2025 levitae
1261 1981 1432 2038 pondus
1454 1980 1627 2036 argenti
1649 1985 1693 2023 et
1716 1979 1824 2035 auri,
1849 1984 1891 2023 et
1911 1993 2036 2023 vaso-

209 2055 326 2096 rum,
351 2045 399 2083 ut
424 2040 648 2084 deferrent
672 2041 922 2085 Jerusalem
945 2041 992 2083 in
1014 2041 1194 2084 domum
1217 2041 1299 2084 Dei
1324 2041 1476 2084 nostri.

270 2099 303 2126 3¹
324 2100 630 2143 Promovimus
656 2114 759 2156 ergo
792 2115 818 2143 a
845 2100 1029 2143 flumine
1053 2100 1214 2143 Ahava
1239 2099 1501 2143 duodecimo
1528 2100 1599 2143 die
1623 2099 1786 2143 mensis
1808 2098 1958 2156 primi,
1989 2103 2038 2141 ut

209 2172 490 2216 pergeremus
516 2159 545 2201 J
549 2159 791 2213 erusalem3
819 2164 863 2202 et
891 2173 1047 2202 manus
1079 2159 1161 2202 Dei
1194 2159 1331 2202 nostri
1360 2158 1450 2201 :tuit
1474 2173 1603 2215 super
1627 2173 1726 2214 nos,
1759 2163 1802 2202 et
1831 2157 2037 2201 liberavit

210 2231 288 2260 nos
319 2217 373 2260 de
405 2232 539 2260 manu
567 2217 739 2260 inimici
773 2223 815 2261 et
846 2218 1118 2261 insidiatoris
1149 2218 1196 2261 in
1221 2218 1308 2261 via.
1334 2217 1371 2244 32
1389 2219 1446 2260 Et
1470 2218 1670 2261 venimus
1700 2217 1968 2272 Jerusalem,
1994 2222 2037 2259 et

210 2277 453 2319 mansimus
475 2276 537 2319 ibi
563 2276 702 2319 tribus
726 2276 894 2320 diebus.
921 2276 958 2303 33
975 2277 1059 2320 Die
1079 2283 1229 2320 autem
1255 2282 1422 2333 quarta,
1444 2290 1690 2334 appensum
1708 2281 1773 2320 est
1789 2280 2035 2331 argentum,

207 2341 254 2379 et
274 2350 450 2391 aurum,
478 2341 521 2378 et
553 2350 660 2378 vasa
688 2335 734 2378 in
761 2334 890 2379 domo
916 2335 1000 2378 Dei
1033 2336 1171 2378 nostri
1200 2349 1276 2392 per
1302 2349 1483 2379 manum
1509 2336 1775 2391 Meremoth,
1801 2335 1880 2378 filii
1915 2334 2037 2378 Uriae

207 2394 472 2450 sacerdotis,
500 2400 543 2438 et
569 2409 670 2438 eum
695 2409 745 2438 eo
772 2394 967 2449 Eleazar,
991 2394 1107 2437 filius
1129 2394 1346 2449 Phinees3
1376 2409 1564 2451 cumque
1589 2395 1650 2438 eis
1676 2395 1705 2438 J
1709 2394 1895 2450 ozabed,
1922 2393 2038 2437 filius

208 2454 368 2510 Josue,
399 2458 443 2497 et
476 2454 698 2509 Noa-daia,
732 2453 849 2496 filius
883 2453 1075 2509 Bennoi,
1106 2453 1274 2508 levitae,
1309 2453 1346 2480 34
1362 2454 1491 2510 juxta
1528 2468 1760 2497 numerum
1792 2459 1836 2496 et
1868 2452 2038 2509 pondus

210 2513 438 2569 omnium3
467 2512 826 2570 descriptumque
857 2518 923 2556 est
957 2526 1085 2556 omne
1109 2512 1281 2568 pondus
1309 2512 1357 2555 in
1386 2518 1582 2570 tempore
1604 2513 1697 2555 illo.
1723 2512 1759 2539 35
1776 2512 1862 2556 Sed
1892 2517 1935 2554 et
1964 2510 2039 2566 qui

212 2577 426 2615 venerant
454 2572 508 2615 de
538 2572 799 2629 captivitate
837 2571 916 2614 tilii
952 2570 1353 2626 transmigrationis
1395 2571 1650 2615 obtulerunt
1680 2571 2040 2615 holocautomata

214 2631 307 2674 Deo
332 2631 492 2687 Israel,
519 2632 683 2675 vitulos
714 2630 948 2674 duodecim
977 2644 1053 2686 pro
1079 2630 1199 2673 omni
1229 2631 1390 2687 populo
1418 2631 1576 2686 Israel,
1607 2631 1765 2674 arietes
1794 2629 2035 2684 nonaginta

210 2704 309 2747 sex,
342 2704 481 2746 agnos
509 2689 795 2747 septuaginta
824 2695 1012 2746 septem,
1047 2689 1190 2733 hircos
1216 2704 1292 2746 pro
1323 2695 1504 2747 peccato
1531 2689 1794 2744 duodecim3
1821 2688 1970 2732 omnia
1992 2688 2040 2730 in

211 2748 521 2792 holocaustum
535 2749 740 2794 Domino.
754 2748 790 2775 3⁶
806 2748 1042 2806 Dederunt,
1057 2753 1207 2792 autem
1225 2749 1370 2793 edicta
1395 2749 1511 2804 regis
1532 2749 1719 2805 satrapis
1745 2747 1819 2804 qui
1840 2753 1965 2791 erant
1986 2747 2040 2790 de

211 2814 451 2865 conspectu
475 2809 612 2865 regis,
640 2813 685 2852 et
709 2807 894 2851 ducibus
925 2813 1045 2850 trans
1067 2806 1252 2864 flumen,
1283 2815 1328 2852 et
1352 2810 1640 2853 elevaverunt
1662 2807 1876 2864 populum
1896 2811 1940 2850 et
1964 2806 2037 2849 do·

208 2879 336 2910 mum
356 2867 456 2911 Dei.

323 2989 348 3046 ξ
373 2989 436 3032 Π.
463 3013 525 3021 --
550 2988 680 3033 Omni
703 3004 780 3045 ope
805 2989 1023 3031 adnititur
1046 2987 1223 3032 Esdras
1247 2995 1296 3032 ut
1319 2990 1624 3033 rescindantur
1650 2990 1934 3032 nmtrimonia

861 3048 1096 3108 illeyitima
1118 3047 1391 3092 Judaeorum.

275 3162 379 3206 GAP.
406 3162 488 3206 IX.
509 3189 569 3196 —-
593 3162 607 3189 1
627 3163 869 3219 Postquam
894 3167 1042 3205 autem
1068 3162 1163 3205 haec
1188 3163 1409 3220 completa
1434 3169 1556 3219 sunt,
1587 3169 1868 3208 accesserunt
1887 3164 1945 3207 ad
1970 3178 2040 3208 me

209 3221 454 3278 principes,
494 3222 691 3265 dicentes
732 3239 740 3266 ε
782 3223 881 3265 Non
920 3227 985 3264 est
1024 3226 1251 3277 separatus
1288 3222 1476 3278 populus
1513 3223 1673 3278 Israel,
1707 3223 1956 3266 sacerdotes
1997 3228 2040 3266 et

213 3280 376 3336 levitae,
395 3295 421 3323 a
439 3281 613 3337 populis
637 3286 853 3325 terrarum
871 3286 913 3324 et
931 3280 1336 3324 abominationibus
1361 3295 1524 3337 eorum,
1551 3282 1734 3325 Chanan
1743 3282 1795 3324 aei
1817 3282 2036 3338 w‘delioet,

213 3344 259 3382 et
285 3339 486 3395 Hethaei,
516 3345 560 3383 et
584 3339 828 3396 Pherezaei,
855 3345 899 3383 et
924 3339 1143 3395 Jebusaei,
1174 3344 1218 3382 et
1245 3340 1625 3396 Ammonstarum,
1651 3346 1695 3384 et
1719 3340 2034 3398 Moabitarum,

214 3403 260 3441 et
291 3398 627 3455 AEgyptiorum,
662 3405 705 3442 et
737 3399 1129 3453 Amori'haeorun13
1161 3397 1178 3424 ²
1203 3399 1401 3442 tulerunt
1436 3399 1553 3442 enim
1591 3400 1645 3443 de
1677 3400 1852 3442 filiabus
1889 3414 2039 3443 eorum

215 3456 301 3499 sibi
319 3462 363 3500 et
382 3458 485 3501 filiis
505 3458 609 3513 suis,
632 3464 677 3501 et
694 3458 1064 3501 commiscuerunt
1084 3471 1233 3501 semen
1257 3463 1461 3501 sanctum
1483 3473 1583 3502 cum
1605 3459 1778 3515 populis
1799 3464 2035 3514 terrarum3

217 3530 373 3581 manus
413 3516 547 3560 etiam
596 3516 846 3574 principum
884 3521 926 3560 et
970 3515 1313 3572 magistratuum
1351 3516 1441 3559 fuit
1482 3517 1529 3560 in
1570 3517 1916 3572 transgressione
1954 3518 2037 3562 hac

215 3588 371 3631 prima.

2102 2109 2174 2135 Iter
2187 2106 2295 2140 ipsum
2307 2111 2341 2136 et

2111 2152 2280 2180 adventus
2292 2152 2327 2180 in

2123 2196 2321 2225 Jerusalem.

2174 3175 2276 3208 Culpa

2103 3219 2219 3252 populi
2243 3218 2346 3247 mani-

2147 3263 2305 3292 testatur.
