2391 3861
673 175 782 216 Ac'r.
816 173 1002 227 XXIII,
1037 174 1062 216 9
1095 199 1152 205 -
1184 173 1354 225 XXIV,
1386 174 1426 215 4.
1849 172 1955 215 1241

134 358 279 400 neque
314 344 545 400 angelum,
582 358 722 398 neque
755 344 987 400 spiritum;
1027 343 1234 400 pharisaei
1270 349 1419 386 autem
1463 350 1644 398 utraque
1683 344 1957 387 confitentur.

138 404 340 446 ⁹Factus
370 408 437 446 est
460 408 609 445 autem
644 403 812 445 clamor
839 416 1052 457 magnus:
1085 409 1127 445 et
1156 408 1384 457 surgentes
1413 401 1592 457 quidam
1623 399 1958 457 pharisaeorum,

139 462 414 519 pugnabant,
436 461 631 504 dicentes
661 478 669 504 :
696 461 815 503 Nihil
840 461 943 503 mali
967 461 1217 503 invenimus
1241 461 1285 502 in
1310 461 1485 503 homine
1511 460 1620 514 ist03
1647 459 1752 515 quid
1777 459 1811 502 si
1835 459 1958 515 spiri-

139 527 209 564 tus
237 520 406 563 locutus
434 525 500 562 est
530 519 589 573 ei,
616 526 693 562 aut
722 520 945 575 angelus?
978 519 1086 561 ¹01⁴st
1115 532 1215 561 cum
1242 533 1407 574 magna
1430 519 1644 561 dissensio
1673 518 1796 560 facta
1825 524 1958 574 esset,

139 579 300 622 timens
320 578 520 621 tribunus
546 592 597 627 ne
621 579 936 635 discerperetur
955 578 1118 620 Paulus
1135 578 1192 620 ab
1210 578 1328 634 ipsiS,
1347 577 1479 633 jussit
1498 577 1660 620 milites
1682 577 1958 632 descendere,

136 643 184 681 et
212 651 366 694 rapere
391 651 491 680 eum
519 637 572 680 de
600 637 743 681 medio
769 651 939 691 eorum,
965 650 1016 679 ac
1047 636 1262 679 deducere
1296 650 1395 684 eum
1429 637 1472 678 in
1509 643 1665 678 castra.
1704 635 1733 661 ¹¹
1752 636 1960 691 Sequenti

133 701 290 739 autem
315 702 456 751 nocte,
480 697 689 739 assistens
720 696 758 739 ei
789 695 1016 747 Dominus,
1039 695 1103 737 ait
1136 712 1143 738 :
1171 694 1387 737 Constans
1414 701 1505 737 esto
1526 712 1533 741 :
1562 695 1676 736 sicut
1697 695 1815 737 enim
1839 694 1960 737 testi-

137 755 294 797 ficatus
318 769 362 797 es
389 754 443 797 de
471 770 538 798 nie
559 755 605 797 in
628 755 895 809 Jerusalem,
921 754 984 796 sic
1011 759 1053 797 te
1079 758 1248 809 oportet
1272 758 1315 795 et
1340 755 1489 796 Roma:
1516 753 1753 796 testificari.

204 812 236 839 ¹²
254 813 392 856 Facta
414 820 562 857 autem
581 814 663 868 die,
692 814 963 868 collegerunt
984 827 1030 855 se
1056 812 1234 868 quidam
1258 826 1311 854 ex
1334 812 1520 866 Judaeis,
1544 818 1587 854 ct
1610 812 1882 855 devoverunt
1902 827 1959 868 se,

134 872 336 916 'diceutes
359 886 499 927 neque
522 873 876 926 manducaturos,
904 885 1043 927 neque
1071 870 1299 925 bibituros,
1322 870 1461 913 donec
1483 870 1734 913 occiderent
1760 871 1961 916 Paulum.

143 931 177 958 ¹3
203 933 340 974 Erant
377 937 525 975 autem
565 932 662 988 plus
701 945 831 987 quam
873 930 1168 986 quadraginta
1208 929 1288 972 viri
1335 930 1407 984 qui
1453 929 1568 972 hanc
1611 930 1962 985 conjurationem

140 991 352 1034 fecerant..
397 989 428 1016 ¹¹
455 990 536 1041 Qui
578 995 858 1034 accesserunt
898 989 954 1032 ad
996 989 1216 1046 principes
1258 988 1536 1031 sacerdotum
1582 992 1624 1030 et
1669 988 1881 1044 seniores,
1919 993 1964 1032 et

133 1049 346 1092 dixerunt
380 1067 388 1093 :
424 1050 669 1093 Devotione
702 1049 960 1092 devovimus
987 1063 1065 1091 nos
1091 1047 1201 1090 nihil
1228 1053 1503 1103 gustaturos,
1538 1046 1676 1089 donec
1711 1047 1963 1090 occidamus

139 1108 341 1151 Paulum.
374 1108 405 1135 ¹5
425 1110 552 1151 Nunc
580 1123 682 1165 ergo
709 1122 784 1152 vos
812 1112 965 1151 notum
990 1107 1129 1150 facite
1163 1107 1339 1149 tribuno
1372 1120 1472 1148 cum
1499 1105 1706 1161 concilio,
1737 1111 1782 1148 ut
1806 1106 1963 1162 produ-

134 1172 215 1209 cat
247 1167 376 1210 illum
411 1168 467 1210 ad
506 1182 603 1222 vos,
643 1175 854 1223 tanquam
887 1166 1054 1222 aliquid
1089 1166 1250 1209 certius
1284 1165 1503 1221 cognituri
1542 1164 1596 1207 de
1632 1179 1695 1208 eo.
1735 1165 1825 1207 Nos
1862 1179 1964 1208 vero

140 1226 393 1282 priusquam
418 1228 669 1284 appropiet,
698 1227 839 1283 parati
865 1239 1017 1269 sumus
1040 1225 1286 1268 interficere
1310 1225 1451 1267 illum.
1488 1238 1490 1240 ’

203 1285 236 1311 ¹⁶
254 1285 376 1336 Quod
405 1300 505 1329 cum
527 1286 723 1328 audisset
753 1285 866 1328 filius
897 1285 1053 1328 sororis
1084 1284 1212 1327 Pauli
1237 1284 1441 1339 insidias,
1469 1283 1610 1335 venit,
1644 1289 1687 1326 et
1712 1283 1895 1326 intravit-
1919 1283 1965 1326 in

140 1350 304 1396 castra,
343 1345 653 1400 nuntiavitque
693 1345 845 1387 Paulo.
889 1344 922 1370 ¹⁷
947 1345 1124 1387 Vocans
1165 1348 1314 1387 autem
1357 1343 1520 1385 Paulus
1561 1342 1617 1385 ad
1655 1355 1700 1385 se
1739 1357 1873 1385 unum
1912 1356 1966 1385 ex

140 1404 486 1459 centurionibus,
512 1405 578 1446 ait
605 1420 614 1446 z
640 1404 983 1447 Adolescentem
1002 1405 1126 1446 -huuc
1152 1403 1316 1459 perduc
1341 1403 1398 1445 ad
1423 1398 1664 1456 tribunum,
1689 1402 1822 1444 habet
1848 1401 1965 1444 enim

133 1463 307 1518 ,aliquid
330 1463 526 1506 indicare
548 1463 628 1505 illi.
660 1462 691 1489 ¹8
711 1464 768 1505 Et
788 1463 864 1506 ille
891 1463 1067 1518 quidem
1090 1476 1319 1505 assumens
1342 1476 1461 1515 eum,
1484 1461 1612 1503 duxit
1633 1460 1690 1503 ad
1715 1460 1963 1513 tribunum,

138 1527 184 1565 ct
208 1522 272 1564 ait
304 1539 312 1565 :
341 1522 528 1564 Vinctus
556 1521 718 1564 Paulus
745 1522 919 1577 rogavit
954 1536 1022 1565 me
1055 1522 1172 1564 hunc
1197 1521 1519 1563 adolescentem
1548 1519 1786 1575 perducere
1818 1519 1874 1562 ad
1900 1525 1963 1574 te,

140 1580 380 1624 habentem
410 1580 578 1636 aliquid
612 1580 729 1636 loqui
770 1580 865 1622 tibi.
905 1581 939 1606 ¹9
964 1580 1314 1636 Apprehendeus
1351 1584 1502 1621 autem
1543 1579 1744 1621 tribunus
1785 1593 1964 1621 manum

139 1639 285 1694 illius,
314 1640 496 1682 secessit
529 1653 628 1682 cum
663 1653 711 1681 eo
746 1654 961 1695 seorsum,
998 1646 1041 1682 et
1074 1638 1365 1693 interrogavit
1397 1638 1524 1679 illurn
1555 1655 1562 1681 :
1598 1637 1712 1687 Quid
1738 1643 1822 1692 est,
1851 1637 1964 1692 quod

140 1698 277 1742 habes
308 1698 508 1741 indicare
540 1698 685 1741 mihi?
720 1697 757 1725 2⁰
782 1698 864 1741 Ille
897 1707 1045 1741 autom
1080 1698 1193 1740 dixit
1227 1714 1235 1740 :
1269 1697 1441 1740 Judaeis
1475 1696 1683 1739 convenit
1714 1710 1867 1752 rogare
1902 1703 1963 1751 te,

141 1762 188 1800 ut
224 1758 416 1800 crastina
454 1758 525 1801 die
561 1758 777 1815 producas
817 1758 1005 1800 Paulum
1040 1758 1086 1800 in
1125 1757 1382 1811 concilium,
1424 1755 1548 1811 quasi
1589 1755 1756 1810 aliquid
1806 1754 1965 1797 certius

137 1816 390 1873 inquisituri
416 1817 505 1860 sint
531 1818 583 1860 de
608 1817 699 1860 illo.
727 1817 760 1843 2¹
781 1819 848 1860 Tu
873 1832 976 1860 vero
1003 1831 1056 1860 ne
1083 1815 1321 1859 credideris
1347 1814 1435 1857 illis
1456 1832 1464 1870 3
1491 1814 1758 1857 insidiantur
1782 1814 1902 1857 enim
1927 1814 1966 1857 ei

133 1890 194 1918 ex
219 1875 280 1919 eis
303 1877 386 1918 viri
412 1876 602 1932 amplius
628 1891 762 1932 quam
788 1876 1095 1932 quadraginta,
1116 1875 1254 1931 quise
1272 1875 1544 1918 devoverunt
1569 1887 1656 1916 non
1682 1873 1966 1928 manducare,

142 1949 282 1990 neque
313 1935 484 1991 bibere,
521 1936 660 1978 donec
692 1936 962 1979 interficiant
987 1950 1085 1978 eum
1106 1953 1114 1990 3
1153 1942 1194 1977 et
1219 1948 1336 1977 nunc
1361 1933 1503 1989 parati
1529 1937 1653 1988 sunt,
1680 1936 1965 1988 expectantes

140 1994 404 2050 promissum
429 2000 568 2037 tuum.
595 1993 632 2020 ”²2
649 1995 871 2038 Tribunus
895 1995 1032 2050 igit-ur
1057 1994 1227 2037 dimisit-
1250 1992 1592 2048 adolescentem,
1623 1991 1885 2048 praecipiens
1911 2005 1966 2034 ne

131 2052 211 2096 cui
237 2053 486 2109 loqueretur
511 2054 718 2109 quoniam
744 2054 839 2097 haec
865 2060 970 2097 nota
995 2053 1078 2096 sibi
1105 2054 1299 2096 fecisset.

199 2108 237 2138 '²3
255 2113 314 2154 Et
339 2113 506 2155 vocatis
533 2113 701 2156 duobus
729 2113 1074 2168 centurionibus,
1093 2113 1208 2156 dixit
1231 2113 1347 2156 illis:
1369 2112 1529 2154 Parate
1547 2111 1713 2154 milites
1739 2111 1964 2166 ducentos,

138 2177 188 2215 ut
213 2177 315 2215 eant
341 2186 476 2227 usque
502 2172 770 2228 Caesaream,
799 2177 843 2215 et
868 2172 1035 2227 equites
1061 2172 1364 2228 septuaginta,
1392 2176 1438 2213 et
1461 2170 1705 2214 lancearios
1732 2170 1964 2225 ducentos,

133 2246 165 2273 a
190 2231 319 2273 tertia
353 2231 460 2274 hora
493 2231 660 2287 noctis,
688 2231 723 2258 ‘²4
749 2237 793 2274 et
825 2232 1027 2287 jumenta
1053 2237 1328 2288 praeparate3
1363 2235 1411 2272 ut
1442 2230 1721 2285 imponentes
1754 2228 1964 2283 Paulum,

139 2290 312 2333 salvum
356 2290 648 2347 perducerent
691 2291 748 2334 ad
795 2291 989 2334 Felicem
1034 2290 1284 2347 praesidem.
1322 2289 1360 2315 ‘25
1388 2289 1573 2332 Timuit·
1598 2289 1715 2332 enim
1755 2302 1810 2330 ne
1851 2288 1967 2330 forte

141 2355 346 2405 raperent
371 2364 471 2392 eum
497 2350 657 2404 Judaei,
686 2357 728 2393 et
756 2351 1018 2405 occiderent,
1044 2356 1090 2393 et
1113 2350 1207 2407 ipse
1232 2354 1384 2406 postea
1409 2348 1681 2391 calumniam
1715 2347 1962 2399 sustineret,

141 2419 353 2463 tanquam
384 2416 646 2465 accepturus
680 2410 926 2466 pecuniam.
956 2408 993 2435 ‘²⁶
1008 2409 1214 2452 Scribens
1240 2408 1473 2465 epistolam
1500 2407 1802 2450 continentem
1828 2407 1925 2448 haee
1957 2423 1965 2450 :

135 2467 352 2510 Claudius
380 2469 535 2524 Lysias
562 2469 728 2524 optimo
754 2469 933 2526 priesidi
967 2469 1130 2523 Felici,
1164 2469 1366 2510 salutem.
1393 2466 1427 2492 27
1448 2467 1604 2509 Virum
1630 2467 1746 2508 huuc
1773 2479 1968 2521 compre-

141 2527 328 2570 hensum
363 2542 389 2570 a
426 2527 618 2583 Judaeis,
657 2533 702 2571 et
737 2528 1026 2584 incipientem
1066 2527 1254 2571 interfici
1291 2527 1349 2569 ab
1388 2526 1471 2580 eis,
1513 2524 1826 2581 superveniens
1868 2538 1968 2566 cum

137 2586 339 2628 ⁴exercitu
372 2586 534 2643 eripui,
569 2587 745 2642 cognito
779 2588 883 2643 quia
916 2588 1142 2630 Romanus
1175 2592 1269 2641 est;
1304 2585 1340 2612 '28
1365 2585 1605 2640 volensque
1641 2583 1752 2626 scire
1789 2596 1967 2625 causam

140 2648 275 2700 quani
301 2645 574 2701 objiciebant
607 2646 694 2701 illi,
723 2646 885 2689 deduxi
919 2661 1018 2690 eum
1044 2647 1088 2688 in
1125 2645 1363 2689 concilium
1390 2658 1553 2687 eorum.
1581 2642 1617 2668 29
1644 2643 1784 2693 Quem
1817 2642 1968 2685 inveni

134 2704 341 2746 accusari
375 2704 428 2747 de
462 2705 780 2760 quaestionibus
814 2706 923 2761 legis
956 2705 1173 2761 ipsorum,
1210 2704 1322 2747 nihil
1355 2717 1457 2746 vero
1490 2703 1674 2758 dignum
1713 2706 1853 2744 morte
1892 2706 1968 2744 aut

144 2762 331 2805 vinculis
364 2763 602 2807 habentem
636 2765 847 2808 criminis.
879 2764 916 2791 30
943 2766 1000 2807 Et
1032 2779 1132 2807 cum
1165 2764 1273 2806 mihi
1306 2763 1526 2820 perlatum
1559 2765 1676 2804 esset
1708 2761 1762 2803 de
1793 2760 1969 2804 insidiis

135 2835 250 2877 -quas
286 2828 552 2878 paraverant
586 2823 674 2877 illi,
713 2824 812 2866 misi
849 2837 952 2866 eum
983 2824 1040 2866 ad
1073 2829 1136 2879 te,
1171 2823 1438 2866 denuntians
1471 2825 1516 2863 ct
1547 2818 1880 2863 accusatoribus
1920 2823 1968 2862 ut

139 2881 296 2924 dicant
319 2881 439 2937 apud
463 2887 518 2925 te.
545 2883 672 2925 Vale.

202 2940 235 2967 3¹
259 2940 425 2983 Milites
451 2955 575 2997 ergo,
595 2942 842 2984 ‘secundum
867 2947 1140 2998 praeceptum
1163 2941 1268 2996 sibi,
1296 2943 1570 2983 assumentes
1595 2938 1805 2993 Paulum,
1832 2937 1966 2981 duxe-

140 3004 244 3043 runt
269 3014 348 3057 per
370 3006 544 3043 noctem
570 3000 614 3042 in
642 3001 974 3056 Antipatridem
992 3018 1000 3056 ;
1021 3000 1057 3027 32
1078 3006 1119 3043 et
1145 3006 1320 3056 postera
1347 2999 1429 3053 die,
1453 2997 1646 3041 dimissis
1673 2997 1894 3053 equitibus
1920 3001 1968 3040 ut

141 3073 244 3102 cum
269 3073 318 3102 eo
344 3059 472 3114 irent,
498 3060 660 3103 reversi
686 3066 789 3102 suut
813 3059 874 3106 ad,
896 3067 1069 3112 castra;
1096 3061 1132 3083 ³³³³
1151 3059 1223 3114 qui
1250 3073 1350 3110 cum
1377 3057 1603 3101 venissent
1635 3057 1897 3112 Caesaream,
1925 3062 1968 3099 et

143 3118 430 3161 tradidissent
455 3118 686 3175 epistolam
714 3118 912 3175 praesidi,
939 3124 1189 3161 statuerunt
1213 3123 1317 3161 ante
1347 3117 1475 3159 illum
1501 3123 1546 3159 et
1570 3116 1774 3158 Paulum.
1801 3115 1838 3142 ³¹²
1856 3115 1967 3158 Cum

143 3177 325 3233 legisset.
355 3183 524 3233 autem,
560 3183 602 3221 et
634 3178 948 3233 interrogasset
981 3177 1034 3220 de
1067 3191 1152 3233 qua
1185 3176 1412 3234 provincia
1445 3181 1578 3231 esset,
1617 3181 1663 3218 et
1697 3188 1966 3231 cognoscens

135 3237 246 3291 quia
282 3236 335 3279 de
371 3236 530 3289 Cilicia
563 3254 572 3280 :
607 3237 642 3263 35
671 3236 863 3280 Audiam
899 3243 967 3291 te,
998 3236 1160 3292 inquit„
1199 3249 1301 3279 cum
1337 3240 1616 3278 accusatores
1650 3234 1712 3276 tui
1751 3233 1965 3276 venerint.

144 3295 372 3351 dussitque
395 3296 442 3339 in
467 3296 672 3353 praetorio
700 3295 892 3339 Herodis
916 3295 1125 3338 custodiri
1152 3309 1264 3339 eum.

204 3355 310 3399 CAP.
336 3356 506 3398 XXIV.
532 3381 591 3389 —-
619 3356 627 3381 ¹
651 3356 756 3398 Post
788 3355 979 3410 quinque
1011 3360 1160 3397 autem
1193 3354 1307 3410 dies,
1342 3354 1572 3398 descendit
1596 3353 1800 3410 princeps
1825 3364 1966 3393 sacer-

144 3413 318 3468 dotum,
340 3415 552 3470 Ananias,
579 3429 682 3458 cum
706 3413 950 3457 senioribus
976 3413 1254 3469 quibusdam,
1274 3420 1318 3457 et
1341 3413 1538 3457 Tertullo
1565 3411 1755 3468 quodam
1783 3416 1964 3463 oratore,

136 3473 217 3528 -qui
267 3472 473 3517 adierunt
511 3474 748 3530 praesidem
786 3472 1000 3516 adversus
1039 3473 1240 3516 Paulum.
1282 3472 1300 3499 ”³
1336 3474 1391 3515 Et
1437 3472 1572 3515 citato
1622 3469 1782 3523 Paulo,
1831 3468 1966 3525 coepit

135 3546 354 3575 accusare
378 3532 614 3589 Tertullus,
641 3533 791 3576 dicens
821 3548 830 3575 :
858 3531 970 3574 Cum
995 3532 1040 3574 in
1067 3532 1207 3575 multa
1232 3546 1340 3588 pace
1364 3544 1550 3587 agamus
1575 3544 1652 3586 per
1675 3534 1730 3583 te,
1757 3534 1802 3571 et
1826 3528 1966 3571 multa

140 3591 420 3647 corrigantur
458 3606 536 3648 per
575 3596 697 3635 tuam
736 3591 1081 3648 providentiam,
1118 3591 1136 3618 3
1167 3605 1340 3647 semper
1387 3595 1428 3633 et
1477 3589 1637 3644 ubique
1677 3588 1961 3644 suscipimus,

135 3650 309 3704 optime
343 3651 492 3708 Felix,
527 3664 626 3694 cum
660 3651 778 3694 omni
811 3650 1053 3706 gratiarum
1084 3650 1271 3693 actione.
1297 3648 1314 3675 ‘¹
1334 3650 1401 3692 Ne
1426 3647 1592 3691 diutius
1625 3652 1772 3690 autem
1800 3654 1844 3691 te
1866 3661 1964 3704 pro-

2053 823 2250 858 conjuratio

2092 871 2209 895 contra

2074 911 2223 939 Paulum.

2092 2118 2217 2146 Paulus

2075 2161 2228 2191 mittitur

2058 2207 2248 2235 Caesaream.

2051 3360 2149 3389 Actio
2166 3359 2253 3395 judi-

2047 3404 2142 3434 cialis
2161 3403 2255 3434 Pauli

2098 3456 2209 3477 coram

2093 3491 2214 3522 Felice.
