2423 3861
723 112 873 154 Evam.
909 110 997 163 IX,
1034 108 1083 150 11
1120 133 1177 138 —
1209 106 1271 158 X,
1310 105 1373 146 10.
1879 97 1958 141 741

318 288 350 315 11
373 286 572 344 Speciem
597 283 790 326 mulieris
812 280 926 323 alien
936 294 970 321 ae
999 277 1125 320 inulti
1151 273 1379 327 admirati,
1406 269 1579 328 reprobi
1602 266 1716 311 facti
1739 270 1866 323 sunt3

435 343 702 398 colloquium
728 341 846 384 enim
867 338 986 380 illius
1011 336 1135 392 quasi
1161 334 1276 391 ignis
1302 328 1562 376 exardescit.
1927 321 1934 328 ’

319 405 354 432 ¹²
375 405 486 448 Cum
507 402 653 444 aliena
675 399 857 442 muliere
880 411 934 440 ne
959 396 1112 439 sedeas
1137 393 1338 447 omniuo,

437 476 516 505 nec
542 459 779 502 accumbas
806 471 907 501 cum
932 470 982 498 ea
1007 468 1137 510 super
1162 452 1386 504 cubitum;

378 523 414 549 13
434 526 479 565 et.
503 533 589 562 non
615 517 840 560 alterceris
864 529 963 556 cum
988 513 1066 555 illa
1092 513 1135 554 in
1164 513 1286 566 vino,

378 596 433 625 ne
453 580 570 622 forte
593 576 786 619 declinet
812 589 885 617 cor
910 578 1033 614 tuum
1055 572 1100 613 in
1123 571 1268 623 illam,

436 644 479 682 et
503 634 721 689 sanguine
746 639 820 675 tuo
846 630 1010 674 labaris
1035 630 1081 671 in
1108 628 1413 685 perditionem.

319 699 354 726 11
376 700 442 742 Νθ
467 694 746 749 derelinquas
770 691 964 734 amicum
989 688 1247 743 antiquum;
2088 688 2226 718 Amicus

436 769 575 799 novus
600 752 719 796 enim
747 765 834 793 non
861 749 943 793 erit
967 746 1125 790 similis
1150 745 1229 787 illi.
2072 732 2242 766 antiquus.

321 817 356 843 15
376 815 544 859 Vinum
570 825 733 855 novum
758 809 927 852 amicus
953 820 1118 859 novus;

438 876 703 925 veterascet,
730 874 774 913 et
799 883 899 911 cum
921 865 1141 909 suavitate
1166 862 1292 905 bibes
1317 861 1442 904 illud.

321 934 357 961 ¹⁰
378 934 479 976 Non
503 931 618 974 zeles
643 929 831 986 gloriam
857 932 900 970 et
921 939 1025 981 opes
1050 921 1319 980 peccatoris;
2040 920 2178 968 neg-sulae
2191 918 2280 947 circa

438 1005 525 1034 non
547 990 666 1033 enim
691 988 777 1031 scis
802 1001 900 1042 quae
921 986 1076 1028 futura
1100 982 1159 1025 sit
1181 980 1302 1023 illius
1324 978 1564 1022 subversio.
2039 970 2280 1036 ‘'{ffglffsshffln'

322 1051 355 1078 ¹7
379 1052 478 1095 Non
504 1050 679 1107 placeat
704 1046 785 1090 tibi
815 1045 978 1102 injuria
1003 1042 1290 1098 injustorum,
2239 1027 2246 1035 “

439 1110 582 1153 sciens
608 1107 818 1164 quoniam
843 1118 979 1160 usque
1004 1101 1061 1144 ad
1087 1101 1255 1143 inferos
1280 1112 1367 1140 non
1397 1095 1593 1154 placebit
1617 1093 1794 1150 impius.

322 1170 356 1197 18
381 1172 534 1225 Longe
558 1167 711 1210 abesto
732 1166 788 1208 ab
812 1163 989 1207 homine
1015 1163 1282 1218 potestatem
1308 1157 1502 1199 habente
1528 1151 1779 1207 occidendi,

439 1234 482 1272 et
507 1242 594 1271 non
620 1223 913 1282 suspicaberis
936 1222 1141 1264 timorem
1163 1217 1329 1260 mortis.

323 1288 358 1314 ¹9
380 1289 437 1331 Et
461 1288 497 1330 si
519 1285 756 1329 accesseris
781 1283 838 1326 ad
863 1282 1012 1337 illum,
1040 1279 1129 1322 noli
1156 1275 1326 1332 aliquid
1353 1274 1648 1328 committere,

441 1361 497 1390 ne
521 1346 638 1389 forte
663 1344 840 1386 auferat
865 1341 1006 1384 vitam
1027 1344 1165 1382 tuam.

323 1405 359 1432 ‘²⁰
380 1404 748 1449 Communionem
774 1400 927 1444 mortis
957 1399 1088 1453 scito,

442 1464 651 1520 quoniam
676 1461 722 1503 in
744 1460 890 1503 medio
913 1459 1171 1514 laqueorum
1192 1453 1472 1511 ingredieris,

442 1530 486 1567 et
506 1537 636 1579 super
662 1519 910 1564 dolentium
935 1532 1058 1560 arma
1083 1514 1348 1559 ambulabis.

324 1583 356 1609 2¹
382 1582 632 1626 Secundum
658 1579 869 1621 virtutem
892 1583 1015 1620 tuam
1042 1590 1150 1618 cave
1174 1579 1218 1617 te
1242 1588 1268 1616 a
1289 1571 1491 1630 proximo
1516 1575 1610 1623 tuo,

442 1648 486 1685 et
512 1655 612 1684 cum
634 1637 910 1695 sapientibus
937 1641 980 1679 et
1001 1633 1294 1692 prudentibus
1319 1635 1475 1674 tracta.

325 1700 361 1727 2‘2
382 1701 480 1745 Viri
506 1699 614 1756 justi
641 1698 730 1741 sint
754 1696 837 1739 tibi
866 1695 1088 1749 convivae,

443 1766 487 1803 et
507 1759 554 1802 in
578 1758 736 1801 timore
760 1755 843 1800 Dei
867 1755 925 1798 sit
946 1754 1028 1797 tibi
1053 1751 1286 1809 gloriati03

326 1819 362 1846 23
382 1825 427 1863 et
450 1820 497 1862 in
522 1832 654 1861 sensu
674 1816 732 1859 sit
756 1815 838 1858 tibi
866 1814 1087 1870 cogitatus
1115 1811 1220 1864 Dei,

445 1884 489 1922 et
510 1877 652 1921 omnis
679 1873 898 1919 enarratio
924 1880 1001 1916 tua
1025 1873 1073 1915 in
1092 1868 1325 1928 praeceptis
1349 1866 1584 1912 Altissimj.

327 1936 362 1964 24
383 1939 436 1981 In
463 1952 598 1980 manu
618 1935 838 1978 artificum
866 1947 997 1990 opera
1018 1930 1333 1983 laudabuntur,

447 2003 490 2040 et
514 1996 718 2053 princeps
739 1992 891 2050 populi
916 1991 962 2033 in
988 1989 1207 2048 sapientia
1229 1987 1443 2031 sermonis
1468 1985 1554 2042 sui,

448 2056 494 2098 in
518 2069 649 2098 sensu
670 2067 773 2096 vero
799 2051 1021 2095 seniorum
1042 2050 1240 2093 verbum.

330 2116 365 2143 2⁵
386 2114 614 2159 Terribilis
637 2117 703 2155 est
726 2112 773 2153 in
796 2111 978 2154 civitate
1005 2124 1085 2153 sua
1108 2109 1240 2151 homo
1263 2106 1518 2161 linguosus3

447 2180 490 2217 et
510 2171 769 2216 temerarius
794 2171 840 2212 in
862 2169 997 2212 verbo
1022 2183 1099 2212 suo
1127 2166 1305 2211 odibilis
1331 2164 1427 2207 erit.

206 2237 318 2282 CAP.
347 2236 402 2277 X.
427 2261 487 2266 —
511 2233 525 2258 1
545 2231 694 2275 Judex
715 2229 892 2286 sapiens
917 2227 1139 2284 judicabit
1165 2224 1377 2283 populum
1403 2237 1550 2279 suum,
2104 2226 2150 2273 De
2167 2231 2246 2258 rege

450 2299 492 2336 et
516 2291 791 2348 principatus
816 2287 982 2331 sensati
1008 2285 1182 2330 stabilis
1205 2284 1300 2328 erit.
2071 2270 2275 2340 ξζξῇἳῗέζῑξῧ

352 2352 369 2379 2
389 2351 642 2396 Secundum
663 2348 860 2405 judicem
885 2346 1058 2403 populi,
1081 2345 1144 2388 sic
1166 2349 1211 2387 et
1232 2342 1424 2385 ministri
1451 2342 1548 2398 ejus
1566 2359 1574 2396 ;
2146 2318 2158 2345 ¹
2262 2329 2270 2339 “

451 2416 495 2454 θ1;
520 2409 662 2466 qualis
686 2413 829 2451 rect-or
850 2412 915 2450 est
941 2404 1157 2459 civitatis,
1184 2402 1296 2446 tales
1322 2406 1366 2444 et
1390 2400 1694 2443 inhabitantes
1715 2400 1761 2442 in
1786 2412 1852 2442 ea.

351 2472 369 2499 3
391 2473 486 2514 Rex
509 2469 724 2525 insipiens
749 2466 903 2523 perdet
928 2464 1140 2521 populum
1165 2477 1317 2516 suum;

453 2535 496 2573 et
522 2528 726 2571 civitates
751 2524 1120 2568 inhabitabuntur
1144 2535 1221 2578 per
1243 2534 1420 2564 sensum
1444 2519 1706 2576 potentium.

353 2590 371 2617 4
392 2591 446 2633 In
467 2603 602 2631 manu
630 2586 713 2630 Dei
738 2590 935 2642 potestas
956 2588 1086 2626 terrae
1106 2600 1115 2637 ς

454 2654 498 2692 et
522 2647 678 2690 utilem
702 2653 916 2688 rectorem
943 2642 1176 2685 suscitabit
1200 2641 1247 2683 in
1271 2645 1447 2696 tempus
1473 2652 1602 2694 super
1626 2636 1760 2679 illam.

354 2710 371 2736 5
393 2710 446 2752 In
469 2721 604 2750 manu
630 2705 714 2748 Dei
739 2702 1006 2761 prosperitas
1030 2700 1245 2753 hominis;

453 2774 496 2811 et
521 2780 650 2823 super
675 2764 842 2807 faciem
869 2762 1025 2805 scribae
1050 2761 1249 2816 imponet
1272 2759 1482 2801 honorem
1506 2769 1648 2798 suum.

355 2828 373 2855 ⁰
394 2826 548 2872 Omnis
572 2824 751 2880 injuriae
777 2821 966 2879 proximi
994 2835 1048 2863 ne
1070 2818 1343 2872 memineris,
2135 2814 2223 2842 Mala

457 2892 500 2930 et
524 2885 636 2928 nihil
661 2897 768 2939 agas
794 2882 839 2924 in
865 2880 1068 2937 operibus
1094 2877 1286 2934 injuriae.
2090 2858 2265 2935 ξζΙῇᾒῐέἰἘ

358 2945 373 2972 7
396 2944 587 2989 Odibilis
609 2957 756 2986 coram
783 2942 877 2984 Deo
899 2944 965 2983 est
990 2944 1033 2982 et
1053 2937 1307 2981 hominibus
1332 2934 1558 2992 superbia,

457 3010 500 3047 et
522 3001 785 3047 execrabilis
811 2999 954 3043 omnis
979 2997 1191 3053 iniquitas
1214 2995 1429 3052 gentium.

357 3063 376 3092 8
397 3065 599 3119 Regnum
625 3077 651 3105 a
677 3066 810 3117 gente
833 3060 875 3102 in
900 3063 1078 3113 gentem
1105 3056 1370 3098 transfertur
1394 3058 1572 3110 propter
1595 3050 1863 3108 injustitias,

458 3128 501 3166 ct
525 3121 734 3178 injurias,
761 3125 805 3163 et
830 3117 1142 3171 contumelias,
1170 3119 1214 3158 et
1239 3114 1434 3157 diversos
1460 3111 1597 3156 dolos.

357 3180 377 3208 9
395 3182 546 3225 Avaro
571 3186 722 3224 autem
748 3178 860 3221 nihil
883 3184 948 3220 est
970 3175 1211 3219 scelestius.

457 3241 571 3291 Quid
597 3238 794 3296 superbit
819 3243 932 3280 terra
959 3241 1002 3278 et
1027 3234 1138 3277 cinis
1153 3233 1174 3276 ⁴?

341 3298 379 3327 ¹0
398 3300 523 3344 Nihil
549 3305 616 3343 est
639 3298 832 3354 iniquius
858 3310 990 3352 quam
1014 3308 1162 3336 amare
1187 3292 1445 3350 pecuniam;

458 3360 530 3402 hic
556 3359 674 3402 enim
700 3363 744 3401 et
767 3357 964 3400 animam
989 3367 1115 3396 suam
1139 3352 1342 3395 venalem
1366 3352 1518 3406 habet,

459 3417 668 3474 quoniam
693 3417 738 3459 in
761 3416 854 3458 vita
877 3429 954 3456 sua
979 3412 1168 3469 projecit
1193 3410 1353 3454 intima
1377 3424 1469 3453 sua.

167 3580 217 3616 16]
233 3580 310 3608 Jud.
329 3580 388 3608 IX.
408 3582 434 3607 4.
457 3579 492 3607 ΙΙ
512 3579 594 3609 ch.
614 3576 686 3610 XV,
704 3577 748 3602 10.
773 3588 808 3592 ——
829 3573 858 3605 2]
878 3572 974 3598 Prov.
993 3569 1122 3604 XXIX,
1140 3572 1183 3598 12.
1197 3584 1232 3588 ——
1249 3570 1278 3602 3]
1300 3568 1353 3595 ΙΙΙ
1374 3567 1456 3600 Reg.
1478 3566 1558 3599 XII.
1579 3569 1620 3593 13.
1640 3580 1674 3584 -
1691 3565 1720 3598 G]
1739 3564 1817 3592 ch.
1835 3561 1931 3598 XIX,
1949 3563 1993 3590 13.

169 3624 249 3658 -8]
275 3625 355 3652 Dan.
377 3625 419 3651 Γ*
452 3628 460 3635 “
475 3627 482 3638 ⁴
