2391 3861
738 83 800 125 IV
839 84 973 126 Esus.
1008 83 1106 136 XV,
1141 82 1197 124 32
1229 108 1286 113 —-
1319 82 1451 130 xvi,
1484 81 1553 124 ⁶26.
2116 82 2194 125 27*

96 264 178 300 post
200 261 280 293 binc
305 261 597 300 supervalescent
625 260 802 292 dracones
827 259 1035 291 nativitatis
1056 267 1132 291 suoe
1159 267 1355 298 memores,
1373 263 1410 291 et
1431 261 1649 291 convertent
1674 267 1710 289 se
1734 258 1986 298 conspirantes
2003 257 2038 290 in
2057 257 2196 290 virtute

96 320 230 350 magua
249 313 295 343 ad
321 312 587 351 persequendos
608 319 678 343 eos.
703 303 738 329 ³²
754 311 816 343 Isti
843 311 1096 342 turbabuntur
1121 312 1159 343 et
1182 311 1344 343 silebunt
1370 311 1406 342 in
1431 311 1572 342 virtute
1598 309 1763 349 illorum,
1788 313 1825 342 et
1849 312 2069 342 convertent
2090 310 2196 349 pedes

94 372 174 395 suos
198 363 235 395 in
263 364 410 403 tugam;
436 355 472 381 ³³
487 365 524 395 et
548 371 568 394 a
586 362 776 394 territorio
794 361 1030 401 Assyriorum
1052 362 1238 394 subsessor
1261 362 1441 393 obsidebit
1466 370 1545 401 eos,
1571 363 1608 394 et
1632 364 1821 393 consumet
1843 369 1957 394 unum
1983 369 2027 393 ex
2052 361 2144 400 illis,
2161 365 2197 393 et

92 416 164 447 erit
183 417 294 447 timor
318 418 356 447 et
380 418 518 447 tremor
543 416 579 445 in
604 413 766 446 exercitu
788 414 949 452 illorum,
975 416 1012 446 et
1036 415 1225 446 contentio
1250 413 1286 445 in
1310 422 1413 452 reges
1433 413 1606 452 ipsorum.
1623 405 1656 431 34
1679 413 1768 445 Ecce
1793 413 1907 445 nubes
1928 414 1974 444 ab
1994 412 2134 445 oriente
2159 416 2196 445 et

92 467 344 506 septentrione
369 474 482 504 usque
507 466 552 497 ad
578 465 842 505 meridianum,
863 466 900 497 et
922 465 1032 497 tucies
1054 473 1181 497 earum
1206 465 1355 497 horrida
1374 465 1496 504 valde,
1518 466 1627 504 plena
1649 464 1713 496 irae
1739 466 1776 497 et
1802 465 1991 504 procellae3
2011 456 2047 482 35
2065 467 2101 496 et
2129 466 2196 496 col-

91 517 208 549 lident
231 525 269 550 se
295 516 473 555 invicem,
498 519 535 548 et
559 516 736 548 collident
764 516 866 548 sidus
897 517 1083 555 copiosum
1112 524 1221 555 super
1246 519 1406 555 terrani,
1437 520 1476 547 et
1505 515 1605 548 sidus
1638 517 1807 555 illorum,
1835 518 1872 548 et
1900 517 1973 548 erit
2001 517 2150 555 sanguIs
2178 524 2198 547 a

91 568 212 607 gladio
238 576 352 607 usque
376 568 422 598 ad
448 569 638 605 ventremg
665 558 700 585 ³⁶
718 569 756 599 et
781 568 888 599 timus
908 567 1068 599 hominis
1092 575 1207 606 usque
1231 568 1277 599 ad
1301 568 1536 599 sill)>t1·amen
1557 568 1707 606 cameli,
1728 570 1765 598 et
1782 568 1854 600 erit
1872 567 1984 599 timor
2001 570 2038 599 et
2060 570 2197 600 tremor

90 620 232 650 multus
254 625 363 657 super
387 621 549 656 ἴθι-ταὼς
576 610 610 635 37
629 620 668 650 et
693 618 899 650 horrebunt
925 618 987 657 qui
1012 618 1191 650 videbunt
1218 619 1308 650 iram
1335 619 1457 656 illam,
1482 621 1521 650 et
1541 620 1680 650 tremor
1702 619 1953 658 apprehendet
1978 619 2068 651 illos.

143 669 190 700 Et
215 671 298 708 post
320 669 401 700 baec
425 668 628 700 movebunt
649 668 765 700 nimbi
789 668 924 707 copiosi
946 661 982 687 3⁸
997 677 1019 700 a
1041 669 1242 700 meridiano
1263 671 1301 701 et
1325 670 1599 708 septentrione,
1624 672 1661 701 et
1686 670 1807 709 portio
1831 670 1904 702 alia
1923 670 1970 702 ab
1991 671 2194 708 occidente:

91 712 128 739 39
145 722 183 753 et
204 719 542 759 superinvalescent
560 719 662 752 venti
684 720 730 751 ab
750 720 911 759 oriente,
935 721 972 751 et
997 720 1190 751 recludent
1214 729 1313 760 eam,
1333 723 1371 752 et
1392 721 1525 752 nubem
1551 729 1661 759 quam
1686 721 1857 753 suscitavi
1882 721 1920 753 in
1942 721 2015 761 ira,
2036 724 2073 754 et
2099 723 2196 754 sidus

89 773 134 804 ad
161 771 366 804 taciendam
392 770 713 803 exterritationem
739 771 786 803 ad
815 770 1033 803 orientalem
1061 775 1215 803 ventum
1241 774 1278 803 et
1306 771 1529 803 occidentem
1556 771 1776 811 violabitur,
1805 765 1842 790 40
1866 775 1903 804 et
1935 773 2197 805 exaltabuntur

90 823 206 856 nubes
230 830 375 862 magnae
404 825 442 855 et
466 822 598 855 validae
632 823 751 862 plenae
777 821 864 861 irae,
889 825 926 855 et
954 822 1073 862 sidus,
1100 825 1143 854 ut
1167 824 1380 855 exterreant
1405 831 1549 854 omnem
1578 827 1737 863 terram,
1766 826 1804 856 et
1828 823 2076 856 inhabitantes
2101 833 2197 857 eam.

90 878 128 908 et
151 874 352 907 infundent
376 883 485 914 super
509 882 656 907 omnem
680 875 799 906 locum
828 875 947 906 altum
980 876 1017 906 et
1048 873 1271 906 eminentem
1297 874 1395 906 sidus
1420 874 1604 914 terribile,
1633 866 1665 892 41
1686 875 1807 914 ignem
1833 877 1870 907 et
1897 876 2134 914 grandinem,
2163 880 2195 908 et

90 927 325 967 rhomphaeas
342 927 530 966 volantes,
550 927 587 958 et
607 934 721 966 aquas
740 926 898 965 multas,
920 927 963 958 ut
986 925 1097 958 etiam
1119 925 1348 965 impleantur
1364 934 1489 958 omnes
1514 927 1645 966 campi,
1670 930 1708 958 et
1731 934 1856 958 omnes
1878 927 1948 958 rivi
1969 927 2198 966 plenitudine

91 986 272 1018 aquarum
293 979 511 1011 multarum.
537 969 573 996 ⁴²
587 978 635 1010 Et
654 977 905 1010 demolientur
929 977 1118 1018 civitates,
1142 979 1180 1010 et
1200 985 1343 1017 muros,
1362 980 1401 1009 et
1424 982 1588 1017 montes,
1612 980 1649 1009 et
1673 978 1802 1017 eolles,
1824 981 1862 1010 et
1881 978 1979 1017 ligna
1999 978 2198 1012 silvarum.

89 1034 127 1064 et
149 1031 290 1063 foenum
314 1032 527 1070 pratorum,
547 1031 586 1062 et
606 1030 799 1062 frumenta
819 1038 958 1062 eorum.
980 1020 1016 1048 43
1035 1029 1083 1061 Et
1105 1029 1320 1062 transibunt
1344 1031 1556 1061 constantes
1580 1037 1695 1069 usque
1720 1030 1766 1061 ad
1783 1030 2005 1069 Babylonem
2018 1055 2026 1070 ,
2046 1032 2084 1062 et
2104 1034 2199 1063 exte-

90 1086 175 1114 rent
199 1090 304 1120 eam3
334 1074 369 1100 44
391 1082 613 1114 convenient
643 1082 690 1113 ad
716 1081 852 1121 ipsam,
876 1082 915 1114 et
942 1080 1153 1114 circuibunt
1177 1089 1278 1121 eam,
1306 1083 1344 1113 et
1368 1082 1562 1113 effundent
1589 1080 1707 1121 sidus,
1731 1082 1769 1114 et
1793 1089 1938 1113 omnem
1968 1081 2060 1113 iram
2090 1090 2198 1121 super

89 1141 189 1175 eam,
207 1136 246 1166 et
270 1134 407 1166 subibit
431 1133 552 1174 pulvis
576 1135 614 1166 et
634 1134 759 1166 fumus
781 1141 895 1173 usque
915 1132 954 1165 in
978 1134 1134 1174 caeium,
1158 1137 1195 1166 et
1219 1141 1343 1166 omnes
1365 1134 1404 1165 in
1424 1132 1582 1165 circuitu
1603 1133 1783 1172 lugebunt
1804 1141 1906 1173 eam;
1929 1125 1967 1151 45
1982 1135 2021 1164 et
2044 1133 2107 1172 qui
2132 1133 2200 1165 sub

89 1193 131 1218 ea
156 1186 418 1225 remanserint,
442 1185 603 1218 servient
626 1185 684 1217 his
707 1185 771 1225 qui
794 1186 1068 1218 exterruerunt.

142 1229 179 1255 46
205 1237 254 1269 Et
275 1240 336 1277 tu,
366 1237 470 1277 Asia,
495 1246 642 1270 concors
666 1237 703 1269 in
728 1245 828 1276 spem
859 1237 1074 1276 Babylonis,
1094 1237 1132 1269 et
1161 1237 1281 1276 gloria
1304 1245 1470 1276 personae
1499 1237 1596 1277 ejus,
1621 1229 1657 1255 47
1677 1245 1733 1269 vae
1756 1236 1845 1277 tibi,
1875 1236 2024 1278 misera,
2049 1239 2200 1278 propter

89 1290 189 1329 quod
214 1289 426 1321 assimilasti
446 1290 497 1329 ei,
516 1292 555 1322 et
579 1288 721 1321 ornasti
746 1289 838 1321 filias
862 1291 946 1321 tuas
961 1288 999 1320 in
1016 1288 1281 1329 fornicatione,
1298 1289 1344 1321 ad
1365 1289 1583 1328 placendum
1600 1289 1638 1322 et
1653 1289 1893 1329 gloriandum
1909 1289 1947 1321 in
1969 1290 2199 1323 amatoribus

89 1341 182 1382 tuis,
207 1342 269 1381 qui
295 1344 417 1374 tecum
443 1341 640 1381 cupierunt
663 1349 806 1381 semper
826 1339 1015 1373 fornicari.
1037 1332 1073 1359 ‘⁴⁸
1090 1339 1272 1373 Odibilem
1295 1340 1443 1373 im1tata
1465 1348 1502 1373 es
1530 1340 1568 1373 in
1592 1341 1762 1373 omnibus
1786 1341 1957 1380 operibus
1980 1343 2077 1381 ejus,
2097 1343 2135 1374 et
2162 1341 2199 1374 in

88 1393 414 1426 adinventionibus
441 1394 540 1433 ejus3
564 1396 758 1433 propterea
785 1392 875 1425 dicit
900 1393 1023 1425 Deus:
1047 1383 1085 1410 49
1106 1392 1320 1425 Immittam
1348 1392 1420 1425 tibi
1448 1393 1564 1432 mala,
1589 1393 1831 1432 viduitatem,
1859 1394 2134 1434 paupertatem,
2161 1396 2200 1426 et

89 1446 245 1484 famem,
271 1447 309 1478 et
332 1445 554 1489 gladium‚et
569 1445 782 1487 pestem,ad
797 1445 1043 1478 devastandas
1069 1444 1196 1476 domos
1219 1445 1303 1476 tuas
1327 1452 1348 1476 a
1371 1444 1591 1484 violatione,
1616 1445 1654 1477 et
1682 1446 1820 1484 morte,
1843 1446 1882 1477 et
1909 1445 2026 1484 gloria
2049 1445 2199 1477 virtutis

89 1499 181 1529 tuae.
205 1489 242 1516 50
261 1497 364 1530 Sicut
379 1497 445 1528 fios
469 1495 676 1537 siccabitur,
697 1505 779 1529 cum
804 1498 960 1536 exurget
981 1497 1092 1528 ardor
1115 1496 1179 1535 qui
1203 1496 1354 1528 emissus
1378 1499 1434 1528 est
1457 1505 1567 1536 super
1591 1499 1639 1536 te,
1666 1487 1695 1514 51
1713 1495 1959 1528 infirmaberis
1982 1498 2026 1529 ut
2049 1505 2200 1537 pauper-

88 1550 171 1581 cula
196 1550 347 1588 plagata
370 1551 408 1581 et
432 1548 613 1587 castigata
632 1557 653 1580 a
674 1548 910 1588 mulieribus,
926 1550 971 1580 ut
991 1556 1066 1580 non
1080 1547 1220 1587 possint
1240 1551 1280 1581 te
1298 1548 1481 1588 suscipere
1502 1550 1672 1588 potentes
1688 1549 1727 1579 et
1743 1549 1938 1580 amatores.
1958 1540 1993 1567 52
2011 1548 2200 1588 Numquid

88 1608 156 1639 ego
179 1600 230 1632 sic
253 1600 401 1636 zelabor.
420 1603 476 1640 te,
502 1600 589 1632 dicit
616 1599 814 1639 Dominus,
841 1592 876 1618 53
893 1599 965 1632 nisi
985 1599 1174 1632 occidisses
1200 1600 1335 1632 electos
1360 1608 1457 1633 meos
1477 1601 1516 1632 in
1540 1599 1640 1632 omni
1661 1601 1846 1640 tempore,
1867 1601 2036 1633 exaltans
2056 1609 2200 1641 percus-

88 1652 228 1683 sionem
253 1658 449 1689 manuum,
477 1653 516 1682 et
540 1651 663 1682 dicens
688 1659 799 1689 super
823 1656 983 1682 mortem
1011 1658 1157 1691 eorum,
1182 1660 1266 1683 cum
1293 1651 1477 1684 inebriata
1501 1660 1613 1691 esses,
1651 1643 1685 1669 54
1719 1658 1861 1683 exorna
1889 1652 2044 1692 speciem
2073 1654 2200 1685 vultus

89 1700 173 1734 tui?
190 1694 226 1719 55
241 1700 380 1734 Merces
404 1700 658 1733 fornicationis
682 1703 760 1733 tuse
780 1700 820 1733 in
840 1701 924 1733 sinu
948 1703 1035 1740 tuo,
1061 1704 1215 1741 propter
1231 1702 1299 1734 hoc
1319 1703 1566 1735 redditionem
1588 1702 1754 1742 accipies.
1775 1695 1811 1721 56
1830 1703 1930 1736 Sicut
1947 1704 2059 1737 facies
2076 1705 2201 1737 electis

89 1753 198 1793 meis,
219 1753 308 1785 dicit
329 1752 525 1794 Dominus,
549 1752 599 1785 sic
623 1753 739 1785 faciet
762 1752 830 1785 tibi
852 1753 970 1793 Deus,
996 1754 1037 1785 et
1060 1754 1186 1785 tradet
1206 1755 1244 1786 te
1268 1753 1306 1785 in
1331 1755 1480 1786 malum.
1509 1746 1543 1772 57
1563 1755 1612 1786 Et
1632 1755 1711 1786 nati
1735 1756 1792 1787 tui
1817 1756 1914 1787 fame
1934 1755 2113 1788 interient
2126 1767 2135 1796 ;
2163 1760 2200 1788 et

89 1807 133 1837 tu
157 1805 376 1844 rhomphaea
403 1805 528 1845 cades,
551 1806 590 1838 et
615 1804 786 1837 civitates
803 1806 880 1837 tuae
905 1806 1161 1845 conterentur,
1185 1807 1223 1837 et
1247 1813 1373 1837 omnes
1396 1805 1454 1837 tui
1477 1806 1517 1837 in
1538 1813 1665 1845 eampo
1688 1806 1811 1844 gladio
1835 1807 1980 1839 cadent.
2004 1799 2039 1826 5⁸
2061 1808 2110 1840 Et
2138 1809 2201 1847 qui

89 1859 180 1889 sunt
203 1855 241 1888 in
271 1856 477 1897 montibus,
499 1858 597 1889 fame
622 1856 815 1896 peribimt,
832 1859 869 1889 et
891 1857 1168 1889 manducabunt
1191 1865 1320 1889 earnes
1345 1865 1449 1896 suas,
1473 1859 1511 1890 et
1535 1857 1752 1897 sanguinem
1776 1857 1923 1897 bibent,
1940 1866 1963 1890 a
1981 1859 2081 1892 fame
2101 1860 2201 1899 panis

88 1909 128 1941 et
151 1908 212 1940 siti
239 1917 361 1948 aquae.
392 1900 428 1926 59
449 1908 588 1941 Infelix
615 1917 680 1948 per
704 1909 823 1941 maria
847 1909 987 1948 venies,
1011 1909 1050 1941 et
1074 1917 1223 1941 rursum
1243 1908 1398 1948 accipies
1423 1910 1530 1942 mala.
1553 1901 1590 1928 60
1608 1910 1656 1941 Et
1684 1909 1723 1941 in
1747 1909 1911 1942 transitu
1939 1911 2094 1943 allident
2119 1911 2202 1943 civi-

89 1962 206 1992 tatem
228 1960 403 2000 occisam,
427 1963 466 1993 et
492 1962 665 1993 exterent
708 1961 872 2000 aliquam
891 1959 1100 2000 portionem
1129 1962 1242 1993 terrae
1266 1964 1364 2001 tuae,
1388 1962 1427 1993 et
1451 1962 1596 2001 partem
1620 1961 1749 2001 gloriae
1779 1962 1856 1993 tuae
1882 1963 2201 2002 exterminabunt,

87 2019 238 2044 rursum
262 2014 493 2045 revertentes
514 2013 560 2045 ad
581 2013 806 2053 Babylonem
830 2012 1044 2045 subversam
1057 2022 1067 2053 ;
1092 2003 1123 2030 61
1140 2015 1178 2045 et
1203 2012 1380 2045 demolita
1404 2013 1474 2045 eris
1497 2013 1570 2045 illis
1593 2022 1660 2053 pro
1680 2012 1840 2053 stipula,
1863 2015 1901 2046 et
1921 2013 1988 2054 ipsi
2004 2016 2116 2047 erunt
2136 2014 2202 2047 tibi

87 2063 206 2103 ignis;
233 2055 270 2081 62
286 2067 327 2097 et
346 2064 577 2097 devorabunt
602 2066 659 2105 te,
682 2066 722 2097 et
745 2064 917 2097 civitates
940 2066 1045 2104 tuas,
1070 2065 1208 2097 terram
1234 2066 1361 2104 tuam,
1381 2066 1418 2097 et
1446 2066 1591 2098 montes
1616 2068 1723 2104 tu0s3
1751 2073 1878 2098 omnes
1903 2066 2016 2098 silvas
2036 2069 2137 2106 tuas,
2165 2070 2203 2100 et

89 2115 231 2154 lignum
264 2115 506 2149 fructiferum
538 2116 616 2155 igni
647 2117 877 2149 comburent.
903 2107 941 2134 63
958 2117 1070 2148 Filios
1094 2117 1178 2149 tuos
1207 2118 1374 2157 captivos
1403 2117 1560 2157 ducent,
1584 2119 1622 2150 et
1656 2124 1805 2149 censum
1834 2119 1942 2149 tuum
1973 2117 2011 2149 in
2040 2119 2201 2159 praedam

88 2166 294 2208 habebunt,
315 2170 354 2200 et
377 2169 532 2208 gloriam
557 2167 667 2201 faciei
691 2170 768 2200 tuae
795 2167 1110 2201 exterminabunt.

1097 2260 1204 2318 §11

140 2376 226 2409 CAP.
251 2377 348 2409 XVI.
371 2395 414 2399 —
436 2368 530 2409 ¹Vae
557 2377 643 2417 tibi,
669 2377 835 2417 Babylon
858 2378 897 2409 et
921 2376 1034 2410 Asia!
1059 2385 1118 2409 vae
1144 2376 1232 2417 tibi,
1258 2377 1417 2417 AEgypte
1440 2378 1479 2410 et
1501 2376 1633 2418 Syria!
1656 2369 1673 2396 2
1692 2377 1916 2417 Praecingite
1939 2386 2003 2410 v‹·s
2023 2378 2151 2418 saccis,
2166 2381 2202 2409 et

89 2426 214 2459 ciliciis
229 2452 237 2466 ‚
261 2432 299 2460 et
330 2428 496 2468 plangite
528 2428 621 2460 filios
650 2431 812 2469 vestros,
837 2430 875 2461 et
902 2429 1043 2469 dolete,
1075 2429 1248 2468 quoniam
1284 2428 1594 2469 appropinquavit
1626 2429 1800 2461 contritio
1823 2431 1956 2462 vestra.
1984 2421 2000 2447 3
2017 2430 2203 2462 Immissus

89 2482 145 2511 est
164 2479 265 2512 vebis
289 2481 453 2520 gladius,
479 2482 518 2513 et
541 2482 625 2520 quis
645 2482 702 2513 est
725 2480 788 2520 qui
812 2482 961 2513 avertat
985 2481 1120 2513 illum?
1144 2473 1159 2498 4
1180 2480 1370 2513 Immissus
1395 2482 1451 2513 est
1472 2481 1513 2513 in
1533 2481 1634 2513 vobis
1651 2481 1766 2520 ignis,
1784 2483 1821 2513 et
1838 2481 1918 2520 quis
1935 2483 1992 2514 est
2008 2481 2070 2521 qui
2087 2483 2203 2514 extin-

89 2534 180 2571 guat
205 2531 338 2564 illum?
361 2525 377 2550 5
394 2533 564 2564 Immissa
588 2534 675 2565 sunt
698 2533 800 2564 vobis
821 2534 934 2572 mala,
956 2536 994 2565 et
1018 2533 1099 2572 quis
1124 2535 1180 2566 est
1206 2533 1270 2572 qui
1294 2534 1452 2573 repellat
1469 2534 1538 2566 ea?
1562 2524 1579 2551 6
1596 2533 1788 2573 Numquid
1808 2534 1964 2573 repellet
1981 2534 2113 2573 aliquis
2131 2534 2201 2565 leo-

89 2591 171 2615 nem
194 2584 417 2616 esurientem
440 2585 479 2616 in
504 2585 615 2624 silva,
639 2586 706 2617 aut
729 2584 925 2624 extinguet
949 2585 1072 2624 ignem
1098 2585 1137 2617 in
1160 2584 1317 2625 stipula,
1335 2593 1422 2617 mox
1449 2585 1597 2624 quando
1619 2586 1775 2625 coeperit
1799 2585 1954 2617 ardere?
1979 2577 1996 2603 ⁷
2014 2584 2203 2625 Numquid

90 2636 245 2675 repellet
269 2637 404 2675 aliquis
429 2637 605 2675 sagittam
630 2645 651 2668 a
674 2635 871 2675 sagittario
894 2637 985 2669 forti
1010 2637 1184 2670 missam?
1211 2629 1227 2655 ⁸
1246 2636 1426 2669 Dominus
1449 2636 1558 2669 fortis
1581 2637 1758 2669 immittit
1780 2638 1896 2677 mala,
1913 2639 1952 2669 et
1967 2636 2050 2676 quis
2065 2639 2122 2669 est
2140 2638 2204 2676 qui

90 2688 246 2727 repellat
270 2688 338 2720 ea?
365 2679 383 2706 9
399 2688 500 2720 Exiit
524 2687 619 2728 ignis
643 2696 688 2721 ex
712 2688 902 2721 iracundia
926 2689 1023 2729 eius,
1048 2692 1086 2721 et
1110 2689 1191 2728 quis
1214 2690 1271 2721 est
1296 2690 1360 2728 qui
1383 2689 1581 2728 extinguat
1605 2690 1716 2721 eum?
1740 2680 1774 2706 ¹⁰
1798 2688 2029 2730 coruscabit,
2057 2690 2095 2721 et
2123 2689 2203 2728 quis

88 2747 163 2771 non
194 2739 369 2772 timebit?
394 2739 571 2780 Tonabit,
595 2742 632 2772 et
657 2741 740 2779 quis
767 2749 842 2772 non
869 2740 1046 2780 pavebit?
1067 2731 1095 2758 ¹¹
1115 2740 1292 2773 Dominus
1321 2740 1618 2780 comminabitur,
1644 2743 1681 2773 et
1706 2740 1788 2780 quis
1819 2748 1894 2772 non
1924 2740 2096 2772 funditus
2120 2749 2203 2773 con-

89 2793 234 2823 teretur
253 2800 274 2823 a
297 2792 389 2824 faeie
409 2791 550 2832 ipsius?
574 2783 608 2810 ¹²
625 2792 741 2825 Terra
765 2793 922 2825 tremuit
950 2794 987 2825 et
1009 2793 1261 2826 fundamenta
1285 2795 1381 2832 eim,
1406 2801 1506 2824 mare
1527 2793 1688 2825 fluctuat
1712 2793 1756 2825 de
1779 2793 1983 2832 profundo,
2006 2794 2043 2824 et
2067 2793 2204 2825 fluctus

92 2844 168 2881 eius
193 2843 512 2881 disturbabuntur,
530 2846 568 2877 et
591 2845 705 2884 pisces
729 2845 824 2885 ejus,
848 2853 870 2876 a
893 2844 987 2877 facie
1013 2845 1179 2884 Domini,
1203 2846 1241 2877 et
1265 2853 1287 2877 a
1306 2844 1425 2884 gloria
1448 2844 1601 2876 virtutis
1626 2845 1723 2884 ejus;
1741 2835 1775 2862 ¹³
1793 2843 1966 2884 quoniam
1988 2843 2097 2876 fortis
2118 2844 2202 2877 dex-

94 2894 170 2927 tera
190 2896 276 2934 ejus
299 2903 384 2935 quae
405 2904 531 2928 arcum
560 2896 704 2936 tendit;
726 2897 874 2937 sagittae
900 2898 979 2936 ejus
1003 2898 1124 2929 acutae
1148 2905 1232 2936 quae
1258 2897 1304 2928 ab
1327 2896 1408 2936 ipso
1429 2897 1648 2935 mittuntur,
1669 2905 1742 2928 non
1770 2895 1957 2936 deficient,
1981 2903 2064 2928 eum
2090 2903 2203 2936 coepe·

92 2943 167 2991 rint
188 2947 287 2980 mitti
314 2948 352 2979 in
376 2948 468 2980 fines
491 2950 613 2981 terrae.
639 2939 670 2966 14
693 2949 783 2981 Ecce
803 2949 1011 2981 mittuntur
1036 2950 1152 2989 mala,
1177 2950 1215 2981 et
1242 2957 1317 2980 non
1341 2949 1588 2988 revertentur,
1610 2948 1723 2980 donec
1740 2948 1894 2980 veniant
1917 2955 2030 2987 super
2052 2950 2203 2980 terram.

95 2988 127 3014 ²⁵
146 2997 244 3036 Ignis
266 2999 513 3041 succenditur,
537 3001 576 3033 et
598 3008 676 3032 non
699 3000 952 3041 extinguetur,
977 3001 1090 3033 donec
1115 3002 1309 3033 consumat
1332 3001 1577 3032 fundamenta
1600 3001 1724 3033 terrae.
1743 2990 1777 3017 16
1793 3000 2109 3038 Quemadmodum
2130 3008 2202 3032 non

94 3048 192 3080 redit
224 3052 358 3091 sagitta
389 3051 501 3083 missa
532 3059 555 3084 a
578 3051 702 3084 valido
721 3051 933 3093 sagittario,
957 3052 1009 3084 sic
1033 3061 1108 3084 non
1136 3054 1375 3085 revertentur
1399 3054 1497 3084 mala
1521 3060 1604 3091 quae
1628 3052 1737 3084 missa
1760 3051 1902 3084 fuerint
1922 3051 1960 3083 in
1983 3053 2136 3085 terram.

143 3091 174 3117 ¹⁷
192 3100 258 3134 Vae
282 3102 391 3143 mihi,
417 3112 474 3136 vae
501 3103 610 3136 mihil
639 3103 721 3143 quis
747 3112 805 3136 me
829 3103 1001 3136 liberabit
1025 3104 1063 3136 in
1095 3103 1171 3136 illis
1203 3103 1362 3136 diebus?
1387 3095 1420 3122 ¹⁸
1440 3103 1594 3136 Initium
1619 3104 1788 3136 dolorum
1817 3104 1854 3135 et
1886 3104 1996 3135 multi
2026 3103 2200 3143 gemitus,

90 3149 237 3184 initium
262 3153 367 3186 famis
392 3159 429 3188 et
453 3154 563 3187 multi
590 3155 784 3196 interitus,
808 3155 957 3188 initium
985 3156 1167 3188 bellorum
1192 3157 1230 3188 et
1253 3155 1512 3187 formidabunt
1536 3157 1755 3195 potestates,
1779 3155 1929 3187 initium
1955 3156 2138 3187 malorum
2163 3158 2200 3188 et

92 3203 331 3241 trepidabunt
354 3215 489 3239 omnes.
515 3198 549 3224 ¹⁹
574 3207 619 3238 In
646 3206 704 3238 his
727 3207 817 3246 quid
841 3207 996 3248 faciam,
1020 3216 1104 3240 cum
1132 3207 1309 3241 venerint
1334 3208 1458 3239 mala?
1476 3198 1512 3226 ²⁰
1539 3207 1628 3239 Ecce
1653 3207 1792 3248 fames,
1816 3208 1854 3239 et
1877 3207 2004 3247 plaga,
2022 3209 2059 3239 et
2084 3207 2200 3240 tribu-

91 3253 198 3292 latio,
222 3258 260 3288 et
284 3258 472 3298 angustia,
498 3258 606 3290 missa
626 3260 715 3291 sunt
742 3259 890 3298 flagella
917 3258 956 3290 in
979 3260 1256 3300 emendatione,
1282 3250 1314 3276 ²¹
1332 3261 1370 3291 et
1394 3260 1432 3290 in
1461 3258 1516 3290 his
1541 3259 1711 3291 omnibus
1735 3266 1772 3291 se
1800 3266 1876 3290 non
1908 3261 2126 3291 convertent
2156 3260 2202 3292 ab

90 3304 348 3343 iniquitatibus
373 3310 466 3349 suis,
490 3318 609 3349 neque
633 3310 863 3350 flagellorum
889 3319 1068 3343 memores
1093 3312 1206 3343 erunt
1231 3319 1382 3350 semper.

143 3347 177 3374 ²²
196 3357 286 3391 Ecce
310 3360 382 3394 erit
407 3370 564 3394 annonae
590 3361 716 3394 vilitas
741 3370 853 3401 super
878 3364 1036 3403 terram,
1065 3363 1115 3395 sic
1139 3364 1182 3395 ut
1209 3365 1345 3403 putent
1374 3362 1443 3394 sibi
1468 3371 1543 3395 esse
1567 3363 1745 3395 directam
1774 3371 1920 3403 pacem,
1944 3365 1981 3396 et
2009 3364 2098 3396 tunc
2122 3371 2201 3403 ger-

90 3408 287 3443 minabunt
310 3413 407 3444 mala
430 3422 538 3454 super
558 3415 717 3454 terram,
741 3414 907 3454 gladius,
932 3415 1066 3454 fames,
1091 3417 1128 3447 et
1152 3422 1286 3454 magna
1307 3414 1484 3447 confusio.
1503 3406 1539 3432 ²3
1553 3415 1586 3447 A
1607 3415 1705 3446 fame
1725 3414 1823 3447 enim
1848 3414 1998 3455 plurimi
2015 3415 2078 3455 qui
2098 3415 2202 3448 inha-

89 3460 212 3494 bitant
228 3464 367 3496 terram
387 3465 586 3506 interient,
603 3468 639 3498 et
657 3465 800 3505 gladius
818 3466 949 3506 perdet
966 3469 1105 3499 ceteros
1123 3466 1186 3505 qui
1203 3467 1462 3506 superaverint
1485 3475 1507 3498 a
1525 3467 1644 3506 fame3
1663 3457 1698 3484 ²⁴
1713 3467 1751 3498 et
1768 3466 1909 3499 mortui
1926 3467 2023 3499 sicut
2040 3469 2202 3500 stercora

87 3513 344 3563 projicientur,
367 3521 405 3548 et
425 3525 498 3549 non
522 3517 592 3551 erit
617 3518 679 3558 qui
705 3519 918 3551 consoletur
943 3526 1012 3551 eos.
1039 3519 1330 3558 Dereliuquetur
1349 3517 1447 3550 enim
1475 3521 1576 3550 terra
1595 3519 1760 3558 deserta,
1778 3520 1816 3550 et
1832 3517 2001 3551 civitates
2019 3520 2098 3559 ejus
2116 3519 2201 3559 deji-

90 3565 247 3598 cientur.
274 3554 308 3583 115
337 3567 420 3600 Non
445 3569 725 3610 derelinquetur
749 3569 812 3609 qui
837 3572 934 3603 colat
960 3573 1119 3609 terrain,
1149 3572 1186 3603 et
1211 3570 1275 3610 qui
1299 3571 1455 3602 seminet
1478 3578 1571 3603 eam.
1597 3562 1633 3589 ²⁶
1656 3570 1773 3610 Ligna
1802 3570 1943 3602 dabunt
1974 3571 2141 3611 fructus,
2165 3573 2201 3603 et

1918 3634 1974 3678 88
