2423 3861
89 1796 199 1823 Verus
212 1795 320 1823 honor

143 1843 213 1869 stat
231 1840 265 1868 in

99 1885 219 1914 timore
239 1885 309 1915 Dei.

29 2383 33 2386 ’
90 2389 137 2416 De
154 2387 312 2422 pauperis

116 2435 151 2461 et
168 2432 288 2461 divitis

142 2475 260 2510 gloria.

108 3291 158 3319 Ex
184 3290 295 3324 specie

152 3342 250 3363 nemo

92 3377 305 3413 judicandus.

464 132 488 172 Ν)

1012 131 1161 171 1ῖ(;1”1.ῐ,
1199 130 1259 177 Χ,
1298 131 1348 170 11
1384 156 1443 160 —
1476 131 1564 178 XL
1599 133 1638 174 2.

581 302 614 328 11
641 301 795 345 Omnis
817 304 1074 356 potentatus
1100 299 1248 341 brevis
1274 299 1380 342 vita.

700 361 910 415 Languor
930 358 1144 415 prolixior
1169 363 1329 413 gravat
1352 358 1587 402 medicum.

580 419 614 445 '1'2
637 420 827 462 Brevem
852 418 1113 474 languorem
1140 418 1346 475 praecidit
1371 419 1594 471 medicus,

695 478 760 521 sic
785 482 829 521 et
852 493 932 521 rex
953 477 1085 521 hodie
1112 482 1198 533 est,
1227 482 1270 520 et
1292 491 1388 520 cras
1413 479 1638 521 morietur.

578 537 614 564 ¹3
635 539 747 582 Cum
773 537 894 581 enim
921 537 1132 580 morietur
1156 538 1309 591 homo,

694 597 965 640 hereditabit
991 604 1239 654 serpenteS,
1264 604 1307 639 et
1332 597 1518 648 bestias,
1545 604 1588 640 et
1613 612 1799 642 verines.

576 655 612 682 ¹4
634 657 822 700 Initium
849 657 1070 714 superbiae
1093 656 1287 700 hominis
1312 661 1566 714 apostatare
1589 672 1617 700 a
1643 657 1763 715 De03

636 716 671 743 '¹5
693 717 904 773 quoniam
925 717 982 759 ab
1006 731 1056 760 eo
1083 717 1157 773 qui
1183 717 1296 760 fecit
1319 717 1450 759 illum
1475 718 1666 760 recessit*
1685 732 1758 761 cor
1782 719 1900 775 ejus,

694 777 904 833 quoniam
926 777 1107 820 initium
1134 777 1279 820 omnis
1302 777 1477 834 peccati
1504 783 1570 820 est
1595 778 1818 834 superbia.

634 836 715 887 Qui
744 837 938 880 tenuerit
962 836 1090 880 illam
1112 837 1437 894 adimplebitur
1460 836 1735 891 maledictis.

692 902 736 939 et
762 897 989 940 subvertet
1015 912 1117 940 eum
1143 897 1189 939 in
1216 898 1363 940 tinem.

575 956 610 983 1⁶
632 957 872 1013 Propterea
900 957 1194 1000 exhonoravit
1221 957 1440 1000 Dominus
1468 964 1714 1000 conventus
1742 957 1981 1014 malorum,

694 1022 737 1060 et
759 1016 980 1060 destruxit
1004 1031 1079 1060 eos
1110 1031 1249 1072 usque
1273 1017 1321 1058 in
1346 1016 1494 1059 finem.

576 1075 608 1102 ¹7
632 1076 766 1120 Sedes
794 1076 958 1119 ducum
984 1077 1274 1133 superborum
1301 1075 1521 1119 destruxit
1549 1078 1690 1131 Deus,

691 1141 735 1179 et
760 1136 911 1179 sedere
933 1136 1046 1179 fecit
1071 1136 1203 1183 mites
1225 1150 1303 1193 pro
1329 1136 1405 1180 eiS.

574 1195 609 1222 18
632 1195 824 1239 Radices
850 1196 1054 1252 gentium
1079 1196 1372 1253 superbarum
1393 1196 1584 1240 arefecit
1609 1197 1748 1253 Deus,

692 1260 735 1300 et
760 1256 984 1312 plantavit
1009 1256 1200 1300 humiles
1227 1271 1282 1299 ex
1303 1256 1413 1313 ipsis
1438 1256 1662 1312 gentibus.

577 1315 609 1341 ¹⁰
630 1315 788 1358 Terras
813 1316 1018 1372 gentium
1041 1317 1200 1360 evertit
1227 1316 1468 1372 Dominus,

692 1380 735 1418 et
757 1375 953 1432 perdidit
975 1391 1048 1419 eas
1071 1391 1210 1433 usque
1231 1376 1290 1419 ad
1311 1377 1673 1421 fundamentum.

572 1434 609 1461 20
630 1435 836 1478 Arefecit
863 1450 918 1479 ex
938 1436 1067 1492 ipsis,
1096 1443 1139 1480 et
1166 1436 1434 1493 disperdidit
1461 1451 1554 1492 eos,

691 1500 734 1538 et
760 1510 930 1539 cessare
957 1496 1071 1539 fecit,
1094 1496 1359 1539 memoriam
1383 1511 1533 1540 eorum
1559 1512 1585 1539 a
1611 1503 1740 1541 terra.

571 1553 604 1580 '21
629 1555 895 1598 Memoriam
921 1556 1212 1612 superborum
1238 1556 1435 1612 perdidit
1462 1557 1603 1612 Deus,

691 1618 734 1657 et
755 1615 936 1671 reliquit
962 1616 1223 1659 memoriam
1249 1616 1487 1658 humilium
1514 1630 1659 1659 sensu.

571 1673 607 1699 29
629 1675 730 1716 Non
753 1680 820 1718 est
846 1680 993 1718 creata
1020 1676 1275 1718 hominibus
1303 1676 1532 1732 superbia,

690 1749 832 1790 neque
854 1735 1085 1777 iracundia
1111 1735 1281 1778 nationi
1305 1736 1556 1780 mulierum.

571 1793 608 1820 93
630 1794 789 1837 Semen
817 1794 1047 1836 hominum
1074 1795 1365 1837 honorabitur
1389 1795 1494 1850 hoc,
1524 1796 1639 1851 quod
1667 1797 1795 1839 timet
1822 1797 1993 1851 Deun13

690 1868 841 1897 semen
867 1860 1017 1896 autem
1045 1855 1127 1896 1100
1154 1854 1516 1909 exhonorabitur,
1546 1855 1663 1910 quod
1690 1856 1889 1912 praeterit
1916 1856 2129 1899 mandata
2155 1857 2240 1899 Do-

572 1912 607 1938 ‘24
631 1913 683 1955 In
712 1913 858 1957 medio
885 1913 1079 1956 fratrum
1105 1919 1249 1957 rector
1273 1913 1453 1956 illorum
1479 1915 1525 1956 in
1551 1915 1742 1969 honoreg
2095 1916 2241 1974 [mini.

690 1979 733 2016 et.
759 1973 832 2029 qui
855 1973 1016 2016 timent
1044 1974 1288 2016 Dominum
1313 1981 1442 2017 erunt
1466 1975 1511 2016 in
1541 1975 1680 2018 oculis
1702 1975 1837 2019 illius.

570 2031 606 2058 25
628 2032 783 2076 Gloria
810 2034 1023 2089 divitum,
1051 2033 1393 2088 honoratorum,
1422 2040 1465 2077 et
1491 2049 1758 2091 pauperum,

689 2093 822 2136 timor
850 2094 933 2136 Dei
960 2099 1039 2137 est.

570 2152 605 2179 2ss
627 2153 731 2196 Noli
759 2153 984 2210 despicere
1006 2154 1235 2198 hominem
1256 2154 1429 2211 justum
1455 2169 1717 2212 pauperem,

688 2219 731 2256 et
757 2213 848 2256 noli
875 2214 1164 2270 magnificare
1191 2215 1339 2257 virum
1368 2220 1650 2271 peccatorem
1677 2216 1877 2259 divitem.

570 2270 604 2297 ⁶²⁷
628 2273 842 2329 Magnus,
866 2280 911 2316 et
932 2274 1093 2330 judex,
1121 2280 1165 2317 et
1189 2281 1348 2331 potens
1373 2279 1440 2317 est
1465 2274 1511 2316 in
1538 2274 1727 2328 honore;

687 2343 731 2376 et-
756 2347 843 2376 non
871 2339 936 2377 est
962 2334 1107 2390 major
1127 2334 1206 2378 1110
1228 2334 1303 2390 qui
1331 2335 1462 2377 timet
1488 2335 1646 2377 Deum.

568 2391 603 2418 23
625 2392 760 2436 Servo
788 2400 963 2437 sensato
990 2394 1118 2438 liberi
1141 2395 1360 2450 servient,

686 2459 730 2496 et
755 2453 824 2496 vir
848 2454 1040 2510 prudens
1068 2460 1110 2497 et
1136 2454 1452 2511 disciplinatus
1477 2469 1565 2497 non
1593 2453 1891 2497 murmurabit
1913 2460 2160 2512 correptus,

687 2519 730 2556 et
755 2513 922 2556 inscius
948 2529 1036 2557 non
1065 2515 1368 2558 honorabitur.

567 2569 604 2596 29
625 2572 729 2615 Noli
758 2573 971 2617 extollere
995 2579 1040 2617 te
1064 2574 1111 2616 in
1137 2575 1352 2618 faciendo
1378 2589 1508 2632 opere
1531 2581 1627 2630 tuo,

686 2638 730 2675 et
756 2633 846 2676 noli
870 2634 1068 2676 cunctari
1092 2634 1137 2676 in
1162 2639 1363 2691 tempore
1387 2635 1626 2691 angustiae.

566 2690 604 2717 3⁰
624 2692 783 2736 Melior
801 2698 867 2736 est
893 2693 966 2749 qui
993 2699 1199 2751 operatur
1220 2700 1265 2737 et
1286 2694 1488 2737 abundat
1513 2695 1559 2736 111
1583 2694 1789 2737 omnibus

686 2767 820 2808 quam
846 2753 920 2809 qui
945 2754 1161 2809 gloriatur
1183 2759 1228 2797 et
1252 2759 1355 2810 eget
1378 2769 1506 2812 pane.

566 2811 599 2837 31
625 2812 734 2867 Fili,
761 2812 808 2854 in
835 2813 1178 2857 mansuetudine
1204 2829 1329 2857 serva
1357 2815 1557 2857 animam
1581 2819 1726 2869 tuam,

686 2877 730 2915 et
756 2871 813 2915 da
837 2872 905 2914 illi
930 2873 1142 2916 honorem
1165 2874 1410 2917 secundum
1437 2874 1647 2917 meritum
1673 2889 1814 2917 suum.

564 2929 601 2957 3⁶2
623 2932 891 2975 Peccantem
914 2932 959 2974 in
986 2933 1185 2976 animam
1210 2948 1339 2976 suam
1365 2934 1461 2990 quis
1488 2932 1786 2990 justificabit?

684 2996 728 3034 et
753 2991 851 3047 quis
876 2992 1190 3035 honorificabit
1215 2994 1569 3037 exhonorantem
1593 2993 1791 3036 animam
1818 2992 1977 3035 suam?

565 3049 602 3076 33
624 3051 797 3108 Pauper
822 3051 1038 3107 gloriatur
1060 3066 1137 3109 per
1162 3052 1451 3109 disciplinam
1479 3058 1522 3096 et
1548 3053 1753 3096 timorem
1779 3067 1934 3098 suum:

683 3117 727 3154 et
748 3116 814 3154 est
840 3111 971 3154 homo
996 3112 1070 3167 qui
1093 3113 1410 3155 honorificatur
1431 3119 1611 3170 propter
1635 3112 1936 3155 substantiam
1962 3127 2102 3155 suam.

566 3168 602 3194 34
623 3169 707 3219 Qui
732 3175 884 3213 autem
906 3171 1124 3226 gloriatur
1147 3172 1193 3214 in
1222 3178 1504 3228 paupertate,
1526 3177 1691 3229 quanto
1717 3173 1863 3228 magis
1887 3173 1931 3214 in
1955 3170 2231 3215 substantia!

683 3233 728 3271 et
753 3229 825 3284 qui
852 3230 1068 3285 gloriatur
1088 3231 1135 3273 in
1162 3232 1434 3288 substant-ia,
1458 3237 1770 3290 paupertatem
1796 3238 2014 3276 vereatur,

445 3285 553 3329 CAP.
580 3288 662 3330 XI.
684 3314 743 3321 -—
772 3290 781 3314 ¹
805 3289 1032 3346 Sapientia
1057 3291 1283 3334 humiliati
1310 3292 1530 3335 exaltabit
1555 3296 1690 3347 caput
1715 3293 1856 3341 illius,

685 3353 728 3390 et
753 3348 799 3390 in
823 3349 969 3392 medio
995 3356 1309 3406 magnatorum
1332 3351 1570 3406 consedere
1596 3351 1723 3393 illum
1751 3352 1905 3395 faciet.

583 3405 600 3431 2
622 3407 721 3450 Non
748 3407 902 3451 laudes
928 3409 1073 3452 virum
1098 3409 1144 3452 111
1171 3411 1317 3466 specie
1341 3426 1440 3467 sua,

680 3481 821 3523 neque
847 3481 1028 3523 spernas
1054 3469 1280 3512 hominem
1306 3470 1351 3512 in
1380 3471 1476 3513 visu
1507 3484 1596 3513 suo.

384 3670 433 3703 28]
456 3669 553 3698 Prov.
574 3670 687 3705 XVII,
709 3674 733 3698 2.
757 3670 792 3697 ΙΙ
811 3670 894 3703 Reg.
914 3670 1002 3705 XII,
1020 3673 1064 3700 13.
1083 3686 1119 3690 —
1137 3673 1165 3705 1]
1185 3673 1262 3701 Gen.
1282 3673 1371 3707 XLI,
1389 3675 1433 3701 40.
1458 3673 1537 3700 Dan.
1557 3673 1615 3708 VI,
1633 3677 1659 3703 3.
1682 3674 1778 3702 ιῘοι111.
1795 3675 1874 3710 VII,
1895 3677 1940 3704 18,
