2456 3861
234 489 383 520 Ministri

251 533 366 562 David.

186 851 316 878 Bellum
350 856 427 877 cum

200 893 414 922 Ammonitis.

206 942 236 966 1ο
259 937 406 966 OccasiO.

201 1978 236 2004 2⁰
251 1973 412 2004 Victoria.

193 3336 225 3362 3⁰
253 3334 434 3366 Expugna-

213 3383 269 3405 tur
290 3377 414 3405 Babba.

492 131 577 176 398
1019 129 1040 171 I
1075 129 1186 170 PAR.
1221 127 1409 181 XVIII,
1445 127 1501 168 13
1532 152 1592 159 —
1622 127 1731 182 XX,
1768 130 1802 169 1.

492 302 645 344 decem
682 303 725 341 et
762 302 861 340 octo
895 295 1050 340 millia.
1080 294 1116 320 13
1138 296 1196 337 Et
1229 294 1463 337 constituit
1499 293 1545 335 in
1579 293 1723 337 Edom
1757 294 2037 350 praesidium,
2067 301 2118 338 ut
2149 297 2336 340 serviret

474 360 691 403 ‘Idumaea
732 355 910 410 David;
949 353 1230 409 salvavitque
1270 352 1488 396 Dominus
1526 352 1675 396 David
1715 352 1762 395 in
1800 352 1971 396 01100110
2007 353 2065 396 0(1
2102 369 2201 410 quae
2238 369 2335 412 per-

490 421 681 460 rexerat.

550 475 585 501 '¹4
605 473 830 531 Regnavit
855 487 957 529 ergo
990 471 1139 516 David
1170 486 1300 528 super
1330 471 1586 514 universum
1618 471 1787 526 Israel;
1820 476 1864 515 et
1888 471 2090 515 faciebat
2116 471 2337 527 judicium

490 539 622 590 atque
643 533 867 591 justitiam
890 536 1050 575 cuncto
1071 531 1236 588 populo
1261 545 1352 574 suo.
1377 530 1412 557 15
1431 531 1565 574 Porro
1589 532 1615 574 J
1621 530 1725 587 oab,
1751 530 1867 574 filius
1891 530 2071 586 Sarviae,
2091 535 2186 573 erat
2208 545 2339 587 super

490 594 756 649 exercitum,
784 597 829 635 et
853 592 1094 647 Josaphat‚
1131 591 1248 634 filius
1273 590 1464 646 Ahilud,
1497 605 1523 632 a
1556 590 1900 635 commentariis.
1929 589 1965 616 16
1987 589 2134 634 Sadoc
2159 595 2334 636 autem.

490 653 606 696 filius
629 651 845 707 Achitob,
869 656 915 694 et
942 650 1230 705 Ahimelech,
1257 649 1373 693 filius
1399 649 1635 706 Abiathar,
1667 649 1945 704 sacerdotes,
1975 654 2020 693 et
2046 649 2155 693 Susa
2177 649 2336 694 scriba.

491 712 525 739 1⁷
545 712 739 755 Banaias
758 724 947 767 quoque,
968 710 1084 753 filius
1102 710 1298 764 Joiadae,
1315 723 1445 765 super
1468 709 1667 764 legiones
1690 708 1868 752 Cerethi
1886 713 1931 752 et
1955 708 2191 764 phelethi,
2211 722 2339 765 porro

490 772 571 815 filii
595 771 764 821 David,
790 769 923 827 primi
949 770 1006 813 ad
1033 784 1217 812 manum
1240 769 1371 825 regis.

550 832 657 875 CAP.
683 831 811 873 XIX.
830 856 888 862 ——
906 829 919 855 1
936 829 1118 872 Accidit
1136 834 1290 871 autem
1312 833 1361 871 ut
1386 832 1629 871 moreretur
1651 829 1787 883 Naas,
1809 843 1889 872 rex
1909 825 2105 871 filiorum
2125 828 2338 884 Ammon,

491 896 534 934 et
565 895 773 946 regnaret
805 889 922 933 filius
951 889 1045 946 ejus
1077 902 1156 945 pro
1185 902 1249 932 00.
1274 888 1293 913 2
1317 887 1530 943 Dixitque
1565 887 1742 930 David:
1775 888 1963 930 Faciam
1986 887 2341 931 misericordiam

491 964 592 993 cum
619 950 806 1005 Hanon,
826 948 919 991 filio
946 949 1092 1002 Naas3
1121 947 1334 1004 praestitit
1356 947 1476 990 enim
1499 947 1610 989 mihi
1628 952 1756 1003 pater
1778 947 1874 1003 ejus
1896 947 2103 1003 gratiam.
2128 946 2340 1002 Misit-,que

492 1009 640 1052 David
666 1008 845 1052 nuntios
868 1007 923 1050 ad
947 1007 1267 1050 consolandum
1293 1021 1396 1049 eum
1420 1021 1550 1062 super
1573 1011 1713 1049 morte
1740 1006 1880 1063 patris
1905 1006 1986 1049 sui.
2012 1006 2095 1057 Qui
2121 1020 2222 1049 01110
2243 1020 2340 1063 per-

492 1069 719 1112 venissent
744 1068 790 1111 in
811 1072 977 1111 terram
1002 1066 1193 1109 filiorum
1218 1067 1436 1121 Ammon,
1460 1070 1508 1108 111
1531 1065 1864 1108 consolarentur
1887 1067 2075 1122 Hanon,
2097 1065 2115 1092 3
2132 1065 2341 1108 dixerunt

491 1128 714 1185 principes
747 1127 939 1170 filiorum
974 1128 1170 1169 Ammon
1203 1125 1260 1168 ad
1295 1125 1492 1168 Hanon:
1525 1126 1593 1168 Tu
1630 1125 1822 1168 forsitan
1855 1130 2007 1181 putas,
2042 1125 2158 1180 quod
2194 1124 2342 1168 David

490 1187 668 1230 honoris
702 1201 835 1229 causa
867 1186 913 1228 in
946 1190 1121 1241 patrem
1153 1190 1281 1227 tuum
1311 1184 1482 1227 miserit
1506 1184 1582 1240 qui
1609 1184 1894 1228 consolentur
1918 1189 1992 1240 te3
2028 1198 2111 1227 nec
2137 1184 2341 1227 animad-

490 1246 626 1289 vertis
648 1245 764 1302 quod
790 1251 838 1288 ut
860 1245 1092 1301 explorent
1117 1248 1162 1286 et
1183 1244 1477 1300 investigent,
1502 1249 1546 1287 et
1575 1248 1828 1287 scrutentur
1848 1248 2013 1287 terram
2037 1248 2183 1300 tuam,
2207 1258 2339 1287 vene-

489 1306 580 1349 rint
604 1305 661 1348 ad
687 1310 731 1348 te
756 1304 872 1348 servi
899 1304 1009 1360 ejus.
1028 1303 1046 1330 4
1064 1303 1211 1359 Igitur
1233 1304 1399 1346 Hauon
1422 1317 1578 1360 pueros
1606 1303 1754 1346 David
1781 1303 2052 1359 decalcavit,
2077 1308 2121 1346 et
2141 1303 2272 1359 rasit,
2297 1307 2343 1346 et

490 1364 697 1422 praecidit
722 1364 898 1407 tunicas
923 1378 1075 1407 eorum
1107 1378 1133 1406 a
1162 1362 1342 1406 natibus
1371 1377 1508 1419 usque
1538 1363 1596 1406 ad
1628 1363 1785 1421 pedes,
1821 1367 1866 1406 et
1896 1362 2068 1406 dimisit
2097 1376 2183 1406 eos.
2215 1362 2232 1389 5
2258 1362 2342 1412 Qui

492 1439 594 1467 011111
634 1424 870 1479 0111100001,
913 1428 957 1467 01
999 1423 1084 1466 hoc
1125 1422 1416 1466 mandassent
1453 1422 1625 1478 David,
1668 1422 1792 1465 misit
1828 1422 1875 1465 in
1915 1436 2149 1465 occursum
2190 1435 2342 1465 eorum

494 1484 742 1541 (grandem
768 1483 887 1526 enim
916 1482 1233 1526 contumeliam
1259 1482 1618 1539 sustinuerant),
1647 1486 1690 1525 et
1718 1481 1934 1538 praecepit
1965 1487 2012 1524 ut
2037 1485 2271 1524 manerent
2295 1480 2343 1524 in

492 1544 519 1586 J
525 1544 695 1598 ericho,
724 1543 863 1586 donec
899 1546 1115 1585 cresceret
1140 1542 1280 1584 barba
1310 1556 1482 1597 eorum,
1509 1546 1554 1584 et
1578 1546 1684 1584 tunc
1715 1545 2056 1585 reverterentur.
2083 1541 2100 1567 6
2121 1540 2342 1583 Videntes

492 1607 644 1646 autem
675 1602 997 1658 filii'Ammon,
1031 1601 1147 1657 quod
1177 1601 1389 1656 injuriam
1418 1601 1637 1644 fecissent
1671 1600 1840 1656 David,
1873 1605 1967 1643 tam
1995 1601 2181 1656 Hauon,
2207 1614 2343 1655 quam

491 1662 686 1718 reliquus
712 1661 920 1718 populus,
948 1661 1165 1704 miserunt
1194 1660 1316 1704 mille
1342 1660 1515 1703 talenta
1537 1660 1732 1716 argenti,
1759 1665 1809 1702 ut
1834 1660 2135 1703 conducerent
2168 1658 2255 1702 sibi
2288 1659 2343 1703 de

492 1721 840 1778 Mesopotamia,
870 1726 914 1764 et
940 1721 994 1764 de
1023 1720 1151 1776 Syria
1181 1720 1392 1775 Maacha,
1419 1726 1464 1763 et
1489 1720 1543 1763 de
1573 1720 1708 1774 Soba,
1732 1734 1884 1763 currus
1911 1724 1955 1762 et
1985 1719 2169 1776 equites.
2194 1718 2209 1744 7
2229 1719 2343 1763 Con-

494 1780 803 1836 duxeruntque
829 1780 1017 1837 triginta
1039 1780 1125 1822 duo
1151 1780 1296 1822 millia
1321 1794 1548 1835 curruum,
1576 1784 1621 1822 et
1648 1793 1802 1835 regem
1831 1779 2023 1822 Maacha
2046 1792 2154 1822 cum
2178 1778 2343 1834 populo

493 1840 605 1896 ejus.
626 1840 708 1891 Qui
732 1854 831 1882 cum
851 1839 1099 1894 venissent,
1121 1839 1426 1881 castrametati
1450 1844 1553 1881 sunt
1574 1853 1596 1881 e
1615 1839 1795 1894 regione
1816 1837 2023 1882 Medaba.
2043 1837 2151 1881 Filii
2170 1851 2343 1893 quoque

493 1902 709 1955 Ammon,
739 1898 999 1955 congregati
1022 1898 1075 1941 de
1102 1898 1285 1940 urbibus
1312 1898 1421 1954 suis,
1448 1903 1667 1941 venerunt
1689 1897 1744 1940 ad
1770 1897 1954 1941 bellum.

553 1959 569 1985 8
589 1959 712 2009 Quod
743 1973 843 2001 cum
872 1958 1070 2000 audisset
1096 1957 1264 2013 David,
1293 1957 1415 2000 misit
1436 1958 1464 2000 J
1469 1957 1573 2013 oab,
1605 1962 1650 2000 et
1676 1971 1854 1999 omnem
1877 1957 2123 2000 exercitum
2148 1956 2344 1999 virorum

492 2019 706 2073 fortium3
734 2018 750 2043 9
769 2017 1021 2073 egressique
1046 2017 1127 2059 filii
1156 2017 1372 2070 Ammon,
1405 2017 1662 2059 direxerunt
1695 2016 1840 2059 aciem
1869 2016 2000 2072 juxta
2029 2020 2203 2073 portam
2236 2015 2344 2058 civi-

492 2078 623 2133 tatis3
662 2091 789 2133 reges
822 2081 992 2132 autem,
1035 2076 1110 2132 qui
1138 2076 1195 2118 ad
1225 2076 1442 2119 auxilium
1473 2076 1572 2132 ejus
1605 2081 1847 2132 venerant,
1879 2076 2122 2132 separatim
2156 2075 2203 2118 in
2229 2089 2343 2131 agro

493 2142 724 2181 steterunt.
758 2136 793 2162 ¹0
815 2136 962 2192 Igitur
991 2137 1018 2179 J
1025 2136 1128 2191 oab,
1163 2135 1423 2192 intelligens
1455 2135 1624 2179 bellum
1657 2150 1712 2178 ex
1746 2135 1932 2179 adverso
1963 2140 2008 2178 et
2039 2140 2140 2192 post
2167 2140 2345 2191 tergum

495 2202 649 2240 contra
682 2211 727 2239 se
760 2196 876 2251 fieri,
911 2196 1049 2251 elegit
1081 2195 1198 2239 viros
1232 2195 1501 2238 fortissimos
1535 2195 1589 2238 de
1628 2195 1833 2238 universo
1870 2194 2032 2250 Israel,
2068 2199 2113 2238 et
2148 2194 2345 2251 perrexit

495 2261 649 2300 contra
674 2256 848 2312 Syrum.
878 2255 908 2281 ¹¹
932 2255 1167 2311 Reliquam
1194 2260 1345 2298 autem
1366 2260 1541 2311 partem
1566 2254 1719 2311 populi
1745 2254 1870 2297 dedit
1895 2254 1975 2297 sub
1999 2268 2134 2298 manu
2160 2252 2342 2310 Abisai,

493 2315 648 2359 fratris
673 2314 761 2371 sui,
789 2320 833 2357 et
853 2319 1144 2372 perrexerunt
1170 2320 1323 2357 contra
1345 2314 1458 2357 filios
1480 2315 1677 2357 Ammon
1695 2332 1704 2370 3
1729 2313 1765 2340 12
1780 2313 1981 2370 dixitque
2000 2330 2009 2358 z
2029 2313 2074 2358 Si
2093 2312 2251 2357 vicerit
2270 2327 2343 2356 me

496 2376 649 2432 SyruS,
680 2374 847 2417 auxilio
874 2374 958 2417 eris
984 2374 1119 2429 mihi3
1151 2374 1189 2417 si
1214 2379 1365 2417 autem
1399 2373 1706 2430 superaverint
1735 2379 1779 2417 te
1804 2373 1885 2416 filii
1912 2375 2129 2429 Ammon,
2150 2386 2230 2416 :ero
2259 2371 2344 2415 tibi

494 2434 541 2477 in
564 2433 836 2491 praesidium.
861 2433 897 2459 13
916 2434 1179 2477 Confortare
1204 2439 1250 2476 et
1275 2448 1460 2490 agamus
1490 2433 1680 2477 viriliter
1704 2447 1783 2489 pro
1809 2432 1971 2490 populo
1992 2438 2170 2488 nostro,
2192 2435 2242 2475 et
2263 2445 2344 2489 pro

494 2493 677 2537 urbibus
715 2492 800 2536 Dei
840 2493 979 2535 nostri
1003 2511 1011 2548 ;
1057 2493 1275 2536 Dominus
1315 2497 1486 2549 autem,
1526 2493 1643 2548 quod
1690 2492 1737 2535 in
1775 2497 2016 2548 conspectu
2052 2505 2137 2535 suo
2179 2491 2345 2535 bonum

495 2558 582 2609 est,
618 2552 773 2596 faciet.
809 2552 844 2578 14
872 2552 1074 2596 Perrexit
1107 2567 1210 2609 ergo
1242 2553 1270 2595 J
1277 2552 1381 2608 oab,
1417 2558 1461 2595 et
1489 2552 1678 2609 populus
1711 2551 1918 2608 quicum
1951 2565 2003 2594 eo
2034 2555 2155 2607 erat,
2190 2555 2345 2594 contra

496 2613 655 2669 Syrum
687 2612 745 2655 ad
778 2611 1004 2669 praelium,
1037 2617 1081 2655 et
1112 2612 1294 2668 fugavit
1325 2626 1410 2655 eos.
1439 2611 1475 2638 '¹5
1498 2612 1632 2654 Porro
1664 2611 1746 2654 filii
1772 2612 1967 2654 Ammon
1992 2610 2198 2654 videntes
2227 2608 2345 2666 quod

495 2672 689 2727 fugisset
726 2672 880 2728 Syrus,
916 2671 1000 2728 ipsi
1035 2685 1206 2727 quoque
1239 2672 1454 2728 fugerunt
1487 2670 1666 2727 Abisai,
1698 2670 1887 2713 fra-trem
1924 2669 2043 2725 ejus,
2077 2674 2123 2713 et
2155 2668 2345 2725 ingressi

496 2736 598 2774 sunt
620 2730 875 2784 civitatem3
904 2745 1193 2787 reversusque
1216 2736 1284 2774 est
1309 2730 1445 2774 etiam
1462 2731 1491 2773 J
1496 2730 1580 2773 oab
1600 2730 1649 2773 in
1667 2729 1932 2773 Jerusalem.
1950 2728 1985 2755 1⁶
2002 2727 2169 2772 Videns
2182 2732 2345 2771 autem

496 2791 629 2847 Syrus
656 2789 771 2846 quod
795 2790 1030 2834 cecidisset
1055 2804 1204 2833 coram
1229 2791 1389 2846 Israel,
1417 2790 1540 2836 misit
1565 2789 1765 2844 nuntios,
1789 2793 1834 2832 et
1859 2788 2050 2831 adduxit
2067 2788 2245 2845 ¹Syrum,
2269 2787 2344 2844 qui

497 2855 590 2893 erat
614 2855 737 2892 trans
758 2848 968 2899 fluvium3
999 2850 1203 2906 Sophach
1230 2856 1400 2905 autem,
1424 2849 1630 2906 princeps
1656 2847 1830 2891 militiae
1856 2847 2095 2904 Adarezer,
2125 2851 2221 2891 erat
2252 2846 2345 2890 dux

496 2923 660 2952 eorum.
686 2909 720 2934 ¹⁷
737 2908 863 2959 Quod
884 2923 984 2952 cum
1006 2909 1263 2952 nuntiatum
1282 2914 1397 2952 esset
1416 2908 1579 2964 David,
1602 2907 1894 2964 congregavit
1912 2907 2170 2950 universum
2185 2905 2342 2962 Israel,

496 2973 541 3011 et
560 2968 769 3011 transivit
794 2968 1059 3024 Jordanem,
1086 2968 1299 3024 irruitque
1325 2968 1371 3011 in
1397 2982 1492 3023 eos,
1519 2973 1564 3011 et
1590 2966 1754 3011 direxit
1775 2981 1831 3009 ex
1852 2966 2040 3010 adverso
2065 2965 2230 3021 aciem,
2253 2964 2344 3008 illis

497 3032 651 3070 contra
672 3027 989 3084 pugnantibus.
1018 3027 1054 3054 ¹8
1071 3028 1211 3084 Fugit
1235 3033 1386 3071 autem
1417 3029 1550 3084 Syrus
1575 3025 1741 3080 Israel,
1770 3030 1814 3068 01
1843 3025 2073 3069 interfecit
2106 3024 2256 3068 David
2289 3023 2344 3067 de
2412 3036 2414 3038 ·

495 3085 618 3143 Syris
643 3091 814 3143 septem
837 3086 981 3131 millia
1007 3101 1232 3144 curruum,
1257 3092 1301 3130 et
1327 3086 1625 3144 quadraginta
1645 3084 1790 3129 millia
1808 3085 2035 3142 peditum,
2054 3089 2100 3128 et
2121 3083 2343 3140 Sophach,

497 3145 718 3189 exercitus
742 3145 1004 3203 principem.
1032 3146 1068 3172 1⁹
1087 3146 1304 3190 Videntes
1329 3151 1481 3190 autem
1509 3145 1627 3189 servi
1656 3143 1882 3188 Adarezer
1906 3159 1953 3188 se
1983 3144 2040 3187 ab
2074 3142 2216 3187 Israel
2243 3156 2343 3186 0000

496 3209 737 3263 superatos,
760 3206 1102 3262 transfugerunt
1127 3206 1183 3249 ad
1210 3205 1373 3262 David,
1398 3210 1443 3248 et
1464 3204 1712 3248 servierunt
1737 3203 1792 3248 ei.
1817 3203 2059 3260 Noluitqne
2080 3202 2199 3247 ultra
2210 3201 2344 3259 Syria

496 3264 716 3308 auxilium
739 3264 936 3320 praebere
964 3265 1067 3308 filiis
1090 3266 1300 3309 Ammon.

558 3324 665 3368 CAP.
696 3323 798 3367 XX.
821 3349 882 3355 -
903 3322 916 3348 1
941 3324 1132 3368 Factum
1162 3330 1229 3368 est
1257 3329 1409 3368 autem
1437 3328 1538 3381 post
1560 3323 1668 3367 anni
1692 3322 1929 3378 circulum„
1951 3336 2008 3366 »00
2028 3326 2231 3378 tempore
2256 3325 2342 3376 quo
2408 3346 2409 3350 =

498 3383 643 3427 solent
677 3396 805 3439 reges
837 3382 895 3425 ad
923 3382 1042 3426 bella
1074 3384 1332 3440 procedere,
1365 3382 1657 3440 congregavit
1686 3383 1714 3425 J
1719 3382 1803 3425 oab
1832 3381 2099 3438 exercitum,
2131 3384 2180 3424 01
2209 3379 2343 3422 robur

498 3442 702 3499 militiae,
742 3446 787 3485 et
822 3442 1019 3485 vastavit
1059 3447 1222 3485 terram
1259 3443 1452 3485 filiorum
1492 3443 1717 3497 Ammon;
1753 3441 2055 3498 perrexitque,
2087 3444 2136 3484 01,
2163 3437 2343 3482 obsedit

501 3501 671 3545 Rabba.
716 3502 851 3544 Porro
893 3500 1040 3543 David
1081 3502 1293 3545 manebat
1334 3502 1381 3544 in
1422 3500 1699 3557 Jerusalem,
1747 3499 1923 3557 quando
1963 3498 2080 3543 Joab
2121 3495 2342 3556 :pencussit

500 3647 598 3683 19,1]
619 3648 652 3675 11
672 3647 754 3680 Reg.
774 3648 816 3682 X,
835 3650 859 3676 1.
877 3662 913 3666 —
929 3649 966 3674 20
984 3666 992 3680 .,
1003 3646 1030 3680 1]
1052 3647 1085 3674 11
1106 3646 1189 3679 neg.
1209 3647 1250 3681 X,
1270 3647 1284 3674 7
1302 3648 1337 3674 et
1355 3646 1416 3681 xr,
1434 3648 1458 3674 1.
