2456 3861
482 137 565 180 170
1030 137 1176 179 DEUT.
1210 136 1351 190 VIII,
1390 137 1442 178 13
1474 162 1534 167 -—
1565 136 1653 191 IX,
1691 136 1758 178 18.

478 307 686 361 mederis,
724 313 767 350 et
795 306 982 348 satiatus
1011 305 1163 360 fueris,
1199 304 1352 347 domos
1380 304 1587 360 pulchras
1620 304 1932 360 aedificaveris,
1966 309 2012 347 et
2038 304 2310 348 habitaveris

476 365 522 408 in
567 366 650 421 eis,
671 365 707 392 13
730 365 1023 419 habuerisque
1052 368 1253 406 armenta
1281 364 1437 417 boum,
1466 368 1512 405 et
1540 362 1691 405 ovium
1720 377 1897 419 greges,
1926 364 2100 419 argenti
2133 370 2177 408 et
2212 364 2309 407 auri

476 430 822 479 cunctarumque
862 437 1008 465 rerum
1042 423 1236 478 copiam,
1258 421 1294 448 ¹4
1323 422 1519 465 elevetur
1548 435 1622 464 cor
1649 426 1796 477 tuum,
1827 426 1871 464 et
1896 436 1984 465 non
2011 423 2315 466 reminiscaris

477 483 657 526 Domini
692 482 774 525 Dei
804 482 888 536 tui,
931 482 1004 537 qui
1041 481 1196 525 eduxit
1230 487 1275 525 te
1311 481 1365 524 de
1401 486 1516 523 terra
1551 480 1763 537 AEgypti,
1795 481 1848 523 de
1889 481 2019 524 domo
2053 482 2304 537 servitutis3

476 541 512 568 ¹5
540 547 582 585 et
612 541 767 584 ductor
794 546 895 583 tuus
924 540 1018 583 fuit
1053 541 1099 582 in
1141 540 1381 584 solitudine
1409 554 1575 596 magna
1606 546 1740 595 atque
1774 539 1983 595 terribili,
2016 539 2063 582 in
2096 554 2182 597 qua
2214 548 2316 584 erat>

474 614 649 656 serpens
678 599 787 642 flatu
815 599 1025 656 adurens,
1059 605 1102 643 et
1127 600 1298 657 scorpio
1326 614 1379 643 ac
1409 599 1579 656 dipsas,
1609 605 1652 642 et
1680 599 1816 641 nullae
1841 598 2021 642 omnino
2050 614 2202 655 aquae3
2235 600 2315 657 qui

474 659 627 702 eduxit
658 658 776 702 rivos
810 659 865 702 de
899 664 1024 716 petra
1053 659 1309 715 durissima,
1346 659 1382 685 16
1418 664 1462 702 et
1491 658 1660 701 cibavit
1695 663 1738 702 te
1767 672 1934 701 manna
1962 658 2012 700 in
2047 658 2313 715 solitudine,

473 717 588 773 quod
618 717 870 761 nescierunt
898 723 1045 775 patres
1074 718 1164 772 tui,
1200 724 1243 762 et
1279 725 1514 775 postquam
1542 717 1702 762 afflixit
1729 732 1782 761 ac
1814 717 2041 775 probavit,
2074 717 2133 760 ad
2165 723 2307 762 extre-

472 791 595 819 mum
623 777 830 820 misertus
862 783 928 820 est
964 777 1053 831 tui3
1093 777 1128 804 ¹⁷
1158 792 1214 821 ne
1251 778 1419 821 diceres
1455 777 1502 820 in
1533 778 1663 821 corde
1693 783 1804 821 tuo:
1842 776 2077 820 Fortitudo
2110 791 2230 833 mea,
2262 783 2311 821 et

470 836 602 879 robur
630 850 787 879 manus
817 851 949 893 meae,
979 837 1077 880 haec
1107 837 1216 880 mihi
1247 837 1396 881 omnia
1425 837 1751 894 praestiterunt3
1780 836 1816 863 ¹⁸
1841 836 1917 879 sed
1947 836 2188 879 recorderis
2220 838 2316 880 Do-

470 895 579 938 mini
612 895 694 940 Dei
724 896 811 951 tui,
846 896 962 952 quod
988 896 1083 953 ipse
1106 896 1222 940 vires
1248 897 1330 939 tibi
1358 896 1683 954 praebuerit,ut
1707 895 1913 953 impleret
1944 900 2126 952 pactum
2155 910 2307 951 suum,

469 969 599 1012 super
623 969 708 1011 quo
738 955 906 1011 juravit
930 956 1130 1012 patribus
1158 956 1267 1011 tuis,
1293 956 1410 999 sicut
1434 969 1627 1012 praesens
1647 955 1819 998 indicat
1848 955 1955 998 dies.
1986 954 2022 981 ¹9
2043 955 2124 998 Sin
2156 960 2308 999 autem

469 1013 633 1058 oblitus
668 1015 849 1058 Domini
892 1015 975 1058 Dei
1013 1015 1097 1071 tui,
1140 1021 1316 1059 secutus
1350 1015 1489 1058 fueris
1527 1015 1631 1058 deos
1669 1014 1860 1069 alienos,
1895 1014 2171 1070 coluen'sque
2204 1014 2308 1058 illos

468 1078 512 1117 et
543 1074 817 1130 adoraveris,
853 1088 954 1117 ecce
986 1088 1104 1117 nunc
1140 1074 1336 1131 praedico
1367 1074 1449 1116 tibi
1484 1074 1599 1130 quod
1632 1073 1812 1117 omnino
1843 1073 2080 1130 dispereas.
2118 1073 2156 1100 2⁰
2181 1073 2309 1118 Sicut

467 1138 644 1188 gentes,
682 1148 789 1189 quas
827 1133 993 1176 delevit
1034 1133 1254 1177 Dominus
1287 1133 1336 1175 in
1375 1133 1559 1176 introitu
1599 1138 1698 1189 tuo,
1727 1132 1792 1174 ita
1825 1137 1870 1175 et
1903 1146 1980 1175 vos
2013 1132 2234 1190 peribitis,
2266 1133 2311 1177 si

466 1192 772 1236 inobedientes
801 1192 976 1235 fueritis
1006 1193 1104 1235 voci
1136 1192 1316 1236 Domini
1349 1192 1432 1236 Dei
1465 1192 1615 1235 vestri.

183 1258 382 1308 nivium-um
527 1251 635 1295 CAP.
660 1252 740 1294 IX.
763 1278 823 1283 ——
840 1251 852 1277 ¹
869 1251 1012 1308 Audi,
1036 1252 1175 1295 Israel
1194 1268 1202 1296 :
1226 1258 1274 1294 tu
1296 1251 1634 1307 transgredieris
1656 1251 1788 1295 hodie
1809 1252 1838 1294 J
1843 1251 2074 1308 ordanem,
2096 1257 2148 1295 ut
2167 1252 2313 1309 possi—

160 1303 400 1376 beneffclss'fflm
468 1310 571 1354 deas
601 1311 803 1354 nationes
833 1311 1053 1353 maximas
1084 1317 1127 1354 et
1155 1311 1361 1354 fortiores
1393 1317 1458 1366 te,
1491 1311 1695 1354 civitates
1724 1310 1950 1367 ingenteS,
1981 1316 2024 1354 et
2055 1311 2114 1354 ad
2144 1312 2312 1354 caelum

186 1355 247 1381 gra
266 1356 300 1376 ω
320 1356 375 1384 as,
467 1384 605 1426 usque
631 1376 846 1426 muratas,
871 1369 890 1395 2
907 1370 1119 1427 populum
1143 1385 1359 1427 magnum
1386 1375 1520 1426 atque
1545 1370 1804 1426 sublimem,
1829 1369 1942 1413 filios
1965 1370 2173 1426 Enacim,
2197 1385 2315 1426 quos:

466 1429 560 1486 ipse
580 1430 755 1486 vidisti,
786 1436 830 1473 et
858 1429 1044 1485 audisti,
1076 1430 1235 1486 quibus
1265 1430 1414 1472 nullus
1443 1435 1588 1486 potest
1617 1444 1671 1473 ex
1699 1429 1886 1473 adverso
1910 1430 2126 1473 resistere.
2149 1430 2167 1457 3
2184 1430 2312 1474 Scies-

466 1503 569 1544 ergo
591 1489 722 1533 hodie
743 1489 860 1545 quod
885 1489 1102 1532 Dominus
1126 1490 1246 1533 Deus
1267 1494 1369 1532 tuus
1390 1489 1486 1546 ipse
1506 1489 1715 1532 transibit
1735 1494 1840 1532 ante
1860 1494 1924 1544 te,
1947 1489 2065 1545 ignis
2088 1489 2312 1533 devorans-

465 1553 598 1604 atque
628 1563 911 1604 consumens,
935 1549 1009 1605 qui
1041 1554 1240 1592 conterat
1268 1563 1342 1592 eos
1371 1554 1414 1592 et
1437 1548 1582 1592 deleat
1602 1554 1737 1604 atque
1758 1547 1985 1605 disperdat
2005 1553 2109 1592 ante
2137 1548 2308 1592 faciem

465 1613 589 1650 tuam
613 1608 834 1663 velociter,
858 1608 974 1651 sicut
1000 1609 1173 1651 locutus
1196 1614 1262 1651 est
1287 1608 1384 1651 tibi.
1407 1607 1424 1634 ⁴
1443 1609 1510 1651 Ne
1539 1607 1662 1650 dicas
1691 1607 1738 1650 in
1768 1607 1898 1651 corde
1927 1613 2024 1663 tuo,
2055 1622 2157 1650 cum
2186 1608 2312 1652 dele-

465 1667 577 1710 verit
599 1682 672 1710 eos
695 1667 915 1711 Dominus
939 1669 1058 1711 Deus
1080 1673 1182 1710 tuus
1210 1667 1257 1710 in
1287 1672 1525 1724 conspectu
1554 1673 1630 1710 tuo
1653 1684 1662 1711 :
1691 1667 1877 1724 Propter
1903 1667 2127 1723 justitiam
2155 1682 2315 1710 meam:

464 1726 711 1770 introduxit
741 1741 811 1770 me
843 1727 1061 1770 Dominus
1089 1733 1139 1769 ut
1167 1733 1329 1770 terram
1358 1727 1474 1770 hanc
1501 1726 1794 1783 possiderem,
1818 1740 1921 1768 cum
1950 1732 2127 1783 propter
2146 1726 2309 1783 impie-⁷

464 1791 578 1829 tates
608 1800 710 1829 suas
737 1786 837 1829 istae
869 1786 1027 1829 deletae
1057 1786 1147 1830 sint
1171 1786 1386 1830 nationes.
1410 1786 1427 1813 ⁵
1447 1787 1601 1841 Neque
1623 1785 1742 1829 enim
1763 1791 1940 1842 propter
1961 1785 2160 1841 justitias
2181 1791 2293 1840 tuas,

465 1850 507 1888 et
532 1845 788 1901 aequitatem
811 1845 954 1888 cordis
985 1846 1069 1901 tui,
1100 1845 1363 1901 ingredieris
1391 1850 1440 1888 ut
1469 1844 1695 1902 possideas
1723 1850 1862 1888 terras
1892 1859 2063 1901 earum,
2092 1845 2168 1888 sed
2200 1845 2316 1901 (111111.ῥ

462 1904 554 1947 illae
589 1911 774 1961 egerunt
807 1905 964 1961 impie,
999 1905 1250 1948 introeunte
1283 1910 1326 1948 te
1360 1905 1520 1948 deletae
1553 1910 1676 1960 sunt,
1708 1910 1751 1947 et
1779 1910 1828 1946 ut
1854 1904 2094 1961 compleret
2115 1905 2300 1949 verbum

463 1978 592 2006 suum
617 1965 854 2021 Dominus,
876 1961 991 2019 quod
1009 1964 1093 2007 sub
1114 1963 1366 2020 juramento
1384 1963 1611 2021 pollicitus
1632 1969 1698 2007 est
1713 1963 1916 2020 patribus
1934 1963 2035 2020 tuis,
2055 1964 2300 2020 Abraham,

463 2024 611 2079 Isaac,
636 2029 678 2067 et
700 2024 856 2067 Jacob.
877 2024 894 2049 6
909 2024 1026 2067 Scito
1048 2038 1150 2079 ergo
1170 2024 1285 2079 quod
1305 2038 1392 2067 non
1410 2028 1587 2081 propter
1604 2023 1801 2080 Justitias
1820 2028 1918 2066 tuas
1940 2023 2157 2066 Dominus
2181 2025 2300 2067 Deus

462 2087 563 2126 tuus
589 2083 760 2126 dederit
789 2083 871 2126 tibi
904 2088 1064 2126 terram
1094 2083 1210 2126 hanc
1239 2083 1455 2140 optimam
1481 2083 1530 2125 in
1559 2082 1903 2139 possessionem,
1926 2096 2028 2125 cum
2050 2082 2305 2126 durissimae·

463 2142 646 2185 cervicis
669 2142 727 2185 sis
749 2143 951 2200 populus.
2311 2159 2313 2161 ·

169 2215 210 2236 ex
228 2208 383 2239 nebraeo-
521 2200 536 2227 7
556 2202 806 2258 Memento,
847 2208 890 2246 et
923 2217 978 2246 ne
1012 2202 1289 2245 obliviscaris
1327 2202 1547 2258 quomodo
1584 2201 1640 2245 ad
1674 2201 1954 2245 iracundiam
1991 2202 2306 2258 provocaveris.

172 2256 377 2325 nuneJan-s-
463 2261 706 2304 Dominum
746 2263 890 2305 Deum
927 2267 1054 2304 tuum
1089 2262 1136 2304 in
1177 2261 1430 2305 solitudine.
1469 2263 1537 2304 Ex
1575 2275 1624 2304 eo
1667 2261 1762 2316 die,
1801 2275 1887 2317 quo
1924 2275 2126 2316 egressus
2162 2275 2208 2305 es
2243 2276 2298 2305 ex

204 2304 338 2374 ἕῃῑῡξζο,
461 2320 661 2377 AEgypto
692 2335 829 2376 usque
857 2321 914 2364 ad
936 2321 1083 2364 locum
1112 2321 1270 2376 istum,
1292 2335 1465 2377 semper
1485 2320 1722 2364 adversum
1746 2320 1990 2363 Dominum
2015 2320 2303 2364 contendisti,

461 2380 478 2405 8
496 2380 613 2422 Nam
646 2385 690 2423 et
717 2379 763 2422 in
794 2380 946 2423 Horeb
975 2380 1224 2437 provocasti
1254 2394 1376 2436 eum,
1407 2385 1451 2423 et
1477 2380 1618 2422 iratus
1648 2379 1793 2423 delere
1825 2385 1870 2423 te
1897 2379 2058 2435 voluit,
2086 2379 2306 2435 90110οἀ0-

460 2438 640 2482 ascendi
669 2439 716 2482 in
746 2445 962 2495 montem,
994 2445 1042 2482 ut
1070 2439 1319 2496 acciperem
1351 2439 1528 2482 tabulas
1565 2439 1783 2496 lapideas,
1816 2438 1994 2481 tabulas
2026 2438 2146 2496 pacti
2181 2439 2295 2495 quod

460 2498 632 2555 pepigit
661 2498 893 2541 vobiscum
927 2498 1168 2552 Dominus3
1192 2505 1237 2542 et
1264 2498 1543 2555 perseveravi
1565 2499 1611 2541 in
1638 2503 1788 2542 monte
1813 2498 2111 2554 quadraginta
2140 2498 2305 2542 diebus-

459 2571 512 2600 ac
533 2557 759 2613 noctibus,
779 2572 940 2614 panem
962 2572 1049 2601 non
1072 2558 1327 2613 comedens,
1352 2563 1396 2601 et
1415 2572 1579 2614 aquam
1596 2572 1684 2601 non
1702 2557 1872 2601 bibens.
1893 2556 1930 2584 ¹⁰
1945 2557 2168 2613 Deditque
2185 2557 2296 2600 mihi

462 2616 679 2659 Dominus
710 2617 819 2660 duas
847 2617 1024 2660 tabulas
1054 2617 1252 2674 lapideas
1279 2617 1466 2674 scriptas
1488 2617 1630 2673 digito
1654 2617 1759 2672 Dei,
1782 2622 1826 2662 et
1847 2616 2124 2660 continentes
2146 2616 2314 2659 omnia

461 2675 594 2718 verba
627 2690 726 2731 quae
755 2676 881 2720 vobis
915 2677 1088 2720 locutus
1121 2682 1188 2720 est
1215 2676 1261 2718 in
1291 2681 1461 2732 monte,
1494 2677 1548 2720 de
1583 2676 1728 2720 medio
1761 2676 1900 2732 ignis,
1935 2675 2111 2731 quando
2142 2675 2303 2719 concio-

459 2734 610 2791 populi
633 2741 904 2791 congregata
925 2741 1005 2779 est.
1029 2735 1062 2762 ¹¹
1082 2736 1283 2791 Cumque
1303 2736 1566 2779 transissent
1586 2735 1882 2792 quadraginta
1905 2734 2019 2791 dies,
2043 2740 2086 2778 et
2106 2735 2298 2778 totidem

459 2799 634 2849 noctes,
676 2794 798 2837 dedit
838 2795 948 2837 mihi
992 2795 1209 2838 Dominus
1251 2795 1360 2837 duas
1395 2795 1574 2838 tabulas
1610 2795 1833 2852 lapideas,
1871 2794 2048 2837 tabulas
2084 2794 2290 2850 foederis,

459 2851 496 2877 ¹2
514 2852 713 2908 dixitque
743 2854 880 2898 mihi:
904 2855 1062 2910 Surge,
1093 2860 1136 2897 et
1165 2854 1382 2897 descende
1412 2854 1516 2897 hinc
1546 2854 1653 2910 cito,
1676 2853 1779 2910 quia
1805 2854 1993 2910 populus
2016 2859 2138 2910 tuus,
2160 2868 2298 2910 quem

459 2911 651 2954 eduxisti
682 2912 735 2956 de
764 2914 985 2970 AEgypto,
1017 2913 1303 2957 deseruerunt
1333 2913 1544 2956 velociter
1565 2913 1685 2956 viam
1714 2927 1848 2968 quam
1871 2912 2184 2961 demonstrasti
2207 2913 2296 2969 eis,

458 2971 748 3026 feceruntque
769 2973 853 3014 sibi
877 2972 1113 3016 conflatile.
1138 2972 1174 2999 13
1194 2973 1471 3028 Rursumque
1491 2972 1556 3015 ait
1579 2972 1796 3016 Dominus
1816 2971 1873 3014 ad
1896 2986 1992 3016 me:
2015 2972 2157 3017 Cerno
2174 2972 2291 3028 quod

458 3030 646 3086 populus
668 3030 751 3074 iste
780 3031 901 3074 durae
930 3032 1113 3075 cervicis
1140 3032 1221 3086 sit3
1247 3031 1282 3058 ¹4
1300 3032 1477 3075 dimitte
1499 3046 1569 3074 me
1591 3037 1639 3074 ut
1660 3037 1885 3074 conteram
1909 3045 2030 3087 eum,
2052 3037 2096 3075 et
2118 3031 2290 3075 deleam

458 3103 619 3132 nomen
641 3091 738 3145 ejus
763 3090 818 3133 de
847 3091 929 3132 sub
959 3091 1090 3146 caelo,
1113 3097 1156 3134 et
1179 3091 1447 3133 constituam
1469 3097 1514 3134 te
1534 3105 1664 3147 super
1685 3096 1885 3146 gentem,
1909 3105 2009 3146 quae
2037 3091 2122 3134 hac
2147 3090 2300 3146 major

458 3152 502 3190 et
521 3148 681 3192 fortior
700 3149 770 3192 sit.
796 3149 831 3176 ¹5
851 3150 1050 3205 Cumque
1080 3150 1134 3193 de
1162 3155 1312 3193 monte
1340 3150 1525 3193 ardente
1554 3149 1886 3205 descenderem,
1909 3156 1953 3193 et
1981 3150 2093 3193 duas
2113 3149 2294 3192 tabulas

457 3207 640 3251 foederis
669 3213 854 3263 utraque
882 3214 1076 3252 tenerem
1099 3224 1254 3265 manu,
1278 3209 1315 3235 16
1332 3209 1631 3265 vidissemque
1651 3222 1728 3251 vos
1750 3223 1958 3265 peccasse
1981 3209 2172 3252 Domino
2197 3210 2306 3252 Deov

457 3272 623 3323 vestro,
648 3272 691 3311 et
718 3267 881 3311 fecisse
903 3268 1028 3310 vobis
1051 3268 1243 3311 vitulum
1272 3268 1564 3324 conflatilem,
1590 3282 1643 3311 ac
1671 3267 1916 3311 deseruisse
1937 3268 2148 3312 velociter
2162 3267 2288 3310 >viam

457 3325 573 3382 ejus,
598 3340 731 3382 quam
753 3327 878 3369 vobis
908 3327 1180 3382 ostenderat,
1205 3327 1239 3354 ‘¹⁷
1257 3328 1425 3384 projeci
1447 3328 1623 3370 tabulas
1646 3326 1699 3369 de
1724 3327 1931 3370 manibus
1960 3327 2090 3381 meis,
2115 3327 2294 3370 confre—

456 3385 589 3440 gique
618 3399 691 3429 eas
720 3386 764 3428 in
795 3391 1032 3442 conspectu
1063 3392 1232 3441 vestro3
1258 3386 1293 3413 ¹⁸
1312 3392 1355 3430 et
1384 3387 1551 3444 procidi
1585 3391 1688 3429 ante
1723 3386 1966 3429 Dominum
1998 3385 2113 3429 sicut
2145 3385 2283 3442 prius,

455 3444 751 3500 quadraginta
789 3444 945 3488 diebus
982 3450 1025 3487 et
1061 3445 1265 3487 noctibus
1302 3459 1463 3502 panem
1502 3460 1591 3489 non
1628 3445 1887 3501 comedens,
1921 3450 1965 3488 et
2000 3458 2163 3501 aquam
2198 3458 2309 3487 non·

448 3585 505 3640 ¹15]
527 3607 623 3635 Num.
642 3607 725 3642 xx,
741 3610 758 3634 9
783 3610 816 3635 et
835 3607 982 3641 xx1,o.
1004 3608 1065 3635 Ex.
1088 3607 1207 3641 xv11‚
1245 3610 1270 3635 6.
1291 3623 1328 3627 -
1352 3609 1399 3641 16]
1419 3609 1479 3635 Ex.
1498 3608 1594 3641 Χνῐ,
1614 3608 1658 3637 14.
1677 3623 1713 3627 -
1729 3609 1758 3641 ει]
1782 3607 1842 3635 nx.
1864 3606 2020 3642 xvi1‚e
2036 3606 2071 3635 ct
2086 3605 2193 3641 ΧΙΧ,
2212 3608 2231 3634 3
2249 3606 2291 3634 et

455 3650 594 3685 xxm,
617 3654 650 3679 18
672 3654 705 3679 et
725 3652 873 3686 xxxn,
892 3655 935 3680 15.
953 3666 988 3670 -
1007 3652 1052 3685 10]
1069 3653 1129 3679 Ex.
1148 3651 1387 3686 xxx1,1s.—
1406 3652 1450 3685 12]
1467 3653 1527 3679 Ex.
1549 3651 1698 3686 xxxm,
1714 3654 1737 3680 τ.
2116 3665 2122 3673 -
2300 3669 2303 3671 -
