2423 3861
287 299 307 326 ⁶
328 299 513 342 Justitia
539 302 757 340 rectorum
784 293 991 336 liberabit
1017 307 1110 347 eos,

389 364 432 402 ct
456 358 501 399 in
527 355 698 398 insidiis
723 353 812 395 suis
836 352 1065 408 capientur
1087 349 1238 405 iniqui.

290 416 305 443 7
328 419 501 461 Mortuo
525 413 700 458 homine
726 412 881 467 impio,
911 411 1031 452 nulla
1056 409 1138 453 erit
1160 408 1274 450 ultra
1296 421 1414 464 spes,

390 482 434 520 ct
459 473 709 531 expectatio
736 471 1024 512 sollu-{torum
1052 467 1224 524 peribit.

290 536 308 563 ⁸
329 537 485 579 ‹Justus
507 535 561 577 de
586 531 791 587 angustia
818 530 1029 572 liberatus
1056 533 1141 582 cst,

391 600 436 638 et
458 593 654 637 tradetur
678 590 839 646 impius
867 603 942 644 pro
969 602 1032 630 eo.

290 653 308 681 ⁰
330 654 568 697 Simulat-or
591 665 661 694 ore
688 648 854 705 decipit
874 647 1068 689 amicum
1095 660 1223 687 suum
1242 661 1251 699 3

390 712 498 769 justi
523 718 673 754 autem
700 707 1006 751 liberabuntur
1031 704 1230 747 scientia.

275 773 310 799 '¹⁰
333 773 387 815 In
410 771 537 815 bonis
561 770 778 826 justorum
804 765 1024 810 exultabit
1049 763 1228 816 civitas,

392 837 436 875 et
460 831 505 873 in
527 828 773 886 perditione
797 825 1034 882 impiorum
1060 823 1143 866 erit
1168 820 1379 864 laudatio.

277 891 308 918 ¹¹
336 889 652 935 Benedictione
676 887 893 943 justorum
920 881 1190 927 exaltabitur
1215 880 1394 934 civitas,

395 956 439 993 et
464 964 535 992 ore
560 947 798 1004 impiorum
823 944 1113 987 subvertetur.

278 1009 313 1036 ¹²
334 1010 415 1061 Qui
444 1008 632 1065 despicit
656 1006 851 1049 amicum
876 1018 1003 1045 suum
1029 1000 1236 1056 indigens
1261 997 1391 1042 corde
1418 1001 1512 1052 est;

395 1069 461 1111 vir
485 1073 635 1110 autem
661 1065 852 1122 prudens
878 1061 1056 1105 tacebit.

280 1129 314 1156 13
335 1128 417 1179 Qui
441 1127 644 1169 ambulat
668 1122 977 1167 fraudulenter
1000 1122 1169 1164 revelat
1193 1133 1355 1161 arcana
1377 1133 1386 1171 3

396 1187 468 1243 qui
495 1191 645 1228 autem
670 1183 813 1226 fidelis
839 1188 906 1226 est
929 1180 1068 1224 animi
1095 1179 1211 1222 celat
1235 1177 1367 1221 amici
1395 1172 1696 1219 commissum.

279 1248 314 1275 11
335 1247 425 1290 Ubi
449 1260 535 1289 non
559 1251 624 1288 est
650 1243 927 1299 gubernator,
954 1239 1143 1296 populus
1170 1242 1364 1295 corruet3

395 1306 514 1348 salus
537 1310 707 1357 autem,
736 1301 810 1344 ubi
836 1300 978 1343 multa
1004 1297 1200 1341 consilia.

280 1367 316 1393 15
337 1365 573 1420 Affligetur
598 1363 715 1405 malo
741 1362 816 1416 qui
841 1360 975 1402 fidem
997 1358 1110 1400 facit
1135 1371 1213 1413 pro
1238 1360 1447 1400 extraneo
1469 1371 1479 1410 ;

399 1424 471 1480 qui
497 1427 647 1465 autem
670 1424 800 1463 cavet
824 1419 1004 1474 laqueos
1030 1430 1208 1460 securus
1230 1415 1326 1459 erit.

282 1484 318 1511 16
338 1483 500 1526 Mulier
525 1481 720 1537 gratiosa
744 1478 943 1521 inveniet
968 1476 1178 1533 gloriam,

398 1546 442 1584 et
466 1539 634 1583 robusti
657 1538 887 1581 habebunt
913 1535 1106 1578 divitias.

282 1601 315 1628 '¹⁷
340 1599 578 1644 Benefacit
602 1598 764 1641 animae
787 1610 879 1639 suae
902 1595 969 1637 vir
993 1593 1262 1647 misericors,

398 1659 474 1715 qui
499 1664 650 1701 auten]
676 1655 866 1699 crudelis
892 1659 959 1697 est
983 1654 1119 1697 etiam
1145 1652 1412 1709 propinquos
1436 1649 1611 1706 abjicit.

283 1719 316 1745 1⁸
338 1719 512 1776 Impius
533 1717 647 1760 facit
673 1730 780 1772 opus
804 1713 1035 1769 instabile,

401 1776 641 1822 seminanti
666 1780 817 1818 autem
843 1773 1065 1831 justitiam
1090 1786 1256 1816 merces
1283 1769 1439 1814 fidelis.

282 1838 318 1864 ¹⁰
339 1836 589 1881 Clementia
613 1838 837 1893 praeparat
863 1833 1022 1887 vitam,

400 1901 445 1940 et
469 1896 653 1940 sectatio
680 1893 898 1936 malorum
923 1897 1124 1935 mortem.

283 1956 321 1983 20
343 1954 660 2000 Abominabile
687 1953 878 1996 Domino
905 1966 979 1995 cor
1004 1966 1211 2008 pravum,

404 2020 447 2059 et
472 2015 680 2057 voluntas
704 2012 803 2069 ejus
826 2012 874 2054 in
895 2011 949 2054 iis
975 2011 1048 2066 qui
1075 2009 1337 2066 simpliciter
1357 2006 1606 2051 ambulant.

283 2076 317 2103 2¹
343 2077 503 2119 Manus
528 2074 575 2116 in
600 2087 734 2115 manu
759 2086 847 2114 non
873 2071 954 2114 erit
978 2070 1191 2113 innocens
1216 2069 1386 2122 malus;

403 2147 555 2178 semen
579 2138 726 2175 autem
754 2131 975 2187 justorum
1000 2129 1258 2172 salvabitur.

285 2195 323 2221 Ἠ
345 2193 548 2238 Circulus
573 2205 731 2234 aureus
756 2191 803 2233 in
829 2189 1009 2232 naribus
1035 2188 1125 2231 suis

406 2252 565 2296 mulier
588 2251 773 2308 pulchra
799 2254 842 2293 et
865 2249 1008 2292 fatua.

285 2313 323 2341 23
345 2311 628 2357 Desiderium
652 2310 875 2367 justorum
901 2322 1030 2351 omne
1055 2308 1219 2350 bonum
1242 2311 1335 2357 est3

405 2370 680 2429 praestolatio
705 2368 945 2425 impiorum
969 2367 1108 2409 furor.

287 2433 323 2459 24
345 2433 438 2475 Alii
465 2430 673 2474 dividunt
699 2427 895 2485 propria,
923 2431 967 2469 et
992 2425 1171 2469 ditiores
1196 2425 1336 2479 fiunt3

406 2491 483 2535 alii
509 2490 689 2546 rapiunt
715 2502 803 2531 non
825 2501 924 2538 sua,
952 2490 995 2528 et
1020 2499 1192 2541 semper
1216 2483 1262 2526 in
1287 2487 1486 2538 egestate
1510 2485 1626 2524 sunt.

288 2551 325 2578 25
346 2551 514 2595 Anima
539 2564 637 2605 quae
658 2546 884 2592 benedicit
910 2543 1265 2601 impinguabitur
1283 2559 1292 2597 3

407 2616 451 2654 et
475 2609 550 2665 qui
574 2607 767 2651 inebriat
791 2606 887 2662 ipse
909 2618 1080 2660 quoque
1104 2600 1411 2645 inebriabitur.

288 2669 325 2697 26
346 2670 430 2721 Qui
454 2667 690 2712 abscondit
716 2667 943 2708 frumenta
969 2662 1260 2705 maledicetur
1282 2660 1329 2702 in
1353 2658 1529 2716 populis
1549 2675 1561 2716 3

407 2727 659 2773 benedictio
682 2730 833 2769 autem
858 2737 989 2780 super
1010 2727 1143 2778 caput
1168 2719 1471 2763 vendentium.

292 2788 327 2815 2⁷
351 2790 471 2833 Bene
498 2786 727 2842 consurgit
753 2783 950 2827 diluculo
977 2781 1050 2838 qui
1077 2780 1235 2836 quaerit
1258 2778 1404 2833 bona;

1832 112 1912 155 613

409 2847 484 2904 qui
508 2852 660 2890 autem
684 2843 979 2898 investigator
1001 2840 1220 2883 malorum
1245 2842 1311 2881 est
1337 2837 1608 2894 opprimetur
1631 2834 1688 2878 ab
1713 2833 1791 2879 eis.

290 2907 327 2935 28
348 2907 432 2959 Qui
456 2906 639 2950 confidit
663 2905 709 2947 in
736 2902 905 2946 divitiis
931 2900 1022 2944 suis
1045 2903 1237 2954 corruet,

409 2965 519 3023 justi
540 2970 691 3009 autem
718 2962 843 3019 quasi
868 2960 1014 3004 virens
1039 2958 1202 3002 folium
1227 2956 1557 3013 germinabunt.

291 3025 329 3052 29
350 3026 433 3077 Qui
457 3024 693 3069 conturbat
716 3023 896 3066 domum
920 3034 1048 3062 suam
1070 3016 1313 3075 possidebit
1341 3020 1513 3072 ventos,

410 3090 455 3129 et
476 3084 552 3140 qui
571 3083 732 3140 stultus
758 3086 824 3125 est
848 3079 1008 3123 serviet
1033 3075 1237 3134 sapienti.

292 3145 330 3172 3⁰
351 3146 541 3189 Fructus
563 3143 671 3200 justi
692 3142 865 3197 lignum
886 3138 1013 3193 vitae,

414 3209 458 3248 et
484 3202 559 3260 qui
583 3201 769 3258 suscipit
790 3199 962 3242 animas
989 3196 1164 3253 sapiens
1189 3200 1267 3239 est.

293 3263 329 3291 31
353 3264 398 3309 Si
423 3263 568 3320 justus
595 3261 639 3304 in
665 3267 779 3304 terra
806 3257 985 3314 recipit,

414 3326 581 3380 quanto
606 3320 750 3376 magis
772 3318 934 3374 impius
961 3322 1004 3360 et
1029 3321 1247 3372 peccator.

177 3384 286 3428 CAP.
307 3383 417 3426 XII.
442 3408 503 3415 —
526 3381 541 3407 1
561 3380 645 3431 Qui
667 3378 817 3434 diligit
841 3375 1123 3432 disciplinam
1146 3374 1296 3430 diligit
1321 3373 1584 3430 scientiam3

416 3441 489 3498 qui
515 3445 666 3483 autem
692 3438 786 3482 odit
811 3434 1136 3491 increpationes
1162 3433 1375 3491 insipiens
1401 3438 1480 3478 est.

313 3500 333 3527 ‘2
354 3501 438 3552 Qui
464 3501 604 3543 bonus
631 3503 696 3541 est
721 3495 895 3539 hauriet
920 3493 1110 3550 gratiam
1132 3507 1158 3536 a
1184 3492 1396 3548 Domino,

121 3648 169 3682 31]
189 3648 204 3675 1
223 3647 311 3675 Petr.
329 3646 388 3681 IV,
405 3648 448 3673 18.

1688 3697 1744 3739 43

2046 3378 2228 3408 Proverbia

2038 3429 2237 3456 promiscua.
