2423 3861
943 92 1061 134 2101-:11
1096 92 1165 145 Π,
1204 91 1333 134 1-25.
1939 90 2048 132 1005

697 277 721 333 ξ
758 277 818 319 ΙΙ.
854 303 911 308 -
942 277 1151 319 Hortatio
1184 277 1246 320 ad
1268 277 1584 333 paenitentiam.

281 381 387 424 GAP.
418 379 479 421 II.
505 404 564 411 —
589 378 597 404 ¹
619 378 775 421 Canitc
806 378 911 420 tuba
938 378 979 420 in
1013 378 1136 432 Sion,
1166 377 1331 420 ululate
1363 378 1407 420 in
1440 383 1588 420 monte
1620 382 1774 419 sancto
1805 390 1921 431 meo,
1949 390 2049 418 con-

220 438 454 481 turbentur
480 451 628 480 omnes
663 437 933 491 habitatores
959 442 1113 480 terrae:
1142 437 1243 491 quia
1274 437 1395 479 vcnit
1428 437 1521 480 dies
1557 435 1757 490 Domini,
1784 434 1887 490 quia
1918 449 2051 491 prope

220 504 300 540 est.
326 495 349 523 2
372 496 476 539 Dies
512 495 791 539 tenebrarum
827 502 869 538 et
899 495 1127 551 caliginis,
1158 494 1251 538 dies
1284 495 1414 537 nubis
1447 501 1489 539 et
1522 494 1735 549 turbinis3
1763 493 1886 550 quasi
1922 507 2050 536 mane

221 569 467 612 expansum
497 569 627 611 super
653 559 822 597 montes
853 554 1038 610 populus
1070 554 1233 596 multus
1260 559 1303 596 et
1335 554 1495 597 fortis:
1521 553 1678 596 similis
1713 552 1751 596 ei
1784 567 1870 596 non
1904 552 1993 595 fuit
2025 568 2050 594 a

221 614 459 671 principio,
486 619 529 657 et
563 619 660 670 post
691 628 790 656 euni
824 627 911 656 non
941 613 1024 656 erit
1053 627 1188 667 usque
1221 613 1264 655 in
1298 627 1436 656 annos
1467 612 1764 668 generationis
1797 616 1841 655 et
1869 625 2050 668 genera-

221 673 368 716 tionis.
403 673 420 699 3
446 674 563 715 Ante
597 671 763 714 faciem
802 672 897 727 ejus
933 671 1051 727 ignis
1081 685 1259 726 vorans,
1295 676 1337 714 et
1370 677 1469 728 post
1502 686 1601 714 eum
1635 685 1821 714 exurens
1856 671 2048 713 flamma.

221 732 353 782 Quasi
390 732 540 774 hortus
573 730 815 787 voluptatis
850 736 963 773 terra
997 744 1142 773 eoram
1182 744 1256 785 co,
1293 736 1335 773 et
1372 735 1469 786 post
1503 745 1602 773 enm
1639 730 1829 773 solitudo
1867 729 2048 785 deserti,

220 804 362 847 neque
388 795 454 833 est
479 789 551 845 qui
579 789 769 844 effugiat
795 803 908 832 eum.
935 789 951 815 ’1
975 788 1106 839 Quasi
1141 794 1346 845 aspectus
1377 803 1607 844 equorum,
1641 795 1845 845 aspectus
1872 803 2047 843 eorum,

221 855 264 893 et
297 848 421 905 quasi
460 848 629 904 equites
666 847 729 890 sic
765 853 952 891 current.
987 848 1003 873 ⁵
1029 847 1151 890 Sicut
1185 848 1353 890 sonitus
1390 848 1701 903 quadrigarum
1739 862 1867 903 super
1904 847 2050 904 capita

221 907 439 951 montium
465 906 669 961 exilient,
696 906 810 949 sicut
835 907 1004 950 sonitus
1029 906 1222 949 flammae
1246 907 1364 962 ignis
1391 906 1642 949 devorantis
1672 907 1902 963 stipulam,
1931 907 2051 949 velut

221 966 408 1023 populus
430 965 560 1009 fortis
582 971 855 1022 praeparatus
878 965 934 1008 ad
960 965 1175 1022 praelium.
1195 965 1212 991 ⁶
1227 966 1263 1008 A
1284 965 1402 1008 facie
1425 965 1520 1021 ejus
1540 965 1853 1008 cruciabuntur
1872 965 2047 1022 populi3

221 1039 372 1069 omnes
391 1024 539 1067 vultus
562 1024 818 1080 redigentur
842 1024 887 1067 in
916 1025 1062 1067 ollam.
1087 1024 1101 1050 ⁷
1122 1024 1244 1067 Sicut
1269 1024 1407 1067 sortes
1434 1029 1632 1079 current,
1658 1024 1781 1079 quasi
1805 1024 1887 1066 viri
1913 1023 2050 1067 bella-

220 1089 334 1127 tores
360 1084 602 1127 ascendent
624 1098 823 1138 murum3
851 1083 935 1126 viri
958 1083 1003 1126 in
1023 1083 1105 1126 viis
1128 1083 1217 1126 suis
1240 1083 1510 1139 gradientur,
1535 1089 1577 1126 et
1602 1097 1688 1126 non
1716 1082 2004 1126 declinabunt
2024 1098 2050 1126 a

219 1142 389 1186 semitis
414 1142 516 1186 suis.
544 1142 561 1169 8
581 1143 894 1199 Unusquisque
919 1143 1103 1186 fratrem
1131 1156 1259 1185 suum
1282 1156 1369 1185 non
1395 1142 1664 1196 coarctabit;
1688 1141 1853 1198 singuli
1875 1141 1919 1184 in
1940 1141 2050 1184 calle

219 1216 297 1245 suo
329 1202 647 1256 ambulabunt3
684 1202 760 1245 sed
788 1208 831 1244 et
855 1216 931 1258 per
957 1201 1176 1244 fenestras
1203 1201 1384 1257 cadent,
1411 1207 1454 1244 et
1479 1215 1565 1245 non
1596 1201 1901 1244 demolientur.
1929 1200 1946 1226 9
1969 1202 2052 1244 Ur-

220 1261 321 1304 bem
354 1261 671 1317 ingredientur,
705 1261 752 1303 in
791 1275 914 1304 muro
948 1266 1143 1315 current,
1178 1260 1331 1304 domos
1365 1260 1684 1315 conscendent,
1717 1274 1794 1316 per
1830 1260 2051 1303 fenestras

219 1320 452 1363 intrabunt
476 1320 601 1376 quasi
627 1320 712 1364 fur.
739 1319 773 1346 ¹⁰
792 1321 833 1363 A
857 1320 976 1363 facie
999 1320 1095 1375 ejus
1125 1320 1391 1363 contremuit
1420 1324 1552 1378 terra,
1579 1319 1686 1362 moti
1712 1325 1816 1362 sunt
1841 1318 1960 1373 caeli,
1987 1318 2051 1362 sol

220 1385 264 1422 et
291 1379 398 1421 luna
433 1378 710 1422 obtenebrati
744 1383 867 1434 sunt,
902 1384 945 1422 et
977 1379 1118 1421 stellae
1152 1384 1430 1422 retraxerunt
1455 1378 1733 1435 splendorem
1763 1393 1904 1422 suum.
1936 1377 1968 1403 11
1994 1377 2052 1420 Et

221 1438 438 1482 Dominus
469 1438 590 1481 dedit
615 1452 770 1481 vocem
792 1452 916 1480 suam
946 1443 1049 1480 ante
1082 1438 1247 1481 faciem
1278 1438 1497 1481 exercitus
1531 1438 1622 1492 sui;
1655 1437 1756 1493 quia
1783 1437 1924 1480 multa
1949 1441 2052 1480 sunt

221 1496 354 1539 nimis
381 1502 525 1539 castra
550 1496 668 1550 ejus,
699 1497 802 1551 quia
834 1496 990 1551 fortia,
1022 1501 1065 1539 et
1096 1496 1312 1539 facientia
1338 1497 1521 1539 verbum
1555 1497 1677 1552 ejus:
1710 1510 1898 1552 magnus
1933 1495 2052 1540 enim

220 1554 314 1598 dies
340 1554 542 1609 Domini,
570 1559 613 1597 et
639 1554 850 1597 terribilis
872 1554 1026 1609 valde3
1056 1561 1099 1597 et
1122 1555 1217 1610 quis
1243 1555 1478 1598 sustinebit
1503 1555 1637 1598 eum?

282 1612 316 1639 ¹2
333 1614 463 1656 Nunc
489 1627 614 1669 ergo,
638 1613 747 1656 dicit
775 1613 1012 1668 Dominus,
1040 1613 1351 1656 convertimini
1373 1614 1430 1656 ad
1455 1629 1525 1657 me
1550 1614 1595 1656 in
1618 1621 1709 1659 toto
1733 1617 1862 1660 corde
1884 1622 2050 1672 vestro,

218 1673 265 1716 in
285 1671 479 1729 jejunio,
506 1677 550 1715 et
573 1671 620 1714 in
645 1672 774 1727 fletu,
797 1677 842 1715 et
865 1672 911 1714 in
937 1672 1134 1729 planctU.
1166 1672 1202 1698 13
1227 1672 1286 1715 Et
1313 1673 1503 1716 scindite
1538 1675 1670 1717 corda
1694 1680 1862 1730 vestra,
1890 1680 1932 1719 et
1965 1690 2051 1719 non

218 1731 482 1775 vestimenta
520 1736 696 1786 vestra3
731 1736 774 1774 et
809 1731 1118 1774 convertimini
1154 1731 1211 1775 ad
1246 1733 1488 1775 Dominum
1522 1734 1666 1777 Deum
1700 1739 1915 1790 vestrum,
1951 1735 2052 1791 quia

217 1790 438 1847 benignus
461 1796 504 1834 et
529 1790 775 1834 misericors
799 1796 885 1846 est,
908 1791 1083 1847 patiens
1109 1795 1152 1834 et
1177 1791 1330 1834 multae
1353 1792 1685 1849 misericordiae,
1711 1798 1753 1836 et
1783 1794 2051 1850 praestabilis

219 1863 349 1906 super
373 1849 559 1892 malitia.
583 1849 619 1876 14
637 1849 743 1900 Quis
765 1850 849 1893 scit
875 1850 911 1893 si
938 1855 1234 1906 convertatur,
1257 1856 1300 1894 et
1322 1851 1546 1908 ignoscat,
1574 1858 1617 1895 et
1642 1853 1861 1908 relinquat
1888 1858 1985 1910 post
2007 1868 2052 1896 se

218 1908 595 1964 benedictionem,
618 1909 885 1953 sacrificium
906 1914 950 1953 et
971 1909 1167 1953 libamen
1190 1910 1382 1954 Domino
1401 1911 1496 1954 Deo
1520 1912 1695 1955 vestro?
1715 1911 1750 1938 15
1769 1913 1926 1956 Canite
1943 1913 2051 1955 tuba

217 1967 265 2011 in
296 1968 422 2024 Sion,
461 1968 737 2013 sanctificate
769 1968 1014 2026 jejunium,
1044 1973 1202 2013 vocate
1233 1974 1417 2026 coetum,
1454 1970 1489 1997 16
1514 1977 1782 2027 congregate
1815 1971 2048 2029 populum,

217 2027 493 2072 sanctificate
519 2028 775 2084 ecclesiam,
802 2028 1051 2072 coadunate
1076 2043 1222 2085 senes,
1247 2034 1515 2086 congregate
1535 2031 1757 2086 parvulos,
1777 2036 1820 2074 et
1842 2036 2050 2086 sugentes

216 2085 353 2130 ubera
369 2104 377 2142 ;
405 2086 659 2143 egrediatur
676 2102 860 2144 sponsus
880 2087 933 2131 de
958 2086 1095 2131 cubili
1112 2102 1210 2144 suo,
1235 2094 1279 2132 et
1296 2103 1456 2145 sponsa
1474 2089 1528 2132 de
1545 2089 1744 2133 thalamo
1762 2105 1852 2134 suo.
1873 2089 1907 2116 17
1927 2091 2048 2134 Inter

217 2145 490 2189 vestibulum
522 2151 566 2190 et
597 2147 737 2190 altare
771 2147 1009 2203 plorabunt
1041 2147 1312 2202 sacerdotes,
1348 2147 1539 2190 ministri
1570 2148 1772 2206 Domini,
1797 2155 1841 2193 et
1870 2149 2037 2193 dicent:

218 2204 377 2260 Parce,
406 2205 617 2261 Domine,
644 2220 774 2262 parce
797 2206 958 2262 populo
985 2210 1085 2262 tuo,
1110 2210 1154 2249 et
1178 2220 1233 2249 ne
1256 2206 1331 2250 des
1357 2206 1648 2251 hereditatem
1674 2213 1797 2252 tuam
1823 2208 1868 2252 in
1895 2222 2048 2265 oppro-

218 2262 456 2353 brium'vm
478 2263 759 2308 dominentur
777 2265 839 2307 eis
861 2265 1074 2308 nationes.
1099 2265 1241 2316 Quare
1263 2265 1417 2308 dicunt
1438 2266 1485 2308 in
1510 2266 1683 2324 populis
1702 2285 1710 2312 :
1731 2268 1821 2312 Ubi
1841 2272 1906 2310 est
1930 2268 2047 2311 Deus

218 2335 369 2365 eorum
387 2357 396 2365 .

315 2425 477 2468 Sncrm
512 2425 581 2479 ΙΙ,
617 2437 675 2467 nn
709 2438 906 2470 FUTURO.
933 2454 992 2459 —-
1024 2429 1151 2472 Srom
1185 2440 1574 2487 Bnnnmc‘rionns,
1610 2443 1807 2475 INIMICIS
1841 2443 1949 2475 EJUS

791 2505 917 2536 MALA
950 2506 1100 2537 OMNIA
1133 2507 1475 2539 PRAEDICUNTUR

277 2599 312 2626 ‘¹8
337 2599 512 2643 Zelatus
549 2605 614 2643 est
653 2601 870 2645 Dominus
907 2607 1069 2646 terram
1103 2618 1253 2659 suam,
1288 2609 1332 2647 et
1368 2604 1565 2661 pepercit
1602 2605 1763 2661 populo
1797 2619 1887 2650 suc.
1924 2605 1960 2631 19
1989 2606 2047 2648 Et

216 2659 442 2716 respondit
465 2659 703 2716 Dominus,
730 2666 773 2703 et
799 2660 912 2704 dixit
936 2662 1100 2719 populo
1125 2677 1202 2706 suo
1225 2679 1233 2707 :
1256 2663 1373 2706 Ecce
1398 2677 1479 2719 ego
1502 2663 1679 2706 mittam
1697 2663 1822 2707 vobis
1847 2664 2046 2707 frumen-

215 2723 331 2774 tum,
359 2723 402 2761 et
422 2717 594 2774 vinum,
618 2723 662 2762 et
684 2718 850 2775 oleum,
877 2726 919 2764 et
941 2721 1223 2778 replebimini
1248 2721 1335 2777 eis3
1356 2727 1400 2765 et
1417 2736 1505 2765 non
1527 2722 1640 2766 dabo
1659 2737 1736 2766 vos
1758 2722 1872 2766 ultra
1890 2738 2045 2780 oppro-

214 2777 361 2820 brium
385 2777 431 2819 in
457 2777 678 2834 gentibus.
702 2778 739 2805 2⁰
757 2779 815 2821 Et
837 2793 936 2823 eum
962 2780 1036 2836 qui
1061 2781 1117 2824 ab
1146 2780 1353 2837 aquilone
1379 2785 1445 2824 est
1473 2781 1625 2837 procul
1650 2781 1820 2825 faciam
1844 2797 1870 2825 a
1896 2783 2043 2839 vobis,

215 2841 258 2880 et
279 2836 501 2893 expellam
527 2851 627 2880 eum
651 2837 697 2881 in
720 2843 883 2881 terram
904 2839 1074 2882 inviam
1099 2844 1141 2883 et
1163 2840 1410 2884 desertam:
1433 2840 1599 2883 faciem
1624 2840 1722 2896 ejus
1747 2846 1899 2884 contra
1924 2856 2045 2886 mare

214 2895 447 2950 orientale,
471 2901 514 2939 et
536 2901 783 2940 extremum
805 2898 900 2954 ejus
925 2898 982 2942 ad
1005 2913 1125 2942 mare
1148 2899 1462 2954 novissimu1n3
1487 2904 1530 2942 et
1552 2899 1761 2943 ascendet
1778 2900 1915 2944 foetor
1932 2901 2043 2957 ejus,

214 2959 258 2998 et
281 2955 493 2999 ascendet
517 2956 702 3012 putredo
729 2956 846 3012 ejus,
871 2957 973 3013 quia
997 2958 1184 3015 superbe
1208 2958 1314 3014 egit.

273 3012 307 3040 2¹
329 3014 431 3058 Noli
455 3014 629 3071 timere,
658 3020 797 3070 terra3
821 3016 992 3072 exulta,
1012 3022 1055 3060 et
1080 3017 1252 3073 laetare,
1272 3019 1479 3074 quoniam
1503 3019 1808 3076 magnificavit
1826 3021 2044 3064 Dominus

212 3079 262 3117 ut
292 3074 476 3118 faceret.
504 3073 541 3100 22
558 3075 708 3118 Nolite
738 3075 913 3131 timere,
940 3076 1152 3119 animalia
1184 3077 1399 3134 regionis,
1426 3078 1528 3133 quia
1553 3079 1915 3134 germinaverunt
1947 3094 2042 3136 spe-

214 3132 334 3176 ciosa
358 3133 543 3189 deserti3
573 3134 674 3190 quia
701 3134 872 3190 lignum
897 3135 1050 3178 attulit
1074 3135 1275 3179 fructum
1300 3151 1449 3193 suum,
1475 3137 1584 3180 ficus
1609 3143 1652 3182 et
1674 3138 1805 3182 vinea
1827 3139 2043 3183 dederunt

213 3191 425 3235 virtutem
457 3207 597 3237 suam.
628 3192 665 3220 ‘23
691 3194 769 3249 Et,
803 3194 882 3236 filii
916 3194 1040 3249 Sion,
1071 3195 1289 3251 exultate,
1324 3201 1367 3239 et
1396 3196 1611 3240 laetamini
1644 3197 1689 3240 in
1723 3198 1914 3241 Domino
1950 3200 2042 3242 Deo

213 3256 380 3307 vestro,
407 3252 508 3308 quia
542 3252 664 3296 dedit
696 3253 821 3297 vobis
856 3253 1080 3297 doctorem
1112 3254 1320 3311 justitiae,
1346 3262 1390 3299 et
1418 3256 1684 3300 descendere
1712 3257 1851 3300 faciet
1878 3257 1935 3300 ad
1964 3272 2042 3301 vos

212 3309 401 3354 imbrem
435 3311 705 3355 matutinum
735 3319 777 3356 et
805 3313 1068 3369 serotinum,
1102 3314 1217 3357 sicut
1248 3314 1295 3357 in
1327 3314 1560 3372 principio.
1591 3315 1626 3342 ‘²4
1652 3315 1710 3358 Et
1742 3315 2042 3373 implebuntur

214 3382 327 3412 areae
363 3370 610 3425 frumento,
645 3378 688 3414 et
721 3371 1033 3415 redundabunt
1066 3373 1302 3416 torcularia
1334 3374 1437 3418 vino
1472 3380 1514 3417 et
1551 3375 1660 3418 oleo.
1698 3373 1735 3401 ²5
1764 3375 1822 3417 Et
1857 3375 2041 3419 reddam

214 3504 262 3536 10]
281 3503 325 3532 Is.
342 3504 443 3540 XIII,
462 3508 504 3534 10.
533 3506 588 3534 Ez.
607 3506 754 3541 XXXII,
774 3507 797 3534 7.
829 3505 894 3533 Inf.
914 3505 978 3539 111,
997 3507 1040 3533 15.
1073 3505 1193 3533 Mattn.
1213 3505 1337 3540 XXIV,
1354 3507 1399 3533 29.
1429 3506 1528 3533 Marc.
1547 3505 1647 3540 XIII,
1664 3507 1708 3534 24.
1731 3505 1811 3534 Luc.
1829 3506 1923 3540 XXI,
1940 3509 1984 3536 25.
2004 3522 2039 3528 —

214 3548 263 3626 {g}
282 3548 352 3625 ξεῖ)
371 3549 468 3620 XXXI
427 3570 478 3622 14,
500 3551 525 3579 7.
555 3550 627 3578 Am.
645 3551 685 3585 V,
703 3553 746 3579 18.
777 3550 875 3582 soph.
895 3550 921 3585 I,
939 3551 982 3578 15.
1009 3564 1043 3569 —-
1068 3550 1115 3583 13]
1135 3549 1188 3578 Ps‚
1210 3549 1379 3585 LXXXV,
1396 3552 1422 3578 5.
1451 3549 1527 3578 Jon.
1543 3549 1600 3585 IV,
1617 3551 1642 3578 2.
1661 3564 1696 3569 —-
1714 3549 1760 3584 14]
1780 3550 1855 3580 Jon.
1875 3551 1941 3587 III,
1958 3553 1983 3581 9.
2004 3565 2040 3572 —-

353 3613 359 3620 .
403 3613 410 3629 ,
463 3614 471 3623 .

2163 395 2263 422 Iterat
2275 402 2312 420 11¹·

2145 437 2288 470 descript
2298 446 2325 464 ιιι

2183 481 2286 509 cladis

2150 533 2169 555 a
2185 525 2327 554 locustis

2183 568 2293 598 illatae.

2137 1635 2213 1663 Sola
2238 1633 2342 1667 poeni-

2118 1678 2228 1707 tentia
2270 1679 2359 1706 Deus

2122 1721 2358 1756 pacificandus.

2113 2622 2352 2652 Resarcicntur

2130 2666 2334 2695 detrimenta

2135 2710 2332 2744 temporalia

2189 2751 2278 2782 Sion.
