2456 3861
785 103 903 146 Nun.
938 103 1077 158 VIII,
1111 104 1137 147 3
1171 128 1226 136 —
1261 104 1347 158 IX,
1382 104 1421 147 5.
1926 108 2005 149 461

192 288 295 329 crgo
330 273 492 317 Esdras
543 272 746 316 sacerdos
799 273 943 328 legem
975 287 1122 316 coram
1152 273 1438 318 multitudine
1467 274 1660 317 virorum
1686 279 1730 317 et
1756 275 2006 331 mulierum,

193 332 448 388 cunctisque
481 332 553 388 qui
582 336 787 388 poterant
819 331 1089 387 intelligere,
1126 331 1171 374 in
1205 332 1275 376 die
1309 332 1452 389 prima
1484 333 1647 376 mensis
1684 334 1875 390 septimi.
1909 334 1926 361 3
1955 336 2012 378 Et

192 389 300 446 legit
334 392 377 434 in
401 406 450 434 eo
481 395 631 447 aperte
664 390 709 432 in
740 390 888 446 platea
922 405 1018 446 quae
1053 396 1147 434 erat
1176 397 1278 434 ante
1308 396 1479 448 portam
1512 392 1761 448 Aquarum,
1797 392 1849 436 de
1882 407 2011 437 mane

192 464 325 505 usque
358 450 414 493 ad
450 449 641 493 mediam
667 448 806 503 diem,
838 448 882 491 in
909 455 1146 505 conspectu
1172 451 1385 506 virorum,
1416 456 1460 494 et
1485 450 1738 508 mulierum,
1766 456 1810 494 et
1838 452 2011 509 sapien-

191 509 314 552 tium.
345 511 400 551 Et
425 523 550 552 aures
572 507 713 551 omnis
736 507 886 564 populi
909 514 1034 551 erant
1060 514 1217 551 erectae
1239 509 1295 552 ad
1318 509 1492 553 librum.

248 567 264 594 ‘¹
289 568 419 612 Stetit
453 573 602 610 autem
629 566 791 609 Esdras
824 567 969 609 scriba
998 581 1127 623 super
1151 567 1337 623 gradum
1371 568 1567 624 ligneum
1597 584 1726 626 quem
1755 570 1926 613 fecerat
1955 569 2010 613 ad

189 625 487 682 loquendum;
516 631 558 670 et
587 630 802 669 steterunt
829 625 960 680 juxta
982 639 1082 668 eum
1114 626 1406 682 Mathathias,
1438 633 1481 670 et
1506 628 1696 684 Semeia,
1724 634 1768 672 et
1798 628 1938 684 Ania,
1969 634 2012 672 et

192 686 315 741 Uria,
337 692 380 729 et
408 685 580 741 Heleia,
607 689 651 728 et
675 684 860 739 Maasia,
887 684 944 727 ad
971 684 1201 728 dexteram
1226 685 1352 740 ejus3
1381 690 1425 729 et
1450 686 1505 729 ad
1532 686 1770 743 sinistram,
1800 687 2009 743 Phadaia,

190 745 369 800 Misael,
404 750 447 788 et
480 744 693 799 Melchia,
727 748 771 786 et
805 743 1000 799 Hasum,
1032 748 1076 786 et
1107 743 1401 800 Hasbadana,
1434 745 1665 801 Zacham‘a,
1693 751 1737 789 et
1764 746 2010 790 Mosollam.

194 804 210 830 5
226 805 283 847 Et
307 804 481 861 aperuit
504 803 665 847 Esdras
691 802 854 845 librum
877 816 1025 845 coram
1051 803 1171 846 omni
1197 802 1357 860 populo
1378 820 1386 858 ;
1411 817 1541 859 super
1570 804 1824 848 universum
1852 805 2012 862 quippe

191 863 401 920 populum
431 862 684 917 eminebat3
716 866 760 905 et
793 876 893 905 cum
919 861 1164 918 aperuisset
1196 876 1316 917 eum,
1349 861 1473 905 stetit
1502 862 1645 905 omnis
1677 864 1878 920 populus.
1913 864 1930 891 ⁶
1956 866 2013 907 Et

190 922 420 966 benedixit
453 921 615 965 Esdras
651 920 862 977 Domino,
901 922 995 964 Deo
1028 935 1220 977 magno;
1259 926 1303 964 et
1335 921 1563 978 respondit-
1600 922 1741 964 omnis
1777 923 1962 979 populus
2003 939 2011 966 :

191 984 356 1039 Amen,
391 996 541 1036 amen,
583 980 762 1024 elevans
796 995 951 1023 manus
983 994 1097 1026 suas,
1135 981 1192 1023 Et
1223 980 1444 1023 incurvati
1477 985 1598 1036 sunt,
1635 985 1679 1024 et
1718 981 2013 1024 adoraverunt

194 1041 337 1085 Deum
362 1041 487 1098 proni
514 1040 559 1083 in
584 1044 760 1084 terram.
784 1039 799 1066 ⁷
820 1041 952 1083 Porro
979 1040 1126 1095 Josue,
1151 1044 1195 1083 et
1218 1039 1344 1096 Bani,
1369 1045 1413 1083 et
1433 1039 1624 1096 Serebia,
1652 1040 1680 1082 J
1684 1040 1819 1096 amin,
1843 1041 2010 1096 Accub,

193 1101 386 1158 Septhai‚
412 1100 537 1156 Odia,
566 1099 747 1154 Maasia,
767 1098 924 1155 Celita,
951 1099 1148 1155 Azarias,
1175 1099 1386 1155 Jozabed,
1416 1099 1593 1155 Hanan,
1621 1099 1821 1156 Phalaia,
1848 1099 2017 1155 levitae,

191 1160 417 1204 silentium
453 1159 684 1202 faciebant
723 1158 769 1201 in
812 1159 973 1216 populo
1021 1158 1079 1201 ad
1114 1157 1385 1201 audiendam
1425 1158 1584 1214 legem.
1629 1158 1823 1215 Populus
1863 1163 2013 1202 autem

191 1221 339 1263 stabat
371 1221 416 1263 in
450 1220 588 1277 gradu
613 1233 703 1263 suo.
730 1219 747 1246 8
766 1221 823 1262 Et
844 1219 1049 1275 legerunt
1069 1218 1116 1261 in
1141 1217 1254 1261 libro
1284 1218 1395 1274 legis
1421 1217 1505 1260 Dei
1531 1217 1762 1274 distincte,
1791 1222 1834 1261 et
1862 1222 2012 1275 aperte

191 1279 247 1323 ad
269 1279 610 1336 intelligendum
631 1297 640 1334 ;
669 1283 712 1322 et
737 1278 1053 1322 intellexerunt
1078 1292 1179 1321 cum
1203 1278 1434 1335 legeretur.

250 1338 266 1365 ⁰
286 1339 413 1382 Dixit
437 1344 587 1382 autem
610 1337 848 1381 Nehemias
877 1338 999 1395 (ipse
1023 1342 1089 1381 est
1109 1338 1432 1395 Athersatha),
1461 1344 1504 1383 et
1534 1339 1717 1395 Esdras,
1741 1339 1944 1383 sacerdos
1969 1344 2014 1383 et

191 1398 355 1454 scriba,
388 1403 431 1442 et
460 1397 608 1441 levitae
641 1397 983 1453 interpretantes
1012 1396 1217 1440 universo
1249 1397 1410 1453 populo
1440 1415 1451 1443 ;
1478 1398 1584 1442 Dies
1613 1398 1914 1442 sanctificatus
1947 1404 2013 1442 est

191 1455 383 1501 Domino
418 1459 511 1501 Deo
545 1461 720 1510 nostro3
756 1456 894 1499 nolite
926 1455 1097 1512 lugere,
1133 1461 1176 1498 et
1208 1456 1345 1499 nolite
1379 1457 1495 1501 flere.
1530 1457 1691 1501 Flebat
1724 1457 1839 1500 enim
1872 1458 2012 1501 omnis

190 1516 390 1574 populus,
408 1531 514 1574 ,cum
539 1516 711 1559 audiret
736 1515 872 1559 verba
898 1515 1022 1571 legis.
1050 1515 1086 1542 10
1106 1516 1161 1558 Et
1187 1515 1300 1557 dixit
1325 1515 1388 1558 eis
1415 1532 1423 1559 :
1457 1518 1538 1572 Ite,
1567 1516 1784 1560 comedite
1815 1516 2011 1573 pinguia,

191 1580 235 1619 et
255 1575 396 1619 bibite
420 1575 625 1631 mulsum,
650 1580 693 1618 et
717 1574 882 1618 mittite
905 1579 1052 1631 partes
1077 1575 1145 1617 his
1168 1575 1241 1630 qui
1270 1589 1358 1618 non
1384 1579 1747 1632 praeparaverunt
1771 1574 1853 1617 sibi
1875 1593 1883 1630 ;
1912 1576 2013 1631 quia

190 1640 369 1678 sanctus
395 1635 487 1678 dies
510 1633 691 1678 Domini
716 1639 806 1690 est,
841 1640 886 1677 et
917 1633 1055 1677 nolite
1086 1633 1337 1676 contristari
1362 1651 1370 1689 ;
1399 1634 1613 1690 gaudium
1636 1634 1801 1678 etenim
1833 1634 2014 1678 Domini

191 1699 256 1738 est
277 1693 494 1737 fortitudo
516 1698 678 1736 nostra.
706 1693 738 1720 11
756 1694 927 1737 Levitae
952 1698 1102 1736 autem
1123 1692 1348 1736 silentium
1371 1693 1604 1737 faciebant
1624 1693 1670 1736 in
1694 1693 1812 1736 omni
1836 1694 2011 1750 populo,

191 1753 388 1797 dicentes
415 1770 424 1797 ε
456 1754 640 1810 Tacete,
667 1753 769 1810 quia
795 1753 887 1796 dies
912 1758 1091 1796 sanctus
1121 1758 1206 1808 est,
1233 1756 1278 1795 et
1302 1752 1439 1796 nolite
1466 1753 1626 1796 dolere.
1655 1752 1691 1779 ¹⁹2
1707 1752 1836 1795 Abiit
1863 1752 2013 1808 itaque

191 1813 333 1856 omnis
362 1813 569 1870 populuS,
600 1817 648 1856 ut
681 1813 932 1856 comederet
962 1817 1005 1856 et
1037 1812 1229 1869 biberet,
1264 1816 1309 1855 et
1339 1812 1536 1856 mitteret
1568 1817 1734 1869 partes,
1770 1816 1814 1855 et
1843 1812 2014 1855 faceret

191 1870 395 1915 laetitiam
419 1886 650 1928 magnam,
674 1872 775 1928 quia
800 1872 1113 1916 intellexerant
1137 1872 1272 1915 verba
1295 1887 1393 1928 quae
1417 1872 1625 1915 docuerat
1646 1886 1730 1915 eos.

252 1930 287 1958 ¹3
312 1932 369 1974 Et
400 1931 448 1974 in
481 1931 551 1975 die
583 1931 775 1974 secundo
814 1932 1071 1988 congregati
1107 1937 1209 1975 sunt
1246 1931 1467 1988 principes
1505 1931 1781 1974 familiarum
1818 1931 2014 1975 universi

191 1990 364 2048 populi,
386 1990 656 2047 sacerdoteS,
681 1995 724 2034 et
744 1991 915 2047 levitae,
942 1992 998 2034 ad
1025 1992 1214 2034 Esdram
1243 1990 1454 2047 scribam,
1478 1996 1526 2034 ut
1558 1990 1922 2047 interpretaretur
1951 1991 2013 2034 eis

192 2049 328 2092 verba
360 2049 485 2105 legis.
512 2049 548 2075 11
566 2051 624 2093 Et
648 2051 913 2094 invenerunt
937 2051 1151 2107 scriptum
1182 2050 1229 2093 in
1264 2050 1383 2106 lege,
1411 2049 1674 2107 praecepisse
1701 2050 1943 2093 Dominum
1966 2050 2014 2093 in

192 2122 326 2151 manu
363 2108 527 2165 Moysi,
565 2113 613 2152 ut
651 2109 856 2153 habitent
892 2110 972 2153 filii
1009 2110 1149 2153 Israel
1188 2109 1235 2152 in
1272 2109 1570 2152 tabernaculis
1607 2109 1654 2152 in
1697 2109 1767 2153 die
1804 2109 2012 2165 solemni,

191 2182 341 2211 mense
367 2168 576 2224 septimo,
608 2168 643 2195 15
660 2173 704 2212 et
728 2173 778 2211 ut
797 2168 1062 2226 praedicent,
1086 2173 1131 2213 et
1152 2169 1386 2225 divulgent
1407 2183 1563 2212 vocem
1587 2168 1634 2210 in
1660 2168 1875 2212 universis
1897 2168 2014 2212 urbi-

191 2226 273 2270 bus
303 2227 412 2283 suis,
444 2232 487 2270 et
514 2227 560 2269 in
594 2227 861 2284 Jerusalem,
893 2228 1090 2272 dicentes
1116 2241 1126 2270 τ
1154 2228 1431 2284 Egredimini
1459 2228 1506 2271 in
1540 2233 1756 2283 montem,
1788 2232 1832 2271 et
1856 2227 2015 2271 afferte

192 2286 374 2329 frondes
412 2286 562 2343 olivae,
594 2291 638 2330 et
673 2286 855 2330 frondes
883 2287 995 2343 ligni
1024 2287 1330 2344 pulcherrimi,
1372 2287 1556 2331 frondes
1596 2287 1750 2344 myrti,
1789 2293 1832 2330 et
1870 2301 2015 2330 ramos

192 2346 459 2403 palmarum,
517 2351 560 2389 et
611 2345 793 2389 frondes
841 2345 951 2402 ligni
1003 2347 1242 2403 nemorosi,
1290 2352 1338 2390 ut
1381 2347 1490 2390 fiant
1542 2346 1852 2401 tabernacula,
1901 2346 2016 2389 sicut-

192 2405 406 2462 scriptum
431 2410 509 2448 est.
542 2405 577 2432 16
596 2407 653 2448 Et
675 2419 872 2461 egressus
899 2411 964 2448 est
995 2405 1204 2462 populus,
1235 2410 1279 2448 et
1308 2406 1581 2461 attulerunt-,3
1610 2406 1900 2461 feceruntque
1930 2405 2014 2448 sibi

194 2464 483 2508 tabernacula
514 2464 810 2520 unusquisque
842 2464 889 2506 in
922 2464 1098 2508 domate
1131 2479 1228 2521 suo,
1263 2469 1308 2508 et
1339 2464 1384 2507 in
1418 2465 1542 2507 atriis
1579 2465 1687 2520 suis,
1730 2469 1773 2507 et
1809 2465 1855 2506 in
1892 2464 2015 2507 atriis

194 2523 349 2567 domus
383 2524 486 2580 Dei,
518 2529 562 2567 et
592 2524 639 2566 in
673 2524 821 2580 platea
854 2529 990 2579 portae
1016 2524 1264 2580 Aquarum,
1289 2528 1332 2566 et
1359 2523 1406 2566 in
1435 2523 1583 2579 platea
1616 2528 1754 2580 portae
1787 2523 2013 2579 Ephraim.

195 2582 228 2609 ¹7
253 2583 379 2626 Fecit
408 2597 511 2640 ergo
536 2583 743 2626 universa
765 2583 951 2625 ecclesia
973 2597 1122 2626 eorum
1151 2583 1224 2638 qui
1254 2582 1477 2625 redierant
1506 2582 1560 2625 de
1582 2582 1843 2638 captivitate
1869 2582 2013 2625 taber-

194 2642 380 2696 nacula;
417 2648 460 2686 et
491 2642 806 2685 habitaverunt
839 2642 883 2684 in
917 2642 1228 2686 tabernaculis.
1267 2641 1367 2684 Non
1405 2641 1523 2684 enim
1558 2641 1761 2684 fecerant
1797 2655 1823 2683 a
1860 2640 2015 2684 diebus

194 2701 222 2744 J
227 2715 350 2758 osue,
377 2701 456 2744 filii
479 2703 601 2757 Nun,
626 2701 775 2744 taliter
799 2701 877 2744 filii
904 2701 1042 2743 Israel
1068 2715 1202 2756 usque
1231 2700 1287 2744 ad
1323 2700 1440 2744 diem
1468 2700 1624 2755 illum,
1660 2705 1704 2743 et
1735 2700 1824 2743 fuit
1857 2699 2015 2742 laetitia

197 2774 358 2816 magna
390 2760 535 2804 nimis.
567 2760 602 2787 ¹8
621 2760 753 2816 Legit
774 2765 923 2803 autem
953 2760 998 2802 in
1028 2760 1140 2802 libro
1171 2759 1283 2816 legis
1310 2759 1393 2803 Dei
1428 2773 1507 2816 per
1532 2759 1624 2802 dies
1649 2759 1866 2815 singulos,
1893 2773 1919 2801 a
1945 2759 2015 2802 die

195 2819 334 2876 primo
375 2834 511 2876 usque
547 2820 604 2863 ad
642 2820 760 2863 diem
797 2819 1114 2872 novissimum3
1155 2823 1198 2862 et
1237 2819 1441 2862 fecerunt
1481 2817 1808 2861 solemnitatem
1845 2822 2016 2875 septem

194 2878 368 2935 diebus,
396 2884 440 2923 et
464 2880 512 2922 in
534 2879 604 2922 die
632 2885 788 2922 octavo
814 2878 1068 2934 collectam,
1091 2877 1220 2934 juxta
1240 2878 1386 2922 ritum.

252 2939 358 2982 CAP.
381 2939 462 2982 IX.
488 2965 548 2972 —
572 2938 585 2964 1
606 2939 660 2981 In
684 2938 753 2981 die
779 2942 928 2980 autem
949 2937 1164 2992 vigesimo
1187 2942 1340 2993 quarto
1362 2937 1524 2987 mensis
1549 2937 1695 2994 hujus,
1716 2942 2017 2981 convenerunt

192 2997 273 3039 filii
299 2998 439 3041 Israel
463 2998 510 3041 in
531 2997 704 3054 jejunio
732 3003 774 3040 et
798 2997 843 3039 in
866 2997 1017 3051 saccis,
1046 3001 1089 3039 et
1111 2996 1269 3039 humus
1294 3011 1424 3053 super
1445 3011 1531 3040 eos.
1554 2995 1571 3022 ‘⁴'
1590 2998 1648 3040 Et
1672 3002 1925 3053 separatum
1951 3001 2017 3040 est

193 3069 344 3099 semen
372 3057 563 3101 filiorum
596 3056 734 3100 Israel
768 3056 823 3099 ab
850 3055 968 3098 omni
998 3055 1088 3098 filio
1116 3055 1394 3112 alienigena3
1431 3060 1475 3100 et
1503 3060 1740 3112 stet-erunt,
1767 3061 1811 3099 et
1837 3056 2015 3099 confite-

193 3115 356 3158 bantur
383 3121 569 3172 peccata
602 3130 701 3172 sua,
734 3121 778 3159 et
810 3115 1066 3170 iniquitates
1097 3120 1272 3172 patrum
1297 3129 1486 3158 suorum.
1522 3115 1540 3142 3
1559 3117 1616 3158 Et
1648 3120 2016 3159 consurrexerunt

193 3174 249 3217 ad
271 3175 492 3232 standum,
517 3181 560 3219 et
582 3176 784 3231 legerunt
808 3175 854 3217 in
879 3173 1104 3218 volumine
1128 3173 1239 3230 legis
1265 3174 1445 3217 Domini
1472 3174 1554 3217 Dei
1580 3174 1646 3217 sui
1669 3180 1822 3230 quater
1841 3174 1888 3216 in
1915 3173 2012 3228 die3

194 3238 238 3276 et
263 3240 418 3289 quater
442 3234 777 3290 confitebantur,
803 3239 845 3277 et
869 3233 1115 3276 adorabant
1139 3233 1380 3277 Dominum
1408 3235 1551 3277 Deum
1573 3248 1712 3276 suum.

253 3292 271 3319 4
288 3294 578 3337 Surrexerunt
609 3298 758 3336 autem
788 3307 916 3349 super
943 3292 1130 3347 gradum
1158 3292 1393 3336 levitarum
1419 3293 1574 3348 Josue,
1601 3297 1645 3335 et
1670 3293 1804 3347 Bani,
1831 3298 1873 3335 et
1906 3292 2015 3335 Ced-

196 3351 346 3409 mihel,
370 3353 574 3409 Sabania,
603 3353 761 3408 Bonni,
789 3351 1004 3407 Sarebias,
1029 3351 1156 3407 Bani,
1187 3356 1231 3394 et
1260 3351 1490 3406 Chanani3
1516 3356 1560 3394 et
1583 3352 1887 3395 clamaverunt
1908 3365 2016 3394 voce

196 3425 359 3467 magna
390 3412 446 3455 ad
478 3413 720 3455 Dominum
755 3413 898 3455 Deum
926 3425 1066 3453 suum.
1101 3411 1118 3437 ⁵
1143 3412 1200 3453 Et
1229 3411 1434 3454 dixerunt
1468 3411 1616 3454 levitae
1643 3412 1798 3466 Josue,
1829 3415 1873 3453 et
1906 3409 2015 3453 Ced-

196 3469 351 3526 mihel,
382 3471 546 3527 Bonni,
584 3470 833 3526 Hasebnia,
865 3469 1062 3525 Serebia,
1094 3469 1254 3526 Odaia,
1285 3469 1466 3525 Sebnia,
1494 3469 1745 3512 Phathahia
1777 3485 1785 3512 ε
1821 3468 2013 3524 Surgste,

197 3530 449 3576 benedicite
479 3534 670 3577 Domino
698 3536 790 3578 Deo
821 3539 966 3576 vestro
990 3531 1046 3574 ab
1074 3538 1237 3575 aeterno
1262 3546 1398 3587 usque
1422 3532 1469 3574 in
1496 3537 1738 3585 aeternum3
1766 3536 1809 3574 et
1833 3530 2013 3574 benedi-

199 3595 304 3633 cant
325 3592 491 3634 nomini
519 3592 672 3646 gloriae
698 3598 787 3636 tuae
810 3591 983 3636 excelso
1008 3591 1053 3632 in
1081 3591 1201 3634 omni
1225 3591 1535 3633 benedictione
1561 3595 1604 3633 et
1629 3590 1773 3633 laude.

2103 1930 2297 1959 celebratur

2094 1975 2223 2003 festum
2243 1975 2301 2002 'ra-

2104 2019 2297 2047 berna-culo·

2160 2070 2244 2091 rum.

2131 2947 2271 2976 Publica

2101 2991 2303 3025 poenitentia

2141 3035 2266 3068 populi.

2144 3290 2258 3319 Oratio

2106 3335 2297 3364 levitarum.

2100 3382 2131 3407 10
2150 3379 2303 3407 Introdu-

2161 3423 2238 3452 etio.
