2423 3861
737 102 809 143 Εκ.
845 102 976 155 XXI,
1013 102 1039 144 8
1069 128 1128 134 ——
1161 102 1319 156 XXII,
1354 103 1394 144 3.
1893 106 1976 148 943

148 277 195 315 et
226 271 521 314 infirmabitur
553 271 695 313 omnis
723 271 925 327 spierS,
960 278 1002 315 et.
1036 286 1111 328 per
1144 279 1304 315 cuncta
1335 286 1481 327 genua
1509 271 1648 317 fluent
1684 287 1840 329 aqu-0133
1875 290 1976 319 ecce

150 330 292 380 venit,
316 336 359 373 et
384 331 479 384 fiet,
505 330 568 372 ait
593 330 808 372 Dominus
837 332 967 373 Deus.

208 389 226 415 3
248 391 306 432 Et
331 389 480 432 factus
506 395 571 431 est
597 403 737 432 sermo
763 389 939 432 Domini
967 389 1020 432 ad
1048 404 1137 445 nic,
1161 390 1311 434 dicens
1334 407 1342 435 :
1369 390 1386 415 9
1405 391 1491 434 Fili
1517 391 1721 446 hom-inis,
1748 392 1974 449 propheta,

144 453 192 491 et
218 448 365 491 dices:
396 448 509 490 Haeo
532 447 641 490 dicit
667 448 884 490 Dominus
912 450 1029 492 Deus
1052 466 1060 492 ε
1090 450 1299 504 Loquere.
1323 449 1538 505 Gladius,
1563 450 1738 505 gladius
1765 457 1976 495 exacutus

141 513 233 562 est,
258 513 302 550 et
328 507 520 549 lim-atus.
544 507 577 533 ¹⁰
598 508 656 550 Ut
682 507 826 550 caedat
853 508 1068 562 victimas,
1097 514 1309 551 exacutus
1335 514 1426 564 est;
1454 514 1502 552 ut
1526 509 1770 566 splendeat,
1798 509 1976 554 limatus

147 571 213 608 cst
240 583 248 610 :
284 566 356 621 qui
391 580 541 609 moves
570 572 792 622 sceptrum
826 566 903 608 filii
936 567 1042 620 mci,
1077 567 1303 609 succidisti
1339 582 1467 610 omne
1501 567 1687 624 lignum.
1724 568 1759 598 11
1785 569 1842 613 Et
1875 569 1976 613 dedi

146 640 247 667 eum
273 625 329 667 ad
358 625 664 680 levigandum,
693 630 739 667 ut
762 631 962 668 teneatur
989 640 1145 679 1na11u3
1170 626 1252 668 iste
1279 632 1489 671 exacutus
1511 632 1577 670 est
1604 627 1801 684 gladiuS,
1826 634 1870 672 et
1893 629 1975 672 iste

147 683 328 726 limatus
351 689 436 739 est,
464 690 511 726 ut
532 683 589 726 sit
610 684 654 725 in
681 698 815 726 manu
839 684 1159 726 interficientis.
1192 684 1223 709 ¹²
1240 685 1414 740 Cluuia,
1442 691 1485 729 et
1510 686 1648 741 ulula,
1676 687 1739 730 fili
1764 687 1972 744 hominis,

145 743 248 797 quia
275 743 346 785 hic
369 743 519 784 factus
543 747 608 785 est
634 742 678 784 in
702 742 863 799 populo
886 757 995 797 meo,
1024 743 1094 784 hic
1119 743 1165 785 in
1188 744 1358 786 cunctis
1381 744 1567 789 ducibus
1593 745 1730 788 Israel
1756 746 1829 802 qui
1851 747 1975 803 fuge-

145 807 270 855 1·ant;
302 801 451 857 gladio
485 801 636 843 traditi
667 807 769 843 sunt
799 816 898 844 cum
926 801 1086 857 populo
1116 817 1236 856 1ne03
1270 802 1433 846 idcirco
1459 803 1619 858 plaude
1653 820 1782 861 super
1814 806 1974 862 femur,

147 860 182 886 ¹³
200 861 302 916 quia
325 861 534 916 probatus
558 865 645 914 cst3
675 865 717 902 et
747 860 848 918 hoc,
873 874 974 902 cum
999 866 1221 916 sceptrum
1243 861 1528 917 subverterit,
1557 868 1600 906 et
1629 878 1717 906 non
1742 865 1844 921 erit,
1869 865 1976 908 dicit

148 919 364 962 Dominus
392 920 523 962 Deus.

206 978 240 1004 11
258 979 325 1021 Tu
351 992 475 1034 ergo,
502 978 565 1020 fili
591 977 804 1031 hominis,
832 979 1065 1035 pnopheta,
1087 984 1131 1022 et
1154 985 1332 1035 percute
1357 995 1490 1024 manu
1515 980 1572 1024 ad
1595 996 1798 1036 manum3
1827 988 1871 1026 et
1897 983 1974 1026 du-

140 1038 333 1094 plicetur
365 1037 561 1093 gladius,
601 1051 653 1080 ac
692 1037 940 1096 triplicetur
973 1037 1149 1089 gladius
1181 1038 1533 1084 interfectorum.
1574 1040 1662 1084 Hic
1696 1045 1762 1085 est
1798 1041 1973 1097 gladius

140 1096 375 1140 occisionis
409 1110 609 1152 magnae,
634 1096 707 1152 qui
730 1095 1041 1152 obstupescere
1067 1111 1139 1140 eos
1172 1098 1308 1151 facit,
1340 1097 1375 1123 ’11-
1402 1103 1445 1141 et
1478 1099 1608 1143 corde
1645 1099 1891 1155 tabescere,
1931 1107 1975 1144 et

143 1155 414 1212 multiplicat
439 1155 599 1198 ruinas.
627 1156 682 1198 In
712 1157 916 1198 orn-nibus
946 1156 1083 1212 portis
1108 1170 1260 1200 eorum
1285 1157 1384 1201 dedi
1420 1158 1804 1203 conturbationem
1833 1160 1971 1215 gladii

133 1215 282 1270 acuti,
310 1220 352 1258 et
382 1214 525 1257 limati
555 1214 611 1257 ad
636 1213 925 1270 fulgendum,
955 1215 1110 1258 amicti
1134 1215 1190 1259 ad
1221 1216 1403 1260 caedem.
1433 1216 1467 1243 '¹⁶
1489 1217 1742 1272 Exacuere,
1772 1218 1884 1261 vade
1916 1219 1972 1262 ad

141 1273 392 1329 dexteram,
416 1274 508 1317 sive
530 1274 587 1316 ad
611 1273 855 1332 sinistiam,
884 1288 1158 1329 quocumque
1181 1275 1317 1319 faciei
1340 1281 1429 1318 tuae
1456 1280 1522 1319 est
1547 1277 1784 1332 appetitus.
1809 1276 1842 1303 ¹⁷
1860 1278 1972 1329 Quin

136 1339 185 1375 et
211 1347 291 1389 ego
316 1333 527 1390 plaudam
550 1347 684 1375 manu
713 1332 769 1374 ad
796 1346 997 1389 manum,
1024 1338 1069 1376 et
1092 1333 1286 1390 implebo
1311 1334 1672 1390 indignationem
1695 1350 1866 1382 meam:
1890 1352 1971 1393 ego

141 1392 358 1435 Dominus
384 1392 557 1435 locutus
586 1406 696 1435 sum.

200 1451 234 1477 13
255 1452 312 1494 Et
340 1451 489 1493 factus
524 1456 598 1494 est.
622 1465 763 1493 sermo
794 1452 975 1495 Domini
1007 1452 1064 1494 ad
1094 1467 1183 1508 me,
1212 1453 1390 1497 dicens:
1423 1454 1456 1480 ¹⁰
1483 1456 1539 1500 Et
1566 1460 1633 1510 tu,
1665 1455 1727 1499 fili
1760 1456 1970 1511 hominis,

138 1524 252 1567 pone
277 1510 360 1553 tibi
386 1509 495 1552 duas
514 1509 622 1565 viaS,
646 1514 694 1551 ut
713 1510 862 1552 veniat
887 1510 1062 1565 gladius
1088 1511 1202 1566 regis
1231 1511 1501 1567 Babylonis:
1529 1513 1581 1557 de
1603 1520 1718 1557 terra
1740 1529 1827 1557 una
1849 1529 1971 1571 egre-

134 1569 313 1612 dientur
334 1569 505 1622 ambae3
539 1572 584 1611 et
607 1582 741 1610 manu
768 1569 913 1624 capiet
943 1569 1268 1624 conjecturam,
1295 1570 1341 1613 in
1368 1572 1513 1627 capite
1535 1572 1620 1615 viae
1648 1573 1843 1617 civitatis
1870 1588 1969 1618 con-

136 1628 275 1684 jiciet.
303 1626 340 1654 2⁰
358 1627 490 1671 Viam
523 1641 660 1683 pones
689 1631 738 1668 ut
766 1627 918 1669 veniat
947 1628 1122 1682 gladius
1152 1627 1210 1671 ad
1237 1629 1444 1672 Rabbath
1474 1631 1664 1674 filiorum
1689 1632 1905 1688 Ammon,
1928 1638 1971 1677 et

131 1688 192 1730 ad
218 1687 386 1730 Judam
417 1686 464 1729 in
489 1686 740 1729 Jerusalem
765 1686 1125 1730 munitissimam.
1160 1686 1193 1713 2¹
1219 1687 1354 1732 Stetit
1388 1689 1506 1732 enim
1539 1704 1615 1732 rex
1651 1691 1893 1746 Babylonis
1924 1692 1971 1734 in

136 1747 277 1802 bivio,
305 1746 350 1788 in
372 1746 528 1803 vcapite
556 1745 744 1788 duarum
769 1745 963 1801 viarum,
991 1745 1314 1790 divinationem
1340 1761 1562 1804 quaerens,
1587 1749 1878 1795 commiscens
1902 1765 1970 1794 sa-

135 1806 293 1862 gittas,
318 1805 609 1860 interrogavit
632 1804 772 1860 idola,
802 1810 904 1849 exta
931 1805 1165 1849 consuluit.

196 1863 233 1890 '2'2
251 1865 323 1908 Ad
347 1865 576 1907 dexteram
599 1864 696 1920 ejus
722 1864 847 1907 facta
870 1870 935 1907 est
954 1865 1170 1909 divinatio
1193 1880 1323 1922 super
1345 1867 1616 1923 Jerusalem,
1632 1873 1681 1911 ut
1702 1875 1839 1925 ponat
1861 1869 1970 1915 arie-

134 1930 222 1980 tes,
248 1919 296 1966 ut
329 1924 499 1980 aperiat
529 1937 575 1967 os
598 1923 645 1966 in
672 1923 816 1979 caede,
838 1928 888 1966 ut
914 1924 1057 1967 elevet
1083 1939 1237 1968 vocem
1267 1925 1316 1968 in
1341 1926 1536 1982 ululatu,
1563 1932 1610 1969 ut
1642 1933 1779 1984 ponat
1811 1929 1969 1972 arietes

132 1989 289 2027 contra
318 1988 486 2040 portas,
522 1988 569 2025 ut
603 1988 849 2040 comportet
881 1998 1110 2040 aggerem,
1138 1990 1186 2028 ut
1213 1984 1403 2030 aedificet
1428 1986 1710 2032 munitiones.
1733 1986 1770 2014 “23
1788 1988 1970 2043 Eritque

129 2043 260 2098 quasi
289 2043 521 2086 consulens
546 2043 715 2086 frustra
741 2043 969 2086 oraculum
995 2043 1042 2087 in
1072 2043 1209 2087 oculis
1239 2058 1412 2099 eorum,
1443 2050 1485 2089 et
1515 2045 1801 2090 sabbatorum
1830 2047 1969 2090 otium

131 2102 316 2145 imitans
333 2119 342 2158 3
367 2102 461 2160 ipse
478 2107 630 2145 autem
647 2102 951 2145 recordabitur
968 2102 1219 2158 iniquitatis
1245 2103 1304 2148 ad
1328 2104 1607 2160 capiendum.
1627 2103 1663 2132 24
1681 2106 1858 2151 Idcirco
1873 2107 1969 2152 haec

133 2161 244 2204 dicit
278 2161 497 2204 Dominus
526 2162 646 2204 Deus
672 2178 681 2205 ε
716 2162 801 2203 Pro
831 2175 879 2204 eo
914 2161 1030 2216 quod
1062 2162 1280 2211 recordati
1310 2163 1414 2207 estis
1442 2163 1690 2219 iniquitatis
1717 2171 1897 2221 vestrae,
1925 2170 1969 2208 et

133 2220 364 2263 revelastis
387 2220 779 2277 praevaricationes
797 2226 980 2275 vestras,
1004 2225 1048 2263 et
1068 2226 1368 2277 apparuerunt
1389 2227 1572 2278 peccata
1594 2228 1739 2267 vestra
1760 2223 1807 2268 iu
1830 2224 1968 2270 omni-

135 2278 217 2322 bus
243 2279 590 2335 cogitationibus
617 2279 798 2335 vestri-s,
820 2293 899 2336 pro
932 2294 1001 2335 eo,
1033 2279 1237 2336 inquam,
1269 2280 1386 2336 quod
1419 2281 1637 2324 recordati
1670 2282 1799 2339 estiS,
1833 2298 1968 2328 manu

130 2338 387 2394 capiemini.
418 2336 455 2364 25
479 2338 547 2381 Tu
580 2343 749 2393 autem,
781 2339 990 2395 profane,
1011 2339 1149 2394 impie
1178 2339 1268 2382 dux
1301 2340 1461 2395 Israel,
1489 2341 1616 2396 cujus
1642 2341 1764 2385 venit
1797 2342 1889 2387 dies
1921 2342 1968 2385 in

131 2402 330 2454 tempore
355 2397 605 2453 iniquitatis
626 2398 868 2454 praefinita3
893 2397 929 2424 2⁶
946 2398 1041 2442 haec
1067 2398 1176 2442 dicit
1201 2399 1417 2443 Dominus
1440 2400 1560 2443 Deus
1576 2418 1584 2445 :
1603 2400 1749 2444 Aufer
1767 2401 1964 2457 cidarim,

131 2457 239 2500 tolle
275 2471 516 2500 coronam:
549 2470 694 2500 nonne
730 2457 826 2500 haec
864 2462 930 2500 est
966 2471 1064 2512 quae
1096 2457 1310 2501 humilem
1346 2458 1616 2515 sublevavit,
1655 2465 1699 2505 et
1730 2460 1966 2504 sublimem

133 2515 418 2560 humiliavit?
442 2515 476 2542 “2⁷
496 2515 807 2571 Iniquitatem,
833 2516 1135 2572 iniquitatem,
1157 2517 1441 2574 iniquitatem
1469 2532 1632 2575 ponam
1661 2533 1783 2573 eam3
1815 2524 1859 2562 et
1883 2519 1965 2564 hoc

132 2589 221 2618 non
254 2575 429 2618 factum
459 2579 545 2629 est,
580 2574 719 2618 donec
751 2575 923 2619 veniret
956 2576 1081 2632 cujus
1111 2581 1178 2619 est
1203 2576 1441 2632 judicium,
1477 2582 1519 2621 et
1551 2577 1725 2622 tradam
1755 2578 1807 2623 ei.

191 2633 228 2661 28
255 2635 312 2677 Et
341 2640 408 2690 tu,
440 2634 503 2676 fili
532 2634 744 2690 hominis,
778 2634 1013 2691 propheta,
1048 2640 1091 2678 et
1125 2635 1194 2678 dic
1220 2652 1228 2679 :
1255 2636 1370 2680 Haec
1391 2635 1500 2681 dicit
1526 2637 1743 2681 Dominus
1766 2638 1886 2682 Deus
1908 2638 1965 2681 ad

130 2694 246 2737 filios
268 2694 484 2749 Ammon,
509 2698 553 2737 et
573 2693 629 2736 ad
652 2694 936 2751 opprobrium
961 2708 1135 2749 eorum3
1157 2699 1200 2737 et
1217 2694 1364 2739 dices:
1389 2696 1561 2751 Macro,
1584 2711 1756 2752 mucro,
1776 2697 1964 2753 evagina

130 2757 175 2796 te
196 2753 252 2795 ad
280 2753 599 2808 occidendum,
624 2753 731 2795 lima
749 2758 792 2796 te
817 2758 866 2795 ut
887 2753 1129 2796 interficias
1151 2758 1194 2796 et
1214 2754 1392 2809 fulgeas
1409 2771 1418 2809 3
1438 2753 1475 2779 ²⁹
1489 2769 1590 2799 cum
1608 2755 1690 2798 tibi
1709 2755 1965 2800 viderentur

129 2827 268 2868 vana,
294 2818 337 2858 et
367 2812 672 2855 divinarentur
697 2812 951 2866 mendacia,
975 2818 1023 2854 ut
1049 2812 1214 2856 dareris
1239 2828 1369 2870 super
1391 2813 1506 2858 colla
1526 2814 1857 2860 vulneratorum
1882 2815 1963 2859 im-

129 2871 325 2928 piorum,
353 2886 537 2928 quorum
561 2871 685 2915 venit
719 2871 812 2914 dies
843 2872 890 2914 in
915 2876 1115 2928 tempore
1140 2872 1390 2928 iniquitatis
1415 2873 1647 2929 praefinita.
1671 2873 1708 2900 3⁰
1728 2875 1963 2919 Revertere

130 2930 190 2974 ad
205 2931 418 2987 vaginam
442 2936 579 2987 tuam,
606 2931 652 2973 in
673 2931 770 2974 loco
794 2931 842 2974 in
862 2945 946 2986 quo
969 2937 1140 2974 creatus
1162 2945 1224 2986 es3
1251 2931 1298 2976 in
1325 2937 1439 2976 terra
1463 2932 1714 2977 nativitatis
1739 2938 1829 2977 tuae
1845 2933 1962 2989 judi-

129 2989 242 3033 cabo
266 2996 324 3035 te.
356 2990 391 3017 31
416 2992 474 3033 Et
500 2990 729 3033 effundam
758 3004 889 3046 super
918 2995 961 3033 te
992 2990 1349 3046 indignationem
1382 3005 1552 3047 meam,
1585 2991 1632 3034 in
1664 2991 1769 3048 igne
1800 2992 1961 3037 furoris

130 3048 218 3092 mei
243 3049 430 3093 sufflabo
448 3051 495 3092 in
521 3056 584 3105 te,
609 3049 809 3105 daboque
835 3055 878 3092 te
899 3049 944 3091 in
968 3064 1124 3092 manus
1149 3050 1380 3095 hominum
1401 3051 1728 3107 insipientium,
1754 3056 1800 3097 et
1822 3051 1962 3096 fabri-

126 3109 330 3151 cantium
358 3109 601 3154 interitum.
629 3107 666 3135 3⁹²
683 3109 786 3165 Igni
813 3109 895 3152 eris
930 3108 1075 3164 cibus,
1105 3109 1285 3165 mugnis
1310 3115 1413 3155 tuus
1441 3110 1524 3154 erit
1555 3110 1603 3155 in
1631 3110 1776 3155 medio
1810 3116 1957 3167 terrae,

128 3166 344 3212 oblivioni
371 3168 582 3225 traderis3
611 3167 714 3225 quia
738 3181 820 3224 ego
847 3167 1064 3211 Dominus
1090 3167 1262 3213 locutus
1283 3183 1394 3215 sum.

682 3292 708 3349 ξ
741 3291 821 3334 ΙΧ.
854 3315 913 3323 -
945 3289 1120 3334 seelera
1150 3291 1416 3335 Jerusalem.

189 3407 295 3461 CAP.
322 3407 475 3451 XXII.
495 3433 554 3440 --
572 3406 585 3433 1
606 3408 664 3450 Et
688 3407 863 3449 factum
889 3411 952 3449 est
974 3405 1160 3448 verbum
1179 3407 1360 3450 Domini
1386 3407 1442 3450 ad
1469 3421 1551 3463 me,
1580 3407 1757 3452 dicens:
1783 3406 1801 3433 2
1817 3409 1877 3452 Et
1896 3413 1959 3465 tu,

128 3463 193 3506 fili
224 3465 435 3522 hominis,
462 3480 608 3509 nonne
636 3465 832 3523 judicas,
870 3478 1015 3507 nonne
1047 3465 1221 3521 judicas
1262 3465 1492 3509 civitatem
1525 3465 1829 3522 sanguinum?
1863 3467 1881 3494 3
1902 3469 1960 3511 Et

130 3523 335 3567 ostendes
371 3525 411 3568 ei
448 3539 600 3569 omnes
637 3524 990 3568 abominationes
1026 3539 1147 3579 suas,
1182 3530 1225 3568 et
1257 3524 1411 3569 dices:
1447 3526 1561 3568 Haec
1595 3525 1704 3568 dicit
1741 3527 1957 3570 Dominus

132 3581 278 3628 Deus:
303 3582 471 3628 Civitas
494 3584 727 3628 effundens
753 3583 1016 3639 sanguinem
1041 3583 1087 3626 in
1113 3583 1258 3628 medio
1283 3584 1364 3643 sui,
1391 3589 1440 3628 ut
1461 3584 1613 3628 veniat
1634 3589 1806 3643 tempus
1833 3586 1930 3643 ejus
1944 3604 1953 3640 ;

2074 401 2140 436 jam
2160 410 2249 432 nunc

2043 450 2208 474 exacutus
2246 451 2279 476 ct

2087 489 2243 525 limatus,

2069 992 2108 1017 ut
2126 989 2250 1023 ubique

2085 1033 2242 1063 trucidet.

2059 1465 2119 1492 Illc
2143 1473 2259 1494 mucro

2096 1509 2189 1537 venit
2207 1517 2227 1538 a

2064 1553 2233 1586 Babylone
2242 1575 2250 1590 ,

2077 1879 2239 1908 adversus

2095 1923 2112 1950 δ
2121 1922 2218 1951 udam

2042 2639 2077 2664 et
2095 2637 2257 2666 adversus

2074 2681 2227 2710 Ammon.

2104 3412 2193 3440 Deus

2057 3453 2234 3483 invehitur

2052 3497 2086 3527 in
2105 3499 2232 3527 scelera

2046 3542 2245 3573 Jerusalem.
