2423 3861
235 829 379 858 Titulus.

206 901 318 930 Firma
333 908 408 934 spes

242 945 276 975 in
297 947 377 981 Deo,

203 1794 302 1826 cujus
319 1793 418 1819 enixe

210 1833 412 1867 imploratur

221 1877 398 1908 auxilium.

241 3030 387 3062 Titulus.

221 3103 351 3132 Clamor
367 3102 408 3131 ad

195 3148 303 3176 Deum
317 3168 323 3183 ,
345 3147 436 3176 inva-

212 3191 422 3220 lescentibus

240 3242 398 3265 immicis.

504 119 591 163 564
1070 118 1141 161 ΡΞ.
1169 118 1315 174 XXV,
1346 120 1395 160 11
1426 145 1483 151 ——
1508 120 1714 174 XXVII,
1740 121 1781 162 4.

792 285 973 328 dextera
997 299 1147 328 eorum
1171 286 1339 342 repleta
1368 292 1433 329 est
1456 285 1730 329 muneribus

675 344 707 370 ¹¹
729 345 825 400 Ego
846 350 997 388 autem
1018 344 1065 386 in
1086 344 1342 388 innocentia
1366 359 1463 388 mea
1485 345 1711 400 ingressus
1733 357 1856 399 sum,

790 403 957 446 redime
984 417 1074 459 me,
1094 408 1138 447 et
1159 403 1366 447 miserere
1386 403 1488 446 mei.

674 460 711 488 12
728 463 810 505 Pes
838 477 960 506 meus
982 463 1106 505 stetit
1130 462 1177 505 in
1200 463 1366 506 directo
1385 481 1393 517 3

791 520 838 564 in
865 521 1063 564 ecclesiis
1089 522 1355 565 benedicam
1377 529 1441 579 te,
1468 522 1672 575 Domine.

1166 631 1425 674 PSALMUS
1472 631 1663 673 XXVI

1213 720 1269 762 In
1304 720 1400 762 Deo
1434 719 1612 774 confido.

558 806 792 850 ¹Psalmus
820 807 988 863 David,
1018 807 1275 864 priusquam
1301 806 1516 849 liniretur.

732 882 951 924 Dominus
974 881 1247 923 illuminatio
1273 894 1371 923 mea
1393 886 1438 923 et
1464 880 1583 922 salus
1606 894 1729 934 mea3
1751 893 1882 936 quem
1903 878 2102 923 timebo?

793 941 1012 985 Dominus
1038 945 1262 997 protector
1281 940 1390 982 vitae
1408 953 1546 994 meae3
1564 951 1591 981 a
1606 953 1691 995 quo
1713 938 1980 995 trepidabo?
2002 943 2012 949 ”

691 999 709 1026 2
729 1002 848 1044 Dum
870 1000 1138 1057 appropiant
1163 1013 1296 1056 super
1318 1013 1390 1042 me
1412 1004 1643 1055 nocentes,
1670 1003 1719 1040 ut
1741 998 1876 1041 edant
1898 1011 2053 1041 carnes
2077 1013 2218 1055 meas,

792 1060 866 1116 qui
885 1059 1103 1102 tribulant
1125 1073 1196 1101 me
1214 1057 1386 1100 inimici
1406 1057 1514 1113 mei,
1533 1057 1619 1114 ipsi
1640 1057 1854 1099 infirmati
1881 1062 1984 1100 sunt
2002 1062 2047 1101 et
2065 1058 2341 1101 ceciderunt.

689 1119 708 1146 3
723 1119 769 1163 Si
797 1119 1043 1162 consistant
1069 1117 1307 1161 adversum
1329 1131 1400 1160 me
1427 1122 1592 1173 castra,
1616 1131 1704 1159 non
1726 1116 1905 1159 timebit
1929 1130 2005 1159 cor
2025 1131 2189 1161 meum.

790 1178 835 1222 Si
858 1183 1048 1234 exurgat
1069 1177 1309 1220 adversum
1328 1190 1401 1219 me
1423 1176 1649 1233 praelium,
1675 1176 1722 1218 in
1748 1176 1831 1218 hoc
1859 1189 1940 1231 ego
1965 1175 2165 1232 sperabo.

726 1239 875 1282 Unam
900 1237 1009 1294 petii
1035 1251 1061 1280 a
1089 1237 1302 1292 Domino,
1329 1236 1445 1279 hanc
1466 1236 1710 1292 requiram,

790 1303 837 1340 ut
862 1297 1113 1340 inhabitem
1134 1296 1181 1338 in
1207 1296 1339 1339 domo
1361 1295 1543 1338 Domini
1567 1295 1774 1339 omnibus
1799 1295 1957 1338 diebus
1977 1295 2084 1338 vitae
2108 1309 2238 1351 meae,
2299 1321 2309 1326 -

789 1362 838 1399 ut
863 1356 1041 1400 videam
1062 1356 1347 1412 ⁴voluptatem
1375 1355 1578 1411 Domini,
1604 1361 1650 1398 et
1675 1355 1854 1397 visitem
1877 1355 2096 1411 templum
2124 1354 2234 1411 ejus.

689 1416 707 1443 5
725 1416 944 1468 Quoniam
967 1415 1202 1458 abscondit
1226 1430 1296 1458 me
1317 1416 1364 1457 in
1386 1414 1676 1458 tabernaculo
1694 1429 1798 1469 suo3

792 1476 836 1518 111
863 1476 935 1519 die
957 1475 1176 1518 malorum
1198 1475 1392 1531 protexit
1415 1489 1485 1517 me
1507 1475 1553 1516 in
1574 1474 1839 1518 abscondito
1864 1474 2145 1518 tabernaculi
2168 1474 2248 1518 sui.

689 1536 708 1564 θ
723 1537 777 1580 In
803 1540 928 1592 petra
952 1535 1171 1578 exaltavit
1194 1549 1284 1589 me,

792 1601 835 1638 et
861 1609 979 1638 nunc
1006 1594 1222 1638 exaltavit
1249 1600 1384 1650 caput
1407 1607 1556 1636 meum
1581 1608 1713 1650 super
1737 1594 1943 1637 inimicos
1967 1608 2102 1638 me0s4

732 1654 943 1708 Circuivi,
963 1659 1005 1697 et
1022 1653 1254 1696 immolavi
1273 1653 1319 1695 111
1338 1653 1629 1696 tabernaculo
1649 1653 1746 1708 ejus
1764 1653 1957 1696 hostiam
1975 1652 2338 1706 vociferationis;

793 1713 1005 1768 cantabo,
1034 1719 1075 1756 et
1103 1713 1326 1770 psalmum
1352 1713 1498 1755 dicam
1526 1712 1731 1755 Domino.

691 1773 706 1801 7
728 1773 925 1828 Exaudi,
951 1773 1163 1827 Domine,
1186 1786 1345 1815 vocem
1371 1786 1537 1827 meam,
1561 1785 1647 1827 qua
1674 1771 1867 1814 clamavi
1891 1772 1947 1814 ad
1969 1776 2039 1829 te,-

793 1833 999 1875 miserere
1026 1832 1135 1886 mei,
1163 1837 1207 1874 et
1234 1831 1396 1874 exaudi
1420 1845 1504 1874 me.

693 1893 710 1920 8
728 1893 830 1937 Tibi
855 1891 967 1934 dixit
996 1905 1069 1934 cor
1095 1905 1265 1946 meum,
1293 1889 1536 1945 exquisivit
1558 1895 1601 1933 te
1624 1890 1766 1932 facies
1792 1903 1912 1945 mea,-

794 1951 963 1995 faciem
985 1956 1130 2005 tuam,
1162 1949 1374 2005 Domine,
1398 1949 1619 2004 requiram

693 2012 710 2038 9
727 2013 795 2055 Ne
817 2016 992 2054 avertas
1019 2010 1187 2053 faciem
1210 2014 1334 2051 tuam
1357 2024 1381 2051 a
1409 2023 1504 2063 me3

792 2085 846 2114 ne
869 2069 1064 2114 declines
1086 2069 1132 2112 in
1154 2069 1219 2111 ira
1245 2084 1270 2111 a
1298 2082 1423 2112 servo
1444 2074 1534 2111 tuo.

732 2130 929 2187 Adjutor
955 2144 1078 2172 meus
1102 2134 1220 2183 est03
1251 2142 1305 2171 ne
1328 2128 1608 2183 derelinquas
1636 2143 1726 2184 me,

792 2204 934 2246 neque
957 2189 1177 2246 despicias
1204 2202 1297 2242 me,
1327 2189 1446 2231 Deus
1469 2187 1678 2230 salutaris
1703 2202 1840 2231 meus.

675 2248 711 2277 1⁰
727 2250 948 2301 Quoniam
970 2255 1096 2306 pater
1122 2262 1246 2291 meus
1273 2253 1317 2290 et
1338 2252 1482 2290 mater
1508 2261 1606 2290 mea
1629 2247 1960 2303 dereliquerunt
1983 2263 2079 2305 me;

794 2309 1012 2351 Dominus
1038 2313 1189 2350 autem
1215 2307 1457 2363 assumpsit
1480 2321 1563 2350 me.

674 2367 707 2394 ¹1
728 2369 896 2424 Legem
920 2382 1032 2425 pone
1057 2367 1188 2423 mihi,
1215 2367 1428 2422 Domine,
1450 2366 1495 2408 in
1520 2366 1593 2408 via
1615 2371 1712 2420 tua,

793 2433 838 2470 et
863 2428 1005 2483 dirige
1031 2441 1102 2471 me
1120 2427 1169 2469 in
1193 2426 1403 2469 semitam
1423 2432 1614 2480 rectam,
1638 2432 1816 2482 propter
1839 2425 2047 2468 inimicos
2074 2439 2207 2470 meos,

676 2485 712 2513 1'2
729 2487 797 2530 Ne
819 2487 1053 2530 tradideris
1081 2501 1152 2529 me
1176 2486 1223 2529 in
1244 2485 1419 2528 animas
1446 2484 1759 2528 tribulantium
1787 2499 1876 2539 me,

796 2547 1007 2603 quoniam
1028 2547 1362 2590 insurrexerunt
1382 2545 1430 2588 in
1453 2559 1524 2587 me
1545 2550 1681 2588 testes
1704 2544 1866 2600 iniqui,
1891 2551 1935 2588 et
1958 2544 2148 2588 mentita
2171 2554 2236 2587 est
2258 2544 2340 2592 ini-

677 2606 713 2633 13
731 2606 873 2651 Credo
899 2606 1050 2649 videre
1075 2605 1192 2648 bona
1219 2605 1401 2648 Domini
1426 2605 1473 2647 in
1501 2610 1616 2647 terra
1640 2603 1904 2647 viventium.
2035 2604 2213 2661 [quitas
2240 2602 2338 2646 sibi.

679 2665 714 2692 14
733 2667 934 2722 Expecta
963 2665 1227 2721 Dominum,
1254 2664 1444 2707 viriliter
1469 2678 1575 2720 age,

738 2781 740 2785 Ι
796 2730 839 2768 et
865 2725 1142 2768 eonfortetur
1166 2738 1238 2767 cor
1264 2730 1411 2779 tuum,
1437 2729 1480 2767 et
1501 2723 1671 2766 sustine
1694 2723 1953 2766 Dominum.

1209 2833 1424 2876 PsALMUS
1456 2832 1640 2874 XXVII

1032 2921 1297 2977 Deprecatio
1332 2927 1372 2963 et
1399 2921 1653 2976 gratiarum
1684 2919 1810 2961 actio.

560 2994 771 3054 Psalmus
789 3010 874 3067 ipsi
904 3009 1064 3052 David.

702 3083 806 3127 ¹Ad
832 3091 894 3140 te,
924 3084 1136 3140 Domine,
1164 3083 1392 3138 clamabo3
1424 3084 1543 3126 Deus
1566 3095 1710 3137 meus,
1738 3093 1792 3124 ne
1815 3081 1945 3125 sileas
1968 3096 1994 3124 a
2013 3095 2107 3125 me:

798 3158 852 3186 ne
869 3143 1046 3199 quando
1061 3149 1211 3186 taceas
1225 3157 1251 3185 a
1267 3157 1350 3198 me,
1367 3148 1411 3186 et
1424 3140 1706 3185 assimilabor
1720 3140 2095 3198 descendentibus
2113 3139 2159 3182 in
2178 3139 2342 3182 lacum.

699 3200 716 3227 ²
734 3202 929 3257 Exaudi,
960 3202 1171 3259 Domine,
1195 3216 1353 3253 vocem
1374 3199 1699 3258 deprecationis
1722 3213 1855 3252 meae,
1874 3200 1982 3243 dum
2005 3213 2079 3243 oro
2100 3199 2157 3242 ad
2184 3204 2247 3256 te,

799 3261 905 3304 dum
932 3262 1095 3305 extollo
1119 3276 1277 3304 manus
1304 3275 1425 3304 meas
1449 3261 1507 3303 ad
1531 3258 1751 3315 templum
1773 3267 1979 3302 sanctum
2001 3264 2142 3302 tuum.

697 3320 716 3347 3
731 3321 799 3364 Ne
826 3321 957 3364 simul
981 3322 1130 3363 trahas
1156 3335 1227 3364 me
1252 3335 1355 3364 cum
1374 3317 1706 3377 peccatoribus,

798 3385 841 3424 et
867 3395 969 3423 cum
993 3381 1278 3436 operantibus
1301 3380 1584 3436 iniquitatem
1610 3391 1664 3420 ne
1688 3378 1844 3433 perdas
1868 3392 1960 3435 me,-

739 3440 812 3497 qui
836 3440 1073 3496 loquuntur
1095 3453 1251 3495 pacem
1278 3453 1378 3482 cum
1404 3438 1604 3495 proximo
1626 3450 1726 3493 suo,

799 3499 917 3542 mala
943 3504 1093 3541 autem
1114 3498 1166 3542 in.
1186 3499 1392 3542 cordibus
1414 3511 1579 3541 eorum.

700 3558 718 3585 4
735 3559 803 3601 Da
828 3558 918 3601 illis
941 3558 1183 3601 secundum
1211 3572 1339 3614 opera
1368 3571 1538 3611 eorum,

801 3625 845 3661 et
870 3616 1115 3660 secundum
1140 3616 1386 3672 nequitiam
1407 3615 1775 3658 adinventionum
1800 3615 2010 3672 ipsorum,
