2456 3861
160 737 256 766 Cives
275 737 300 766 si
307 737 333 766 ti

145 782 287 810 cruciati
308 783 349 811 de

207 828 289 855 urbe

172 872 333 900 tradenda

167 915 331 949 cogitant.

128 2094 222 2123 Ozias
243 2101 366 2121 morani

127 2138 274 2171 quinque
305 2137 372 2166 (110-

127 2191 201 2212 rum
228 2181 369 2210 obtinet.

132 2642 231 2677 Origo
245 2646 279 2670 et
297 2643 370 2671 laus

185 2688 205 2716 J
211 2687 317 2715 uditn.

438 141 524 184 484
990 140 1170 184 JUDITH
1204 141 1320 198 VII,
1355 142 1380 186 9
1414 168 1471 175 —
1503 144 1646 199 VIII,
1681 144 1721 187 8.

437 310 574 376 dunt,
594 310 670 353 sed
706 316 876 353 montes
904 310 1154 354 defendunt
1186 311 1306 368 illos,
1341 318 1385 355 et
1411 313 1619 355 muniunt
1643 313 1743 356 illos
1777 314 1912 357 colles
1944 316 1991 357 in
2024 317 2273 373 praecipitio

436 369 679 412 constituti.
712 370 728 395 9
755 371 816 413 Ut
841 383 944 425 ergo
978 370 1073 413 sine
1107 371 1418 427 congressione
1443 387 1606 429 pugnae
1633 372 1773 428 possis
1795 387 2001 429 superare
2034 388 2128 430 005,
2160 390 2274 431 pone

435 427 638 494 custodes
668 429 884 483 fontium,
920 434 968 471 ut
1000 444 1088 472 non
1118 430 1326 473 hauriant
1357 446 1520 487 aquam
1554 446 1608 474 ex
1639 431 1720 487 eis,
1755 437 1800 475 et
1832 432 1927 475 sine
1963 433 2114 488 gladio
2138 433 2272 478 inter-

433 486 554 529 ficies
591 502 688 543 005;
725 488 796 531 vel
831 493 947 531 certe
984 489 1168 544 fatigati
1205 490 1383 533 tradent
1427 490 1657 533 civitatem
1683 505 1830 547 suam,
1869 505 2003 546 quam
2035 498 2196 548 putant
2227 493 2270 535 in

434 546 659 589 montibus
692 547 883 604 positam
919 548 1115 605 superari
1145 563 1231 592 non
1265 563 1405 605 posse.
1449 549 1484 575 ¹⁰
1515 551 1571 592 Et
1603 550 1867 606 placuerunt
1900 551 2035 594 verba
2069 551 2164 594 haec
2202 566 2273 595 co-

431 619 527 646 ram
555 605 802 649 Holoferne
829 612 872 649 et
901 621 1049 650 coram
1073 607 1343 651 satellitibus
1370 608 1486 665 ejus,
1514 614 1558 652 et
1583 608 1813 652 constituit
1838 623 1915 666 per
1939 624 2100 666 gyrum
2127 615 2274 653 cente-

431 664 577 707 narios
602 678 680 719 per
700 665 897 718 singulos
922 666 1084 709 fontes.

490 722 524 748 ¹¹
554 723 760 777 Cumque
779 720 871 763 ista
886 718 1093 763 custodia
1109 731 1190 776 per
1212 715 1306 760 dies
1323 714 1486 770 viginti
1504 713 1667 758 fuisset
1687 712 1882 770 expleta,
1900 713 2166 759 defecerunt
2188 716 2271 760 cis-

433 786 592 836 ternae,
617 790 660 823 et
682 781 966 824 collectiones
992 794 1230 836 aquarum,
1256 778 1461 822 omnibus
1486 777 1795 821 habitantibus
1831 777 2110 832 Bethuliam,
2135 777 2200 820 ita
2225 781 2274 820 ut

434 854 522 882 non
549 845 663 883 esset
684 839 801 882 intra
827 839 1056 882 civitatem
1082 839 1200 882 unde
1224 838 1492 881 satiarentur
1517 837 1587 880 vel
1613 852 1701 880 una
1727 837 1819 892 die,
1848 836 2058 892 quoniam
2075 835 2132 879 ad
2152 850 2274 879 111011-

433 913 580 941 suram
607 899 797 942 dabatur
821 899 994 956 populis
1020 913 1133 954 aqua
1161 897 1370 953 quotidie.
1410 895 1442 921 ¹²
1467 897 1591 939 Tunc
1614 896 1671 939 ad
1707 896 1861 940 Oziam
1895 895 2154 952 congregati
2181 909 2272 938 om-

434 973 510 1002 nes
537 958 618 1001 viri
642 958 939 1015 feminaeque,
969 958 1153 1013 juvenes
1185 962 1228 999 et
1262 955 1458 1012 parvuli,
1490 970 1641 998 omnes
1675 955 1808 998 simul
1835 970 1923 998 una
1948 969 2057 998 voce
2096 953 2132 980 13
2150 954 2273 997 dixe-

432 1023 536 1061 runt
570 1035 577 1062 :
601 1018 784 1061 Judicet
811 1019 930 1060 Deus
955 1017 1071 1060 inter
1091 1030 1169 1058 nos
1197 1021 1240 1058 et
1265 1021 1329 1069 te,
1353 1014 1562 1070 quoniam
1588 1015 1738 1058 fecisti
1763 1015 1811 1057 in
1843 1029 1923 1057 nos
1954 1013 2093 1070 mala,
2118 1014 2272 1057 nolens

433 1079 552 1134 loqui
579 1077 762 1134 pacifice
789 1091 891 1119 cum
912 1075 1137 1132 Assyriis,
1166 1081 1208 1117 et
1234 1080 1412 1131 propter
1437 1074 1519 1116 hoc
1552 1074 1757 1117 vendidit
1781 1088 1861 1117 nos
1895 1075 2015 1117 Deus
2048 1074 2096 1115 in
2129 1073 2273 1115 mani-

432 1138 514 1180 bus
540 1151 704 1180 eorum.
735 1136 766 1162 ¹4
792 1137 850 1178 Et
873 1135 972 1178 ideo
995 1149 1082 1178 11011
1106 1139 1172 1177 est
1197 1133 1272 1190 qui
1296 1133 1504 1189 adjuvet,
1525 1147 1626 1175 cum
1644 1138 1975 1190 prosternamur
1999 1138 2103 1176 ante
2123 1132 2274 1176 oculos

433 1211 583 1239 eorum
608 1196 654 1238 in
680 1195 753 1238 siti
780 1200 823 1238 et
854 1194 1102 1251 perditione
1136 1208 1313 1249 magna.
1344 1192 1377 1218 ¹5
1401 1194 1458 1235 Et
1486 1207 1603 1235 nunc
1635 1197 1904 1248 congregate
1938 1191 2166 1235 universos
2197 1192 2272 1247 qui

431 1256 477 1298 in
504 1255 687 1298 civitate
712 1259 835 1307 sunt,
857 1260 905 1296 ut
926 1259 1082 1310 sponte
1107 1252 1336 1296 tradamus
1359 1267 1438 1295 nos
1461 1266 1611 1295 01111105
1637 1251 1800 1309 populo
1824 1251 2100 1294 Holofernis.
2129 1250 2164 1277 16
2181 1252 2274 1294 Μο-

432 1315 517 1357 lius
543 1320 609 1358 est
641 1313 760 1357 enim
789 1319 837 1356 ut
871 1313 1037 1370 captivi
1071 1312 1389 1355 benedicamus
1425 1311 1667 1354 Dominum
1697 1311 1920 1366 viventes,
1948 1325 2081 1366 quam
2115 1310 2273 1353 moria·
2314 1338 2322 1341 -

432 1390 549 1429 mur,
577 1380 620 1417 et
641 1373 778 1416 simus
804 1372 1090 1429 opprobrium
1116 1371 1235 1414 omni
1259 1374 1401 1427 carni,
1430 1385 1529 1414 cum
1564 1371 1807 1413 viderimus
1841 1385 1998 1414 uxores
2032 1375 2205 1414 nostras
2231 1375 2275 1413 et

431 1434 630 1477 infantes
659 1437 830 1475 nostros
863 1432 973 1475 mori
1007 1437 1111 1475 ante
1145 1431 1294 1474 oculos
1324 1436 1509 1474 nostros.
1544 1430 1575 1456 ¹7
1607 1430 1920 1473 Contestani-ur
1949 1429 2081 1472 hodie
2112 1429 2274 1472 caelum

432 1500 475 1537 et
512 1499 693 1551 terram,
740 1497 784 1535 et
821 1493 967 1535 Deum
1007 1497 1184 1549 patrum
1221 1496 1491 1546 nostrorum,
1535 1489 1607 1546 qui
1646 1489 1877 1533 ulciscitur
1909 1503 1987 1532 nos
2029 1489 2275 1532 secundum

432 1558 616 1610 peccata
641 1556 809 1600 nostra,
841 1556 889 1594 ut
921 1552 1015 1607 jam
1048 1551 1235 1593 tradatis
1267 1550 1497 1592 civitatem
1530 1549 1577 1591 in
1611 1564 1745 1591 manu
1773 1549 1948 1591 militiae
1989 1548 2274 1604 Holofernis‚

433 1618 475 1655 et
501 1612 559 1654 sit
584 1611 682 1654 finis
716 1616 864 1654 noster
887 1610 1034 1654 brevis
1066 1610 1112 1652 in
1146 1624 1218 1653 ore
1251 1608 1413 1665 gladii,
1448 1608 1521 1664 qui
1552 1608 1726 1664 longior
1759 1607 1956 1652 efficitur
1988 1608 2035 1650 in
2064 1607 2274 1650 ariditate

433 1671 542 1715 sitis
1110 1702 1113 1704 -

495 1732 529 1758 18
556 1732 613 1774 Et
639 1746 740 1774 cum
765 1731 863 1773 haec
889 1729 1126 1785 dixissent,
1162 1729 1314 1772 faetus
1345 1733 1410 1771 est
1438 1728 1568 1771 fictus
1603 1733 1646 1770 et
1680 1727 1876 1771 ululatus
1906 1741 2095 1783 magnus
2124 1727 2171 1769 in
2205 1741 2274 1770 ec-

435 1790 569 1834 clesia
592 1790 648 1832 ab
675 1790 905 1848 omnibus,
928 1794 970 1832 et
992 1803 1068 1845 per
1093 1789 1257 1831 multas
1279 1789 1408 1830 horas
1435 1802 1521 1830 una
1555 1801 1663 1830 voce
1686 1787 1995 1830 clamaverunt
2017 1786 2074 1829 ad
2103 1787 2273 1842 Deum,

435 1851 633 1893 dicentes
666 1866 675 1894 t
706 1849 738 1875 ¹9
764 1848 1053 1891 Peccavimus
1081 1863 1183 1891 cum
1204 1847 1404 1904 patribus
1432 1847 1613 1901 nostris,
1640 1846 1808 1901 injuste
1838 1846 2033 1901 egimus,
2063 1845 2273 1901 iniquita—

434 1916 524 1952 tem
562 1910 766 1951 fecimus.
800 1907 839 1935 ⁶2⁰
874 1908 965 1964 Tu,
996 1907 1099 1962 quia
1128 1907 1227 1963 pius
1263 1921 1326 1961 es,
1362 1906 1569 1949 miserere
1598 1905 1757 1961 nostri,
1789 1911 1866 1947 aut
1898 1905 1944 1947 in
1985 1911 2061 1948 tuo
2095 1904 2274 1960 fiagello

435 1968 613 2011 vindica
640 1967 897 2023 iniquitates
922 1975 1118 2018 nostras;
1145 1971 1188 2009 et
1210 1965 1300 2008 noli
1326 1965 1498 2008 tradere
1522 1965 1782 2007 confitentes
1805 1970 1849 2007 te
1867 1964 2029 2021 populo
2053 1963 2127 2019 qui
2149 1964 2275 2019 igno-

435 2033 503 2070 rat
528 2033 591 2079 te,
616 2026 649 2053 11
677 2033 726 2069 ut
750 2041 838 2070 non
865 2026 1017 2068 dicant
1042 2026 1157 2069 inter
1178 2031 1333 2081 gentes
1362 2043 1371 2070 ε
1411 2024 1502 2068 Ubi
1533 2028 1600 2067 est
1633 2025 1753 2067 Deus
1788 2023 1976 2066 eorum?

494 2086 531 2112 '22
557 2088 614 2129 Et
648 2101 772 2145 cum,
800 2085 983 2142 fatigati
1014 2085 1082 2127 1115
1115 2084 1383 2127 clamoribus
1402 2118 1410 2139 ,
1431 2089 1474 2127 et
1506 2083 1574 2126 his
1607 2083 1787 2126 fletibus
1820 2083 1995 2138 lassati,
2027 2082 2274 2140 siluissent,

436 2146 472 2172 ²3
505 2160 723 2202 exurgens
765 2145 893 2189 Ozias
935 2143 1110 2186 infusus
1147 2144 1378 2199 lacrymis,
1420 2143 1572 2187 dixit:
1605 2143 1753 2198 AEquo
1791 2142 1940 2186 animo
1982 2147 2141 2199 estote,
2183 2143 2275 2185 fra-

436 2212 542 2261 tres,
571 2212 614 2248 et
646 2206 724 2248 hos
754 2205 946 2260 quinque
980 2203 1073 2246 dies
1111 2209 1395 2260 expectemus
1428 2218 1454 2245 a
1481 2202 1673 2245 Domino
1705 2202 2071 2245 misericordiam.
2106 2201 2142 2228 ²4
2169 2203 2273 2245 For-

435 2266 551 2308 sitan
579 2265 698 2308 enim
722 2263 1081 2320 indignationem
1106 2277 1233 2305 suam
1258 2263 1512 2317 abscindet,
1537 2266 1581 2304 et
1607 2261 1731 2304 dabit
1764 2261 1953 2317 gloriam
1984 2261 2153 2304 nomini
2181 2276 2272 2305 5110.

436 2324 471 2351 25
495 2325 541 2368 Si
571 2330 742 2379 autem,
773 2322 1009 2366 transactis
1043 2322 1236 2378 quinque
1269 2322 1447 2378 diebus,
1481 2335 1569 2364 non
1599 2321 1771 2364 venerit
1803 2321 2099 2378 adjutorium,
2135 2321 2274 2365 facie-

435 2398 532 2426 mus
558 2384 656 2426 haec
682 2384 834 2434 verba,
863 2397 960 2438 quae
986 2381 1121 2424 locuti
1145 2381 1262 2425 estis.

727 2506 750 2563 §
779 2506 842 2548 IL
865 2531 924 2536 —
946 2504 1110 2547 Judztlz
1135 2505 1218 2546 im't
1242 2504 1472 2546 consilium
1502 2503 1738 2546 liberandae
1761 2503 1966 2546 civitatis.

496 2624 604 2668 CAP.
634 2623 764 2667 VIII.
792 2649 851 2653 ——
876 2621 888 2646 ¹
917 2623 975 2664 Et
999 2621 1173 2663 factum
1200 2625 1265 2664 est
1288 2634 1389 2662 cum
1410 2618 1608 2662 audisset
1640 2619 1737 2661 haec
1767 2617 1902 2660 verba
1932 2617 2094 2660 ,Judith
2118 2617 2272 2675 vidua,

438 2698 535 2739 quae
560 2689 652 2726 erat
682 2682 773 2724 filia
803 2680 992 2738 Merari,
1018 2680 1097 2722 filii
1133 2680 1265 2735 Idox,
1297 2678 1378 2721 filii
1411 2679 1600 2735 Joseph,
1633 2677 1713 2720 filii
1748 2676 1887 2730 Oziae,
1924 2676 2002 2719 filii
2039 2677 2159 2733 Elai,
2194 2678 2274 2721 filii

438 2744 644 2797 Jamnor,
678 2741 757 2784 filii
800 2740 1001 2797 Gedeon,
1039 2739 1118 2782 filii
1154 2738 1405 2796 Raphaim,
1428 2738 1507 2780 filii
1542 2736 1766 2791 Achitob,
1808 2735 1886 2778 filii
1923 2736 2151 2793 Melchiae,
2194 2737 2274 2780 filii

439 2804 587 2857 Enan,
622 2801 701 2844 filii
735 2799 999 2858 Nathaniae,
1029 2798 1108 2841 filii
1140 2797 1378 2850 Salathiel,
1407 2797 1486 2840 filii
1521 2797 1719 2852 Simeon,
1757 2795 1836 2838 filii
1874 2795 2030 2838 Ruben
2056 2794 2100 2839 2:
2135 2800 2178 2840 et
2207 2797 2276 2839 vir

439 2862 535 2917 ejus
569 2861 660 2903 fuit
686 2861 934 2915 Manasses,
962 2858 1035 2914 qui
1068 2864 1266 2901 mortuus
1300 2863 1366 2900 est
1398 2856 1441 2899 in
1473 2856 1629 2900 diebus
1662 2855 1817 2898 messis
1848 2854 2135 2910 hordeaceae3
2166 2854 2273 2898 3111-

438 2921 586 2963 stabat
616 2919 735 2963 enim
768 2933 897 2975 super
927 2918 1164 2974 alligantes
1198 2916 1449 2972 manipulos
1479 2914 1528 2958 in
1559 2929 1737 2972 campo,
1761 2919 1804 2958 et
1838 2914 1959 2956 venit
1985 2919 2118 2957 aestus
2145 2928 2275 2971 super

439 2985 572 3036 caput
594 2980 711 3035 ejus,
739 2984 782 3022 et
808 2984 1003 3021 mortuus
1026 2982 1092 3020 est
1115 2977 1161 3019 in
1186 2974 1420 3030 Bethulia,
1451 2978 1634 3019 civitate
1658 2988 1757 3028 sua,
1784 2977 1827 3016 et
1859 2973 2058 3029 sepultus
2085 2978 2150 3016 est
2179 2973 2273 3017 illic

440 3053 541 3081 cum
567 3038 766 3095 patribus
782 3035 915 3080 suis.⁴
932 3037 1039 3080 Erat
1055 3042 1204 3079 autem
1223 3035 1384 3078 Judith
1406 3034 1561 3077 relicta
1587 3035 1684 3090 ejus
1698 3032 1833 3075 vidua
1855 3032 1948 3087 jam
1969 3032 2097 3075 annis
2116 3033 2277 3083 tribus,

440 3103 484 3141 et
508 3098 733 3140 mensibus
759 3111 850 3140 seX.
877 3096 893 3122 ⁵³
909 3097 966 3138 Et
989 3096 1036 3138 in
1061 3095 1358 3152 superioribus
1381 3094 1537 3137 domus
1564 3108 1655 3136 suae
1673 3091 1784 3136 fecit
1802 3091 1887 3134 sibi
1907 3097 2127 3134 secretum
2150 3091 2272 3135 cubi—

440 3156 660 3212 culum,in
676 3170 759 3211 quo
776 3170 876 3198 cum
895 3155 1053 3212 puellis
1068 3155 1158 3197 suis
1185 3154 1335 3196 clausa
1353 3153 1619 3196 morabatur.
1643 3150 1731 3194 6Et
1755 3151 1925 3193 habens
1948 3165 2077 3207 super
2099 3151 2272 3194 lumbos

442 3230 543 3259 suos
567 3215 776 3269 cilicium,
792 3214 1029 3270 jejunabat
1048 3214 1253 3257 omnibus
1273 3213 1428 3256 diebus
1450 3213 1556 3255 vitae
1578 3226 1683 3266 suae,
1699 3215 1860 3268 praeter
1878 3210 2079 3265 sabbata,
2104 3215 2147 3254 et
2172 3224 2273 3253 neo-

440 3275 630 3331 menias,
658 3279 701 3317 et
725 3274 844 3316 festa
870 3274 1025 3316 (10111115
1047 3274 1199 3316 Israel.
1227 3273 1242 3298 ⁷
1266 3274 1374 3315 Erat
1394 3277 1544 3315 autern
1578 3269 1771 3326 eleganti
1798 3274 1982 3326 aspectu
2015 3269 2172 3323 nimis3
2203 3269 2272 3311 cui

441 3335 507 3377 vir
527 3349 630 3377 suus
655 3333 894 3388 reliquerat
917 3332 1096 3375 divitias
1121 3332 1285 3375 multas
1311 3338 1354 3375 et
1378 3331 1601 3374 familiam
1624 3329 1867 3386 copiosam,
1894 3343 1946 3372 00
1977 3327 2272 3386 possessiones

439 3394 652 3437 armentis
674 3392 808 3435 boum
834 3397 877 3434 et
901 3391 1110 3447 gregibus
1137 3391 1284 3433 ovium
1314 3391 1481 3448 plenas.
1516 3390 1532 3416 3
1555 3390 1612 3432 Et
1642 3393 1735 3432 erat
1768 3389 1863 3432 haec
1890 3389 1936 3431 in
1971 3387 2174 3430 omnibus
2203 3387 2272 3429 fa-

440 3453 702 3508 mosissima,
729 3451 937 3507 quoniam
964 3449 1152 3493 timebat
1180 3451 1421 3494 Dominum
1443 3448 1587 3504 valde,
1612 3461 1692 3491 nec
1720 3452 1814 3491 erat
1841 3447 1913 3503 qui
1941 3447 2194 3503 loqueretur
2218 3446 2272 3490 de

440 3512 518 3554 illa
544 3512 727 3555 verbum
754 3510 934 3553 malum.

442 3658 489 3690 13]
507 3658 567 3685 Ex.
590 3657 627 3692 Y,
645 3659 688 3685 21.
708 3670 744 3675 —-
766 3656 812 3690 10]
832 3656 884 3684 Ps.
899 3656 963 3691 CV,
980 3658 1004 3684 6.
