2456 3861
759 143 880 186 NUM.
920 144 981 197 X,
1015 144 1072 186 33
1104 169 1162 177 —-
1194 143 1283 198 XI,
1317 144 1386 187 23.
1904 145 1984 186 133

220 313 257 340 33
280 313 474 356 Profecti
509 319 611 356 sunt
644 328 747 367 ergo
780 314 833 356 de
860 319 1009 357 monte
1037 314 1215 357 Domini
1243 314 1362 357 viam
1398 314 1530 356 trium
1565 314 1762 367 dierum3
1798 328 1985 369 arcaque

160 372 340 415 foederis
377 372 556 415 Domini
590 372 870 428 praecedebat
903 387 996 427 eos,
1031 387 1106 429 per
1138 373 1230 416 dies
1262 379 1347 416 tres
1381 373 1614 428 providens
1648 378 1891 415 castrorum
1925 372 1983 414 lo-

157 445 275 474 cum.
309 431 345 457 3¹⁴
369 431 519 474 Nubes
552 445 723 486 quoque
755 431 931 473 Domini
966 446 1096 488 super
1124 446 1195 475 eos
1226 438 1318 474 erat
1344 446 1419 488 per
1447 431 1565 475 diem
1591 445 1692 474 cum
1718 431 1984 474 incederent.

159 489 196 516 3⁵
218 490 416 544 Cumque
446 490 691 533 elevaretur
719 504 841 544 arca,
873 490 1050 533 dicebat
1084 491 1256 546 Moyses
1287 507 1295 533 :
1331 492 1487 545 Surge,
1525 490 1741 545 Domine3
1780 495 1823 533 et
1860 489 1985 532 dissi-

159 554 318 605 pentur
342 548 512 591 inimici
540 548 624 603 tui,
653 555 695 592 et
724 549 906 604 fugiant
931 549 1003 603 qni
1036 549 1220 592 oderunt
1254 555 1296 592 te
1327 564 1353 591 a
1386 550 1505 592 facie
1531 555 1619 592 tua.
1647 550 1683 575 3⁰
1700 550 1811 592 Cum
1837 554 1986 591 autem

156 607 460 663 deponeretur,
480 607 629 650 aiebat
651 623 659 650 :
682 607 928 661 Revertere,
954 607 1150 662 Domine,
1169 607 1225 650 ad
1247 608 1577 651 multitudinem
1596 608 1814 651 exercitus
1835 608 1985 650 Israel.

493 708 517 765 ξ
551 708 614 750 ΙΙ.
639 733 699 741 --
736 708 897 751 Tristes
929 715 1100 751 eventus
1132 709 1177 750 in
1211 709 1348 751 tribas
1381 710 1653 753 stationibus.

218 804 324 847 CAP.
352 803 433 846 XI.
455 827 514 835 —
549 801 559 827 ¹
585 802 760 844 Interea
787 804 930 843 ortu‘m
957 807 1022 844 est
1052 816 1249 844 murmur
1279 802 1449 857 populi,
1478 803 1599 857 quasi
1633 802 1876 847 dolentium
1911 818 1986 860 pro

159 862 327 916 labore,
363 867 514 903 contra
550 859 805 902 Dominum.
840 859 964 910 Quod
1003 874 1104 902 cum
1136 860 1333 903 audisset
1370 861 1605 916 Dominus,
1639 862 1776 904 iratus
1811 869 1903 917 est3
1944 868 1987 905 et

158 933 368 964 accensus
407 919 454 962 in
491 932 562 962 eos
599 919 717 974 ignis
757 919 935 961 Domini
975 919 1203 962 devoravit
1241 924 1484 962 extremam
1522 927 1764 962 castrorum
1802 928 1985 976 partem.

159 979 177 1005 2
199 980 398 1034 Cumque
423 978 658 1021 clamasset
680 977 867 1034 populus
892 977 949 1020 ad
974 978 1177 1033 Moysen,
1203 977 1344 1020 oravit
1372 978 1546 1033 Moyses
1568 978 1624 1021 ad
1654 979 1916 1035 Dominum,
1945 984 1987 1021 et

158 1038 389 1094 absorptus
415 1043 480 1080 est
504 1037 621 1093 ignis
642 1054 651 1091 3
686 1036 703 1062 3
724 1037 988 1092 vocavitque
1010 1050 1170 1079 nomen
1197 1036 1282 1079 loci
1307 1036 1427 1079 illius
1454 1037 1679 1093 Incensio,
1707 1051 1756 1080 eo
1783 1038 1896 1092 quod
1921 1039 1986 1080 in-

157 1111 312 1140 census
337 1096 498 1139 fuisset
523 1101 673 1139 contra
700 1109 771 1139 eos
796 1095 913 1152 ignis
941 1095 1134 1139 Domini.

216 1156 233 1182 4
255 1155 428 1211 Vulgus
455 1155 617 1212 quippe
638 1155 958 1211 promiscuum,
984 1154 1100 1210 quod
1124 1154 1385 1198 ascenderat
1407 1169 1508 1197 cum
1529 1153 1614 1210 eiS,
1640 1154 1847 1211 flagravit
1874 1156 1986 1199 desi-

157 1215 298 1270 derio,
325 1214 481 1258 sedens
506 1220 549 1257 et
573 1213 702 1269 flens,
726 1213 891 1269 junctis
921 1214 1005 1256 sibi
1032 1214 1195 1271 pariter
1224 1214 1325 1256 filiis
1356 1213 1514 1269 Israel,
1541 1219 1584 1257 et
1609 1214 1672 1256 ait
1697 1231 1707 1258 z
1732 1214 1837 1265 Quis
1863 1215 1988 1258 dabit

158 1274 284 1317 nobis
313 1273 370 1316 ad
405 1273 673 1316 vescendum
707 1273 893 1317 carnes?
927 1273 943 1299 5
967 1273 1266 1316 Recordamur
1294 1273 1483 1330 piscium
1509 1287 1615 1328 quos
1646 1273 1986 1317 comedebamus

157 1333 204 1376 in
225 1333 426 1389 AEgypto
448 1332 611 1388 gratis3
637 1332 684 1374 in
711 1338 904 1375 mentem
930 1332 1056 1375 nobis
1082 1332 1266 1375 veniunt
1292 1346 1566 1387 cucumeres,
1590 1338 1633 1375 et
1658 1346 1985 1390 pepones‚⁴p0r-

158 1393 281 1448 rique
306 1397 349 1435 et
382 1405 508 1448 cepe,
535 1396 578 1434 et
602 1391 721 1433 allia.
756 1391 773 1417 ⁶
795 1391 958 1434 Anima
992 1396 1140 1434 nostra
1172 1391 1296 1434 arida
1333 1396 1417 1446 est,
1446 1390 1557 1432 nihil
1586 1391 1707 1434 aliud
1745 1392 1987 1448 respiciunt

159 1451 274 1495 oculi
301 1450 436 1493 nostri
470 1449 554 1492 nisi
589 1464 705 1492 man.
733 1449 748 1476 ⁷
773 1451 879 1492 Erat
907 1456 1057 1493 autem
1091 1465 1194 1492 man
1221 1450 1344 1505 quasi
1378 1464 1528 1492 semen
1562 1450 1800 1506 coriandri,
1830 1451 1985 1494 coloris

158 1510 326 1554 bdellii.
352 1509 369 1536 8
387 1508 700 1564 Circuibatque
732 1509 939 1565 populus,
966 1514 1009 1552 et
1042 1509 1255 1564 colligens
1284 1509 1416 1564 illud,
1443 1509 1683 1564 frangebat
1715 1510 1860 1564 mola3
1893 1510 1986 1553 sive

159 1569 328 1613 terebat
362 1568 409 1610 in
445 1567 673 1623 mortario,
709 1581 898 1623 coquens
931 1568 978 1610 in
1012 1569 1119 1624 olla,
1154 1574 1197 1611 et
1230 1567 1401 1610 faciens
1435 1581 1490 1610 ex
1523 1581 1572 1610 eo
1602 1569 1785 1610 tortulas
1819 1569 1985 1625 saporis

158 1627 282 1684 quasi
308 1626 434 1684 panis
462 1626 607 1669 oleati.
634 1626 651 1652 9
673 1627 871 1682 Cumque
897 1627 1182 1670 descenderet
1212 1632 1340 1669 nocte
1369 1640 1498 1682 super
1524 1632 1667 1669 castra
1692 1642 1782 1682 ros,
1807 1627 1985 1671 descen-

159 1687 292 1730 debat
317 1686 480 1743 pariter
505 1691 548 1728 et
574 1700 691 1728 man.

218 1745 253 1772 ¹⁰
277 1745 467 1788 Audivit
503 1759 607 1800 ergo
639 1745 815 1801 Moyses
844 1744 1025 1788 flentem
1057 1745 1270 1802 populum
1307 1759 1383 1802 per
1418 1745 1638 1800 familias,
1677 1745 1874 1801 singulos
1911 1760 1987 1802 per

158 1805 270 1848 ostia
291 1803 469 1847 tentorii
492 1804 572 1847 sui.
600 1804 834 1860 Iratusque
859 1809 925 1847 est
946 1805 1070 1847 furor
1096 1804 1276 1847 Domini
1300 1804 1430 1847 valde
1450 1821 1458 1857 3
1491 1804 1568 1847 sed
1594 1809 1637 1847 et
1658 1805 1802 1861 Moysi
1828 1804 1984 1847 intole-

157 1864 295 1907 randa
328 1878 395 1906 res
429 1863 525 1905 visa
555 1868 640 1919 est,
677 1863 708 1889 ¹¹
737 1869 780 1906 et
801 1863 864 1906 ait
888 1864 945 1906 ad
970 1864 1214 1906 Dominum
1242 1880 1250 1907 :
1286 1863 1373 1906 Cur
1396 1863 1593 1906 afflixisti
1620 1878 1796 1906 servum
1822 1863 1984 1906 tuum?

158 1937 290 1979 quare
318 1936 406 1965 non
434 1921 614 1965 invenio
639 1922 830 1978 gratiam
857 1937 1005 1966 coram
1037 1922 1114 1966 te‘?
1149 1927 1191 1965 et
1220 1937 1297 1965 cur
1316 1922 1566 1979 imposuisti
1594 1923 1764 1980 pondus
1790 1922 1984 1966 universi

155 1982 308 2040 populi
341 1981 475 2038 hujus
505 1996 635 2038 super
668 1981 774 2025 me?
805 1981 841 2007 ‘¹2
867 1982 1094 2038 Numquid
1122 1996 1203 2037 ego
1233 1981 1413 2038 concepi
1450 1995 1625 2024 omnem
1650 1982 1765 2024 hanc
1791 1981 1984 2024 multitu-

156 2041 329 2097 dinem,
368 2041 439 2084 vel
477 2040 611 2096 genui
645 2055 763 2097 eam,
802 2046 851 2084 ut
884 2041 1006 2084 dicas
1040 2041 1149 2083 mihi
1191 2057 1199 2084 :
1239 2041 1370 2083 Porta
1408 2055 1480 2084 eos
1513 2040 1560 2083 in
1597 2041 1696 2084 sinu
1733 2047 1829 2096 tuo,
1871 2041 1986 2084 sicut

157 2105 330 2157 portare
351 2100 463 2143 solet
484 2099 634 2142 nutrix
655 2100 954 2155 infantulum,
978 2106 1021 2143 et
1043 2100 1169 2143 defer
1193 2100 1241 2142 in
1271 2105 1434 2143 terram
1460 2114 1537 2156 pro
1559 2115 1644 2156 qua
1666 2100 1823 2156 jurasti
1851 2101 1985 2156 patri-

155 2160 239 2202 bus
273 2159 460 2203 eorum?
503 2158 540 2185 13
567 2159 698 2202 Unde
739 2159 849 2202 mihi
891 2174 1044 2203 carnes
1085 2165 1134 2202 ut
1174 2160 1276 2202 dem
1317 2164 1454 2202 tantae
1497 2159 1811 2202 multitudini?
1855 2159 1986 2202 Fient

154 2223 310 2262 contra
340 2233 430 2274 me,
465 2218 663 2261 dicentes
696 2235 705 2263 :
737 2220 806 2261 Da
834 2219 961 2262 nobis
997 2233 1148 2262 carnes
1186 2224 1235 2261 ut
1272 2218 1569 2262 comedamus.
1609 2218 1644 2245 ⁴¹4
1671 2219 1769 2261 Non
1807 2232 1986 2275 possum

155 2277 275 2320 solus
300 2277 516 2320 sustinere
543 2291 719 2321 omnem
748 2278 867 2320 hunc
895 2278 1130 2335 populum,
1154 2277 1257 2334 quia
1282 2277 1430 2333 gravis
1462 2282 1527 2320 est
1553 2278 1676 2320 mihi.
1700 2277 1736 2304 ¹5
1754 2277 1831 2321 Sin
1857 2278 1986 2321 aliter

157 2337 239 2379 tibi
261 2337 450 2391 videtur,
478 2337 658 2380 obsecro
679 2342 728 2379 ut
751 2337 990 2380 interficias
1013 2351 1097 2392 me,
1121 2342 1164 2380 et
1183 2337 1411 2379 inveniam
1436 2337 1629 2392 gratiam
1649 2337 1695 2379 in
1719 2337 1856 2380 oculis
1883 2337 1984 2392 tuis,

157 2410 213 2439 ne
237 2396 374 2439 tantis
396 2395 573 2439 afficiar
597 2396 740 2440 malis,

217 2454 253 2481 ‘¹⁶
271 2456 329 2497 Et
350 2455 465 2498 dixit
491 2455 708 2498 Dominus
737 2456 794 2498 ad
823 2456 1009 2513 Moysen
1038 2473 1047 2500 :
1073 2456 1306 2513 Congrega
1337 2456 1446 2498 mihi
1473 2456 1757 2513 septuaginta
1782 2456 1898 2498 viros
1932 2455 1985 2498 de

153 2513 336 2558 senibus
362 2515 516 2570 Israel,
544 2528 650 2570 quos
677 2520 724 2557 tu
750 2515 865 2558 nosti
892 2515 1008 2571 quod
1029 2529 1155 2558 senes
1177 2515 1327 2572 populi
1349 2515 1439 2558 sint
1465 2529 1517 2557 ac
1543 2515 1759 2570 magistri,
1784 2520 1826 2558 et
1853 2515 1985 2557 duces

157 2587 230 2616 eos
266 2573 322 2616 ad
365 2573 528 2616 ostium
567 2574 844 2617 tabernaculi
885 2574 1090 2629 faederis,
1124 2575 1353 2630 faciesque
1392 2574 1455 2617 ibi
1503 2578 1618 2617 stare
1663 2579 1830 2629 tecum,
1878 2573 1911 2599 ¹7
1939 2578 1987 2616 ut

156 2632 426 2675 descendam
460 2638 503 2676 et
530 2633 685 2689 loquar
709 2633 790 2676 tibi
812 2651 820 2688 ;
854 2638 896 2676 et
924 2633 1130 2676 auferam
1160 2634 1213 2677 de
1239 2633 1397 2690 spiritu
1419 2638 1516 2689 tuo,
1544 2633 1804 2688 tradamque
1831 2633 1914 2688 eis,
1941 2637 1987 2674 ut

152 2696 406 2735 sustentent
426 2697 575 2735 tecum
600 2706 709 2735 onus
732 2692 895 2749 populi,
920 2697 963 2735 et
984 2707 1071 2735 non
1092 2697 1140 2735 tu
1162 2693 1280 2736 solus
1302 2693 1510 2748 graveris.

218 2750 252 2777 18
279 2751 447 2807 Populo
477 2766 648 2807 quoque
674 2752 793 2794 dices
827 2768 835 2795 :
865 2751 1246 2808 Sanctificamini3
1282 2766 1377 2795 cras
1412 2751 1652 2795 comedetis
1689 2766 1870 2807 carnes3
1906 2765 1986 2807 ego

152 2810 276 2853 enim
308 2810 461 2853 audivi
490 2825 568 2853 vos
597 2811 743 2854 dicere
779 2827 788 2855 x
818 2811 924 2861 Quis
955 2810 1080 2854 dabit
1112 2811 1238 2854 nobis
1273 2825 1394 2854 escas
1429 2811 1666 2854 carnium?
1707 2813 1826 2854 Bene
1860 2811 1985 2853 nobis

155 2874 250 2912 erat
274 2868 321 2911 in
342 2870 555 2926 AEgypto.
584 2869 646 2913 Ut
668 2870 742 2913 det
766 2870 891 2912 vobis
919 2870 1136 2913 Dominus
1159 2884 1334 2926 carnes,
1369 2874 1412 2913 et
1443 2870 1708 2925 comedatis,
1737 2870 1772 2896 ‘¹9
1789 2884 1877 2913 non
1900 2883 1986 2912 uno

152 2927 248 2983 die,
283 2942 364 2971 nec
401 2928 594 2984 duobus,
633 2929 703 2972 vel
741 2929 934 2985 quinque
966 2934 1044 2972 aut
1081 2930 1256 2985 decem,
1295 2943 1376 2972 nec
1409 2929 1570 2985 viginti
1609 2929 1809 2985 quidem,
1848 2928 1885 2955 '2⁰
1909 2929 1985 2971 sed

156 3001 293 3042 usque
321 2987 377 3030 ad
408 3002 607 3031 mensem
632 2988 823 3043 dierum,
859 2988 998 3032 donec
1025 2994 1154 3032 exeat
1178 3003 1255 3046 per
1279 3002 1406 3031 nares
1432 2993 1622 3044 vestras,
1655 2994 1698 3032 et
1722 2993 1919 3031 vertatur
1939 2987 1985 3029 in

152 3060 398 3102 nauseam3
435 3061 485 3090 eo
522 3047 635 3103 quod
670 3047 920 3104 repuleritis
960 3048 1223 3103 Dominum,
1263 3048 1336 3104 qui
1377 3048 1423 3090 in
1461 3048 1607 3091 medio
1644 3048 1777 3091 vestri
1817 3052 1902 3102 est,
1944 3052 1986 3089 et

155 3104 366 3148 fleveritis
393 3119 542 3148 coram
568 3120 630 3162 eo,
655 3106 852 3149 dicentes
883 3124 891 3150 :
919 3106 1061 3157 Quare
1088 3107 1250 3162 egressi
1276 3121 1427 3149 sumus
1451 3121 1505 3150 ex
1526 3106 1762 3163 AEgypto?
1790 3105 1823 3131 ‘2¹
1846 3107 1902 3148 Et
1923 3105 1985 3147 ait

156 3163 332 3220 Moyses
365 3181 373 3208 :
406 3165 625 3208 Sexcenta
651 3165 793 3208 millia
815 3165 1016 3222 peditum
1037 3166 1171 3222 hujus
1193 3165 1343 3223 populi
1377 3171 1499 3222 sunt,
1532 3172 1575 3209 et
1600 3171 1647 3210 tu
1675 3166 1784 3208 dicis
1818 3182 1826 3208 :
1859 3164 1985 3207 Dabo

154 3221 219 3264 eis
245 3237 369 3266 esum
391 3224 590 3266 carnium
618 3238 768 3267 mense
795 3224 1006 3280 integro?
1033 3223 1069 3250 2‘2
1088 3225 1315 3281 Numquid
1344 3225 1493 3267 ovium
1516 3231 1559 3268 et
1580 3225 1714 3267 boum
1746 3223 1984 3266 multitudo

154 3281 365 3337 caedetur,
397 3287 445 3324 ut
477 3283 614 3340 possit
639 3283 846 3326 sufficere
871 3284 927 3326 ad
955 3284 1141 3327 cibum?
1164 3284 1236 3327 vel
1258 3298 1410 3327 omnes
1439 3284 1582 3340 pisces
1609 3283 1741 3325 maris
1771 3282 1815 3323 in
1847 3296 1984 3323 unum

154 3341 546 3396 congregabuntur
578 3347 626 3384 ut
663 3356 734 3385 eos
767 3342 964 3387 satient?
1002 3342 1039 3370 ²3
1064 3344 1145 3387 Cui
1182 3342 1410 3399 respondit
1449 3343 1666 3385 Dominus
1709 3358 1716 3384 :
1756 3339 1984 3395 Numquid

158 3411 315 3500 manuls
338 3400 518 3442 Domini
540 3401 741 3444 invalida
767 3401 868 3445 est?
891 3402 996 3444 Jam
1022 3417 1138 3446 nunc
1164 3401 1337 3445 videbis
1368 3407 1517 3444 utrum
1540 3415 1661 3443 meus
1691 3412 1833 3441 sermo
1856 3412 1986 3455 opere

154 3465 287 3513 comp
308 3463 444 3502 eatur.

155 3592 207 3624 35]
226 3592 278 3620 ΡΞ.
293 3593 438 3629 LXVII,
455 3598 480 3623 2.
494 3610 530 3614 -—
543 3596 572 3629 1]
595 3596 648 3624 Ps.
664 3596 844 3631 LXXVII,
865 3598 906 3624 19.
927 3597 941 3623 Ι
963 3596 1034 3624 Cor.
1054 3576 1102 3630 X,
1120 3598 1164 3624 10.
1184 3595 1235 3623 Ps.
1252 3596 1424 3629 LXXVII,
1439 3598 1483 3623 21.
1502 3609 1538 3614 --
1555 3595 1584 3628 4]
1608 3595 1622 3621 Ι
1640 3594 1710 3622 Cor.
1730 3594 1771 3628 X,
1784 3596 1810 3622 3.
1828 3609 1863 3613 —
1882 3594 1909 3627 7]
1926 3594 1985 3623 Ex.

155 3635 250 3671 XVI,
267 3639 311 3664 14.
333 3637 386 3666 PS.
404 3638 576 3675 LXXVII,
593 3641 638 3668 24.
660 3640 734 3672 Sap.
752 3640 843 3675 XVI,
857 3643 901 3668 20.
922 3640 1019 3667 Joan.
1036 3640 1095 3675 VI,
1109 3641 1154 3667 31.
1176 3653 1212 3658 —
1233 3640 1280 3672 22]
1299 3639 1395 3667 Joan.
1414 3639 1530 3673 V1‚1o.
1546 3652 1580 3657 —-
1594 3638 1641 3671 23]
1662 3638 1704 3665 IS.
1728 3638 1816 3666 LIX,
1832 3640 1856 3665 1.

2126 323 2220 352 Felix

2137 366 2201 395 iter

2082 409 2260 442 primorum

2102 453 2241 481 dicrum.

2096 814 2247 842 Murmur

2052 857 2165 890 populi
2176 858 2209 885 in
2219 859 2292 886 loco

2065 901 2283 932 incensionis.

2116 1161 2237 1189 Manna

2075 1204 2269 1235 satietatem

2123 1248 2220 1282 parit.

2059 1755 2191 1787 Moyses
2207 1761 2284 1786 que-

2078 1797 2165 1826 ritur
2181 1798 2269 1830 apud

2077 1841 2264 1870 Dominum.

2091 2464 2178 2491 Deus
2198 2463 2254 2490 dat

2067 2507 2280 2541 coadjutores

2112 2551 2218 2585 Moysi
2229 2572 2236 2586 ,

2100 2754 2134 2779 ct
2152 2757 2246 2779 escas

2052 2795 2201 2823 carnium
2237 2801 2287 2827 po-

2077 2840 2156 2872 pulo
2174 2838 2267 2871 polli-

2118 2886 2222 2911 cetur.
