2456 3861
718 90 803 132 sou
837 90 968 143 xm,
1003 91 1059 133 20
1092 115 1147 122 -
1181 90 1443 145 XX11,⁴11.
1907 87 1993 132 525

176 194 1999 205 —-——‘-—-—-———-———————-——————-————————

347 257 384 286 ‘²⁰
403 258 631 302 Videbunt
656 257 770 301 oculi
796 258 894 313 ejus
920 258 1278 302 interfectionem
1303 274 1448 314 suam,

466 325 511 361 et
532 317 584 360 de
609 316 756 360 furore
779 317 1106 373 Omnipotentis
1133 317 1268 362 bibet.

347 375 380 402 ”²¹
403 376 517 428 Quid
539 375 657 420 enim
681 375 737 418 ad
765 389 864 418 eum
890 375 1080 431 pertinet
1103 376 1156 419 de
1178 376 1308 420 domo
1333 391 1411 419 sua
1433 382 1531 433 post
1555 391 1619 433 se,

465 440 510 478 et
529 435 566 477 si
589 448 794 477 numerus
816 433 1034 476 mensium
1060 435 1156 489 ejus
1182 435 1474 478 dimidietur?

346 492 627 549 *2'2Nuniquid
653 495 793 536 Deum
818 491 995 535 docebit
1020 493 1239 549 quispiam
1265 493 1517 551 scientiam,

464 552 537 608 qui
563 551 759 596 excelsos
785 550 990 607 judicat?

345 610 381 637 ·¹
399 611 491 655 Iste
518 611 700 655 11101itu1
726 610 928 654 1obustus
950 615 993 653 et
1018 625 1169 666 smus,

463 670 586 713 dives
612 675 655 714 et
680 669 821 723 felix3

344 726 379 753 Ἤ
398 728 566 771 viscera
589 729 686 785 ejus
710 728 842 785 plena
864 732 966 771 sunt
991 728 1143 786 adipe,

463 795 505 830 et
531 787 738 831 medullis
763 802 860 831 ossa
882 786 1001 830 illius
1027 787 1294 844 irrigantur;

343 844 379 871 '2³‘
396 845 510 888 alius
538 861 637 890 vero
664 846 848 890 moritur
872 846 917 889 in
941 846 1239 890 amaritudine
1263 847 1425 890 animae

460 906 627 961 absque
655 906 754 949 ullis
779 905 936 962 opibus
959 922 968 960 3

343 962 379 990 ‘²⁶
395 969 440 1007 et
466 970 615 1007 tamen
642 965 773 1008 simul
798 964 843 1007 in
866 964 1047 1021 pulvere
1070 964 1309 1022 dormient,

460 1031 505 1066 et
528 1038 696 1067 vermes
723 1024 920 1080 operient
945 1038 1030 1069 eos.

341 1080 376 1107 ‘²⁷
395 1081 523 1126 Certe
545 1083 648 1126 novi
675 1083 967 1139 cogitationes
993 1088 1181 1139 vestras,
2076 1096 2178 1125 emam
2204 1099 2280 1129 post

458 1147 503 1184 et
524 1142 767 1185 sententias
791 1147 944 1186 contra
968 1157 1039 1186 me
1064 1142 1251 1198 iniquas.
2075 1142 2251 1212 hmortem

340 1198 376 1226 '2⁸
395 1200 556 1244 Dicitis
580 1201 699 1244 enim
729 1218 737 1245 ε
768 1201 857 1245 Ubi
884 1206 949 1244 est
975 1202 1130 1245 domus
1152 1200 1398 1258 principis?
2057 1186 2298 1260 Πςξῗοξῖῃζιζξζ

458 1265 500 1304 et
526 1260 602 1303 ubi
628 1261 916 1304 tabernacula
941 1260 1213 1317 impiorum?
2100 1272 2262 1301 ditionem

339 1318 376 1346 ‘2⁰
393 1320 672 1376 Interrogate
697 1320 941 1376 quemlibet
966 1319 1020 1363 de
1045 1319 1310 1376 viatoribus,
2092 1316 2269 1346 resezvati.

458 1389 502 1422 et
528 1379 624 1422 haec
650 1379 806 1422 eadem
832 1379 958 1422 illum
983 1378 1234 1434 intelligere
1259 1378 1536 1434 cognoscetis
1564 1394 1574 1423 ι

340 1438 377 1465 3⁰
393 1437 495 1494 quia
521 1438 566 1481 in
593 1437 712 1481 diem
733 1437 993 1494 perditionis
1019 1443 1218 1481 servatur
1241 1437 1404 1493 malus,

456 1503 499 1541 et
524 1497 582 1540 ad
607 1497 726 1540 diem
746 1497 910 1540 furoris
936 1496 1132 1540 ducetur.

340 1556 373 1582 3¹
393 1557 498 1608 Quis
523 1561 680 1612 arguet
707 1570 855 1599 coram
880 1569 930 1599 eo
952 1555 1073 1598 viam
1098 1555 1230 1611 ejus?

455 1621 498 1659 et
521 1630 618 1671 quae
643 1616 774 1671 fecit,
803 1615 898 1670 quis
923 1615 1078 1658 reddet
1102 1613 1207 1657 illi?

341 1673 377 1702 3'2
393 1675 495 1732 Ipse
519 1675 576 1718 ad
603 1674 802 1731 sepulcra
830 1674 1026 1729 ducetur,

457 1739 500 1778 et
520 1733 567 1777 in
593 1734 799 1790 congerie
826 1738 1098 1776 mortuorum
1126 1733 1345 1789 vigilabit.

341 1792 378 1819 33
396 1793 548 1836 Dulcis
573 1793 663 1836 fuit
687 1792 852 1850 glareis
879 1792 1056 1849 Cocyti,

458 1858 502 1895 et
526 1857 624 1908 post
649 1867 694 1896 se
720 1866 896 1895 omnem
921 1852 1147 1896 hominem
1172 1852 1339 1909 trahet,

457 1919 500 1954 et
521 1916 625 1955 ante
650 1926 696 1955 se
720 1911 1081 1955 innumerabiles.

340 1968 376 1995 3⁵
398 1970 622 2021 Quomodo
647 1970 784 2037 igitur
808 1970 1100 2014 consolamini
1126 1985 1197 2014 me
1221 1971 1409 2029 frustra,

460 2043 560 2072 cum
584 2029 808 2085 lesponsio
833 2034 980 2073 xestia
1002 2045 1249 2087 repugnare
1275 2036 1451 2074 ostensa
1476 2030 1533 2073 sit
1558 2032 1768 2076 veritati?

407 2157 570 2200 SEc'mo
606 2157 694 2200 ΙΙΙ.
720 2184 779 2189 -
810 2159 1016 2201 TERTms
1050 2170 1429 2203 DISCEPTANTIUM
1462 2170 1748 2203 GONGREssus

786 2278 810 2335 ξ
836 2279 873 2321 Ι.
899 2304 957 2312 —-
983 2279 1133 2323 Sermo
1158 2280 1366 2336 Eliplzaz.

221 2385 327 2430 CAP.
354 2387 507 2429 XXII.
533 2412 592 2419 -—
621 2386 628 2411 ¹
654 2386 938 2442 Respondens
965 2391 1113 2430 autem
1137 2386 1325 2443 Eliphaz
1352 2387 1660 2443 Themanites,
1689 2387 1803 2431 dixit
1834 2404 1844 2432 :
2058 2404 2125 2433 Job
2142 2403 2302 2438 arguitur

358 2443 376 2470 2
392 2445 620 2501 Numquid
649 2447 743 2488 Deo
768 2450 912 2501 potest
938 2445 1183 2501 comparari
1208 2446 1360 2501 homo,
2096 2447 2265 2495 variorum

458 2504 594 2548 etiarn
620 2518 720 2547 cum
745 2503 958 2560 perfectae
983 2503 1120 2547 fuerit
1141 2503 1341 2547 scientiae
1357 2504 1378 2547 *Ρ
2085 2499 2272 2521 cnmmum.

361 2562 378 2589 3
395 2563 507 2614 Quid
535 2563 713 2620 prodest
739 2564 855 2618 Deo,
881 2562 917 2605 si
942 2562 1086 2618 justus
1107 2563 1282 2607 fueris?

457 2628 536 2665 aut
561 2622 665 2678 quid
690 2622 729 2665 ei
756 2622 952 2677 confers,
978 2621 1014 2664 si
1040 2621 1332 2665 immaculata
1357 2623 1493 2667 fuerit
1517 2624 1590 2667 via
1616 2625 1724 2668 tua?

359 2680 376 2707 4
394 2682 622 2738 Numquid
647 2681 808 2724 timens
834 2686 990 2736 arguet
1014 2686 1079 2736 te,

457 2746 500 2784 et
525 2741 673 2784 veniet
699 2746 846 2783 tecum
866 2740 913 2782 in
938 2739 1192 2795 judicium?

357 2799 374 2826 5
391 2801 451 2843 Et
473 2814 563 2844 non
589 2805 764 2856 propter
787 2798 1006 2841 malitiam
1031 2804 1156 2842 tuam
1177 2799 1435 2857 plurimam,

457 2865 501 2903 et
524 2859 723 2902 infinitas
746 2857 1002 2913 iniquitates
1028 2858 1162 2902 tuas?

358 2917 375 2944 6
391 2918 632 2962 Abstulisti
659 2918 778 2961 enim
803 2917 966 2974 pignus
990 2917 1181 2962 flatrum
1206 2923 1382 2964 tuorum
1407 2919 1502 2964 sine
1523 2935 1673 2978 causa,

457 2983 502 3021 et
523 2978 663 3021 nudos
689 2976 889 3034 spoliasti
913 2976 1122 3020 vestibus

358 3035 373 3062 ⁷
389 3036 569 3093 Aquam
594 3037 710 3080 lasso
736 3050 822 3079 non
848 3035 1030 3092 dedisti,

457 3101 501 3139 et
525 3096 735 3140 esurienti
761 3095 1022 3139 subtraxisti
1048 3111 1220 3153 panem.

358 3153 375 3181 ⁸
392 3156 447 3199 In
471 3155 739 3199 fortitudine
764 3154 934 3198 brachii
960 3155 1025 3197 tui
1051 3156 1308 3213 possidebas
1333 3161 1514 3214 terram,

457 3220 500 3259 et
525 3214 858 3273 potentissimus
885 3213 1114 3258 obtinebas
1140 3230 1251 3260 eam.

359 3273 377 3300 ⁹
392 3273 566 3318 Viduas
592 3274 800 3318 dimisisti
824 3288 1007 3329 vacuas,

457 3338 501 3377 et
525 3333 712 3377 lacertos
738 3333 1007 3390 pupillorum
1033 3335 1348 3379 comminuisti.

343 3391 377 3419 ¹⁰
394 3393 631 3450 Propterea
658 3393 956 3436 circumdatus
982 3406 1028 3436 es
1052 3393 1240 3451 laqueis,

458 3457 502 3496 et
527 3452 760 3496 conturbat
787 3458 829 3495 te
853 3451 1048 3495 formido
1072 3453 1234 3498 subita.

345 3510 375 3538 ¹¹
395 3512 452 3554 Et
477 3511 666 3568 putabas
691 3516 734 3554 te
760 3511 962 3554 tenebras
988 3525 1075 3554 non
1102 3512 1317 3569 visurum,

458 3576 502 3614 et
525 3570 694 3628 impetu
719 3584 933 3626 aquarum
957 3569 1271 3615 inundantium
1297 3586 1384 3616 non
1411 3587 1667 3632 oppressum
1690 3572 1758 3618 iri.
