2423 3861
633 105 776 148 PROV.
811 105 926 159 VII,
961 105 1014 147 22
1047 130 1106 136 -—
1137 104 1279 158 VIII,
1317 104 1382 146 18.
1839 100 1924 144 669

393 283 436 320 et
460 275 691 319 blanditiis
713 275 930 317 labiorum
953 274 1168 331 protraxit
1194 274 1332 317 illum.

278 335 315 362 ‘2'2
335 336 495 379 Statim
519 349 616 379 eam
642 334 839 389 sequitur
865 334 989 389 quasi
1018 333 1094 377 bos
1121 333 1279 376 ductus
1305 332 1360 375 ad
1384 333 1632 386 victimam,

394 400 436 438 et
462 394 585 450 quasi
612 407 752 449 agnus
779 393 1037 447 lasciviens3

392 461 434 497 ct
455 454 664 510 ignorans
691 451 805 508 quod
831 452 887 494 ad
915 451 1092 495 vincula
1117 452 1278 495 stultus
1303 451 1532 494 trahatur:

275 513 311 539 ‘2³³
334 513 473 555 donec
499 511 732 566 transfigat
753 511 918 565 sagitta
944 511 1069 567 jecur
1094 512 1217 567 ejus3

393 572 515 615 velut
535 571 571 614 si
597 570 692 613 avis
718 570 901 613 festinet
923 570 979 612 ad
1007 569 1233 626 laqueum,

394 637 435 674 ct
459 630 600 674 nescit
625 628 741 685 quod
768 628 821 672 de
845 628 1039 685 periculo
1061 629 1224 671 animae
1247 629 1365 671 illius
1387 628 1546 684 agitur.

274 689 309 716 ‘²¹¹
332 691 460 733 Nunc
487 703 610 745 ergo,
637 688 699 731 fili
727 687 808 742 mi,
831 688 934 730 audi
962 703 1051 743 nie,

393 757 433 793 et
458 749 639 792 attende
667 747 811 791 verbis
839 745 923 789 oris
952 747 1051 790 mei.

273 807 309 833 ‘²³’
331 809 370 850 N
375 824 397 851 e
422 808 706 851 abstrahatur
730 806 774 849 in
798 806 881 848 viis
903 805 1023 848 illius
1046 820 1170 850 mens
1193 811 1288 861 tua,

391 881 530 923 neque
558 865 793 922 decipiaris
818 865 990 908 semitis
1011 865 1136 920 ejus3

272 925 308 952 ‘2⁶
330 927 490 969 multos
517 926 635 969 enim
660 925 914 968 vulneratos
941 923 1126 980 dejecit,

392 992 435 1028 et
461 984 695 1028 fortissimi
719 984 880 1040 quique
905 983 1133 1026 interfecti
1160 986 1264 1026 sunt
1288 980 1344 1024 ab
1367 996 1433 1025 ea.

272 1044 307 1070 ‘²7
332 1045 428 1087 Viae
454 1044 589 1087 inferi
615 1044 772 1087 domus
794 1043 912 1099 ejus,

391 1108 670 1160 penetrantes
695 1102 742 1145 in
764 1101 976 1145 interiora
997 1101 1164 1144 mortis.

404 1232 568 1275 SEcrro
602 1231 692 1274 III.
718 1257 778 1262 —
809 1230 990 1273 TERTIA
1023 1241 1182 1272 samiis
1216 1240 1621 1272 ADHORTATioxmi

265 1348 289 1405 ξ
317 1349 352 1390 Ι.
375 1372 434 1379 —-
458 1349 731 1390 Praedicatio
757 1347 998 1403 Sapientiae
1023 1362 1111 1391 sese
1136 1347 1382 1390 omnimodo
1403 1345 1755 1391 commendantis.

152 1455 258 1498 CAP.
284 1456 417 1498 VIII.
444 1481 502 1486 ——
529 1454 540 1481 ¹
563 1455 790 1510 Numquid
817 1469 905 1497 non
927 1454 1147 1510 sapientia
1170 1453 1392 1509 clamitat,
2027 1455 2210 1490 Sapientiae

388 1519 431 1556 et
453 1513 690 1570 prudentia
716 1513 793 1556 dat
814 1527 970 1556 vocem
996 1513 1156 1555 suam?
2020 1501 2215 1574 ettiiiffissra,

289 1572 305 1597 ‘2
326 1573 380 1614 In
407 1572 591 1615 summis
615 1572 890 1627 excelsisque
915 1571 1156 1614 verticibus
1182 1585 1314 1627 supra
1339 1570 1482 1626 viam,
2049 1587 2184 1617 eximia.

385 1631 431 1673 in
456 1630 614 1675 mediis
642 1631 813 1674 semitis
838 1636 982 1686 stans,

288 1689 305 1716 3
323 1690 455 1746 juxta
480 1695 629 1747 portas
655 1689 872 1745 civitatis,

385 1749 431 1791 in
458 1749 566 1806 ipsis
590 1749 764 1792 foribus
788 1748 994 1805 loquitur,
1023 1747 1173 1791 dicens
1204 1764 1213 1792 :

288 1807 304 1834 4
327 1809 362 1851 O
388 1808 491 1864 viri,
514 1809 571 1851 ad
597 1823 675 1851 vos
702 1808 905 1864 clamito,

388 1873 431 1910 et
452 1882 539 1911 vox
565 1882 664 1912 mea
685 1867 744 1910 ad
767 1867 882 1911 filios
907 1867 1153 1911 hominum.

289 1926 306 1951 5
327 1926 595 1983 Intelligite,
622 1926 818 1983 parvuli,
842 1927 1075 1982 astutiam,

388 1991 451 2038 et,
473 1986 757 2043 insipientes,
783 1986 1143 2031 animadvertite.

295 2044 306 2069 s
328 2045 514 2101 Audite,
538 2045 749 2101 quoniam
771 2045 826 2089 de
850 2045 982 2089 rebus
1009 2045 1185 2101 magnis
1207 2044 1407 2089 locutura
1432 2060 1552 2102 sum,

390 2110 432 2147 et
457 2105 712 2160 aperientur
732 2105 853 2148 labia
880 2119 980 2148 mea
1007 2110 1054 2147 ut
1074 2110 1196 2148 recta
1221 2104 1481 2161 praedicent.

292 2161 305 2188 7
327 2163 574 2206 Veritatem
600 2164 889 2207 meditabitur
914 2169 1068 2220 guttur
1089 2178 1258 2220 meum,

388 2228 431 2265 et
456 2222 577 2265 labia
603 2237 700 2266 mea
727 2223 1067 2267 detestabuntur
1087 2223 1290 2280 impium.

289 2281 306 2307 8
327 2282 354 2324 J
359 2281 445 2324 usti
471 2287 574 2324 sunt
596 2296 746 2325 omnes
772 2297 995 2326 sermones
1017 2283 1125 2339 mei,

388 2355 476 2383 non
500 2346 565 2384 est
586 2341 632 2383 in
656 2341 716 2384 eis
743 2356 930 2398 pravum
955 2341 1062 2397 quid
1084 2356 1226 2397 neque
1251 2356 1535 2398 perversum;

292 2399 309 2424 ⁰
328 2400 436 2442 recti
462 2405 566 2443 sunt
587 2400 966 2457 intelligentibus,

389 2464 434 2502 et
461 2459 574 2516 aequi
599 2459 931 2504 invenientibus
956 2461 1204 2506 scientiam.

275 2517 308 2544 ¹⁰
330 2518 537 2575 Accipite
563 2518 849 2575 disciplinam
874 2534 1041 2576 meam,
1068 2526 1112 2565 et
1136 2535 1224 2565 non
1248 2521 1511 2578 pecuniam;

388 2577 638 2621 doctrinam
661 2578 803 2634 magis
829 2593 962 2634 quam
986 2594 1143 2622 aurum
1167 2580 1346 2636 eligite:

272 2635 304 2662 ¹¹
329 2637 484 2681 melior
509 2643 576 2680 est
601 2638 720 2681 enim
746 2637 967 2694 sapientia
994 2639 1167 2682 cunctis
1189 2639 1540 2696 pretiosissimis,

388 2702 432 2739 et
459 2711 587 2740 omne
613 2697 906 2740 desiderabile
932 2697 970 2740 ei
996 2713 1085 2741 non
1111 2704 1256 2754 potest
1282 2699 1542 2754 comparari.

274 2755 307 2782 ¹²
328 2757 424 2812 Ego
447 2756 687 2813 sapientia,
715 2756 868 2800 habito
893 2756 940 2799 in
966 2757 1171 2810 consilio,

387 2820 430 2858 et
456 2815 640 2858 eruditis
665 2816 879 2858 intersum
907 2815 1273 2871 cogitationibus.

271 2873 308 2900 13
327 2874 480 2917 Timor
505 2875 687 2917 Domini
714 2874 806 2918 odit
833 2874 1014 2919 malum.

387 2933 728 2990 Arrogantiam,
757 2939 800 2977 et
825 2934 1100 2991 superbiam,

388 2998 431 3035 et
456 2993 576 3035 viam
602 3008 809 3050 pravam,
836 2998 880 3036 et
906 3007 953 3036 os
978 2993 1180 3050 bilingue
1207 2994 1412 3040 detestor.

271 3051 305 3077 ¹4
327 3052 479 3094 Meum
501 3058 568 3095 est
595 3053 852 3109 consilium,
875 3058 919 3096 θῖ
945 3053 1134 3108 aequitas
1154 3072 1164 3109 3

387 3126 485 3154 mea
512 3116 579 3155 est
604 3112 862 3169 prudentia,
885 3126 984 3155 mea
1010 3117 1078 3155 est
1102 3113 1335 3158 fortitudo,

271 3169 306 3195 '¹5
330 3170 415 3213 Per
437 3185 506 3214 me
528 3185 653 3227 reges
678 3177 888 3227 regnant,

386 3235 430 3272 et
455 3229 608 3286 legum
630 3231 879 3275 conditores
905 3231 1028 3287 justa
1053 3232 1323 3288 decernunt3

270 3287 305 3313 1⁶
325 3303 403 3345 per
427 3304 498 3332 me
514 3290 744 3347 principes
769 3291 1012 3347 imperant,

388 3353 432 3391 et
457 3354 662 3405 potentes
689 3350 933 3393 decernunt
954 3350 1190 3406 justitiam.

271 3405 304 3432 ¹7
328 3408 424 3463 Ego
451 3407 689 3464 diligentes
717 3424 786 3453 me
809 3409 969 3466 diligo,

388 3472 432 3510 et
457 3467 532 3523 qui
558 3482 690 3512 mane
714 3468 907 3525 vigilant
930 3469 988 3512 ad
1013 3484 1105 3526 me,
1131 3469 1364 3514 invenient-
1388 3485 1477 3515 me.

273 3523 306 3550 ¹8
328 3526 505 3569 Mecum
530 3532 635 3571 sunt
659 3527 831 3572 djvitiae
854 3533 897 3571 et
919 3528 1080 3584 gloria,

390 3599 493 3642 opes
519 3587 721 3644 superbae
748 3592 792 3631 et
815 3587 1004 3644 justitia.
