<?xml version="1.0" encoding="UTF-8"?>
<!DOCTYPE html PUBLIC "-//W3C//DTD XHTML 1.0 Transitional//EN"
    "http://www.w3.org/TR/xhtml1/DTD/xhtml1-transitional.dtd">
<html xmlns="http://www.w3.org/1999/xhtml" xml:lang="en" lang="en">
 <head>
  <title>
</title>
<meta http-equiv="Content-Type" content="text/html;charset=utf-8" />
  <meta name='ocr-system' content='tesseract 3.04.00' />
  <meta name='ocr-capabilities' content='ocr_page ocr_carea ocr_par ocr_line ocrx_word'/>
</head>
<body>
  <div class='ocr_page' id='page_1' title='image "./bibliasacrajuxta00fill_0103.png"; bbox 0 0 2456 3861; ppageno 0'>
   <div class='ocr_carea' id='block_1_1' title="bbox 841 144 1998 200">
    <p class='ocr_par' dir='ltr' id='par_1_1' title="bbox 841 144 1998 200">
     <span class='ocr_line' id='line_1_1' title="bbox 841 144 1998 200; baseline 0.005 -14"><span class='ocrx_word' id='word_1_1' title='bbox 841 144 922 187; x_wconf 78' lang='lat' dir='ltr'>Ex.</span> <span class='ocrx_word' id='word_1_2' title='bbox 958 145 1177 200; x_wconf 69' lang='lat' dir='ltr'>xxxw,</span> <span class='ocrx_word' id='word_1_3' title='bbox 1215 146 1345 188; x_wconf 84' lang='lat'>1-34.</span> <span class='ocrx_word' id='word_1_4' title='bbox 1947 148 1998 192; x_wconf 84' lang='lat'>87</span> 
     </span>
    </p>
   </div>
   <div class='ocr_carea' id='block_1_2' title="bbox 175 311 2002 955">
    <p class='ocr_par' dir='ltr' id='par_1_2' title="bbox 175 311 2002 955">
     <span class='ocr_line' id='line_1_2' title="bbox 238 311 1998 373; baseline 0.004 -19"><span class='ocrx_word' id='word_1_5' title='bbox 238 311 344 354; x_wconf 84' lang='lat' dir='ltr'>CAP.</span> <span class='ocrx_word' id='word_1_6' title='bbox 367 312 580 358; x_wconf 84' lang='lat' dir='ltr'>XXXVI.</span> <span class='ocrx_word' id='word_1_7' title='bbox 599 312 687 344; x_wconf 91' lang='lat'>—¹</span> <span class='ocrx_word' id='word_1_8' title='bbox 710 313 835 356; x_wconf 86' lang='lat' dir='ltr'>Fecit</span> <span class='ocrx_word' id='word_1_9' title='bbox 857 328 960 369; x_wconf 85' lang='lat' dir='ltr'>ergo</span> <span class='ocrx_word' id='word_1_10' title='bbox 985 314 1200 370; x_wconf 84' lang='lat' dir='ltr'>Beseleel,</span> <span class='ocrx_word' id='word_1_11' title='bbox 1224 320 1267 358; x_wconf 89' lang='lat' dir='ltr'>et</span> <span class='ocrx_word' id='word_1_12' title='bbox 1289 314 1467 371; x_wconf 91' lang='lat' dir='ltr'>Ooliab,</span> <span class='ocrx_word' id='word_1_13' title='bbox 1492 320 1535 358; x_wconf 91' lang='lat' dir='ltr'>et</span> <span class='ocrx_word' id='word_1_14' title='bbox 1561 316 1702 359; x_wconf 90' lang='lat' dir='ltr'>omnis</span> <span class='ocrx_word' id='word_1_15' title='bbox 1721 316 1787 358; x_wconf 91' lang='lat' dir='ltr'>vir</span> <span class='ocrx_word' id='word_1_16' title='bbox 1804 317 1998 373; x_wconf 85' lang='lat' dir='ltr'>sapiens,</span> 
     </span>
     <span class='ocr_line' id='line_1_3' title="bbox 178 369 1997 432; baseline 0.004 -21"><span class='ocrx_word' id='word_1_17' title='bbox 178 370 336 425; x_wconf 89' lang='lat' dir='ltr'>quibus</span> <span class='ocrx_word' id='word_1_18' title='bbox 361 369 485 412; x_wconf 86' lang='lat' dir='ltr'>dedit</span> <span class='ocrx_word' id='word_1_19' title='bbox 508 371 723 414; x_wconf 77' lang='lat' dir='ltr'>Dominus</span> <span class='ocrx_word' id='word_1_20' title='bbox 749 372 1013 428; x_wconf 81' lang='lat' dir='ltr'>sapientiam</span> <span class='ocrx_word' id='word_1_21' title='bbox 1036 378 1079 416; x_wconf 87' lang='lat' dir='ltr'>et</span> <span class='ocrx_word' id='word_1_22' title='bbox 1104 373 1402 430; x_wconf 87' lang='lat' dir='ltr'>intellectum,</span> <span class='ocrx_word' id='word_1_23' title='bbox 1422 380 1470 417; x_wconf 90' lang='lat' dir='ltr'>ut</span> <span class='ocrx_word' id='word_1_24' title='bbox 1495 375 1658 418; x_wconf 91' lang='lat' dir='ltr'>scirent</span> <span class='ocrx_word' id='word_1_25' title='bbox 1679 374 1807 419; x_wconf 79' lang='lat' dir='ltr'>fabre</span> <span class='ocrx_word' id='word_1_26' title='bbox 1830 378 1997 432; x_wconf 87' lang='lat' dir='ltr'>operari</span> 
     </span>
     <span class='ocr_line' id='line_1_4' title="bbox 178 428 1998 490; baseline 0.004 -20"><span class='ocrx_word' id='word_1_27' title='bbox 178 443 275 484; x_wconf 72' lang='lat' dir='ltr'>quae</span> <span class='ocrx_word' id='word_1_28' title='bbox 315 428 361 470; x_wconf 91' lang='lat' dir='ltr'>in</span> <span class='ocrx_word' id='word_1_29' title='bbox 402 443 503 472; x_wconf 88' lang='lat' dir='ltr'>usus</span> <span class='ocrx_word' id='word_1_30' title='bbox 547 430 786 473; x_wconf 84' lang='lat' dir='ltr'>sanctuarii</span> <span class='ocrx_word' id='word_1_31' title='bbox 831 431 1078 474; x_wconf 85' lang='lat' dir='ltr'>necessaria</span> <span class='ocrx_word' id='word_1_32' title='bbox 1125 438 1250 488; x_wconf 90' lang='lat' dir='ltr'>sunt,</span> <span class='ocrx_word' id='word_1_33' title='bbox 1296 438 1341 476; x_wconf 90' lang='lat' dir='ltr'>et</span> <span class='ocrx_word' id='word_1_34' title='bbox 1379 447 1478 489; x_wconf 82' lang='lat' dir='ltr'>quae</span> <span class='ocrx_word' id='word_1_35' title='bbox 1520 434 1732 490; x_wconf 76' lang='lat' dir='ltr'>praecepit</span> <span class='ocrx_word' id='word_1_36' title='bbox 1770 435 1998 478; x_wconf 83' lang='lat' dir='ltr'>Dominus.</span> 
     </span>
     <span class='ocr_line' id='line_1_5' title="bbox 178 486 1999 548; baseline 0.004 -20"><span class='ocrx_word' id='word_1_37' title='bbox 178 486 409 542; x_wconf 73' lang='lat' dir='ltr'>“2Gumque</span> <span class='ocrx_word' id='word_1_38' title='bbox 439 494 638 531; x_wconf 88' lang='lat' dir='ltr'>vocasset</span> <span class='ocrx_word' id='word_1_39' title='bbox 668 503 740 531; x_wconf 87' lang='lat' dir='ltr'>eos</span> <span class='ocrx_word' id='word_1_40' title='bbox 770 490 964 545; x_wconf 77' lang='lat' dir='ltr'>Moyses,</span> <span class='ocrx_word' id='word_1_41' title='bbox 995 496 1038 533; x_wconf 89' lang='lat' dir='ltr'>et</span> <span class='ocrx_word' id='word_1_42' title='bbox 1072 505 1245 534; x_wconf 90' lang='lat' dir='ltr'>omnem</span> <span class='ocrx_word' id='word_1_43' title='bbox 1280 492 1500 535; x_wconf 87' lang='lat' dir='ltr'>eruditum</span> <span class='ocrx_word' id='word_1_44' title='bbox 1530 493 1694 548; x_wconf 89' lang='lat' dir='ltr'>virum,</span> <span class='ocrx_word' id='word_1_45' title='bbox 1722 493 1791 535; x_wconf 92' lang='lat' dir='ltr'>cui</span> <span class='ocrx_word' id='word_1_46' title='bbox 1819 493 1999 537; x_wconf 78' lang='lat' dir='ltr'>dederat</span> 
     </span>
     <span class='ocr_line' id='line_1_6' title="bbox 179 545 2000 608; baseline 0.004 -20"><span class='ocrx_word' id='word_1_47' title='bbox 179 545 395 588; x_wconf 84' lang='lat' dir='ltr'>Dominus</span> <span class='ocrx_word' id='word_1_48' title='bbox 416 547 702 603; x_wconf 76' lang='lat' dir='ltr'>sapientiam,</span> <span class='ocrx_word' id='word_1_49' title='bbox 730 553 773 590; x_wconf 89' lang='lat' dir='ltr'>et</span> <span class='ocrx_word' id='word_1_50' title='bbox 794 548 866 603; x_wconf 90' lang='lat' dir='ltr'>qui</span> <span class='ocrx_word' id='word_1_51' title='bbox 893 554 1047 604; x_wconf 90' lang='lat' dir='ltr'>sponte</span> <span class='ocrx_word' id='word_1_52' title='bbox 1069 564 1146 591; x_wconf 86' lang='lat' dir='ltr'>sua</span> <span class='ocrx_word' id='word_1_53' title='bbox 1173 550 1423 593; x_wconf 84' lang='lat' dir='ltr'>obtulerant</span> <span class='ocrx_word' id='word_1_54' title='bbox 1444 565 1490 594; x_wconf 91' lang='lat' dir='ltr'>se</span> <span class='ocrx_word' id='word_1_55' title='bbox 1511 551 1566 594; x_wconf 88' lang='lat' dir='ltr'>ad</span> <span class='ocrx_word' id='word_1_56' title='bbox 1589 551 1848 595; x_wconf 80' lang='lat' dir='ltr'>faciendum</span> <span class='ocrx_word' id='word_1_57' title='bbox 1872 566 2000 608; x_wconf 90' lang='lat' dir='ltr'>opus,</span> 
     </span>
     <span class='ocr_line' id='line_1_7' title="bbox 175 603 1976 668; baseline 0.004 -22"><span class='ocrx_word' id='word_1_58' title='bbox 175 603 192 629; x_wconf 75' lang='lat'>³</span> <span class='ocrx_word' id='word_1_59' title='bbox 211 604 395 647; x_wconf 81' lang='lat' dir='ltr'>tradidit</span> <span class='ocrx_word' id='word_1_60' title='bbox 421 605 482 648; x_wconf 91' lang='lat' dir='ltr'>eis</span> <span class='ocrx_word' id='word_1_61' title='bbox 508 606 713 648; x_wconf 85' lang='lat' dir='ltr'>universa</span> <span class='ocrx_word' id='word_1_62' title='bbox 742 606 923 648; x_wconf 87' lang='lat' dir='ltr'>donaria</span> <span class='ocrx_word' id='word_1_63' title='bbox 953 607 1142 649; x_wconf 89' lang='lat' dir='ltr'>filiorum</span> <span class='ocrx_word' id='word_1_64' title='bbox 1178 609 1328 651; x_wconf 87' lang='lat' dir='ltr'>Israel.</span> <span class='ocrx_word' id='word_1_65' title='bbox 1359 609 1439 659; x_wconf 85' lang='lat' dir='ltr'>Qui</span> <span class='ocrx_word' id='word_1_66' title='bbox 1474 624 1574 652; x_wconf 91' lang='lat' dir='ltr'>cum</span> <span class='ocrx_word' id='word_1_67' title='bbox 1608 611 1826 654; x_wconf 83' lang='lat' dir='ltr'>instarent</span> <span class='ocrx_word' id='word_1_68' title='bbox 1860 611 1976 668; x_wconf 89' lang='lat' dir='ltr'>operi</span> 
     </span>
     <span class='ocr_line' id='line_1_8' title="bbox 177 663 1973 726; baseline 0.005 -22"><span class='ocrx_word' id='word_1_69' title='bbox 177 663 372 717; x_wconf 85' lang='lat' dir='ltr'>quotidie</span> <span class='ocrx_word' id='word_1_70' title='bbox 406 678 534 707; x_wconf 87' lang='lat' dir='ltr'>mane</span> <span class='ocrx_word' id='word_1_71' title='bbox 560 671 663 706; x_wconf 89' lang='lat' dir='ltr'>vota</span> <span class='ocrx_word' id='word_1_72' title='bbox 692 665 878 720; x_wconf 91' lang='lat' dir='ltr'>populus</span> <span class='ocrx_word' id='word_1_73' title='bbox 913 665 1140 708; x_wconf 83' lang='lat' dir='ltr'>offerebat.</span> <span class='ocrx_word' id='word_1_74' title='bbox 1165 667 1180 692; x_wconf 68' lang='lat'>‘¹</span> <span class='ocrx_word' id='word_1_75' title='bbox 1203 668 1331 710; x_wconf 82' lang='lat' dir='ltr'>Unde</span> <span class='ocrx_word' id='word_1_76' title='bbox 1363 668 1553 711; x_wconf 86' lang='lat' dir='ltr'>artifices</span> <span class='ocrx_word' id='word_1_77' title='bbox 1577 669 1725 712; x_wconf 87' lang='lat' dir='ltr'>venire</span> <span class='ocrx_word' id='word_1_78' title='bbox 1759 670 1973 726; x_wconf 86' lang='lat' dir='ltr'>compulsi</span> 
     </span>
     <span class='ocr_line' id='line_1_9' title="bbox 177 721 1994 785; baseline 0.004 -21"><span class='ocrx_word' id='word_1_79' title='bbox 177 721 194 746; x_wconf 79' lang='lat'><strong>⁵</strong></span> <span class='ocrx_word' id='word_1_80' title='bbox 210 721 418 765; x_wconf 83' lang='lat' dir='ltr'>dixerunt</span> <span class='ocrx_word' id='word_1_81' title='bbox 444 722 584 779; x_wconf 83' lang='lat' dir='ltr'>Moysi</span> <span class='ocrx_word' id='word_1_82' title='bbox 603 739 612 766; x_wconf 91' lang='lat'><strong>:</strong></span> <span class='ocrx_word' id='word_1_83' title='bbox 638 722 740 765; x_wconf 91' lang='lat' dir='ltr'>Plus</span> <span class='ocrx_word' id='word_1_84' title='bbox 766 723 898 765; x_wconf 85' lang='lat' dir='ltr'>offert</span> <span class='ocrx_word' id='word_1_85' title='bbox 922 723 1108 780; x_wconf 89' lang='lat' dir='ltr'>populus</span> <span class='ocrx_word' id='word_1_86' title='bbox 1133 739 1265 780; x_wconf 89' lang='lat' dir='ltr'>quam</span> <span class='ocrx_word' id='word_1_87' title='bbox 1288 727 1583 769; x_wconf 87' lang='lat' dir='ltr'>necessarium</span> <span class='ocrx_word' id='word_1_88' title='bbox 1603 734 1681 771; x_wconf 88' lang='lat' dir='ltr'>est.</span> <span class='ocrx_word' id='word_1_89' title='bbox 1701 729 1760 771; x_wconf 64' lang='lat'>⁶21</span> <span class='ocrx_word' id='word_1_90' title='bbox 1765 729 1874 771; x_wconf 88' lang='lat' dir='ltr'>ussit</span> <span class='ocrx_word' id='word_1_91' title='bbox 1897 743 1994 785; x_wconf 81' lang='lat' dir='ltr'>ergo</span> 
     </span>
     <span class='ocr_line' id='line_1_10' title="bbox 176 780 2002 841; baseline 0.004 -19"><span class='ocrx_word' id='word_1_92' title='bbox 176 780 351 836; x_wconf 80' lang='lat' dir='ltr'>Moyses</span> <span class='ocrx_word' id='word_1_93' title='bbox 376 781 590 837; x_wconf 88' lang='lat' dir='ltr'>praeconis</span> <span class='ocrx_word' id='word_1_94' title='bbox 617 795 723 824; x_wconf 87' lang='lat' dir='ltr'>voce</span> <span class='ocrx_word' id='word_1_95' title='bbox 746 781 914 824; x_wconf 85' lang='lat' dir='ltr'>cantari</span> <span class='ocrx_word' id='word_1_96' title='bbox 935 798 943 826; x_wconf 74' lang='grc' dir='ltr'><strong><em>ε</em></strong></span> <span class='ocrx_word' id='word_1_97' title='bbox 967 782 1060 825; x_wconf 89' lang='grc' dir='ltr'>Ν88</span> <span class='ocrx_word' id='word_1_98' title='bbox 1078 782 1145 825; x_wconf 86' lang='lat' dir='ltr'>vir</span> <span class='ocrx_word' id='word_1_99' title='bbox 1167 798 1247 826; x_wconf 89' lang='lat' dir='ltr'>nec</span> <span class='ocrx_word' id='word_1_100' title='bbox 1270 784 1427 827; x_wconf 90' lang='lat' dir='ltr'>mulier</span> <span class='ocrx_word' id='word_1_101' title='bbox 1444 786 1685 841; x_wconf 81' lang='lat' dir='ltr'>quidquam</span> <span class='ocrx_word' id='word_1_102' title='bbox 1704 787 1865 830; x_wconf 81' lang='lat' dir='ltr'>offerat</span> <span class='ocrx_word' id='word_1_103' title='bbox 1886 787 2002 830; x_wconf 88' lang='lat' dir='ltr'>ultra</span> 
     </span>
     <span class='ocr_line' id='line_1_11' title="bbox 176 838 2000 901; baseline 0.005 -22"><span class='ocrx_word' id='word_1_104' title='bbox 176 838 219 879; x_wconf 90' lang='lat' dir='ltr'>in</span> <span class='ocrx_word' id='word_1_105' title='bbox 247 852 375 895; x_wconf 88' lang='lat' dir='ltr'>opere</span> <span class='ocrx_word' id='word_1_106' title='bbox 397 839 650 883; x_wconf 81' lang='lat' dir='ltr'>sanctuarii.</span> <span class='ocrx_word' id='word_1_107' title='bbox 671 840 829 896; x_wconf 84' lang='lat' dir='ltr'>Sicque</span> <span class='ocrx_word' id='word_1_108' title='bbox 854 845 1074 883; x_wconf 88' lang='lat' dir='ltr'>cessatum</span> <span class='ocrx_word' id='word_1_109' title='bbox 1096 847 1162 885; x_wconf 90' lang='lat' dir='ltr'>est</span> <span class='ocrx_word' id='word_1_110' title='bbox 1180 857 1206 884; x_wconf 89' lang='lat' dir='ltr'>a</span> <span class='ocrx_word' id='word_1_111' title='bbox 1230 842 1483 885; x_wconf 88' lang='lat' dir='ltr'>muneribus</span> <span class='ocrx_word' id='word_1_112' title='bbox 1505 844 1763 901; x_wconf 83' lang='lat' dir='ltr'>offerendis,</span> <span class='ocrx_word' id='word_1_113' title='bbox 1783 845 1798 871; x_wconf 82' lang='lat'><em>⁷</em></span> <span class='ocrx_word' id='word_1_114' title='bbox 1815 860 1865 889; x_wconf 91' lang='lat' dir='ltr'>eo</span> <span class='ocrx_word' id='word_1_115' title='bbox 1886 846 2000 901; x_wconf 90' lang='lat' dir='ltr'>quod</span> 
     </span>
     <span class='ocr_line' id='line_1_12' title="bbox 176 896 1113 955; baseline 0.004 -17"><span class='ocrx_word' id='word_1_116' title='bbox 176 896 325 940; x_wconf 88' lang='lat' dir='ltr'>oblata</span> <span class='ocrx_word' id='word_1_117' title='bbox 348 897 605 940; x_wconf 85' lang='lat' dir='ltr'>sufficerent</span> <span class='ocrx_word' id='word_1_118' title='bbox 627 903 670 941; x_wconf 91' lang='lat' dir='ltr'>et</span> <span class='ocrx_word' id='word_1_119' title='bbox 691 899 1113 955; x_wconf 89' lang='lat' dir='ltr'>superabundarent.</span> 
     </span>
    </p>
   </div>
   <div class='ocr_carea' id='block_1_3' title="bbox 776 1020 1401 1076">
    <p class='ocr_par' dir='ltr' id='par_1_3' title="bbox 776 1020 1401 1076">
     <span class='ocr_line' id='line_1_13' title="bbox 776 1020 1401 1076; baseline 0.008 -15"><span class='ocrx_word' id='word_1_120' title='bbox 776 1020 800 1076; x_wconf 63' lang='grc' dir='ltr'>ξ</span> <span class='ocrx_word' id='word_1_121' title='bbox 835 1020 895 1062; x_wconf 91' lang='lat' dir='ltr'>II.</span> <span class='ocrx_word' id='word_1_122' title='bbox 920 1045 978 1052; x_wconf 92' lang='lat'><strong>—</strong></span> <span class='ocrx_word' id='word_1_123' title='bbox 1013 1020 1169 1076; x_wconf 74' lang='lat' dir='ltr'>Operis</span> <span class='ocrx_word' id='word_1_124' title='bbox 1197 1021 1401 1066; x_wconf 73' lang='lat' dir='ltr'>eaeecutio.</span> 
     </span>
    </p>
   </div>
   <div class='ocr_carea' id='block_1_4' title="bbox 168 1134 2003 3557">
    <p class='ocr_par' dir='ltr' id='par_1_4' title="bbox 172 1134 2003 1709">
     <span class='ocr_line' id='line_1_14' title="bbox 234 1134 2000 1197; baseline 0.005 -21"><span class='ocrx_word' id='word_1_125' title='bbox 234 1134 251 1161; x_wconf 79' lang='lat'><strong>⁸</strong></span> <span class='ocrx_word' id='word_1_126' title='bbox 274 1135 577 1190; x_wconf 87' lang='lat' dir='ltr'>Feceruntque</span> <span class='ocrx_word' id='word_1_127' title='bbox 607 1149 758 1177; x_wconf 89' lang='lat' dir='ltr'>omnes</span> <span class='ocrx_word' id='word_1_128' title='bbox 787 1135 916 1178; x_wconf 88' lang='lat' dir='ltr'>corde</span> <span class='ocrx_word' id='word_1_129' title='bbox 945 1135 1166 1192; x_wconf 88' lang='lat' dir='ltr'>sapientes</span> <span class='ocrx_word' id='word_1_130' title='bbox 1195 1136 1251 1179; x_wconf 90' lang='lat' dir='ltr'>ad</span> <span class='ocrx_word' id='word_1_131' title='bbox 1275 1137 1545 1193; x_wconf 87' lang='lat' dir='ltr'>explendum</span> <span class='ocrx_word' id='word_1_132' title='bbox 1574 1153 1682 1195; x_wconf 88' lang='lat' dir='ltr'>opus</span> <span class='ocrx_word' id='word_1_133' title='bbox 1705 1139 2000 1197; x_wconf 84' lang='lat' dir='ltr'>tabernaculi,</span> 
     </span>
     <span class='ocr_line' id='line_1_15' title="bbox 176 1193 2002 1255; baseline 0.003 -18"><span class='ocrx_word' id='word_1_134' title='bbox 176 1193 367 1237; x_wconf 88' lang='lat' dir='ltr'>cortinas</span> <span class='ocrx_word' id='word_1_135' title='bbox 396 1193 549 1236; x_wconf 89' lang='lat' dir='ltr'>decem</span> <span class='ocrx_word' id='word_1_136' title='bbox 579 1194 633 1236; x_wconf 87' lang='lat' dir='ltr'>de</span> <span class='ocrx_word' id='word_1_137' title='bbox 661 1193 793 1250; x_wconf 89' lang='lat' dir='ltr'>bysso</span> <span class='ocrx_word' id='word_1_138' title='bbox 815 1198 999 1250; x_wconf 86' lang='lat' dir='ltr'>retorta,</span> <span class='ocrx_word' id='word_1_139' title='bbox 1023 1199 1067 1237; x_wconf 91' lang='lat' dir='ltr'>et</span> <span class='ocrx_word' id='word_1_140' title='bbox 1096 1195 1358 1252; x_wconf 89' lang='lat' dir='ltr'>hyacintho,</span> <span class='ocrx_word' id='word_1_141' title='bbox 1382 1201 1426 1239; x_wconf 89' lang='lat' dir='ltr'>et</span> <span class='ocrx_word' id='word_1_142' title='bbox 1454 1211 1666 1254; x_wconf 85' lang='lat' dir='ltr'>purpura,</span> <span class='ocrx_word' id='word_1_143' title='bbox 1690 1212 1907 1255; x_wconf 87' lang='lat' dir='ltr'>coccoque</span> <span class='ocrx_word' id='word_1_144' title='bbox 1936 1200 2002 1243; x_wconf 90' lang='lat' dir='ltr'>bis</span> 
     </span>
     <span class='ocr_line' id='line_1_16' title="bbox 175 1252 2000 1314; baseline 0.003 -19"><span class='ocrx_word' id='word_1_145' title='bbox 175 1252 335 1308; x_wconf 85' lang='lat' dir='ltr'>tincto,</span> <span class='ocrx_word' id='word_1_146' title='bbox 359 1266 487 1309; x_wconf 88' lang='lat' dir='ltr'>opere</span> <span class='ocrx_word' id='word_1_147' title='bbox 509 1252 651 1309; x_wconf 89' lang='lat' dir='ltr'>vario,</span> <span class='ocrx_word' id='word_1_148' title='bbox 675 1257 719 1295; x_wconf 91' lang='lat' dir='ltr'>et</span> <span class='ocrx_word' id='word_1_149' title='bbox 739 1258 833 1296; x_wconf 87' lang='lat' dir='ltr'>arte</span> <span class='ocrx_word' id='word_1_150' title='bbox 861 1252 1107 1310; x_wconf 80' lang='lat' dir='ltr'>polymita3</span> <span class='ocrx_word' id='word_1_151' title='bbox 1139 1254 1156 1280; x_wconf 84' lang='lat'>9</span> <span class='ocrx_word' id='word_1_152' title='bbox 1177 1268 1363 1310; x_wconf 89' lang='lat' dir='ltr'>quarum</span> <span class='ocrx_word' id='word_1_153' title='bbox 1392 1270 1480 1298; x_wconf 87' lang='lat' dir='ltr'>una</span> <span class='ocrx_word' id='word_1_154' title='bbox 1508 1255 1703 1300; x_wconf 90' lang='lat' dir='ltr'>habebat</span> <span class='ocrx_word' id='word_1_155' title='bbox 1730 1257 1777 1300; x_wconf 90' lang='lat' dir='ltr'>in</span> <span class='ocrx_word' id='word_1_156' title='bbox 1806 1258 2000 1314; x_wconf 90' lang='lat' dir='ltr'>longitu-</span> 
     </span>
     <span class='ocr_line' id='line_1_17' title="bbox 175 1310 2003 1370; baseline 0.003 -16"><span class='ocrx_word' id='word_1_157' title='bbox 175 1311 277 1355; x_wconf 86' lang='lat' dir='ltr'>dine</span> <span class='ocrx_word' id='word_1_158' title='bbox 313 1310 474 1367; x_wconf 88' lang='lat' dir='ltr'>viginti</span> <span class='ocrx_word' id='word_1_159' title='bbox 513 1317 611 1354; x_wconf 90' lang='lat' dir='ltr'>octo</span> <span class='ocrx_word' id='word_1_160' title='bbox 648 1311 839 1368; x_wconf 88' lang='lat' dir='ltr'>cubitos,</span> <span class='ocrx_word' id='word_1_161' title='bbox 875 1316 919 1355; x_wconf 93' lang='lat' dir='ltr'>et</span> <span class='ocrx_word' id='word_1_162' title='bbox 949 1312 996 1354; x_wconf 91' lang='lat' dir='ltr'>in</span> <span class='ocrx_word' id='word_1_163' title='bbox 1033 1312 1270 1356; x_wconf 90' lang='lat' dir='ltr'>latitudine</span> <span class='ocrx_word' id='word_1_164' title='bbox 1303 1319 1516 1370; x_wconf 88' lang='lat' dir='ltr'>quatuor;</span> <span class='ocrx_word' id='word_1_165' title='bbox 1552 1330 1640 1358; x_wconf 88' lang='lat' dir='ltr'>una</span> <span class='ocrx_word' id='word_1_166' title='bbox 1673 1331 1877 1360; x_wconf 89' lang='lat' dir='ltr'>mensura</span> <span class='ocrx_word' id='word_1_167' title='bbox 1910 1323 2003 1361; x_wconf 89' lang='lat' dir='ltr'>erat</span> 
     </span>
     <span class='ocr_line' id='line_1_18' title="bbox 175 1370 2002 1432; baseline 0.003 -18"><span class='ocrx_word' id='word_1_168' title='bbox 175 1371 373 1414; x_wconf 88' lang='lat' dir='ltr'>omnium</span> <span class='ocrx_word' id='word_1_169' title='bbox 396 1370 677 1413; x_wconf 87' lang='lat' dir='ltr'>cortinarum.</span> <span class='ocrx_word' id='word_1_170' title='bbox 711 1370 746 1397; x_wconf 88' lang='lat'>¹⁰</span> <span class='ocrx_word' id='word_1_171' title='bbox 766 1370 1097 1427; x_wconf 83' lang='lat' dir='ltr'>Conjunxitque</span> <span class='ocrx_word' id='word_1_172' title='bbox 1127 1372 1318 1415; x_wconf 91' lang='lat' dir='ltr'>cortinas</span> <span class='ocrx_word' id='word_1_173' title='bbox 1340 1373 1552 1429; x_wconf 90' lang='lat' dir='ltr'>quinque,</span> <span class='ocrx_word' id='word_1_174' title='bbox 1577 1374 1764 1417; x_wconf 90' lang='lat' dir='ltr'>alteram</span> <span class='ocrx_word' id='word_1_175' title='bbox 1787 1376 1935 1432; x_wconf 89' lang='lat' dir='ltr'>alteri,</span> <span class='ocrx_word' id='word_1_176' title='bbox 1959 1383 2002 1419; x_wconf 88' lang='lat' dir='ltr'>et</span> 
     </span>
     <span class='ocr_line' id='line_1_19' title="bbox 174 1429 2002 1489; baseline 0.003 -17"><span class='ocrx_word' id='word_1_177' title='bbox 174 1430 285 1472; x_wconf 88' lang='lat' dir='ltr'>alias</span> <span class='ocrx_word' id='word_1_178' title='bbox 306 1430 497 1485; x_wconf 90' lang='lat' dir='ltr'>quinque</span> <span class='ocrx_word' id='word_1_179' title='bbox 518 1429 602 1472; x_wconf 88' lang='lat' dir='ltr'>sibi</span> <span class='ocrx_word' id='word_1_180' title='bbox 624 1429 818 1473; x_wconf 89' lang='lat' dir='ltr'>invicem</span> <span class='ocrx_word' id='word_1_181' title='bbox 841 1430 1078 1486; x_wconf 84' lang='lat' dir='ltr'>copulavit.</span> <span class='ocrx_word' id='word_1_182' title='bbox 1104 1430 1136 1457; x_wconf 88' lang='lat'>¹¹</span> <span class='ocrx_word' id='word_1_183' title='bbox 1162 1431 1288 1474; x_wconf 83' lang='lat' dir='ltr'>Fecit</span> <span class='ocrx_word' id='word_1_184' title='bbox 1309 1437 1353 1475; x_wconf 92' lang='lat' dir='ltr'>et</span> <span class='ocrx_word' id='word_1_185' title='bbox 1374 1447 1503 1475; x_wconf 88' lang='lat' dir='ltr'>ansas</span> <span class='ocrx_word' id='word_1_186' title='bbox 1526 1433 1839 1489; x_wconf 87' lang='lat' dir='ltr'>hyacinthinas</span> <span class='ocrx_word' id='word_1_187' title='bbox 1861 1435 1905 1477; x_wconf 91' lang='lat' dir='ltr'>in</span> <span class='ocrx_word' id='word_1_188' title='bbox 1929 1449 2002 1478; x_wconf 89' lang='lat' dir='ltr'>ora</span> 
     </span>
     <span class='ocr_line' id='line_1_20' title="bbox 174 1488 2001 1548; baseline 0.003 -17"><span class='ocrx_word' id='word_1_189' title='bbox 174 1489 356 1531; x_wconf 86' lang='lat' dir='ltr'>cortinae</span> <span class='ocrx_word' id='word_1_190' title='bbox 379 1488 507 1531; x_wconf 90' lang='lat' dir='ltr'>unius</span> <span class='ocrx_word' id='word_1_191' title='bbox 530 1502 584 1531; x_wconf 83' lang='lat' dir='ltr'>ex</span> <span class='ocrx_word' id='word_1_192' title='bbox 606 1493 789 1544; x_wconf 90' lang='lat' dir='ltr'>utroque</span> <span class='ocrx_word' id='word_1_193' title='bbox 811 1488 968 1544; x_wconf 89' lang='lat' dir='ltr'>latere,</span> <span class='ocrx_word' id='word_1_194' title='bbox 993 1495 1036 1531; x_wconf 91' lang='lat' dir='ltr'>et</span> <span class='ocrx_word' id='word_1_195' title='bbox 1064 1489 1110 1531; x_wconf 93' lang='lat' dir='ltr'>in</span> <span class='ocrx_word' id='word_1_196' title='bbox 1133 1503 1208 1532; x_wconf 85' lang='lat' dir='ltr'>ora</span> <span class='ocrx_word' id='word_1_197' title='bbox 1238 1490 1419 1533; x_wconf 78' lang='lat' dir='ltr'>cortinae</span> <span class='ocrx_word' id='word_1_198' title='bbox 1446 1491 1627 1534; x_wconf 89' lang='lat' dir='ltr'>alterius</span> <span class='ocrx_word' id='word_1_199' title='bbox 1649 1493 1864 1548; x_wconf 88' lang='lat' dir='ltr'>similiter,</span> <span class='ocrx_word' id='word_1_200' title='bbox 1897 1493 1932 1520; x_wconf 68' lang='lat'>¹²</span> <span class='ocrx_word' id='word_1_201' title='bbox 1954 1500 2001 1537; x_wconf 92' lang='lat' dir='ltr'>ut</span> 
     </span>
     <span class='ocr_line' id='line_1_21' title="bbox 174 1547 2001 1608; baseline 0.003 -18"><span class='ocrx_word' id='word_1_202' title='bbox 174 1552 326 1590; x_wconf 91' lang='lat' dir='ltr'>contra</span> <span class='ocrx_word' id='word_1_203' title='bbox 346 1561 392 1590; x_wconf 87' lang='lat' dir='ltr'>se</span> <span class='ocrx_word' id='word_1_204' title='bbox 412 1547 607 1590; x_wconf 90' lang='lat' dir='ltr'>invicem</span> <span class='ocrx_word' id='word_1_205' title='bbox 628 1547 831 1590; x_wconf 91' lang='lat' dir='ltr'>venirent</span> <span class='ocrx_word' id='word_1_206' title='bbox 851 1562 993 1603; x_wconf 85' lang='lat' dir='ltr'>ansae,</span> <span class='ocrx_word' id='word_1_207' title='bbox 1017 1552 1060 1590; x_wconf 90' lang='lat' dir='ltr'>et</span> <span class='ocrx_word' id='word_1_208' title='bbox 1090 1553 1242 1591; x_wconf 89' lang='lat' dir='ltr'>mutuo</span> <span class='ocrx_word' id='word_1_209' title='bbox 1265 1549 1570 1605; x_wconf 81' lang='lat' dir='ltr'>jungerentur.</span> <span class='ocrx_word' id='word_1_210' title='bbox 1602 1551 1638 1578; x_wconf 85' lang='lat'>¹3</span> <span class='ocrx_word' id='word_1_211' title='bbox 1661 1552 1790 1595; x_wconf 87' lang='lat' dir='ltr'>Unde</span> <span class='ocrx_word' id='word_1_212' title='bbox 1812 1557 1855 1595; x_wconf 90' lang='lat' dir='ltr'>et</span> <span class='ocrx_word' id='word_1_213' title='bbox 1876 1553 2001 1608; x_wconf 91' lang='lat' dir='ltr'>quin-</span> 
     </span>
     <span class='ocr_line' id='line_1_22' title="bbox 173 1605 2002 1667; baseline 0.004 -19"><span class='ocrx_word' id='word_1_214' title='bbox 173 1606 388 1662; x_wconf 83' lang='lat' dir='ltr'>quaginta</span> <span class='ocrx_word' id='word_1_215' title='bbox 408 1605 529 1649; x_wconf 75' lang='lat' dir='ltr'>fudit</span> <span class='ocrx_word' id='word_1_216' title='bbox 558 1606 744 1649; x_wconf 88' lang='lat' dir='ltr'>circulos</span> <span class='ocrx_word' id='word_1_217' title='bbox 766 1620 940 1663; x_wconf 81' lang='lat' dir='ltr'>aureOS,</span> <span class='ocrx_word' id='word_1_218' title='bbox 964 1606 1037 1662; x_wconf 90' lang='lat' dir='ltr'>qui</span> <span class='ocrx_word' id='word_1_219' title='bbox 1068 1607 1319 1650; x_wconf 87' lang='lat' dir='ltr'>morderent</span> <span class='ocrx_word' id='word_1_220' title='bbox 1350 1608 1619 1652; x_wconf 86' lang='lat' dir='ltr'>cortinarum</span> <span class='ocrx_word' id='word_1_221' title='bbox 1641 1625 1790 1667; x_wconf 86' lang='lat' dir='ltr'>ansas,</span> <span class='ocrx_word' id='word_1_222' title='bbox 1815 1615 1858 1654; x_wconf 89' lang='lat' dir='ltr'>et</span> <span class='ocrx_word' id='word_1_223' title='bbox 1880 1612 2002 1655; x_wconf 87' lang='lat' dir='ltr'>fieret</span> 
     </span>
     <span class='ocr_line' id='line_1_23' title="bbox 172 1666 682 1709; baseline 0.004 -2"><span class='ocrx_word' id='word_1_224' title='bbox 172 1679 310 1708; x_wconf 89' lang='lat' dir='ltr'>unum</span> <span class='ocrx_word' id='word_1_225' title='bbox 331 1666 682 1709; x_wconf 87' lang='lat' dir='ltr'>tabernaculum.</span> 
     </span>
    </p>

    <p class='ocr_par' dir='ltr' id='par_1_5' title="bbox 169 1724 2003 2253">
     <span class='ocr_line' id='line_1_24' title="bbox 233 1724 2002 1785; baseline 0.004 -18"><span class='ocrx_word' id='word_1_226' title='bbox 233 1724 268 1751; x_wconf 72' lang='lat'>¹4</span> <span class='ocrx_word' id='word_1_227' title='bbox 297 1725 423 1768; x_wconf 87' lang='lat' dir='ltr'>Fecit</span> <span class='ocrx_word' id='word_1_228' title='bbox 461 1729 503 1767; x_wconf 90' lang='lat' dir='ltr'>et</span> <span class='ocrx_word' id='word_1_229' title='bbox 540 1739 648 1781; x_wconf 88' lang='lat' dir='ltr'>saga</span> <span class='ocrx_word' id='word_1_230' title='bbox 684 1726 892 1769; x_wconf 87' lang='lat' dir='ltr'>undecim</span> <span class='ocrx_word' id='word_1_231' title='bbox 925 1726 979 1769; x_wconf 88' lang='lat' dir='ltr'>de</span> <span class='ocrx_word' id='word_1_232' title='bbox 1012 1726 1114 1783; x_wconf 92' lang='lat' dir='ltr'>pilis</span> <span class='ocrx_word' id='word_1_233' title='bbox 1148 1742 1379 1784; x_wconf 86' lang='lat' dir='ltr'>caprarum</span> <span class='ocrx_word' id='word_1_234' title='bbox 1416 1728 1472 1771; x_wconf 89' lang='lat' dir='ltr'>ad</span> <span class='ocrx_word' id='word_1_235' title='bbox 1511 1729 1797 1785; x_wconf 88' lang='lat' dir='ltr'>operiendum</span> <span class='ocrx_word' id='word_1_236' title='bbox 1835 1735 2002 1773; x_wconf 87' lang='lat' dir='ltr'>tectum</span> 
     </span>
     <span class='ocr_line' id='line_1_25' title="bbox 170 1784 2003 1846; baseline 0.004 -20"><span class='ocrx_word' id='word_1_237' title='bbox 170 1784 475 1837; x_wconf 87' lang='lat' dir='ltr'>tabernaculi;</span> <span class='ocrx_word' id='word_1_238' title='bbox 508 1784 542 1810; x_wconf 77' lang='lat'>¹5</span> <span class='ocrx_word' id='word_1_239' title='bbox 564 1799 700 1827; x_wconf 90' lang='lat' dir='ltr'>unum</span> <span class='ocrx_word' id='word_1_240' title='bbox 729 1800 886 1841; x_wconf 85' lang='lat' dir='ltr'>sagum</span> <span class='ocrx_word' id='word_1_241' title='bbox 913 1785 960 1828; x_wconf 90' lang='lat' dir='ltr'>iu</span> <span class='ocrx_word' id='word_1_242' title='bbox 989 1785 1268 1842; x_wconf 88' lang='lat' dir='ltr'>longitudine</span> <span class='ocrx_word' id='word_1_243' title='bbox 1296 1787 1492 1830; x_wconf 86' lang='lat' dir='ltr'>habebat</span> <span class='ocrx_word' id='word_1_244' title='bbox 1521 1788 1692 1832; x_wconf 89' lang='lat' dir='ltr'>cubitos</span> <span class='ocrx_word' id='word_1_245' title='bbox 1721 1790 1928 1846; x_wconf 88' lang='lat' dir='ltr'>triginta,</span> <span class='ocrx_word' id='word_1_246' title='bbox 1960 1796 2003 1833; x_wconf 90' lang='lat' dir='ltr'>et</span> 
     </span>
     <span class='ocr_line' id='line_1_26' title="bbox 169 1843 2001 1905; baseline 0.004 -20"><span class='ocrx_word' id='word_1_247' title='bbox 169 1843 217 1886; x_wconf 91' lang='lat' dir='ltr'>in</span> <span class='ocrx_word' id='word_1_248' title='bbox 239 1843 476 1885; x_wconf 85' lang='lat' dir='ltr'>latitudine</span> <span class='ocrx_word' id='word_1_249' title='bbox 502 1843 673 1886; x_wconf 89' lang='lat' dir='ltr'>cubitos</span> <span class='ocrx_word' id='word_1_250' title='bbox 702 1849 917 1900; x_wconf 85' lang='lat' dir='ltr'>quatuor3</span> <span class='ocrx_word' id='word_1_251' title='bbox 950 1845 1078 1888; x_wconf 89' lang='lat' dir='ltr'>unius</span> <span class='ocrx_word' id='word_1_252' title='bbox 1107 1860 1324 1888; x_wconf 87' lang='lat' dir='ltr'>mensurae</span> <span class='ocrx_word' id='word_1_253' title='bbox 1355 1851 1482 1889; x_wconf 88' lang='lat' dir='ltr'>erant</span> <span class='ocrx_word' id='word_1_254' title='bbox 1503 1847 1651 1890; x_wconf 89' lang='lat' dir='ltr'>omnia</span> <span class='ocrx_word' id='word_1_255' title='bbox 1672 1863 1808 1904; x_wconf 90' lang='lat' dir='ltr'>saga;</span> <span class='ocrx_word' id='word_1_256' title='bbox 1841 1849 1876 1875; x_wconf 79' lang='grc'>16</span> <span class='ocrx_word' id='word_1_257' title='bbox 1898 1864 2001 1905; x_wconf 87' lang='lat' dir='ltr'>quo-</span> 
     </span>
     <span class='ocr_line' id='line_1_27' title="bbox 169 1902 2001 1965; baseline 0.004 -21"><span class='ocrx_word' id='word_1_258' title='bbox 169 1917 268 1945; x_wconf 89' lang='lat' dir='ltr'>rum</span> <span class='ocrx_word' id='word_1_259' title='bbox 289 1902 481 1958; x_wconf 89' lang='lat' dir='ltr'>quinque</span> <span class='ocrx_word' id='word_1_260' title='bbox 502 1902 653 1958; x_wconf 84' lang='lat' dir='ltr'>junxit</span> <span class='ocrx_word' id='word_1_261' title='bbox 673 1917 887 1960; x_wconf 86' lang='lat' dir='ltr'>seorsum,</span> <span class='ocrx_word' id='word_1_262' title='bbox 908 1909 952 1947; x_wconf 92' lang='lat' dir='ltr'>et</span> <span class='ocrx_word' id='word_1_263' title='bbox 969 1918 1046 1947; x_wconf 86' lang='lat' dir='ltr'>sex</span> <span class='ocrx_word' id='word_1_264' title='bbox 1063 1904 1152 1947; x_wconf 88' lang='lat' dir='ltr'>alia</span> <span class='ocrx_word' id='word_1_265' title='bbox 1169 1905 1422 1961; x_wconf 89' lang='lat' dir='ltr'>separatim.</span> <span class='ocrx_word' id='word_1_266' title='bbox 1440 1905 1474 1931; x_wconf 77' lang='grc'>17</span> <span class='ocrx_word' id='word_1_267' title='bbox 1490 1906 1704 1962; x_wconf 89' lang='lat' dir='ltr'>Fecitque</span> <span class='ocrx_word' id='word_1_268' title='bbox 1725 1923 1854 1951; x_wconf 86' lang='lat' dir='ltr'>ansas</span> <span class='ocrx_word' id='word_1_269' title='bbox 1877 1909 2001 1965; x_wconf 82' lang='lat' dir='ltr'>quin—</span> 
     </span>
     <span class='ocr_line' id='line_1_28' title="bbox 171 1961 2001 2024; baseline 0.004 -21"><span class='ocrx_word' id='word_1_270' title='bbox 171 1961 388 2017; x_wconf 82' lang='lat' dir='ltr'>quaginta</span> <span class='ocrx_word' id='word_1_271' title='bbox 407 1961 454 2004; x_wconf 92' lang='lat' dir='ltr'>in</span> <span class='ocrx_word' id='word_1_272' title='bbox 484 1976 558 2005; x_wconf 87' lang='lat' dir='ltr'>ora</span> <span class='ocrx_word' id='word_1_273' title='bbox 586 1962 682 2018; x_wconf 88' lang='lat' dir='ltr'>sagi</span> <span class='ocrx_word' id='word_1_274' title='bbox 712 1962 862 2018; x_wconf 88' lang='lat' dir='ltr'>unius,</span> <span class='ocrx_word' id='word_1_275' title='bbox 887 1968 930 2006; x_wconf 91' lang='lat' dir='ltr'>et</span> <span class='ocrx_word' id='word_1_276' title='bbox 958 1963 1283 2020; x_wconf 84' lang='lat' dir='ltr'>quinquaginta</span> <span class='ocrx_word' id='word_1_277' title='bbox 1310 1964 1357 2007; x_wconf 91' lang='lat' dir='ltr'>in</span> <span class='ocrx_word' id='word_1_278' title='bbox 1387 1979 1461 2007; x_wconf 91' lang='lat' dir='ltr'>ora</span> <span class='ocrx_word' id='word_1_279' title='bbox 1490 1965 1586 2021; x_wconf 88' lang='lat' dir='ltr'>sagi</span> <span class='ocrx_word' id='word_1_280' title='bbox 1615 1966 1816 2024; x_wconf 88' lang='lat' dir='ltr'>alterius,</span> <span class='ocrx_word' id='word_1_281' title='bbox 1840 1973 1888 2010; x_wconf 90' lang='lat' dir='ltr'>ut</span> <span class='ocrx_word' id='word_1_282' title='bbox 1917 1968 2001 2011; x_wconf 85' lang='lat' dir='ltr'>sibi</span> 
     </span>
     <span class='ocr_line' id='line_1_29' title="bbox 169 2020 2001 2081; baseline 0.004 -19"><span class='ocrx_word' id='word_1_283' title='bbox 169 2020 364 2063; x_wconf 88' lang='lat' dir='ltr'>invicem</span> <span class='ocrx_word' id='word_1_284' title='bbox 384 2021 701 2077; x_wconf 82' lang='lat' dir='ltr'>jungerentur3</span> <span class='ocrx_word' id='word_1_285' title='bbox 726 2021 762 2048; x_wconf 80' lang='grc'>18</span> <span class='ocrx_word' id='word_1_286' title='bbox 784 2027 827 2065; x_wconf 85' lang='grc'>81</span> <span class='ocrx_word' id='word_1_287' title='bbox 848 2022 1005 2065; x_wconf 88' lang='lat' dir='ltr'>fibulas</span> <span class='ocrx_word' id='word_1_288' title='bbox 1029 2037 1174 2066; x_wconf 80' lang='lat' dir='ltr'>aeneas</span> <span class='ocrx_word' id='word_1_289' title='bbox 1203 2023 1546 2080; x_wconf 89' lang='lat' dir='ltr'>quinquaginta,</span> <span class='ocrx_word' id='word_1_290' title='bbox 1574 2025 1732 2081; x_wconf 88' lang='lat' dir='ltr'>quibus</span> <span class='ocrx_word' id='word_1_291' title='bbox 1754 2032 2001 2071; x_wconf 86' lang='lat' dir='ltr'>necteretur</span> 
     </span>
     <span class='ocr_line' id='line_1_30' title="bbox 170 2080 2001 2142; baseline 0.004 -21"><span class='ocrx_word' id='word_1_292' title='bbox 170 2084 359 2135; x_wconf 91' lang='lat' dir='ltr'>tectum,</span> <span class='ocrx_word' id='word_1_293' title='bbox 382 2084 432 2122; x_wconf 91' lang='lat' dir='ltr'>ut</span> <span class='ocrx_word' id='word_1_294' title='bbox 452 2094 589 2122; x_wconf 92' lang='lat' dir='ltr'>unum</span> <span class='ocrx_word' id='word_1_295' title='bbox 610 2080 798 2136; x_wconf 91' lang='lat' dir='ltr'>pallium</span> <span class='ocrx_word' id='word_1_296' title='bbox 828 2096 883 2124; x_wconf 82' lang='lat' dir='ltr'>ex</span> <span class='ocrx_word' id='word_1_297' title='bbox 912 2082 1116 2125; x_wconf 90' lang='lat' dir='ltr'>omnibus</span> <span class='ocrx_word' id='word_1_298' title='bbox 1146 2082 1265 2138; x_wconf 90' lang='lat' dir='ltr'>sagis</span> <span class='ocrx_word' id='word_1_299' title='bbox 1287 2083 1423 2126; x_wconf 89' lang='lat' dir='ltr'>fieret.</span> <span class='ocrx_word' id='word_1_300' title='bbox 1448 2082 1484 2109; x_wconf 78' lang='lat'>¹⁹</span> <span class='ocrx_word' id='word_1_301' title='bbox 1507 2084 1632 2127; x_wconf 86' lang='lat' dir='ltr'>Fecit</span> <span class='ocrx_word' id='word_1_302' title='bbox 1662 2090 1705 2128; x_wconf 93' lang='lat' dir='ltr'>et</span> <span class='ocrx_word' id='word_1_303' title='bbox 1734 2087 2001 2142; x_wconf 87' lang='lat' dir='ltr'>opertorium</span> 
     </span>
     <span class='ocr_line' id='line_1_31' title="bbox 170 2137 2001 2200; baseline 0.004 -20"><span class='ocrx_word' id='word_1_304' title='bbox 170 2137 446 2181; x_wconf 88' lang='lat' dir='ltr'>tabernaculi</span> <span class='ocrx_word' id='word_1_305' title='bbox 469 2139 523 2182; x_wconf 91' lang='lat' dir='ltr'>de</span> <span class='ocrx_word' id='word_1_306' title='bbox 543 2139 734 2196; x_wconf 90' lang='lat' dir='ltr'>pellibus</span> <span class='ocrx_word' id='word_1_307' title='bbox 755 2140 945 2183; x_wconf 90' lang='lat' dir='ltr'>arietum</span> <span class='ocrx_word' id='word_1_308' title='bbox 974 2141 1229 2197; x_wconf 87' lang='lat' dir='ltr'>rubricatis,</span> <span class='ocrx_word' id='word_1_309' title='bbox 1253 2142 1461 2198; x_wconf 87' lang='lat' dir='ltr'>aliudque</span> <span class='ocrx_word' id='word_1_310' title='bbox 1491 2143 1678 2200; x_wconf 88' lang='lat' dir='ltr'>desuper</span> <span class='ocrx_word' id='word_1_311' title='bbox 1699 2145 2001 2188; x_wconf 88' lang='lat' dir='ltr'>velamentum</span> 
     </span>
     <span class='ocr_line' id='line_1_32' title="bbox 172 2197 687 2253; baseline 0.006 -14"><span class='ocrx_word' id='word_1_312' title='bbox 172 2197 225 2240; x_wconf 91' lang='lat' dir='ltr'>de</span> <span class='ocrx_word' id='word_1_313' title='bbox 246 2197 438 2253; x_wconf 86' lang='lat' dir='ltr'>pellibus</span> <span class='ocrx_word' id='word_1_314' title='bbox 459 2197 687 2242; x_wconf 85' lang='lat' dir='ltr'>ianthinis.</span> 
     </span>
    </p>

    <p class='ocr_par' dir='ltr' id='par_1_6' title="bbox 168 2255 2002 3557">
     <span class='ocr_line' id='line_1_33' title="bbox 230 2255 2002 2317; baseline 0.006 -19"><span class='ocrx_word' id='word_1_315' title='bbox 230 2255 267 2283; x_wconf 74' lang='lat'>2⁰</span> <span class='ocrx_word' id='word_1_316' title='bbox 288 2257 415 2299; x_wconf 86' lang='lat' dir='ltr'>Fecit</span> <span class='ocrx_word' id='word_1_317' title='bbox 444 2263 488 2300; x_wconf 91' lang='lat' dir='ltr'>et</span> <span class='ocrx_word' id='word_1_318' title='bbox 508 2257 684 2301; x_wconf 88' lang='lat' dir='ltr'>tabulas</span> <span class='ocrx_word' id='word_1_319' title='bbox 704 2259 981 2303; x_wconf 87' lang='lat' dir='ltr'>tabernaculi</span> <span class='ocrx_word' id='word_1_320' title='bbox 1012 2261 1065 2304; x_wconf 90' lang='lat' dir='ltr'>de</span> <span class='ocrx_word' id='word_1_321' title='bbox 1087 2260 1222 2317; x_wconf 85' lang='lat' dir='ltr'>lignis</span> <span class='ocrx_word' id='word_1_322' title='bbox 1252 2262 1382 2305; x_wconf 88' lang='lat' dir='ltr'>setim</span> <span class='ocrx_word' id='word_1_323' title='bbox 1411 2268 1592 2307; x_wconf 86' lang='lat' dir='ltr'>stantes.</span> <span class='ocrx_word' id='word_1_324' title='bbox 1625 2263 1658 2290; x_wconf 64' lang='lat'>9¹</span> <span class='ocrx_word' id='word_1_325' title='bbox 1685 2266 1851 2308; x_wconf 88' lang='lat' dir='ltr'>Decem</span> <span class='ocrx_word' id='word_1_326' title='bbox 1880 2265 2002 2308; x_wconf 90' lang='lat' dir='ltr'>cubi-</span> 
     </span>
     <span class='ocr_line' id='line_1_34' title="bbox 169 2316 2001 2375; baseline 0.006 -18"><span class='ocrx_word' id='word_1_327' title='bbox 169 2320 315 2358; x_wconf 87' lang='lat' dir='ltr'>torum</span> <span class='ocrx_word' id='word_1_328' title='bbox 344 2321 438 2359; x_wconf 86' lang='lat' dir='ltr'>erat</span> <span class='ocrx_word' id='word_1_329' title='bbox 467 2316 700 2373; x_wconf 88' lang='lat' dir='ltr'>longitudo</span> <span class='ocrx_word' id='word_1_330' title='bbox 719 2318 886 2362; x_wconf 76' lang='lat' dir='ltr'>tabulae</span> <span class='ocrx_word' id='word_1_331' title='bbox 915 2320 1073 2375; x_wconf 83' lang='lat' dir='ltr'>unius3</span> <span class='ocrx_word' id='word_1_332' title='bbox 1106 2325 1316 2365; x_wconf 80' lang='lat' dir='ltr'>etunum</span> <span class='ocrx_word' id='word_1_333' title='bbox 1345 2336 1397 2364; x_wconf 91' lang='lat' dir='ltr'>ac</span> <span class='ocrx_word' id='word_1_334' title='bbox 1420 2323 1551 2365; x_wconf 89' lang='lat' dir='ltr'>semis</span> <span class='ocrx_word' id='word_1_335' title='bbox 1583 2323 1783 2367; x_wconf 89' lang='lat' dir='ltr'>cubitum</span> <span class='ocrx_word' id='word_1_336' title='bbox 1810 2324 2001 2367; x_wconf 88' lang='lat' dir='ltr'>latitudo</span> 
     </span>
     <span class='ocr_line' id='line_1_35' title="bbox 169 2374 2000 2437; baseline 0.004 -20"><span class='ocrx_word' id='word_1_337' title='bbox 169 2374 404 2419; x_wconf 89' lang='lat' dir='ltr'>retinebat.</span> <span class='ocrx_word' id='word_1_338' title='bbox 426 2374 464 2401; x_wconf 68' lang='lat'>22</span> <span class='ocrx_word' id='word_1_339' title='bbox 483 2376 609 2419; x_wconf 85' lang='lat' dir='ltr'>Binae</span> <span class='ocrx_word' id='word_1_340' title='bbox 630 2376 939 2421; x_wconf 79' lang='lat' dir='ltr'>incastraturae</span> <span class='ocrx_word' id='word_1_341' title='bbox 963 2384 1088 2422; x_wconf 90' lang='lat' dir='ltr'>erant</span> <span class='ocrx_word' id='word_1_342' title='bbox 1108 2394 1185 2435; x_wconf 88' lang='lat' dir='ltr'>per</span> <span class='ocrx_word' id='word_1_343' title='bbox 1206 2380 1404 2436; x_wconf 89' lang='lat' dir='ltr'>singulas</span> <span class='ocrx_word' id='word_1_344' title='bbox 1426 2381 1623 2437; x_wconf 87' lang='lat' dir='ltr'>tabulas,</span> <span class='ocrx_word' id='word_1_345' title='bbox 1643 2388 1691 2425; x_wconf 90' lang='lat' dir='ltr'>ut</span> <span class='ocrx_word' id='word_1_346' title='bbox 1711 2383 1852 2426; x_wconf 89' lang='lat' dir='ltr'>altera</span> <span class='ocrx_word' id='word_1_347' title='bbox 1873 2384 2000 2427; x_wconf 88' lang='lat' dir='ltr'>alteri</span> 
     </span>
     <span class='ocr_line' id='line_1_36' title="bbox 169 2433 2000 2498; baseline 0.004 -22"><span class='ocrx_word' id='word_1_348' title='bbox 169 2433 442 2490; x_wconf 81' lang='lat' dir='ltr'>jungeretur.</span> <span class='ocrx_word' id='word_1_349' title='bbox 467 2435 537 2479; x_wconf 84' lang='lat' dir='ltr'>Sic</span> <span class='ocrx_word' id='word_1_350' title='bbox 566 2435 677 2478; x_wconf 82' lang='lat' dir='ltr'>fecit</span> <span class='ocrx_word' id='word_1_351' title='bbox 704 2437 751 2479; x_wconf 90' lang='lat' dir='ltr'>in</span> <span class='ocrx_word' id='word_1_352' title='bbox 782 2437 984 2480; x_wconf 89' lang='lat' dir='ltr'>omnibus</span> <span class='ocrx_word' id='word_1_353' title='bbox 1013 2438 1288 2481; x_wconf 89' lang='lat' dir='ltr'>tabernaculi</span> <span class='ocrx_word' id='word_1_354' title='bbox 1320 2439 1497 2483; x_wconf 88' lang='lat' dir='ltr'>tabulis.</span> <span class='ocrx_word' id='word_1_355' title='bbox 1529 2439 1566 2467; x_wconf 65' lang='lat'>93</span> <span class='ocrx_word' id='word_1_356' title='bbox 1588 2442 1624 2483; x_wconf 83' lang='lat' dir='ltr'>E</span> <span class='ocrx_word' id='word_1_357' title='bbox 1654 2442 1812 2497; x_wconf 89' lang='lat' dir='ltr'>quibus</span> <span class='ocrx_word' id='word_1_358' title='bbox 1838 2443 2000 2498; x_wconf 86' lang='lat' dir='ltr'>viginti</span> 
     </span>
     <span class='ocr_line' id='line_1_37' title="bbox 170 2493 2000 2556; baseline 0.005 -21"><span class='ocrx_word' id='word_1_359' title='bbox 170 2493 227 2536; x_wconf 89' lang='lat' dir='ltr'>ad</span> <span class='ocrx_word' id='word_1_360' title='bbox 248 2493 431 2550; x_wconf 86' lang='lat' dir='ltr'>plagam</span> <span class='ocrx_word' id='word_1_361' title='bbox 452 2494 745 2538; x_wconf 88' lang='lat' dir='ltr'>meridianam</span> <span class='ocrx_word' id='word_1_362' title='bbox 767 2501 892 2539; x_wconf 88' lang='lat' dir='ltr'>erant</span> <span class='ocrx_word' id='word_1_363' title='bbox 914 2501 1066 2540; x_wconf 87' lang='lat' dir='ltr'>contra</span> <span class='ocrx_word' id='word_1_364' title='bbox 1087 2502 1304 2554; x_wconf 88' lang='lat' dir='ltr'>austrum,</span> <span class='ocrx_word' id='word_1_365' title='bbox 1328 2497 1364 2524; x_wconf 67' lang='lat'>2⁴</span> <span class='ocrx_word' id='word_1_366' title='bbox 1383 2512 1483 2541; x_wconf 88' lang='lat' dir='ltr'>cum</span> <span class='ocrx_word' id='word_1_367' title='bbox 1505 2500 1802 2556; x_wconf 89' lang='lat' dir='ltr'>quadraginta</span> <span class='ocrx_word' id='word_1_368' title='bbox 1822 2500 2000 2544; x_wconf 88' lang='lat' dir='ltr'>basibus</span> 
     </span>
     <span class='ocr_line' id='line_1_38' title="bbox 170 2552 1999 2616; baseline 0.004 -21"><span class='ocrx_word' id='word_1_369' title='bbox 170 2552 407 2608; x_wconf 81' lang='lat' dir='ltr'>argenteis.</span> <span class='ocrx_word' id='word_1_370' title='bbox 431 2554 543 2596; x_wconf 87' lang='lat' dir='ltr'>Duae</span> <span class='ocrx_word' id='word_1_371' title='bbox 566 2553 694 2597; x_wconf 90' lang='lat' dir='ltr'>bases</span> <span class='ocrx_word' id='word_1_372' title='bbox 715 2555 796 2598; x_wconf 92' lang='lat' dir='ltr'>sub</span> <span class='ocrx_word' id='word_1_373' title='bbox 820 2570 906 2598; x_wconf 86' lang='lat' dir='ltr'>una</span> <span class='ocrx_word' id='word_1_374' title='bbox 935 2555 1088 2598; x_wconf 89' lang='lat' dir='ltr'>tabula</span> <span class='ocrx_word' id='word_1_375' title='bbox 1118 2557 1396 2612; x_wconf 89' lang='lat' dir='ltr'>ponebantur</span> <span class='ocrx_word' id='word_1_376' title='bbox 1426 2572 1480 2600; x_wconf 81' lang='lat' dir='ltr'>ex</span> <span class='ocrx_word' id='word_1_377' title='bbox 1504 2563 1686 2615; x_wconf 87' lang='lat' dir='ltr'>utraque</span> <span class='ocrx_word' id='word_1_378' title='bbox 1712 2565 1840 2616; x_wconf 89' lang='lat' dir='ltr'>parte</span> <span class='ocrx_word' id='word_1_379' title='bbox 1860 2575 1999 2616; x_wconf 90' lang='lat' dir='ltr'>angu-</span> 
     </span>
     <span class='ocr_line' id='line_1_39' title="bbox 170 2611 1999 2676; baseline 0.005 -23"><span class='ocrx_word' id='word_1_380' title='bbox 170 2611 332 2668; x_wconf 91' lang='lat' dir='ltr'>lorum,</span> <span class='ocrx_word' id='word_1_381' title='bbox 365 2612 439 2655; x_wconf 89' lang='lat' dir='ltr'>ubi</span> <span class='ocrx_word' id='word_1_382' title='bbox 467 2612 776 2657; x_wconf 78' lang='lat' dir='ltr'>incastraturae</span> <span class='ocrx_word' id='word_1_383' title='bbox 811 2614 999 2658; x_wconf 89' lang='lat' dir='ltr'>laterum</span> <span class='ocrx_word' id='word_1_384' title='bbox 1037 2614 1082 2657; x_wconf 90' lang='grc'>111</span> <span class='ocrx_word' id='word_1_385' title='bbox 1115 2615 1292 2671; x_wconf 86' lang='lat' dir='ltr'>angulis</span> <span class='ocrx_word' id='word_1_386' title='bbox 1321 2617 1628 2661; x_wconf 89' lang='lat' dir='ltr'>terminantur.</span> <span class='ocrx_word' id='word_1_387' title='bbox 1658 2617 1695 2645; x_wconf 68' lang='lat'>25</span> <span class='ocrx_word' id='word_1_388' title='bbox 1716 2618 1787 2662; x_wconf 91' lang='lat' dir='ltr'>Ad</span> <span class='ocrx_word' id='word_1_389' title='bbox 1818 2619 1999 2676; x_wconf 87' lang='lat' dir='ltr'>plagam</span> 
     </span>
     <span class='ocr_line' id='line_1_40' title="bbox 170 2671 1997 2733; baseline 0.004 -20"><span class='ocrx_word' id='word_1_390' title='bbox 170 2684 339 2726; x_wconf 92' lang='lat' dir='ltr'>quoque</span> <span class='ocrx_word' id='word_1_391' title='bbox 372 2671 669 2729; x_wconf 87' lang='lat' dir='ltr'>tabernaculi,</span> <span class='ocrx_word' id='word_1_392' title='bbox 704 2687 802 2729; x_wconf 87' lang='lat' dir='ltr'>quae</span> <span class='ocrx_word' id='word_1_393' title='bbox 838 2674 1018 2730; x_wconf 89' lang='lat' dir='ltr'>respicit</span> <span class='ocrx_word' id='word_1_394' title='bbox 1055 2674 1111 2717; x_wconf 92' lang='lat' dir='ltr'>ad</span> <span class='ocrx_word' id='word_1_395' title='bbox 1149 2674 1421 2731; x_wconf 89' lang='lat' dir='ltr'>aquilonem,</span> <span class='ocrx_word' id='word_1_396' title='bbox 1456 2676 1568 2719; x_wconf 74' lang='lat' dir='ltr'>fecit</span> <span class='ocrx_word' id='word_1_397' title='bbox 1603 2677 1767 2733; x_wconf 89' lang='lat' dir='ltr'>viginti</span> <span class='ocrx_word' id='word_1_398' title='bbox 1802 2677 1997 2733; x_wconf 89' lang='lat' dir='ltr'>tabulas,</span> 
     </span>
     <span class='ocr_line' id='line_1_41' title="bbox 170 2728 1991 2792; baseline 0.004 -20"><span class='ocrx_word' id='word_1_399' title='bbox 170 2728 207 2756; x_wconf 71' lang='lat'>2⁶</span> <span class='ocrx_word' id='word_1_400' title='bbox 231 2744 332 2772; x_wconf 92' lang='lat' dir='ltr'>cum</span> <span class='ocrx_word' id='word_1_401' title='bbox 364 2730 662 2787; x_wconf 89' lang='lat' dir='ltr'>quadraginta</span> <span class='ocrx_word' id='word_1_402' title='bbox 694 2732 874 2775; x_wconf 88' lang='lat' dir='ltr'>basibus</span> <span class='ocrx_word' id='word_1_403' title='bbox 903 2733 1146 2790; x_wconf 89' lang='lat' dir='ltr'>argenteis,</span> <span class='ocrx_word' id='word_1_404' title='bbox 1183 2733 1293 2777; x_wconf 89' lang='lat' dir='ltr'>duas</span> <span class='ocrx_word' id='word_1_405' title='bbox 1317 2733 1444 2777; x_wconf 84' lang='lat' dir='ltr'>bases</span> <span class='ocrx_word' id='word_1_406' title='bbox 1473 2749 1549 2791; x_wconf 90' lang='lat' dir='ltr'>per</span> <span class='ocrx_word' id='word_1_407' title='bbox 1581 2736 1780 2792; x_wconf 88' lang='lat' dir='ltr'>singulas</span> <span class='ocrx_word' id='word_1_408' title='bbox 1809 2737 1991 2781; x_wconf 88' lang='lat' dir='ltr'>tabulas.</span> 
     </span>
     <span class='ocr_line' id='line_1_42' title="bbox 169 2787 1994 2852; baseline 0.004 -21"><span class='ocrx_word' id='word_1_409' title='bbox 169 2787 204 2815; x_wconf 71' lang='lat'>2⁷</span> <span class='ocrx_word' id='word_1_410' title='bbox 226 2789 390 2832; x_wconf 85' lang='lat' dir='ltr'>Contra</span> <span class='ocrx_word' id='word_1_411' title='bbox 420 2790 698 2834; x_wconf 87' lang='lat' dir='ltr'>occidentem</span> <span class='ocrx_word' id='word_1_412' title='bbox 727 2806 849 2848; x_wconf 90' lang='lat' dir='ltr'>vero,</span> <span class='ocrx_word' id='word_1_413' title='bbox 871 2791 918 2835; x_wconf 90' lang='lat' dir='ltr'>id</span> <span class='ocrx_word' id='word_1_414' title='bbox 945 2797 1030 2845; x_wconf 90' lang='lat' dir='ltr'>est,</span> <span class='ocrx_word' id='word_1_415' title='bbox 1056 2792 1112 2835; x_wconf 91' lang='lat' dir='ltr'>ad</span> <span class='ocrx_word' id='word_1_416' title='bbox 1142 2808 1240 2836; x_wconf 89' lang='lat' dir='ltr'>eam</span> <span class='ocrx_word' id='word_1_417' title='bbox 1262 2798 1433 2850; x_wconf 86' lang='lat' dir='ltr'>partem</span> <span class='ocrx_word' id='word_1_418' title='bbox 1459 2794 1735 2838; x_wconf 87' lang='lat' dir='ltr'>tabernaculi</span> <span class='ocrx_word' id='word_1_419' title='bbox 1761 2810 1858 2852; x_wconf 87' lang='lat' dir='ltr'>quae</span> <span class='ocrx_word' id='word_1_420' title='bbox 1881 2810 1994 2840; x_wconf 88' lang='lat' dir='ltr'>mare</span> 
     </span>
     <span class='ocr_line' id='line_1_43' title="bbox 168 2848 1998 2911; baseline 0.004 -21"><span class='ocrx_word' id='word_1_421' title='bbox 168 2848 369 2905; x_wconf 88' lang='lat' dir='ltr'>respicit,</span> <span class='ocrx_word' id='word_1_422' title='bbox 392 2848 504 2892; x_wconf 79' lang='lat' dir='ltr'>fecit</span> <span class='ocrx_word' id='word_1_423' title='bbox 528 2864 606 2892; x_wconf 80' lang='lat' dir='ltr'>sex</span> <span class='ocrx_word' id='word_1_424' title='bbox 630 2851 826 2907; x_wconf 88' lang='lat' dir='ltr'>tabulas,</span> <span class='ocrx_word' id='word_1_425' title='bbox 862 2850 898 2878; x_wconf 67' lang='lat'>2⁸</span> <span class='ocrx_word' id='word_1_426' title='bbox 925 2857 968 2895; x_wconf 92' lang='lat' dir='ltr'>et</span> <span class='ocrx_word' id='word_1_427' title='bbox 993 2851 1102 2894; x_wconf 92' lang='lat' dir='ltr'>duas</span> <span class='ocrx_word' id='word_1_428' title='bbox 1128 2851 1240 2895; x_wconf 90' lang='lat' dir='ltr'>alias</span> <span class='ocrx_word' id='word_1_429' title='bbox 1265 2866 1343 2909; x_wconf 92' lang='lat' dir='ltr'>per</span> <span class='ocrx_word' id='word_1_430' title='bbox 1368 2852 1565 2909; x_wconf 88' lang='lat' dir='ltr'>singulos</span> <span class='ocrx_word' id='word_1_431' title='bbox 1587 2854 1773 2911; x_wconf 90' lang='lat' dir='ltr'>angulos</span> <span class='ocrx_word' id='word_1_432' title='bbox 1796 2855 1998 2898; x_wconf 88' lang='lat' dir='ltr'>taberna-</span> 
     </span>
     <span class='ocr_line' id='line_1_44' title="bbox 169 2907 2000 2970; baseline 0.004 -21"><span class='ocrx_word' id='word_1_433' title='bbox 169 2907 256 2950; x_wconf 89' lang='lat' dir='ltr'>culi</span> <span class='ocrx_word' id='word_1_434' title='bbox 289 2913 434 2962; x_wconf 81' lang='lat' dir='ltr'>retr03</span> <span class='ocrx_word' id='word_1_435' title='bbox 468 2907 506 2934; x_wconf 76' lang='lat'>29</span> <span class='ocrx_word' id='word_1_436' title='bbox 537 2924 636 2964; x_wconf 83' lang='lat' dir='ltr'>quae</span> <span class='ocrx_word' id='word_1_437' title='bbox 667 2910 838 2966; x_wconf 76' lang='lat' dir='ltr'>junctae</span> <span class='ocrx_word' id='word_1_438' title='bbox 872 2916 997 2954; x_wconf 90' lang='lat' dir='ltr'>erant</span> <span class='ocrx_word' id='word_1_439' title='bbox 1025 2926 1051 2954; x_wconf 91' lang='lat' dir='ltr'>a</span> <span class='ocrx_word' id='word_1_440' title='bbox 1085 2911 1288 2955; x_wconf 90' lang='lat' dir='ltr'>deorsum</span> <span class='ocrx_word' id='word_1_441' title='bbox 1322 2926 1458 2968; x_wconf 87' lang='lat' dir='ltr'>usque</span> <span class='ocrx_word' id='word_1_442' title='bbox 1485 2927 1677 2970; x_wconf 90' lang='lat' dir='ltr'>sursum,</span> <span class='ocrx_word' id='word_1_443' title='bbox 1713 2919 1756 2958; x_wconf 92' lang='lat' dir='ltr'>et</span> <span class='ocrx_word' id='word_1_444' title='bbox 1787 2914 1833 2958; x_wconf 92' lang='lat' dir='ltr'>in</span> <span class='ocrx_word' id='word_1_445' title='bbox 1866 2929 2000 2957; x_wconf 88' lang='lat' dir='ltr'>unam</span> 
     </span>
     <span class='ocr_line' id='line_1_45' title="bbox 169 2967 1997 3030; baseline 0.004 -22"><span class='ocrx_word' id='word_1_446' title='bbox 169 2967 481 3023; x_wconf 90' lang='lat' dir='ltr'>compaginem</span> <span class='ocrx_word' id='word_1_447' title='bbox 510 2967 675 3025; x_wconf 89' lang='lat' dir='ltr'>pariter</span> <span class='ocrx_word' id='word_1_448' title='bbox 702 2970 973 3014; x_wconf 76' lang='lat' dir='ltr'>ferebantur.</span> <span class='ocrx_word' id='word_1_449' title='bbox 1001 2971 1073 3013; x_wconf 91' lang='lat' dir='ltr'>Ita</span> <span class='ocrx_word' id='word_1_450' title='bbox 1101 2971 1214 3014; x_wconf 73' lang='lat' dir='ltr'>fecit</span> <span class='ocrx_word' id='word_1_451' title='bbox 1240 2986 1295 3014; x_wconf 84' lang='lat' dir='ltr'>ex</span> <span class='ocrx_word' id='word_1_452' title='bbox 1322 2976 1504 3027; x_wconf 86' lang='lat' dir='ltr'>utraque</span> <span class='ocrx_word' id='word_1_453' title='bbox 1533 2978 1658 3029; x_wconf 89' lang='lat' dir='ltr'>parte</span> <span class='ocrx_word' id='word_1_454' title='bbox 1691 2988 1768 3030; x_wconf 88' lang='lat' dir='ltr'>per</span> <span class='ocrx_word' id='word_1_455' title='bbox 1791 2973 1997 3030; x_wconf 82' lang='grc'>311811108,</span> 
     </span>
     <span class='ocr_line' id='line_1_46' title="bbox 170 3025 1993 3088; baseline 0.003 -20"><span class='ocrx_word' id='word_1_456' title='bbox 170 3025 207 3052; x_wconf 78' lang='lat'>3⁰</span> <span class='ocrx_word' id='word_1_457' title='bbox 230 3031 278 3068; x_wconf 91' lang='lat' dir='ltr'>ut</span> <span class='ocrx_word' id='word_1_458' title='bbox 315 3031 413 3069; x_wconf 88' lang='lat' dir='ltr'>octo</span> <span class='ocrx_word' id='word_1_459' title='bbox 450 3032 596 3070; x_wconf 89' lang='lat' dir='ltr'>essent</span> <span class='ocrx_word' id='word_1_460' title='bbox 633 3028 765 3071; x_wconf 92' lang='lat' dir='ltr'>simul</span> <span class='ocrx_word' id='word_1_461' title='bbox 798 3029 985 3086; x_wconf 80' lang='lat' dir='ltr'>tabulae,</span> <span class='ocrx_word' id='word_1_462' title='bbox 1024 3035 1068 3074; x_wconf 90' lang='lat' dir='ltr'>et</span> <span class='ocrx_word' id='word_1_463' title='bbox 1104 3029 1319 3074; x_wconf 87' lang='lat' dir='ltr'>haberent</span> <span class='ocrx_word' id='word_1_464' title='bbox 1351 3030 1480 3074; x_wconf 90' lang='lat' dir='ltr'>bases</span> <span class='ocrx_word' id='word_1_465' title='bbox 1516 3037 1749 3088; x_wconf 87' lang='lat' dir='ltr'>argenteas</span> <span class='ocrx_word' id='word_1_466' title='bbox 1785 3032 1993 3086; x_wconf 83' lang='lat' dir='ltr'>sedecim,</span> 
     </span>
     <span class='ocr_line' id='line_1_47' title="bbox 168 3084 1992 3148; baseline 0.003 -21"><span class='ocrx_word' id='word_1_467' title='bbox 168 3084 297 3128; x_wconf 88' lang='lat' dir='ltr'>binas</span> <span class='ocrx_word' id='word_1_468' title='bbox 318 3085 490 3128; x_wconf 89' lang='lat' dir='ltr'>scilicet</span> <span class='ocrx_word' id='word_1_469' title='bbox 509 3086 637 3130; x_wconf 91' lang='lat' dir='ltr'>bases</span> <span class='ocrx_word' id='word_1_470' title='bbox 658 3087 739 3130; x_wconf 92' lang='lat' dir='ltr'>sub</span> <span class='ocrx_word' id='word_1_471' title='bbox 761 3088 948 3144; x_wconf 90' lang='lat' dir='ltr'>singulis</span> <span class='ocrx_word' id='word_1_472' title='bbox 973 3088 1150 3133; x_wconf 88' lang='lat' dir='ltr'>tabulis.</span> <span class='ocrx_word' id='word_1_473' title='bbox 1178 3088 1212 3116; x_wconf 82' lang='lat'>3¹</span> <span class='ocrx_word' id='word_1_474' title='bbox 1234 3089 1360 3132; x_wconf 88' lang='lat' dir='ltr'>Fecit</span> <span class='ocrx_word' id='word_1_475' title='bbox 1386 3094 1429 3133; x_wconf 89' lang='lat' dir='ltr'>et</span> <span class='ocrx_word' id='word_1_476' title='bbox 1453 3096 1601 3134; x_wconf 88' lang='lat' dir='ltr'>vectes</span> <span class='ocrx_word' id='word_1_477' title='bbox 1624 3091 1678 3135; x_wconf 91' lang='lat' dir='ltr'>de</span> <span class='ocrx_word' id='word_1_478' title='bbox 1703 3091 1837 3148; x_wconf 89' lang='lat' dir='ltr'>lignis</span> <span class='ocrx_word' id='word_1_479' title='bbox 1855 3091 1992 3148; x_wconf 74' lang='lat' dir='ltr'>setim,</span> 
     </span>
     <span class='ocr_line' id='line_1_48' title="bbox 169 3143 1999 3207; baseline 0.003 -21"><span class='ocrx_word' id='word_1_480' title='bbox 169 3143 361 3199; x_wconf 89' lang='lat' dir='ltr'>quinque</span> <span class='ocrx_word' id='word_1_481' title='bbox 393 3144 450 3187; x_wconf 89' lang='lat' dir='ltr'>ad</span> <span class='ocrx_word' id='word_1_482' title='bbox 487 3146 778 3190; x_wconf 86' lang='lat' dir='ltr'>continendas</span> <span class='ocrx_word' id='word_1_483' title='bbox 806 3147 981 3191; x_wconf 88' lang='lat' dir='ltr'>tabulas</span> <span class='ocrx_word' id='word_1_484' title='bbox 1010 3147 1139 3191; x_wconf 90' lang='lat' dir='ltr'>unius</span> <span class='ocrx_word' id='word_1_485' title='bbox 1172 3148 1322 3191; x_wconf 86' lang='lat' dir='ltr'>lateris</span> <span class='ocrx_word' id='word_1_486' title='bbox 1351 3148 1647 3206; x_wconf 89' lang='lat' dir='ltr'>tabernaculi,</span> <span class='ocrx_word' id='word_1_487' title='bbox 1678 3149 1715 3177; x_wconf 68' lang='lat'>3²</span> <span class='ocrx_word' id='word_1_488' title='bbox 1736 3156 1779 3194; x_wconf 90' lang='lat' dir='ltr'>et</span> <span class='ocrx_word' id='word_1_489' title='bbox 1807 3151 1999 3207; x_wconf 88' lang='lat' dir='ltr'>quinque</span> 
     </span>
     <span class='ocr_line' id='line_1_49' title="bbox 170 3203 1998 3266; baseline 0.004 -21"><span class='ocrx_word' id='word_1_490' title='bbox 170 3203 280 3245; x_wconf 89' lang='lat' dir='ltr'>alios</span> <span class='ocrx_word' id='word_1_491' title='bbox 304 3203 361 3246; x_wconf 88' lang='lat' dir='ltr'>ad</span> <span class='ocrx_word' id='word_1_492' title='bbox 382 3203 564 3247; x_wconf 90' lang='lat' dir='ltr'>alterius</span> <span class='ocrx_word' id='word_1_493' title='bbox 596 3205 746 3249; x_wconf 89' lang='lat' dir='ltr'>lateris</span> <span class='ocrx_word' id='word_1_494' title='bbox 780 3207 1050 3262; x_wconf 88' lang='lat' dir='ltr'>coaptandas</span> <span class='ocrx_word' id='word_1_495' title='bbox 1083 3207 1259 3251; x_wconf 90' lang='lat' dir='ltr'>tabulas</span> <span class='ocrx_word' id='word_1_496' title='bbox 1280 3225 1288 3263; x_wconf 90' lang='lat'>;</span> <span class='ocrx_word' id='word_1_497' title='bbox 1325 3213 1369 3251; x_wconf 91' lang='lat' dir='ltr'>et</span> <span class='ocrx_word' id='word_1_498' title='bbox 1394 3214 1519 3251; x_wconf 86' lang='lat' dir='ltr'>extra</span> <span class='ocrx_word' id='word_1_499' title='bbox 1551 3209 1649 3263; x_wconf 88' lang='lat' dir='ltr'>hos,</span> <span class='ocrx_word' id='word_1_500' title='bbox 1672 3209 1863 3266; x_wconf 90' lang='lat' dir='ltr'>quinque</span> <span class='ocrx_word' id='word_1_501' title='bbox 1889 3209 1998 3251; x_wconf 84' lang='lat' dir='ltr'>alios</span> 
     </span>
     <span class='ocr_line' id='line_1_50' title="bbox 170 3262 1998 3324; baseline 0.003 -20"><span class='ocrx_word' id='word_1_502' title='bbox 170 3268 319 3305; x_wconf 87' lang='lat' dir='ltr'>vectes</span> <span class='ocrx_word' id='word_1_503' title='bbox 340 3262 396 3305; x_wconf 89' lang='lat' dir='ltr'>ad</span> <span class='ocrx_word' id='word_1_504' title='bbox 419 3262 742 3307; x_wconf 87' lang='lat' dir='ltr'>occidentalem</span> <span class='ocrx_word' id='word_1_505' title='bbox 767 3265 949 3322; x_wconf 88' lang='lat' dir='ltr'>plagam</span> <span class='ocrx_word' id='word_1_506' title='bbox 975 3266 1251 3310; x_wconf 89' lang='lat' dir='ltr'>tabernaculi</span> <span class='ocrx_word' id='word_1_507' title='bbox 1279 3271 1431 3309; x_wconf 89' lang='lat' dir='ltr'>contra</span> <span class='ocrx_word' id='word_1_508' title='bbox 1457 3282 1592 3312; x_wconf 86' lang='lat' dir='ltr'>mare.</span> <span class='ocrx_word' id='word_1_509' title='bbox 1623 3267 1660 3294; x_wconf 85' lang='lat'>33</span> <span class='ocrx_word' id='word_1_510' title='bbox 1681 3268 1807 3312; x_wconf 89' lang='lat' dir='ltr'>Fecit</span> <span class='ocrx_word' id='word_1_511' title='bbox 1828 3281 1998 3324; x_wconf 91' lang='lat' dir='ltr'>quoque</span> 
     </span>
     <span class='ocr_line' id='line_1_51' title="bbox 170 3321 1997 3383; baseline 0.003 -20"><span class='ocrx_word' id='word_1_512' title='bbox 170 3326 344 3364; x_wconf 88' lang='lat' dir='ltr'>vectem</span> <span class='ocrx_word' id='word_1_513' title='bbox 365 3321 524 3378; x_wconf 89' lang='lat' dir='ltr'>alium,</span> <span class='ocrx_word' id='word_1_514' title='bbox 547 3323 620 3379; x_wconf 90' lang='lat' dir='ltr'>qui</span> <span class='ocrx_word' id='word_1_515' title='bbox 643 3338 720 3380; x_wconf 90' lang='lat' dir='ltr'>per</span> <span class='ocrx_word' id='word_1_516' title='bbox 741 3324 910 3367; x_wconf 87' lang='lat' dir='ltr'>medias</span> <span class='ocrx_word' id='word_1_517' title='bbox 936 3325 1112 3368; x_wconf 88' lang='lat' dir='ltr'>tabulas</span> <span class='ocrx_word' id='word_1_518' title='bbox 1144 3325 1202 3368; x_wconf 89' lang='lat' dir='ltr'>ab</span> <span class='ocrx_word' id='word_1_519' title='bbox 1230 3325 1395 3382; x_wconf 87' lang='lat' dir='ltr'>angulo</span> <span class='ocrx_word' id='word_1_520' title='bbox 1420 3341 1557 3382; x_wconf 91' lang='lat' dir='ltr'>usque</span> <span class='ocrx_word' id='word_1_521' title='bbox 1581 3327 1637 3370; x_wconf 90' lang='lat' dir='ltr'>ad</span> <span class='ocrx_word' id='word_1_522' title='bbox 1662 3327 1875 3383; x_wconf 90' lang='lat' dir='ltr'>angulum</span> <span class='ocrx_word' id='word_1_523' title='bbox 1901 3340 1997 3382; x_wconf 90' lang='lat' dir='ltr'>per-</span> 
     </span>
     <span class='ocr_line' id='line_1_52' title="bbox 170 3380 1996 3442; baseline 0.003 -20"><span class='ocrx_word' id='word_1_524' title='bbox 170 3380 353 3423; x_wconf 89' lang='lat' dir='ltr'>veniret.</span> <span class='ocrx_word' id='word_1_525' title='bbox 377 3380 414 3407; x_wconf 72' lang='lat'>34</span> <span class='ocrx_word' id='word_1_526' title='bbox 436 3382 540 3438; x_wconf 91' lang='lat' dir='ltr'>Ipsa</span> <span class='ocrx_word' id='word_1_527' title='bbox 564 3387 714 3425; x_wconf 90' lang='lat' dir='ltr'>autem</span> <span class='ocrx_word' id='word_1_528' title='bbox 739 3383 940 3426; x_wconf 85' lang='lat' dir='ltr'>tabulata</span> <span class='ocrx_word' id='word_1_529' title='bbox 968 3383 1220 3441; x_wconf 88' lang='lat' dir='ltr'>deauravit,</span> <span class='ocrx_word' id='word_1_530' title='bbox 1246 3384 1360 3428; x_wconf 77' lang='lat' dir='ltr'>fusis</span> <span class='ocrx_word' id='word_1_531' title='bbox 1381 3384 1561 3428; x_wconf 88' lang='lat' dir='ltr'>basibus</span> <span class='ocrx_word' id='word_1_532' title='bbox 1587 3400 1736 3428; x_wconf 85' lang='lat' dir='ltr'>earum</span> <span class='ocrx_word' id='word_1_533' title='bbox 1761 3384 1996 3442; x_wconf 80' lang='grc'>3188111818.</span> 
     </span>
     <span class='ocr_line' id='line_1_53' title="bbox 173 3439 1998 3501; baseline 0.003 -20"><span class='ocrx_word' id='word_1_534' title='bbox 173 3440 230 3482; x_wconf 87' lang='grc' dir='ltr'>Ε1</span> <span class='ocrx_word' id='word_1_535' title='bbox 255 3439 440 3483; x_wconf 88' lang='lat' dir='ltr'>circulos</span> <span class='ocrx_word' id='word_1_536' title='bbox 466 3454 615 3484; x_wconf 90' lang='lat' dir='ltr'>eorum</span> <span class='ocrx_word' id='word_1_537' title='bbox 643 3441 755 3485; x_wconf 78' lang='lat' dir='ltr'>fecit</span> <span class='ocrx_word' id='word_1_538' title='bbox 782 3456 956 3488; x_wconf 89' lang='lat' dir='ltr'>aureos.</span> <span class='ocrx_word' id='word_1_539' title='bbox 983 3457 1061 3498; x_wconf 88' lang='lat' dir='ltr'>per</span> <span class='ocrx_word' id='word_1_540' title='bbox 1093 3457 1199 3494; x_wconf 87' lang='lat' dir='ltr'>quos</span> <span class='ocrx_word' id='word_1_541' title='bbox 1221 3448 1370 3487; x_wconf 86' lang='lat' dir='ltr'>vectes</span> <span class='ocrx_word' id='word_1_542' title='bbox 1401 3443 1552 3486; x_wconf 91' lang='lat' dir='ltr'>induci</span> <span class='ocrx_word' id='word_1_543' title='bbox 1585 3450 1791 3501; x_wconf 90' lang='lat' dir='ltr'>possent;</span> <span class='ocrx_word' id='word_1_544' title='bbox 1822 3457 1930 3500; x_wconf 91' lang='lat' dir='ltr'>quos</span> <span class='ocrx_word' id='word_1_545' title='bbox 1954 3449 1998 3487; x_wconf 90' lang='lat' dir='ltr'>et</span> 
     </span>
     <span class='ocr_line' id='line_1_54' title="bbox 170 3497 866 3557; baseline 0.006 -17"><span class='ocrx_word' id='word_1_546' title='bbox 170 3497 288 3554; x_wconf 91' lang='lat' dir='ltr'>ipsos</span> <span class='ocrx_word' id='word_1_547' title='bbox 312 3498 491 3542; x_wconf 86' lang='lat' dir='ltr'>laminis</span> <span class='ocrx_word' id='word_1_548' title='bbox 515 3500 658 3543; x_wconf 90' lang='lat' dir='ltr'>aureis</span> <span class='ocrx_word' id='word_1_549' title='bbox 685 3501 866 3557; x_wconf 87' lang='lat' dir='ltr'>operuit.</span> 
     </span>
    </p>
   </div>
   <div class='ocr_carea' id='block_1_5' title="bbox 179 3641 890 3678">
    <p class='ocr_par' dir='ltr' id='par_1_7' title="bbox 179 3641 890 3678">
     <span class='ocr_line' id='line_1_55' title="bbox 179 3641 890 3678; baseline 0.006 -9"><span class='ocrx_word' id='word_1_550' title='bbox 179 3641 208 3675; x_wconf 64' lang='grc' dir='ltr'>’Ἰ</span> <span class='ocrx_word' id='word_1_551' title='bbox 221 3642 299 3674; x_wconf 79' lang='lat' dir='ltr'>Sup.</span> <span class='ocrx_word' id='word_1_552' title='bbox 316 3643 440 3677; x_wconf 86' lang='lat' dir='ltr'>XXVI,</span> <span class='ocrx_word' id='word_1_553' title='bbox 457 3646 482 3672; x_wconf 84' lang='lat'>1.</span> <span class='ocrx_word' id='word_1_554' title='bbox 504 3658 539 3664; x_wconf 92' lang='lat'>—</span> <span class='ocrx_word' id='word_1_555' title='bbox 556 3645 585 3678; x_wconf 86' lang='lat'>2]</span> <span class='ocrx_word' id='word_1_556' title='bbox 608 3645 623 3672; x_wconf 93' lang='grc' dir='ltr'>Ι</span> <span class='ocrx_word' id='word_1_557' title='bbox 646 3645 717 3673; x_wconf 81' lang='lat' dir='ltr'>Par.</span> <span class='ocrx_word' id='word_1_558' title='bbox 736 3645 828 3678; x_wconf 86' lang='lat' dir='ltr'>XXI,</span> <span class='ocrx_word' id='word_1_559' title='bbox 846 3648 890 3673; x_wconf 82' lang='lat'>29.</span> 
     </span>
    </p>
   </div>
   <div class='ocr_carea' id='block_1_6' title="bbox 2068 332 2306 489">
    <p class='ocr_par' dir='ltr' id='par_1_8' title="bbox 2068 332 2306 489">
     <span class='ocr_line' id='line_1_56' title="bbox 2070 332 2305 367; baseline 0.017 -8"><span class='ocrx_word' id='word_1_560' title='bbox 2070 332 2154 365; x_wconf 69' lang='lat' dir='ltr'>ipsis</span> <span class='ocrx_word' id='word_1_561' title='bbox 2163 332 2305 367; x_wconf 77' lang='lat' dir='ltr'>aliisque</span> 
     </span>
     <span class='ocr_line' id='line_1_57' title="bbox 2109 383 2269 410; baseline 0.013 -7"><span class='ocrx_word' id='word_1_562' title='bbox 2109 383 2269 410; x_wconf 75' lang='lat' dir='ltr'>operariis</span> 
     </span>
     <span class='ocr_line' id='line_1_58' title="bbox 2068 414 2306 442; baseline 0.017 -4"><span class='ocrx_word' id='word_1_563' title='bbox 2068 414 2247 442; x_wconf 55' lang='lat' dir='ltr'>manduntur</span> <span class='ocrx_word' id='word_1_564' title='bbox 2263 415 2306 442; x_wconf 80' lang='lat' dir='ltr'>[s-</span> 
     </span>
     <span class='ocr_line' id='line_1_59' title="bbox 2085 458 2291 489; baseline 0.019 -4"><span class='ocrx_word' id='word_1_565' title='bbox 2085 458 2183 487; x_wconf 72' lang='lat' dir='ltr'>raelis</span> <span class='ocrx_word' id='word_1_566' title='bbox 2196 460 2291 489; x_wconf 79' lang='lat' dir='ltr'>dona.</span> 
     </span>
    </p>
   </div>
   <div class='ocr_carea' id='block_1_7' title="bbox 2083 1159 2298 1277">
    <p class='ocr_par' dir='ltr' id='par_1_9' title="bbox 2083 1159 2298 1277">
     <span class='ocr_line' id='line_1_60' title="bbox 2103 1159 2278 1188; baseline 0.023 -4"><span class='ocrx_word' id='word_1_567' title='bbox 2103 1159 2278 1188; x_wconf 75' lang='lat' dir='ltr'>confectio</span> 
     </span>
     <span class='ocr_line' id='line_1_61' title="bbox 2083 1203 2298 1232; baseline 0.014 -4"><span class='ocrx_word' id='word_1_568' title='bbox 2083 1208 2113 1229; x_wconf 72' lang='grc' dir='ltr'>ιιι</span> <span class='ocrx_word' id='word_1_569' title='bbox 2121 1203 2298 1232; x_wconf 73' lang='lat' dir='ltr'>uernaculi.</span> 
     </span>
     <span class='ocr_line' id='line_1_62' title="bbox 2092 1246 2288 1277; baseline 0.015 -4"><span class='ocrx_word' id='word_1_570' title='bbox 2092 1252 2101 1273; x_wconf 82' lang='grc'>1</span> <span class='ocrx_word' id='word_1_571' title='bbox 2108 1254 2119 1267; x_wconf 80' lang='lat'>0</span> <span class='ocrx_word' id='word_1_572' title='bbox 2135 1246 2288 1277; x_wconf 81' lang='lat' dir='ltr'>Cortinoe.</span> 
     </span>
    </p>
   </div>
   <div class='ocr_carea' id='block_1_8' title="bbox 2083 1740 2298 1815">
    <p class='ocr_par' dir='ltr' id='par_1_10' title="bbox 2083 1740 2298 1815">
     <span class='ocr_line' id='line_1_63' title="bbox 2095 1740 2284 1772; baseline 0.005 -6"><span class='ocrx_word' id='word_1_573' title='bbox 2095 1743 2125 1766; x_wconf 78' lang='lat'>:2⁰</span> <span class='ocrx_word' id='word_1_574' title='bbox 2147 1740 2233 1772; x_wconf 75' lang='lat' dir='ltr'>Saga</span> <span class='ocrx_word' id='word_1_575' title='bbox 2249 1741 2284 1767; x_wconf 83' lang='lat' dir='ltr'>et</span> 
     </span>
     <span class='ocr_line' id='line_1_64' title="bbox 2083 1788 2298 1815; baseline 0.005 -5"><span class='ocrx_word' id='word_1_576' title='bbox 2083 1788 2298 1815; x_wconf 73' lang='lat' dir='ltr'>opertorium.</span> 
     </span>
    </p>
   </div>
   <div class='ocr_carea' id='block_1_9' title="bbox 2068 2279 2308 2395">
    <p class='ocr_par' dir='ltr' id='par_1_11' title="bbox 2068 2279 2308 2395">
     <span class='ocr_line' id='line_1_65' title="bbox 2081 2279 2295 2307; baseline 0.005 -1"><span class='ocrx_word' id='word_1_577' title='bbox 2081 2281 2114 2306; x_wconf 71' lang='grc' dir='ltr'>3ἢ</span> <span class='ocrx_word' id='word_1_578' title='bbox 2133 2279 2295 2307; x_wconf 73' lang='lat' dir='ltr'>Tabulata</span> 
     </span>
     <span class='ocr_line' id='line_1_66' title="bbox 2068 2321 2308 2350; baseline 0.004 -1"><span class='ocrx_word' id='word_1_579' title='bbox 2068 2329 2142 2350; x_wconf 88' lang='lat' dir='ltr'>cum</span> <span class='ocrx_word' id='word_1_580' title='bbox 2173 2321 2308 2350; x_wconf 69' lang='lat' dir='ltr'>basibus</span> 
     </span>
     <span class='ocr_line' id='line_1_67' title="bbox 2079 2365 2296 2395; baseline 0.005 -1"><span class='ocrx_word' id='word_1_581' title='bbox 2079 2368 2113 2394; x_wconf 82' lang='lat' dir='ltr'>et</span> <span class='ocrx_word' id='word_1_582' title='bbox 2133 2365 2296 2395; x_wconf 76' lang='lat' dir='ltr'>vectibus.</span> 
     </span>
    </p>
   </div>
  </div>
 </body>
</html>
