2391 3861
101 114 180 157 26*
755 110 821 151 IV
857 111 993 151 Esou.
1028 108 1154 161 XIV,
1189 109 1244 150 25
1278 134 1336 139 —
1366 108 1466 156 XV,
1503 109 1571 149 31.

103 293 315 332 Salemiam,
346 291 558 330 Eebanum,
583 294 620 321 et
645 288 763 328 Asiel,
787 289 951 328 quinque
972 287 1038 318 hos
1062 286 1126 326 qui
1150 286 1274 326 parati
1298 288 1386 318 sunt
1411 287 1460 318 ad
1484 286 1719 319 scribendum
1745 286 1934 320 velociter.
1957 278 1996 305 26
2020 286 2070 320 Et
2093 288 2217 322 venias

101 347 191 383 11110,
209 348 246 376 et
262 351 329 382 ego
346 342 544 375 accendam
561 341 600 373 in
616 341 725 373 corde
744 343 809 372 tuo
826 340 1017 372 lucernam
1044 338 1274 378 intellectuS,
1299 346 1382 377 quae
1407 346 1482 371 non
1505 339 1751 378 extinguetur
1775 339 2014 378 quoadusque
2033 339 2218 373 finiantur

100 405 182 436 quae
207 394 357 435 incipies
381 393 551 426 scribere.
569 384 605 411 26
623 393 672 425 Et
693 395 783 425 tunc
803 390 979 431 perfectis
1003 390 1175 429 quaedam
1199 390 1326 429 palam
1349 389 1480 430 facies,
1500 391 1672 429 quaedam
1693 390 1926 431 sapientibus
1947 390 2123 423 absconse
2141 391 2219 424 tra·

101 450 179 487 dns,
204 447 243 478 in
268 447 473 478 crastinum
498 444 595 478 enim
619 444 688 476 1130
711 444 803 476 hora
823 442 975 483 incipies
999 442 1168 475 scribere.
2224 442 2227 443 ’

151 490 184 516 27
205 499 254 531 Et
277 499 467 538 profectus
491 505 592 537 sum,
613 497 710 529 sicut
731 495 821 528 1111111
838 494 1034 536 praecepit,
1051 496 1091 526 et
1107 492 1329 533 congregavi
1346 501 1491 526 omnem
1513 495 1710 534 populum,
1728 495 1766 527 et
1783 493 1883 528 dixi:
1901 486 1939 512 26
1955 494 2072 534 Audi,
2092 495 2222 536 Israel,

99 551 211 582 verba
231 551 321 583 haec.
343 541 379 568 29
395 548 626 589 Peregrinati
651 550 741 580 sunt
766 549 890 587 patres
913 546 1036 579 nostri
1056 546 1102 578 ab
1130 545 1238 578 initio
1262 546 1302 578 in
1325 546 1506 585 AEgypto,
1531 548 1569 578 et
1594 545 1742 579 liberati
1766 548 1856 578 sunt
1878 546 1987 586 inde;
2013 538 2051 565 30
2063 548 2102 579 et
2121 555 2218 580 acce-

99 606 233 642 perunt
258 603 377 641 legem
402 601 508 641 vitae,
534 609 646 640 quam
668 608 741 632 non
761 598 1042 638 custodierunt,
1067 606 1179 638 quam
1204 600 1242 630 et
1264 606 1328 630 vos
1352 599 1434 637 post
1457 606 1517 630 eos
1549 597 1771 637 transgressi
1794 598 1904 638 estis;
1931 589 1962 616 3¹
1979 603 2018 631 et.
2049 599 2137 631 data
2163 601 2221 632 est·

99 654 203 686 vobis
226 658 329 686 terra
353 654 391 686 in
417 655 574 692 sortem,
595 654 634 685 et
657 654 762 684 terra
788 652 891 692 Sion,
913 653 952 683 et
976 652 1101 691 patres
1125 649 1260 690 vestri,
1284 652 1324 682 et
1344 658 1408 681 vos
1432 649 1671 690 iniquitatem
1695 649 1857 690 fecistis,
1882 652 1922 683 et
1947 658 2021 682 non
2042 650 2223 683 servastis

96 706 173 738 xias
199 714 292 745 quas
316 706 494 746 praecepit
516 704 618 737 vobis
647 704 861 736 Altissimus
878 729 887 744 ‚
914 694 950 722 32
965 705 1004 735 et
1027 703 1148 743 justus
1174 703 1288 742 judex
1313 710 1397 734 cum
1421 702 1490 741 sit,
1513 702 1675 734 abstulit
1699 710 1721 734 a
1744 701 1847 734 vobis
1867 701 1906 734 in
1929 703 2098 742 tempore
2122 703 2220 741 quod

98 759 316 791 donaverat.
344 750 380 775 33
399 758 448 789 Et
468 765 568 789 nunc
593 765 657 789 vos
677 756 737 788 hic
761 755 865 796 estis,
889 757 928 788 et
949 755 1089 786 fratres
1113 753 1230 786 vestri
1254 754 1459 786 introrsum
1481 756 1647 786 vestrum
1669 757 1771 786 sunt.
1795 745 1831 772 34
1849 753 1884 786 Si
1907 762 1995 794 ergo
2019 754 2223 794 imperave-

98 810 178 842 ritis
202 810 323 842 sensui
349 811 491 849 vestro,
515 812 553 841 et
577 808 790 841 erudieritis
813 816 876 840 cor
894 809 1084 848 vestrum,
1102 806 1177 838 vivi
1202 805 1412 838 conservati
1436 806 1559 846 eritis,
1581 808 1620 839 et
1644 807 1727 846 post
1750 807 1909 839 mortem
1929 805 2220 839 misericordiam

97 862 385 902 consequemini.
409 853 445 880 35
463 862 655 893 Judicium
680 860 779 893 enim
803 861 886 900 post
910 863 1070 892 mortem
1087 858 1233 899 veniet,
1252 859 1401 898 quando
1417 857 1556 890 iterum
1573 858 1857 898 reviviscemus;
1873 859 1911 890 et
1928 859 2021 890 tunc
2036 859 2223 897 justorum

98 914 249 946 nomina
266 914 456 954 parebunt
468 938 476 954 ‚
493 915 532 946 et
548 912 746 952 impiorum
763 913 865 944 faeta
881 912 1137 944 ostendentur.
1159 901 1194 928 ³6
1207 911 1267 943 Ad
1283 918 1341 942 me
1358 909 1475 949 igitur
1492 918 1600 943 nemo
1618 910 1768 942 accedat
1788 918 1899 949 nunc,
1916 918 2037 950 neque
2053 909 2221 950 requirat

99 975 156 999 me
180 974 296 1006 usque
316 967 394 999 dies
417 965 677 1006 quadraginta.

150 1011 185 1038 37
213 1019 261 1051 Et
292 1018 415 1058 accepi
448 1017 612 1057 quinque
636 1017 755 1057 viros,
781 1017 879 1048 sicut
907 1015 1100 1048 mandavit
1133 1014 1247 1056 mihi,
1272 1016 1310 1048 et
1338 1015 1498 1055 profecti
1522 1023 1651 1047 sumus
1670 1014 1708 1046 in
1734 1023 1927 1054 campum,
1951 1015 1991 1047 et
2019 1015 2223 1047 mansimus

96 1071 158 1104 ibi.
178 1063 213 1089 38
233 1071 281 1103 Et
308 1071 432 1103 factus
460 1079 540 1102 sum
568 1069 607 1101 in
627 1070 850 1108 crastinum,
875 1070 913 1101 et
931 1076 1012 1100 0000
1028 1076 1100 1100 vox
1117 1067 1266 1099 vocavit
1291 1075 1367 1106 me,
1393 1065 1542 1099 dicens:
1568 1067 1702 1107 Esdra,
1727 1066 1830 1106 aperi
1855 1075 1894 1098 os
1917 1067 2046 1107 tuum,
2071 1069 2109 1099 et
2137 1066 2224 1100 bibe

96 1132 169 1163 quo
189 1125 226 1155 te
251 1125 437 1163 potavero.
463 1113 499 1140 39
525 1122 575 1154 Et
596 1121 725 1162 aperui
749 1129 788 1152 os
813 1129 956 1160 meum,
980 1121 1019 1152 et
1042 1128 1124 1152 ecce
1152 1120 1249 1151 calix
1278 1120 1410 1158 plenus
1434 1119 1698 1159 porrigebatur
1722 1118 1841 1151 mihi:
1864 1118 1936 1151 hoc
1956 1123 2036 1151 erat
2069 1120 2221 1159 plenum

96 1175 192 1208 sieut
217 1184 331 1215 aqua,
350 1176 451 1207 color
472 1176 597 1206 autem
622 1175 701 1213 ejus
724 1175 768 1205 ut
784 1172 880 1212 ignis
905 1172 1044 1205 similis.
1062 1163 1100 1189 40
1115 1171 1164 1203 Et
1184 1170 1329 1210 accepi,
1350 1172 1388 1203 et
1408 1171 1508 1211 bibi3
1530 1173 1568 1203 et
1589 1171 1627 1203 111
1645 1179 1688 1203 eo
1704 1179 1788 1203 cum
1810 1170 1998 1211 bibissem,
2016 1179 2080 1203 cor
2098 1179 2222 1203 meum

96 1227 336 1260 cruciabatur
361 1227 576 1266 intellectu,
601 1228 639 1258 et
662 1225 702 1257 in
733 1226 861 1265 pectus
881 1233 1005 1257 meum
1030 1224 1261 1256 increscebat
1288 1222 1478 1262 sapientia.
1504 1223 1600 1255 Nam
1625 1222 1779 1263 spiritus
1803 1231 1907 1256 meus
1931 1223 2227 1255 conservabatur

97 1279 286 1312 memoria.
309 1270 340 1296 ¹⁴¹
365 1279 413 1311 Et
435 1283 605 1319 apertum
630 1281 686 1310 est-
705 1286 745 1310 os
770 1285 913 1317 meum,
936 1279 974 1308 et
999 1285 1074 1308 non
1098 1278 1154 1308 est
1177 1277 1347 1308 clausum
1371 1275 1540 1315 amplius.
1566 1267 1604 1293 42
1621 1275 1836 1307 Altissimus
1861 1274 1963 1307 dedit
1987 1274 2222 1307 intellectum

97 1332 261 1371 quinque
285 1331 394 1371 viris,
418 1334 457 1363 et
477 1331 708 1370 scripserunt
733 1338 816 1369 quae
842 1329 1064 1361 dicebantur
1087 1328 1314 1360 excessiones
1334 1327 1472 1367 noctis,
1496 1336 1587 1367 quas
1611 1336 1687 1359 non
1711 1327 1886 1360 sciebant.
1904 1318 1941 1345 43
1955 1327 2072 1360 Nocte
2095 1329 2224 1360 autem

96 1384 375 1416 manducabant
392 1392 536 1423 panem,
550 1391 617 1422 ego
637 1386 762 1414 autem
785 1390 851 1422 per
869 1382 962 1414 diem
982 1380 1174 1421 loquebar,
1191 1382 1231 1412 et
1247 1388 1313 1420 per
1330 1381 1478 1412 noctem
1496 1388 1573 1412 non
1589 1380 1767 1412 tacebam.
1786 1371 1823 1397 44
1838 1378 1973 1419 scripti
1990 1380 2078 1412 sunt
2096 1380 2224 1412 autem

96 1445 162 1477 per
185 1435 438 1476 quadraginta
463 1435 539 1467 dies
565 1434 650 1466 libri
675 1433 826 1467 ducenti
850 1436 1024 1473 quatuor.

147 1480 186 1506 ⁴5
204 1488 252 1520 Et
276 1488 419 1520 factum
445 1490 501 1519 est
525 1495 610 1519 cum
634 1487 916 1526 complevissent
939 1484 1193 1525 quadraginta
1214 1484 1310 1525 dies,
1331 1485 1477 1516 locutus
1495 1486 1552 1517 est
1570 1483 1803 1524 AltissimuS,
1821 1483 1971 1516 dicens:
1989 1483 2120 1516 Priora
2136 1491 2223 1523 quae

97 1539 295 1580 scripsisti,
319 1540 357 1572 in
381 1541 503 1580 palam
527 1547 640 1578 pone,
665 1541 702 1571 et
727 1540 853 1578 legant
878 1537 981 1577 digni
1007 1539 1045 1570 et
1065 1536 1220 1576 indigni.
1244 1528 1282 1555 46
1300 1536 1526 1569 Novissimos
1549 1538 1678 1569 autem
1703 1535 1944 1576 septuaginta
1971 1535 2223 1576 conservabiS‚

99 1597 140 1624 ut
164 1593 289 1624 tradas
315 1600 375 1624 eos
399 1591 628 1632 sapientibus
653 1592 697 1623 de
723 1591 858 1631 populo
882 1592 959 1623 tuo.
984 1582 1021 1608 47
1043 1590 1089 1621 In
1113 1589 1170 1621 his
1198 1588 1296 1622 enim
1318 1590 1374 1621 est
1399 1597 1493 1621 vena
1517 1588 1751 1628 intellectus,
1775 1589 1815 1620 et
1838 1587 2031 1628 sapientiae
2058 1589 2160 1628 fons,
2182 1589 2225 1620 et

99 1645 260 1678 scientiae
285 1644 433 1676 fiumen.
459 1644 508 1675 Et
534 1642 605 1675 feci
626 1643 686 1675 sic.

991 1694 1193 1736 Snorio
1235 1692 1325 1734 111

1118 1792 1142 1848 ξ
1178 1792 1199 1834 Ι

148 1899 235 1932 ΟΑΡ.
257 1899 336 1931 XV.
364 1916 404 1920 —-
427 1890 438 1914 ²
458 1898 549 1930 Ecce
574 1898 722 1937 loquere
746 1896 784 1928 in
809 1904 915 1928 aures
942 1895 1059 1934 plebis
1080 1903 1172 1927 meae
1199 1902 1384 1927 sermones
1406 1893 1635 1934 prophetiae,
1663 1901 1754 1932 quos
1775 1893 1961 1925 immisero
1981 1893 2020 1925 in
2040 1901 2078 1925 os
2095 1894 2227 1932 tuum,

97 1951 188 1984 dicit
213 1950 413 1989 Dominus;
437 1941 507 1982 201
529 1950 589 1981 fao
613 1950 656 1980 ut
677 1950 715 1980 in
739 1948 871 1980 charta
895 1947 1122 1986 scribantur,
1149 1945 1323 1985 quoniam
1346 1945 1474 1978 fideles
1497 1947 1535 1977 et
1559 1944 1638 1977 veri
1663 1947 1763 1977 sunt.
1787 1936 1803 1963 3
1820 1945 1876 1977 Ne
1896 1944 2028 1978 timeas
2045 1953 2067 1976 a
2082 1944 2225 1984 cogita·

97 2004 263 2036 tionibus
287 2003 483 2034 adversum
507 2002 563 2040 te,
584 2008 650 2033 nec
669 2000 824 2032 turbent
841 2001 879 2031 te
896 1999 1183 2030 incredulitates
1203 1997 1417 2030 dicentium.
1444 1989 1460 2015 4
1479 1997 1662 2036 Quoniam
1683 1997 1802 2029 omnis
1823 1997 2036 2030 incredulus
2053 1997 2092 2029 in
2109 1996 2225 2028 incre-

98 2055 256 2088 dulitate
281 2063 347 2086 sua
371 2053 560 2085 morietur.
589 2045 605 2070 5
622 2053 714 2084 Ecce
738 2059 804 2090 ego
829 2051 983 2091 induco,
1009 2049 1100 2082 dicit
1126 2050 1325 2089 Dominus,
1350 2058 1461 2089 super
1485 2050 1612 2082 orbem
1634 2052 1821 2082 tetrarum
1843 2050 1960 2088 mala,
1986 2049 2166 2088 gladium,
2187 2049 2226 2082 et

98 2108 253 2147 famem,
278 2108 316 2139 et
347 2108 524 2146 mortem,
555 2106 593 2137 et
617 2103 825 2137 interitum.
852 2094 868 2121 6
894 2103 1053 2142 Propter
1078 2102 1178 2142 quod
1203 2101 1450 2142 superpolluit
1479 2101 1657 2141 iniquitas
1687 2109 1833 2134 omnem
1862 2103 2022 2142 terram,
2046 2103 2085 2133 et
2113 2101 2226 2133 adim-

98 2161 197 2201 pleta
221 2160 310 2191 sunt
334 2165 444 2197 opera
467 2156 597 2189 nociva
618 2156 780 2188 illorum.

151 2204 166 2228 7
185 2212 388 2250 Propterea
408 2209 497 2241 dicit
530 2208 733 2240 Dominus:
761 2199 777 2225 8
796 2208 881 2240 Jam
906 2215 983 2239 non
1008 2207 1121 2239 silebo
1147 2206 1191 2238 de
1218 2205 1476 2245 impietatibus
1501 2213 1629 2238 eorum
1655 2213 1740 2245 quae
1765 2205 1971 2246 irreligiose
1995 2207 2134 2246 agunt,
2159 2213 2226 2237 nec

98 2263 286 2297 sustinebo
311 2262 348 2294 in
372 2262 431 2293 his
455 2269 538 2300 quae
569 2259 692 2300 inique
716 2260 891 2293 exercent
917 2269 926 2292 ε
956 2267 1036 2291 0000
1070 2257 1220 2297 sanguis
1252 2257 1426 2290 innoxius
1459 2259 1498 2290 et
1529 2259 1650 2298 justus
1679 2259 1818 2290 clamat
1845 2259 1892 2290 ad
1917 2266 1993 2298 me,
2025 2260 2063 2290 et
2090 2256 2224 2289 animae

99 2318 285 2356 justorum
310 2315 480 2346 clamant
511 2317 803 2353 perseveranter.
829 2303 845 2330 9
864 2311 1067 2344 Vindicans
1093 2310 1292 2342 vindicabo
1315 2310 1418 2350 illos,
1448 2310 1538 2342 dicit
1571 2309 1768 2349 Dominus,
1798 2311 1838 2342 et
1870 2309 2048 2350 accipiam
2080 2316 2227 2342 omnem

100 2368 318 2407 sanguinem
346 2364 540 2397 innoxium
572 2373 618 2397 ex
642 2363 714 2396 illis
738 2364 786 2396 ad
810 2372 879 2397 me.
903 2354 937 2381 1⁰
957 2364 1047 2395 Ecce
1078 2363 1238 2402 populus
1266 2370 1369 2394 meus
1394 2361 1496 2401 quasi
1521 2369 1613 2401 grex
1644 2362 1690 2393 ad
1719 2362 1934 2394 occisionem
1959 2361 2124 2401 ducitur,
2149 2362 2223 2401 jam

100 2428 174 2452 non
198 2419 321 2459 patiar
341 2417 448 2450 illum
470 2416 642 2449 habitare
666 2416 705 2448 in
729 2419 831 2448 terra
857 2414 1032 2455 AEgypt13
1059 2406 1087 2432 11
1105 2415 1167 2447 sed
1193 2415 1347 2446 educam
1372 2422 1456 2446 eum
1477 2414 1517 2446 in
1537 2422 1652 2446 manu
1677 2413 1821 2453 potenti
1838 2417 1877 2446 et
1894 2414 2045 2446 brachio
2063 2414 2229 2452 excelso,

101 2474 138 2505 et
162 2471 368 2511 percutiam
394 2471 503 2509 plaga
526 2468 622 2501 sicut
651 2469 771 2508 prius,
793 2470 830 2500 et
851 2475 1089 2507 corrumpam
1114 2475 1261 2499 omnem
1286 2468 1428 2498 terram
1453 2467 1542 2506 eius.
1568 2457 1602 2482 ¹2
1621 2466 1781 2505 Lugebit
1805 2467 2008 2506 AEgyptus,
2033 2469 2072 2498 et
2093 2465 2225 2497 funda-

102 2525 226 2556 menta
254 2524 333 2562 ejus
356 2522 466 2562 plaga
489 2521 702 2560 verberata,
724 2522 762 2553 et
794 2518 1039 2559 castigatione
1064 2527 1155 2559 quas
1187 2518 1339 2550 inducet
1363 2518 1395 2550 ei
1429 2519 1538 2550 Deus.
1563 2508 1596 2536 13
1614 2518 1813 2557 Lugebunt
1841 2519 2001 2551 cultores
2031 2519 2227 2558 operantes

102 2579 241 2608 terram
253 2600 261 2614 ,
287 2573 464 2614 quoniam
485 2573 655 2605 deficient
675 2573 816 2605 semina
835 2580 963 2604 eorum
983 2571 1030 2603 ab
1051 2570 1225 2609 uredine,
1245 2572 1284 2602 et
1304 2570 1503 2609 grandine,
1522 2571 1561 2601 et
1577 2578 1598 2601 a
1615 2569 1735 2602 sidere
1751 2570 1925 2603 terribili.
1943 2561 1976 2588 ¹⁴
1991 2570 2056 2602 Vae
2072 2570 2228 2608 saeculo,

101 2630 138 2660 et
163 2627 225 2668 qui
250 2626 423 2659 habitant
447 2627 487 2657 ln
507 2632 567 2667 eo;
586 2616 620 2643 15
642 2625 728 2663 quia
761 2622 1080 2664 appropinquavit
1111 2623 1256 2662 gladius
1285 2624 1323 2654 et
1347 2621 1525 2654 contritio
1556 2630 1706 2661 eorum,
1730 2624 1769 2654 et
1800 2626 1958 2662 exurget
1982 2630 2071 2661 gens
2096 2625 2227 2654 contra

102 2682 250 2719 gentem
274 2679 321 2711 ad
347 2686 529 2718 pugnam,
554 2678 594 2710 et
619 2676 839 2715 rhomphaea
863 2676 902 2708 in
927 2675 1097 2708 manibus
1122 2665 1323 2714 eorum316
1341 2675 1411 2706 erit
1437 2674 1535 2706 enim
1553 2674 1845 2707 inconstabilitio
1861 2674 2093 2711 hominibus,
2109 2674 2149 2706 et
2165 2672 2228 2705 alii

104 2731 184 2764 aliis
208 2731 478 2763 invale>centes
502 2738 576 2761 non
606 2729 792 2761 curabunt
819 2736 944 2767 regem
970 2736 1101 2767 suum,
1126 2729 1164 2760 et
1189 2726 1371 2767 principes
1395 2727 1466 2758 viae
1491 2729 1681 2766 gestorum
1705 2734 1856 2758 suorum
1881 2725 1921 2758 in
1945 2725 2116 2766 potentia
2140 2733 2227 2764 sua;

102 2775 134 2801 17
153 2782 388 2823 concupiscet
413 2782 509 2814 enim
534 2781 644 2813 homo
669 2781 708 2813 in
736 2780 930 2813 civitatem
956 2782 1028 2818 ire,
1049 2782 1087 2812 et
1111 2787 1186 2811 non
1211 2780 1361 2819 poterit.
1385 2769 1419 2796 ¹8
1445 2778 1604 2818 Propter
1628 2778 1837 2817 superbiam
1862 2778 1958 2811 enim
1992 2786 2119 2810 eorum
2143 2777 2228 2809 civi-

103 2838 202 2868 tates
223 2835 493 2873 turbabuntur,
518 2834 647 2866 domus
671 2834 903 2872 extereutur‚
929 2831 1095 2864 homines
1120 2832 1300 2864 metuent.
1328 2822 1361 2849 19
1379 2831 1464 2863 Non
1489 2830 1725 2862 miserebitur
1745 2830 1855 2862 homo
1884 2831 2096 2870 proximum
2117 2837 2226 2861 suum

104 2889 151 2920 ad
174 2887 327 2920 irritum
351 2886 565 2919 faciendum
590 2886 717 2917 domos
739 2893 867 2917 eorum
896 2884 935 2917 in
960 2884 1146 2924 gladium,
1171 2884 1218 2915 ad
1244 2882 1468 2923 diripiendas
1489 2882 1719 2915 substantias
1743 2891 1891 2923 eorum,
1916 2887 2070 2922 propter
2089 2882 2225 2914 famem

106 2939 207 2979 panis
232 2942 270 2971 et
294 2938 578 2972 tribulationem
601 2938 775 2969 multam.
803 2929 840 2955 20
859 2937 950 2969 Ecce
974 2944 1042 2976 ego
1068 2944 1246 2975 convoco,
1273 2934 1362 2966 dicit
1388 2935 1505 2975 Deus,
1529 2943 1655 2966 omnes
1680 2942 1782 2974 reges
1805 2937 1918 2967 terrae
1947 2935 1993 2967 ad
2018 2942 2077 2966 me
2103 2939 2226 2966 veren-

106 2993 214 3032 dum,
238 2991 301 3031 qui
323 2992 413 3023 sunt
438 2990 485 3022 ab
509 2989 670 3029 oriente,
687 2991 723 3021 et
741 2990 786 3021 ab
814 2991 959 3028 austro,
981 2990 1018 3021 et
1040 2988 1087 3020 ab
1103 2996 1212 3027 euro,
1234 2989 1272 3020 et
1296 2996 1318 3019 a
1342 2986 1502 3027 Libano,
1524 2987 1570 3018 ad
1590 2987 1860 3019 convertendos
1882 2988 1921 3019 in
1941 2994 1997 3025 se,
2021 2989 2060 3018 et
2076 2984 2225 3018 reddere

107 3052 190 3083 quae
214 3043 397 3076 dederunt
421 3043 504 3074 illis.
531 3033 561 3059 ²¹
582 3042 681 3074 Sicut
706 3042 852 3074 fuciunt
878 3049 994 3081 usque
1019 3040 1129 3072 hodie
1154 3039 1278 3072 electis
1300 3040 1411 3078 meis,
1435 3039 1486 3071 sic
1510 3039 1643 3071 faciam
1669 3040 1706 3071 et
1734 3039 1888 3071 reddam
1913 3038 1952 3070 in
1975 3038 2058 3070 sinu
2085 3043 2223 3068 eorum.

160 3096 249 3128 Haec
273 3095 362 3127 dicit
387 3095 567 3126 Dominus
592 3094 715 3126 Deus:
742 3086 778 3112 ²²
797 3093 881 3125 Non
906 3095 1032 3133 parcet
1058 3093 1215 3125 dextera
1238 3100 1319 3124 mea
1343 3099 1452 3131 super
1476 3094 1704 3131 peccatores,
1730 3099 1797 3123 nec
1821 3089 1978 3123 cessabit
2010 3086 2227 3127 rhomphaea

108 3155 216 3187 super
240 3148 472 3180 effundentes
496 3146 711 3186 sanguinem
736 3145 930 3178 innoxium
959 3153 1069 3185 super
1094 3147 1247 3177 terram.
1273 3135 1309 3162 23
1337 3143 1437 3176 Exiit
1461 3143 1556 3183 ignis
1579 3143 1625 3175 ab
1657 3144 1714 3175 ira
1737 3144 1836 3183 ejus,
1860 3144 1898 3175 et
1922 3140 2117 3174 devoravit
2140 3140 2226 3171 fun·

109 3200 286 3232 damenta
313 3201 448 3239 terrae,
476 3200 514 3231 et
545 3200 754 3238 peccatores
786 3198 893 3237 quasi
921 3201 1086 3229 stramen
1111 3197 1314 3228 incensum.
1339 3186 1375 3213 24
1395 3195 1459 3228 Vae
1484 3195 1535 3227 eis
1562 3194 1627 3234 qui
1658 3197 1830 3235 peccant,
1857 3196 1896 3226 et
1926 3201 2000 3226 non
2025 3192 2227 3224 observant

112 3252 285 3284 mandata
305 3260 409 3291 mea,
433 3252 527 3283 dicit
554 3249 743 3284 Dominus.
772 3241 809 3268 25
835 3250 917 3282 Non
941 3257 1092 3289 parcam
1114 3247 1197 3280 illis.
1223 3248 1425 3287 Discedite‚
1450 3248 1535 3288 filii,
1561 3256 1583 3279 a
1607 3249 1804 3287 potestate.
1826 3245 1952 3278 Nolite
1974 3243 2227 3276 contaminare

111 3303 438 3336 sanctificationem
463 3311 593 3335 meam.
619 3293 655 3319 26
681 3301 859 3341 Quoniam
885 3301 990 3334 novit
1015 3300 1194 3333 Dominus
1223 3308 1351 3332 omnes
1375 3299 1440 3339 qui
1465 3298 1686 3339 delinquunt
1710 3298 1749 3331 in
1773 3299 1902 3338 illum;
1926 3299 2123 3337 propterea
2149 3297 2227 3327 tra-

113 3354 206 3387 didit
229 3363 290 3388 eos
314 3356 353 3387 in
377 3357 553 3394 mortem,
575 3356 612 3387 et
636 3354 675 3386 in
691 3353 919 3386 occisionem.
939 3344 973 3370 27
991 3353 1015 3385 J
1019 3361 1079 3385 am
1104 3352 1202 3385 enim
1219 3356 1405 3384 venerunt
1426 3359 1535 3392 super
1553 3351 1681 3383 orbem
1704 3353 1892 3383 terrarum
1917 3349 2032 3388 mala,
2049 3351 2087 3380 et
2103 3354 2228 3379 mane-

115 3405 199 3437 bitis
222 3406 260 3438 111
284 3407 378 3447 illis;
399 3416 473 3439 non
498 3406 594 3439 enim
622 3405 793 3439 liberabit
816 3414 881 3437 vos
906 3406 1024 3444 Deus,
1050 3409 1204 3445 propter
1227 3404 1324 3444 quod
1349 3403 1526 3444 peccastis
1551 3403 1588 3436 in
1610 3412 1707 3436 eum.

167 3449 202 3475 28
228 3458 319 3491 Ecce
343 3459 431 3491 visio
460 3458 669 3498 horribilis,
694 3460 731 3490 et
762 3458 874 3490 facies
905 3457 1004 3490 illius
1032 3457 1079 3489 ab
1107 3457 1260 3489 oriente.
1287 3448 1324 3474 29
1350 3456 1398 3488 Ε1
1422 3456 1548 3488 exient
1577 3455 1747 3488 nationes
1771 3454 1971 3486 draconum
1997 3451 2165 3484 Arabum
2187 3448 2227 3482 in

115 3508 284 3541 curribus
308 3510 456 3549 multis,
480 3512 518 3542 et
543 3510 638 3542 sicut
659 3511 792 3550 flatus,
817 3518 944 3542 eorum
969 3517 1147 3541 numerus
1171 3509 1317 3541 feretur
1333 3516 1442 3548 super
1458 3510 1619 3547 terram,
1640 3509 1682 3539 ut
1705 3507 1779 3547 jam
1803 3504 1964 3537 timeant
1981 3505 2019 3536 et
2041 3502 2227 3543 trepident

115 3569 240 3593 omnes
264 3560 326 3600 qui
350 3561 431 3593 illos
454 3561 615 3594 audient.
643 3553 678 3580 3⁰
699 3561 882 3594 Carmonii
907 3561 1133 3593 insanientes
1157 3561 1196 3592 in
1220 3561 1294 3601 ira,
1315 3562 1353 3592 et
1377 3559 1501 3592 exient
1522 3561 1565 3592 ut
1591 3559 1672 3598 apri
1696 3558 1740 3591 de
1763 3557 1877 3594 silva,
1903 3557 1941 3589 et
1963 3555 2166 3588 advenient
2186 3552 2226 3585 in

115 3612 258 3644 virtute
280 3620 422 3652 magna,
448 3614 485 3645 et
509 3613 730 3646 constabunt
751 3612 790 3645 in
814 3620 978 3653 pugnam
1002 3621 1086 3645 cum
1111 3611 1196 3651 illis,
1220 3615 1258 3644 et
1274 3611 1479 3644 vastabunt
1503 3610 1711 3650 portionem
1732 3611 1845 3641 terrae
1867 3608 2112 3647 Assyriorum.
2132 3597 2164 3625 31
2175 3605 2228 3639 Et.
