2456 3861
624 87 689 130 1v
727 87 835 131 nm.
872 87 958 142 IX,
995 88 1044 130 31
1081 114 1140 120 -
1170 88 1231 142 x,
1269 90 1334 131 17.
1802 90 1890 133 359

64 257 269 314 depinxit
311 257 460 300 oeulos
500 271 600 300 suos
636 257 795 313 stibio,
837 262 880 300 et
923 257 1096 300 ornavit
1135 263 1270 315 caput
1309 273 1456 314 suum,
1500 264 1543 302 et
1581 259 1775 315 respexit
1814 273 1890 317 per

65 316 310 359 fenestram
346 315 381 342 ³¹
420 315 744 372 ingredientem
787 316 906 359 Jehu
952 329 1028 373 per
1064 322 1258 372 portam,
1296 322 1341 360 et
1374 317 1440 360 ait
1482 334 1490 361 :
1534 317 1760 373 Numquid
1801 332 1888 374 pax

65 379 212 432 potest
246 389 339 418 esse
373 375 570 430 Zambri,
605 375 679 431 qui
713 374 940 418 interfecit
967 375 1197 418 dominum
1223 375 1388 418 suum?
1414 375 1452 402 3⁴²
1471 376 1745 432 Levavitque
1770 376 1887 419 Jehu

63 433 230 476 faciem
263 448 388 476 suam
420 433 477 476 ad
509 433 774 488 fenestram,
806 438 853 476 et
882 434 947 476 ait
981 451 989 477 :
1023 435 1130 484 Quae
1161 440 1229 478 est
1259 434 1382 478 ista?
1411 436 1468 478 Et
1490 435 1819 478 inclinaverunt
1842 449 1889 478 se

60 492 120 535 ad
154 507 253 536 eum
288 492 376 535 dno
413 493 483 536 vel
522 498 609 535 tres
645 492 848 535 eunuchi.
892 492 928 518 33
954 493 1015 534 At
1050 492 1125 535 ille
1163 493 1277 535 dixit
1313 494 1375 537 eis
1419 511 1427 538 :
1471 494 1754 551 Praecipitate
1791 508 1888 536 eam

61 551 296 606 deorsum,
328 556 372 593 et
405 551 798 608 praecipitaverunt
829 565 949 606 eam,
982 565 1271 607 aspersusque
1301 558 1368 594 est
1399 553 1614 609 sanguine
1647 553 1811 610 paries,
1844 558 1889 595 et

63 624 273 665 equorum
304 611 484 665 ungulae
518 609 892 652 conculcaverunt
924 623 1036 652 eam.
1069 608 1106 635 ³¹
1134 611 1333 666 Cumque
1363 611 1657 667 introgressus
1689 617 1805 655 esset
1839 617 1888 654 ut

61 668 315 711 comederet
340 669 618 723 biberetque,
643 668 707 710 ait
739 684 749 710 :
783 667 873 722 Ite,
900 673 944 711 et
964 667 1113 710 videt-e
1143 669 1427 712 maledictam
1454 670 1608 726 illam3
1636 675 1681 714 et
1705 670 1888 727 sepelite

60 741 174 782 eam,
201 728 304 783 quia
330 727 420 770 tilia
445 727 560 782 regis
582 732 664 770 est.
690 726 726 752 35
745 726 943 783 Cumque
966 726 1103 769 issent
1124 732 1173 768 ut
1197 727 1434 784 sepelirent
1457 743 1568 785 eam,
1595 744 1681 773 non
1707 730 1886 773 invene-

62 792 164 829 runt
194 787 279 828 nisi
305 785 568 840 calvariam,
596 790 639 828 et
664 785 818 841 pedeS,
845 790 890 828 et
916 799 1115 828 summas
1148 800 1319 829 manus.
1354 787 1390 813 3⁶
1411 788 1678 844 Reversique
1710 789 1887 831 nuntia-

63 850 220 888 verunt
246 845 298 887 ei.
327 846 383 887 Et.
403 844 470 886 ait
495 845 523 887 J
527 844 612 887 ehu
642 860 650 888 :
676 845 827 887 Sermo
851 844 1034 887 Domini
1056 849 1146 899 est,
1173 859 1305 902 quern
1331 845 1503 888 locutus
1525 852 1592 889 est
1615 862 1692 904 per
1713 862 1887 890 servum

61 917 190 947 suum
217 903 363 946 Eliam
382 902 638 959 Thesbiten,
666 903 845 946 dicens:
875 903 927 946 In
952 917 1059 959 agro
1085 904 1291 947 Jezrahel
1317 905 1551 948 comedent
1577 920 1707 949 canes
1733 920 1886 949 earnes

61 962 264 1019 Jezabel,
302 962 337 990 3⁷
364 968 409 1005 et
440 967 569 1006 erunt
601 976 755 1005 earnes
787 962 971 1006 Jezabel
1003 962 1119 1005 sicut
1151 968 1318 1006 stercus
1343 978 1473 1020 super
1498 964 1664 1008 faeiem
1689 969 1816 1008 terrae
1840 965 1887 1007 in

59 1035 168 1078 agro
192 1021 420 1076 Jezrahei,
444 1021 510 1064 ita
536 1026 583 1064 ut
606 1026 923 1078 praetereuntes
949 1021 1101 1064 dicant
1133 1039 1142 1066 ε
1170 1022 1383 1066 Haeccine
1409 1027 1476 1066 est
1498 1022 1578 1065 illa
1604 1023 1826 1079 Jezabel‘?

119 1081 227 1124 CAP.
254 1082 309 1124 X.
334 1107 394 1113 -—
418 1080 431 1107 ¹
454 1082 592 1124 Erant
616 1085 766 1123 autem
791 1080 950 1124 Achab
970 1081 1256 1137 septuaginta
1281 1081 1361 1124 filii
1387 1082 1432 1124 in
1456 1082 1671 1126 Samaria.
1704 1082 1887 1140 Scripsit

60 1155 164 1197 ergo
195 1141 225 1184 J
230 1140 316 1184 ehu
348 1140 540 1195 litteras,
575 1144 620 1182 et
648 1139 774 1182 misit
804 1139 852 1182 in
880 1140 1128 1184 Samariam
1160 1140 1217 1183 ad
1244 1141 1482 1197 optimates
1517 1141 1733 1198 civitatis,
1762 1146 1805 1185 et
1828 1142 1885 1184 ad

59 1199 251 1256 majores
285 1204 417 1254 natu,
449 1205 497 1242 et
527 1198 586 1241 ad
618 1199 826 1242 nutritios
862 1198 1037 1255 Achab,
1069 1199 1223 1242 dicens
1257 1216 1266 1243 :
1300 1198 1318 1225 “²
1344 1200 1505 1244 Statim
1539 1205 1590 1243 ut
1624 1201 1885 1258 acceperitis

60 1258 230 1302 litteras
254 1259 354 1314 has,
381 1258 454 1314 qui
479 1258 653 1301 habetis
683 1257 796 1302 filios
821 1257 991 1301 domini
1016 1259 1171 1313 vestri,
1199 1264 1242 1301 et
1268 1273 1438 1314 currus,
1466 1264 1510 1302 et
1528 1273 1685 1316 equos,
1709 1265 1754 1303 et
1778 1259 1884 1302 civi-

59 1322 175 1360 tates
200 1318 367 1373 firmas,
398 1323 443 1360 et
467 1331 611 1371 arma,
633 1316 652 1343 3
676 1317 828 1372 eligite
856 1316 1105 1372 meliorem,
1133 1323 1176 1376 et
1206 1332 1305 1361 eum
1332 1318 1403 1374 qui
1435 1319 1562 1361 vobis
1584 1318 1805 1375 placuerit
1829 1318 1884 1362 de

59 1376 162 1419 filiis
195 1377 363 1420 domini
397 1376 552 1431 vestri,
587 1381 635 1418 et
668 1390 768 1419 eum
799 1376 950 1432 ponite
981 1390 1112 1432 super
1143 1377 1303 1419 solium
1329 1377 1466 1434 patris
1491 1377 1580 1432 sui,
1614 1383 1657 1421 et
1689 1383 1884 1434 pugnate

60 1450 136 1493 pro
163 1435 293 1479 domo
318 1434 487 1478 domini
512 1434 658 1479 vestri.
686 1435 703 1460 4
720 1434 983 1477 Timuerunt
1008 1435 1074 1477 illi
1099 1435 1396 1490 vehementer,
1428 1441 1472 1479 et
1492 1436 1700 1479 dixerunt
1731 1453 1741 1480 ·.
1769 1437 1884 1480 Ecce

57 1495 145 1538 duo
180 1508 305 1550 reges
342 1508 429 1537 non
465 1498 703 1549 potuerunt
739 1498 854 1536 stare
891 1507 1039 1536 coram
1075 1507 1153 1548 eo3
1193 1499 1237 1536 et
1273 1495 1490 1549 quomodo
1526 1509 1604 1537 nos
1636 1495 1884 1538 valebimus

59 1552 296 1596 resistere?
335 1553 352 1579 ⁵
381 1552 599 1595 Miserunt
634 1566 739 1608 ergo
774 1553 1003 1610 praepositi
1044 1552 1219 1608 domus,
1259 1558 1304 1596 et
1340 1553 1545 1609 praefecti
1583 1553 1799 1609 civitatis,
1841 1559 1884 1597 et

58 1612 249 1668 majores
274 1617 395 1667 natu,
422 1616 465 1654 et
493 1611 680 1667 nutrit-ii,
706 1611 763 1654 ad
790 1613 818 1654 J
823 1612 919 1667 ehu,
944 1611 1147 1655 dicentes
1180 1628 1189 1655 :
1216 1612 1339 1655 Servi
1363 1612 1429 1654 tui
1455 1627 1633 1667 sumus,
1663 1627 1884 1668 quaecum-

57 1685 139 1728 que
168 1671 350 1728 jusseris
381 1670 621 1725 faciemus,
654 1684 737 1714 nec
769 1670 1090 1714 constituemus
1118 1670 1246 1714 nobis
1277 1685 1458 1727 regem3
1486 1685 1772 1727 quaecumque
1801 1672 1883 1714 tibi

55 1731 256 1789 placent,
289 1731 380 1773 fac.
417 1730 435 1757 ⁶
461 1730 704 1787 Rescripsit
738 1735 891 1773 autem
924 1731 986 1774 eis
1022 1730 1194 1773 litteras
1231 1731 1445 1786 secundo,
1481 1730 1632 1773 dicens
1671 1747 1681 1775 ε
1716 1731 1760 1774 Si
1797 1731 1884 1773 mei

55 1789 182 1846 estis,
210 1796 254 1833 et
280 1789 469 1833 obeditis
491 1789 621 1844 mihi,
647 1789 792 1832 tollite
818 1789 967 1846 capita
992 1789 1182 1832 filiorum
1208 1789 1378 1832 domini
1402 1789 1560 1845 vestri,
1587 1794 1633 1832 et
1657 1789 1806 1832 venite
1827 1789 1884 1832 ad

55 1863 126 1893 me
150 1849 234 1892 hac
257 1849 414 1895 eadem
437 1849 545 1892 hora
571 1862 666 1892 cras
695 1849 741 1891 in
774 1849 995 1892 Jezrahel.
1028 1849 1160 1892 Porro
1194 1848 1274 1891 filii
1299 1848 1435 1905 regis,
1471 1849 1754 1905 septuaginta
1779 1848 1882 1905 viri,

54 1908 174 1965 apud
195 1908 438 1967 optimates
462 1907 658 1952 civitatis
683 1908 1004 1951 nutriebantur.
1032 1908 1047 1935 ⁷
1066 1908 1266 1964 Cumque
1287 1907 1515 1951 venissent
1539 1908 1700 1951 litterae
1721 1908 1777 1950 ad
1797 1922 1882 1963 eos,

55 1967 253 2011 tulerunt
276 1967 390 2010 filios
414 1967 553 2023 regis,
582 1972 629 2010 et
654 1967 913 2011 occiderunt
934 1967 1221 2024 septuaginta
1242 1967 1381 2023 viros,
1409 1972 1452 2010 et
1476 1971 1716 2023 posuerunt
1738 1967 1884 2023 capita

55 2041 205 2070 eorum
228 2027 274 2069 in
303 2026 525 2084 cophiniS,
549 2031 594 2069 et
619 2025 834 2069 miserunt
862 2027 920 2070 ad
945 2041 1047 2070 enm
1070 2026 1118 2069 in
1148 2027 1369 2070 Jezrahel.
1400 2027 1417 2053 8
1435 2026 1572 2069 Venit
1597 2031 1748 2069 autem
1772 2038 1882 2068 nun-

53 2085 164 2142 tius,
205 2091 250 2129 et
289 2085 509 2129 indicavit
549 2085 609 2141 ei,
660 2085 810 2129 dicens
854 2103 862 2130 :
911 2086 1174 2129 Attulerunt
1215 2085 1363 2142 capita
1399 2085 1589 2128 filiorum
1629 2085 1759 2141 regis.
1800 2084 1884 2134 Qui

54 2145 282 2202 respondit
325 2162 333 2188 :
372 2144 529 2188 Ponite
567 2159 621 2187 ea
664 2144 723 2187 ad
767 2146 879 2189 duos
919 2159 1100 2188 acervos
1136 2145 1269 2202 juxta
1305 2144 1536 2187 introitum
1571 2149 1710 2201 portae
1747 2157 1883 2199 usque

55 2218 198 2248 mane.
225 2204 244 2230 9
260 2204 458 2260 Cumque
484 2203 719 2247 diluxisset
744 2218 944 2260 egressus
970 2209 1057 2259 est,
1085 2208 1129 2247 et
1161 2209 1284 2247 stans
1317 2203 1434 2247 dixit
1457 2203 1514 2246 ad
1538 2217 1715 2246 omnem
1746 2217 1882 2259 popu-

55 2263 148 2307 lum
179 2280 188 2307 t
222 2263 342 2306 Justi
374 2263 508 2316 estis;
537 2262 574 2306 si
595 2277 677 2319 ego
703 2263 934 2319 conjuravi
960 2268 1114 2306 contra
1140 2263 1370 2306 dominum
1393 2277 1564 2317 meum,
1599 2267 1643 2305 et
1674 2261 1883 2304 interfeci

55 2337 167 2378 eum,
194 2322 291 2378 quis
317 2322 532 2379 percussit
558 2336 709 2365 omnes
731 2323 845 2365 hos?
873 2322 908 2349 ¹⁰
927 2321 1087 2365 Videte
1113 2336 1216 2377 ergo
1241 2336 1358 2364 nunc
1381 2321 1590 2377 quoniam
1612 2336 1700 2364 non
1721 2320 1883 2364 cecidit

54 2382 110 2425 de
134 2382 411 2425 sermonibus
431 2381 611 2424 Domini
634 2382 680 2424 in
706 2387 881 2437 terram,
904 2395 1012 2437 quos
1031 2381 1206 2424 locutus
1233 2386 1299 2423 est
1317 2380 1533 2424 Dominus
1552 2395 1681 2437 super
1702 2380 1880 2422 domum

55 2441 233 2497 Achab,
266 2446 317 2484 et
355 2441 572 2484 Dominus
611 2441 724 2484 fecit
760 2441 875 2496 quod
916 2441 1089 2483 locutus
1129 2445 1195 2482 est
1233 2439 1281 2482 in
1321 2454 1456 2482 manu
1493 2440 1609 2483 servi
1648 2439 1715 2482 sui
1757 2438 1881 2480 Eliae.

55 2499 89 2527 ¹¹
124 2500 346 2544 Percussit
384 2500 522 2556 igitur
552 2501 672 2543 Jehu
712 2514 864 2543 omnes
905 2500 979 2555 qni
1019 2498 1176 2555 reliqui
1216 2503 1342 2542 erant
1377 2498 1431 2541 de
1468 2499 1601 2541 domo
1641 2497 1799 2540 Achab
1837 2496 1882 2538 in

53 2560 84 2603 J
87 2559 280 2615 ezrahel,
307 2564 351 2602 et
375 2559 603 2603 universos
629 2559 865 2616 optimates
890 2559 1007 2616 ejus,
1034 2564 1077 2601 et
1100 2563 1249 2614 notos,
1275 2562 1320 2600 et
1345 2557 1606 2612 sacerdoteS,
1632 2557 1772 2599 donec
1794 2569 1882 2598 non

53 2623 333 2665 remanerent
358 2633 411 2662 ex
438 2633 488 2662 eo
512 2619 725 2675 reliquiae.

114 2677 150 2704 ¹2
168 2679 225 2721 Et
258 2678 466 2734 surrexit,
502 2684 545 2721 et
576 2679 699 2721 venit
731 2678 776 2720 in
809 2677 1069 2722 Samariam.
1105 2677 1302 2732 Cumque
1336 2676 1530 2719 venisset
1561 2675 1617 2718 ad
1651 2675 1882 2718 Cameram

53 2743 278 2794 pastorum
305 2737 352 2779 in
377 2737 471 2793 via,
501 2737 536 2764 ¹3
552 2737 726 2780 invenit
746 2738 908 2780 fratres
935 2736 1153 2792 Ochoziae,
1176 2735 1293 2792 regis
1315 2735 1343 2778 J
1350 2735 1448 2789 uda,
1472 2734 1673 2789 dixitque
1694 2733 1750 2776 ad
1773 2747 1846 2776 eos
1873 2750 1881 2777 ε

53 2796 244 2847 Quinam
276 2796 381 2840 estis
413 2796 527 2839 vos‘?
561 2796 644 2847 Qui
675 2796 996 2853 responderunt
1036 2812 1044 2839 :
1078 2795 1254 2838 Fratres
1290 2793 1494 2838 Ochoziae
1528 2807 1700 2845 sumus,
1735 2797 1778 2835 et
1808 2792 1881 2835 de-

0 2889 4 2898 .
52 2856 305 2899 scendimus
329 2855 387 2898 ad
412 2855 671 2899 salutandos
693 2855 805 2898 filios
830 2855 946 2910 regis
969 2859 1013 2897 et
1041 2854 1154 2897 filios
1177 2853 1358 2909 reginae.
1386 2852 1421 2879 '¹4
1439 2852 1522 2902 Qui
1545 2852 1609 2895 ait
1637 2869 1645 2896 ε
1672 2852 1881 2908 Compre-

52 2913 233 2958 hendite
263 2929 334 2958 eos
366 2915 506 2957 vivos.
539 2915 656 2965 Quos
689 2929 790 2957 cum
824 2913 1259 2971 comprehendissent
1284 2912 1430 2966 vivos,
1455 2911 1774 2968 jugulaverunt
1808 2925 1881 2954 eos

52 2973 99 3016 in
124 2973 314 3017 cisterna
339 2973 468 3030 juxta
493 2973 738 3029 Cameram,
761 2972 1055 3029 quadraginta
1082 2972 1190 3015 duos
1214 2972 1345 3027 viros,
1365 2975 1410 3014 et
1430 2985 1519 3014 non
1543 2970 1720 3026 reliquit
1738 2985 1794 3024 ex
1819 2970 1880 3013 eis

53 3047 333 3089 quemquam.
362 3032 397 3060 ¹⁵
415 3033 614 3090 Cumque
641 3032 824 3076 abiisset
848 3032 966 3087 inde,
996 3031 1168 3075 invenit
1195 3032 1222 3075 J
1227 3031 1417 3087 onadab,
1444 3030 1587 3074 filium
1613 3029 1806 3084 Rechab,
1835 3028 1880 3071 in

52 3105 282 3135 occursum
310 3091 416 3147 sibi,
443 3097 486 3135 et
518 3092 748 3136 benedixit
781 3091 834 3135 ei.
863 3092 919 3134 Et
950 3090 1014 3134 ait
1039 3090 1095 3134 ad
1130 3105 1230 3134 eum
1264 3089 1524 3146 :Numquid
1558 3094 1625 3132 est
1657 3103 1730 3131 cor
1755 3093 1880 3130 tuum

0 3189 1 3206 ἶ
51 3155 242 3204 rectum,
276 3151 391 3194 sieut
423 3165 497 3193 cor
526 3165 675 3194 meum
706 3165 806 3194 cum
839 3149 968 3193 corde
1000 3150 1109 3194 tuo?
1143 3151 1202 3193 Et
1233 3149 1298 3192 ait
1327 3148 1534 3193 -Jonadab
1566 3165 1574 3192 ε
1601 3149 1694 3191 Est.
1726 3146 1771 3190 Si
1794 3152 1878 3202 est,

50 3209 216 3266 inquit,
244 3210 300 3253 da
329 3224 512 3253 manum
536 3215 672 3256 tuam.
704 3210 786 3260 Qui
814 3209 934 3252 dedit
958 3209 999 3253 ei
1023 3223 1205 3252 manum
1228 3223 1367 3252 suam.
1399 3209 1462 3251 At
1488 3207 1565 3251 ille
1590 3206 1758 3251 levavit
1780 3219 1880 3248 eum

53 3269 110 3311 ad
133 3283 179 3312 se
204 3269 251 3311 in
273 3283 469 3325 currum,
498 3269 533 3296 ¹⁶
551 3269 751 3326 dixitque
775 3269 832 3311 ad
854 3283 955 3311 eum
983 3285 992 3312 ε
1014 3268 1131 3311 Veni
1157 3282 1352 3324 mecum,
1377 3273 1420 3311 et
1437 3267 1538 3310 vide
1563 3266 1706 3309 zelum
1732 3278 1878 3307 meum

51 3341 131 3385 pro
161 3328 365 3372 Domino.
401 3329 459 3370 Et
490 3327 748 3385 impositum
772 3328 818 3370 in
853 3341 981 3370 curru
1014 3341 1093 3370 suo
1118 3327 1152 3354 ¹⁷
1180 3327 1308 3370 duxit
1331 3327 1378 3370 in
1412 3325 1670 3369 Samariam.
1699 3325 1756 3366 Et
1779 3337 1879 3380 per-

55 3386 190 3429 cussit
218 3401 368 3430 omnes
398 3387 472 3442 qui
496 3387 654 3443 reliqui
679 3388 859 3430 fuerant
893 3387 946 3429 de
976 3386 1133 3429 Achab
1168 3387 1213 3428 in
1248 3386 1446 3429 Samaria
1471 3397 1606 3439 usque
1631 3383 1687 3425 ad
1717 3396 1876 3438 unuin,

58 3443 182 3500 juxta
206 3446 389 3488 verbum
417 3446 595 3489 Domini
619 3447 733 3502 quod
756 3446 928 3489 locutus
951 3451 1017 3488 est
1041 3460 1118 3501 per
1143 3445 1302 3488 Eliam.

56 3589 104 3621 31]
123 3588 176 3615 111
196 3588 278 3621 Reg.
297 3589 388 3624 XVI,
405 3593 449 3618 10.
474 3604 510 3609 —
533 3591 581 3623 36]
602 3591 654 3617 ΙΙΙ
675 3590 758 3622 Reg.
777 3588 871 3622 XXI,
889 3589 934 3615 23.
951 3602 987 3607 —-
1013 3588 1058 3621 10]
1082 3588 1132 3614 111
1153 3588 1235 3619 Reg.
1256 3587 1350 3621 XXI,
1365 3589 1410 3614 29.

1987 1093 2156 1121 Necantur

1966 1136 2026 1165 filii
2044 1137 2177 1171 Achab,

2008 2686 2132 2715 fratres

1985 2730 2137 2759 Ochoziae
2145 2753 2153 2767 ‚

1984 2774 2154 2807 ceterique

1979 2819 2018 2847 de
2035 2825 2158 2852 genere

2005 2863 2130 2891 Achab.
