2423 3861
722 172 862 213 dms.
897 172 1006 225 x'II,
1043 174 1095 214 -12
1130 198 1186 204 —
1220 172 1358 222 VIII,
1395 173 1461 214 2⁴3.
1894 172 2001 216 1197

191 279 267 286 ...-

183 341 343 384 cebant
376 358 383 384 :
426 341 648 396 Numquid
675 356 700 382 a
728 341 913 384 (ialilaea
940 342 1059 384 venit
1087 342 1322 385 Christus?
1356 342 1392 368 '¹²
1411 343 1567 385 Nonne
1600 343 1823 398 Scriptura
1854 342 1962 385 dicit
1995 359 2005 385 ε

181 400 288 450 Quia
317 414 370 442 ex
395 400 562 443 semine
588 400 752 454 David,
776 406 819 443 et
852 400 905 443 (16
943 401 1201 443 Bethlehem
1232 401 1434 456 castello,
1459 400 1532 443 ubi
1567 406 1660 444 erat
1691 400 1857 454 David,
1885 400 2006 443 venit

181 459 416 502 Christus?
451 458 726 501 431)166(>111610
761 459 908 514 itaque
942 460 1066 501 faeta
1096 465 1161 503 est
1190 459 1234 501 in
1266 459 1395 502 turba
1423 465 1599 516 propter
1625 474 1738 503 eum.
1762 458 1798 485 Ψ·
1816 459 2006 509 Quidam

179 524 328 561 autem
362 531 415 560 ex
445 517 551 573 ipsis
583 517 793 560 volebant
826 518 1153 574 apprehendere
1188 532 1315 572 eum3
1343 519 1419 561 sed
1455 533 1582 562 nemo
1613 517 1733 561 misit
1753 532 1884 574 super
1908 528 2007 560 eum

180 591 348 619 manns.

237 635 272 660 ’··’
288 636 514 678 Venerunt
550 650 654 690 6180
690 635 877 677 ministri
916 635 971 678 ad
1007 636 1236 691 pontifices
1271 641 1313 677 et
1347 636 1600 691 pharisaeos.
1635 638 1689 679 Et
1716 636 1922 680 dixerunt
1947 637 2007 680 eis

178 693 241 735 illi
277 711 284 737 2
312 698 452 744 Quare
479 709 565 737 11011
591 693 840 736 adduxistis
871 693 1033 736 illum?
1067 693 1103 719 ‘²⁶
1128 693 1465 750 Responderunt
1502 695 1690 738 ministri
1727 713 1735 739 :
1771 696 2009 752 Nunquam

178 752 239 793 sic
267 752 436 795 locutus
462 758 527 795 est
553 752 704 806 homo,
732 752 845 794 sicut
867 752 938 794 hic
960 752 1104 796 homo.
1133 752 1167 777 ⁴⁷
1189 752 1527 808 Responderunt
1552 769 1654 809 6180
1682 754 1742 797 616
1769 755 1975 811 pharisaei
2000 772 2007 798 :

178 810 405 866 Numquid
429 816 471 854 et
495 825 571 853 vos
597 810 766 854 seducti
790 809 927 852 estis?
954 809 990 836 ‘¹⁸
1009 810 1236 866 Numquid
1264 825 1317 853 ex
1344 810 1616 868 principibus
1635 813 1794 868 aliquis
1821 813 2009 857 credidit

177 869 220 911 in
249 884 367 925 eum,
395 875 471 912 aut
494 883 548 911 ex
575 868 840 925 pharisaeis‘?
867 868 903 894 4⁹
923 868 1006 912 Sed
1033 869 1162 911 turba
1188 869 1305 923 11366,
1332 884 1429 924 quae
1455 884 1543 912 11011
1569 871 1692 913 novit
1724 872 1889 927 legem,
1917 887 2008 915 ma-

178 928 327 971 ledicti
353 933 469 970 suut.
490 928 526 953 ⁵⁰
545 927 672 969 Dixit
698 927 968 969 Nicodemus
992 927 1048 970 ad
1075 941 1167 982 eos,
1194 927 1270 970 ille
1293 928 1365 983 qui
1392 928 1516 971 venit
1537 929 1593 972 ad
1628 944 1727 972 eum
1758 937 1907 986 nocte,
1935 932 2007 988 qui

177 1002 288 1030 unus
317 992 410 1030 erat
443 1001 498 1030 ex
527 985 632 1042 ipsis
666 1002 674 1029 ;
705 985 737 1011 5¹
760 986 986 1041 Numquid
1020 986 1092 1028 lex
1125 991 1274 1030 nostra
1307 986 1481 1042 judicat
1509 988 1756 1043 hominem,
1784 990 1866 1032 nisi
1890 991 2009 1046 prius

176 1045 366 1089 audierit
390 1045 446 1087 ab
471 1045 587 1100 ipso,
612 1049 654 1088 et
681 1045 938 1100 cognoverit
964 1045 1068 1100 quid
1090 1045 1268 1088 faciat?
1296 1044 1332 1071 5⁹
1352 1046 1707 1102 Responderunt,
1735 1053 1778 1090 et
1805 1048 2009 1092 dixerunt

176 1105 214 1147 ei
248 1121 257 1148 :
280 1103 508 1159 Numquid
535 1109 578 1146 et
603 1110 650 1145 tu
674 1104 888 1147 Galilaeus
911 1104 991 1147 es‘?
1017 1104 1221 1148 Scrutare
1247 1105 1517 1163 Scripturas,
1545 1111 1588 1149 et
1613 1106 1714 1149 vide
1741 1107 1842 1162 quia
1867 1122 1893 1149 a
1919 1109 2008 1151 Ga-

176 1163 295 1206 lilaea
312 1164 526 1221 propheta
553 1176 640 1205 non
667 1163 821 1219 surgit.
846 1162 882 1189 53
901 1163 958 1206 Et
975 1164 1137 1206 reversi
1160 1169 1264 1207 sunt
1277 1164 1577 1220 unusquisque
1594 1165 1641 1207 in
1664 1165 1842 1208 domum
1869 1181 2008 1210 suam.

235 1222 341 1266 CAP.
370 1222 503 1265 VIII.
525 1248 585 1254 —
610 1221 622 1247 ¹
645 1223 775 1265 566116
798 1227 949 1265 autem
971 1223 1164 1279 perrexit
1188 1223 1234 1266 in
1257 1228 1454 1267 montem
1481 1223 1658 1267 Oliveti.
1690 1223 1707 1249 ‘2
1726 1225 1784 1267 Et
1814 1224 2010 1268 diluculo

175 1282 334 1325 iterum
359 1281 480 1324 venit
506 1281 551 1323 in
578 1281 814 1337 templum,
842 1286 885 1324 et
911 1282 1053 1324 omnis
1079 1282 1267 1338 populus
1292 1283 1414 1326 venit
1439 1283 1496 1326 ad
1522 1297 1620 1326 eum
1642 1301 1650 1338 ;
1679 1289 1722 1327 et
1751 1283 1908 1327 sedens
1934 1284 2009 1328 do-

175 1341 304 1384 cebat
340 1354 425 1383 eos.
460 1340 738 1383 3Adducunt
774 1346 924 1383 autem
961 1341 1118 1384 scribae
1156 1346 1199 1384 et
1228 1342 1436 1398 pharisaei
1467 1342 1697 1385 mulierem
1720 1343 1766 1385 in
1791 1343 2009 1387 adulterio

175 1400 516 1456 deprehensam,
554 1406 596 1443 et
633 1404 883 1443 statuerunt
917 1414 1015 1442 eam
1051 1400 1097 1442 in
1133 1401 1299 1456 medio,
1326 1400 1343 1426 4
1364 1406 1408 1443 et
1434 1401 1640 1444 dixerunt
1674 1402 1712 1445 ei
1741 1416 1749 1443 t
1779 1403 2007 1459 Magister,

175 1459 269 1503 haec
303 1458 460 1502 mulier
494 1458 624 1501 modo
662 1458 933 1514 deprehensa
970 1464 1036 1502 est
1072 1459 1116 1501 in
1149 1459 1382 1503 adulterio.
1417 1461 1505 1502 ⁵In
1541 1460 1638 1516 1686
1663 1465 1811 1504 31116111
1834 1462 2008 1519 Moyses

175 1517 407 1561 mandavit
437 1517 564 1559 nobis
598 1517 854 1572 hujusmodi
889 1517 1100 1574 lapidare.
1132 1519 1199 1560 Tu
1233 1533 1336 1574 6180
1367 1519 1472 1574 quid
1506 1519 1652 1562 dicis?
1684 1520 1701 1545 6
1727 1521 1825 1563 Ηο6
1858 1527 2009 1564 autem

176 1577 384 1620 dicebant
408 1580 632 1619 tentantes
655 1590 776 1630 eum,
800 1581 848 1618 ut
873 1582 1052 1633 possent
1077 1591 1285 1620 accusare
1312 1592 1424 1621 eum.
1449 1579 1579 1621 566116
1611 1583 1762 1622 31116111
1787 1579 2009 1623 111611113116

175 1650 219 1679 66
245 1635 468 1690 (1601611111,
493 1634 634 1690 digito
659 1635 883 1678 scribebat
911 1635 958 1677 in
990 1640 1119 1678 terra.
1144 1635 1158 1661 7
1183 1636 1293 1679 Cum
1327 1651 1431 1692 ergo
1464 1644 1793 1693 perseverarent
1825 1639 2008 1683 interro—

172 1699 330 1750 gantes
352 1708 475 1749 eum,
499 1693 639 1736 erexit
664 1707 730 1746 se,
757 1698 800 1736 et
822 1694 936 1736 dixit
958 1694 1019 1737 eis
1050 1711 1058 1738 ε
1085 1695 1167 1745 Qui
1194 1694 1287 1738 sine
1314 1702 1496 1752 peccato
1519 1701 1585 1739 est
1609 1701 1826 1752 vestrum,
1842 1698 2009 1754 primus

172 1753 218 1796 in
253 1753 379 1796 illam
415 1753 613 1809 lapidem
650 1752 814 1795 mittat.
850 1753 942 1796 8Et
976 1753 1136 1797 iterum
1173 1768 1218 1797 se
1254 1754 1498 1811 inclinans,
1537 1755 1758 1798 scribebat
1793 1757 1840 1798 in
1879 1762 2007 1801 terra.

173 1812 190 1839 9
208 1812 455 1856 Α11(11611166
480 1817 632 1855 autem
653 1827 766 1855 unus
790 1818 890 1869 post
911 1828 1048 1856 unum
1078 1813 1284 1869 exibant,
1319 1814 1581 1870 incipientes
1614 1829 1639 1857 a
1672 1815 1938 1872 senioribus,
1966 1823 2009 1860 61

172 1871 385 1916 remansit
409 1871 528 1915 solus
550 1872 578 1914 J
582 1886 702 1926 esus,
721 1877 764 1915 et
783 1871 942 1915 mulier
961 1872 1008 1915 in
1034 1873 1180 1915 medio
1203 1878 1338 1917 stans.
1360 1873 1396 1900 '¹⁰
1413 1873 1601 1929 Erigens
1626 1880 1775 1918 autem
1798 1889 1842 1918 se
1864 1877 1893 1919 5
1897 1890 2007 1932 esus,

174 1931 287 1975 dixit
323 1931 364 1974 ei
395 1948 404 1975 t
438 1930 612 1986 Mulier,
651 1930 726 1973 ubi
760 1936 863 1974 sunt
896 1931 969 1987 qui
1002 1937 1046 1975 te
1082 1932 1391 1975 accusabant?
1419 1947 1547 1976 1161110
1581 1939 1624 1977 16
1658 1934 2007 1979 condemnavit?

173 1990 206 2017 1¹
227 1989 333 2041 Quae
359 1990 473 2033 dixit
504 2007 511 2034 :
534 1990 699 2046 Nemo,
729 1991 932 2034 Domine.
959 1991 1086 2034 Dixit
1114 1997 1265 2036 autem
1295 1992 1425 2035 566116
1460 2008 1468 2036 :
1502 1992 1596 2035 Nec
1623 2007 1702 2048 ego
1737 1998 1780 2036 te
1802 1994 2007 2038 condem-

172 2050 316 2104 nabo,
344 2050 476 2105 vade,
506 2054 549 2092 et
574 2049 669 2105 jam
694 2049 885 2107 amplius
910 2050 1001 2093 noli
1024 2065 1221 2107 peccare.

233 2107 268 2135 ¹2
284 2110 454 2152 Iterum
480 2123 584 2165 ergo
609 2109 781 2152 locutus
805 2114 870 2152 est
895 2109 957 2152 eis
983 2110 1134 2166 566116,
1159 2110 1312 2154 (1166116
1342 2128 1350 2155 :
1382 2112 1478 2167 Ego
1507 2126 1604 2154 sum
1626 2111 1702 2154 lux
1726 2112 1906 2168 mundi3
1935 2114 2008 2169 qui

172 2168 368 2224 sequitu-r
386 2183 470 2224 me,
486 2182 574 2211 non
597 2167 798 2211 ambulat
819 2168 866 2211 in
888 2169 1095 2225 tenebris,
1123 2169 1200 2212 sed
1222 2169 1407 2213 habebit
1425 2171 1574 2214 lumen
1592 2170 1712 2213 vitae.
1735 2171 1769 2197 ¹3
1788 2171 2008 2215 Dixerunt

171 2242 276 2284 6180
301 2228 341 2271 61
363 2227 570 2285 pharisaei
597 2244 604 2271 :
631 2228 698 2270 Tu
725 2227 778 2270 de
804 2227 945 2285 teipso
968 2228 1275 2271 testimonium
1295 2229 1527 2285 perhibes3
1557 2229 1861 2273 testimonium
1882 2235 2007 2274 tuum

170 2301 259 2330 non
285 2292 352 2330 est
376 2301 544 2330 verum.
573 2286 608 2313 ¹³¹
633 2287 878 2343 Respondit
903 2287 1054 2343 566116,
1089 2292 1133 2330 61
1159 2287 1272 2330 dixit
1305 2288 1366 2330 eis
1397 2305 1404 2332 :
1436 2289 1492 2331 Et
1522 2288 1558 2332 si
1591 2303 1672 2344 ego
1701 2289 2007 2333 testimonium

171 2346 380 2403 perhibeo
403 2346 457 2389 de
484 2346 673 2403 meipso,
697 2361 852 2390 verum
878 2351 943 2389 est
968 2346 1272 2390 testimonium
1304 2361 1472 2403 meum,
1501 2348 1602 2404 quia
1625 2348 1715 2391 scio
1741 2349 1857 2392 unde
1882 2349 2005 2406 veni,

171 2411 215 2448 et
240 2419 324 2461 quo
346 2405 459 2449 vado
482 2423 490 2461 ;
518 2420 596 2449 vos
621 2411 773 2450 autem
799 2405 979 2449 nescitis
1006 2406 1123 2449 unde
1144 2406 1295 2462 venio,
1321 2411 1399 2449 aut
1424 2421 1507 2463 quo
1533 2407 1662 2450 vado.
1687 2406 1722 2433 ¹5
1741 2409 1830 2451 Vos
1852 2422 2006 2451 secun-

171 2464 278 2507 dum
303 2479 481 2508 carnem
505 2465 742 2521 judicatis,
771 2479 852 2521 ego
884 2479 973 2508 11011
1005 2465 1160 2522 judico
1191 2480 1485 2521 quemquam,
1523 2465 1558 2493 ¹⁶
1573 2471 1615 2509 et
1643 2466 1680 2509 si
1712 2466 1865 2522 judico
1899 2482 2002 2523 680,

169 2523 388 2580 judicium
422 2539 569 2567 meum
601 2539 755 2568 verum
789 2529 875 2580 est,
911 2524 1012 2580 quia
1045 2524 1162 2568 solus
1195 2539 1283 2568 non
1313 2539 1410 2568 sum
1444 2542 1452 2569 :
1485 2525 1562 2569 sed
1595 2539 1696 2581 680,
1725 2525 1863 2581 etqui
1886 2526 2006 2570 misit

169 2597 253 2639 me,
280 2584 426 2626 Pater.
450 2583 484 2609 ‘¹⁷
505 2585 563 2626 Et
584 2584 630 2626 in
652 2584 749 2639 1686
775 2590 921 2628 vestra
947 2584 1162 2640 scriptum
1189 2589 1267 2640 est,
1296 2585 1397 2640 quia
1420 2584 1604 2628 duorum
1630 2584 1859 2627 hominum
1883 2586 2005 2628 testi-

170 2642 368 2685 monium
393 2657 548 2686 verum
570 2648 649 2686 est.
679 2643 712 2669 ¹⁸
731 2643 828 2699 Ego
853 2658 952 2687 sum
978 2643 1051 2699 qui
1074 2643 1378 2687 testimonium
1410 2644 1620 2700 perhibeo
1655 2644 1708 2687 de
1738 2644 1905 2701 meipso
1926 2663 1934 2700 3
1963 2651 2007 2688 et

170 2700 475 2744 testimonium
507 2702 711 2759 perhibet
745 2702 799 2745 de
833 2717 902 2746 me
933 2703 1007 2759 qui
1041 2703 1163 2746 misit
1192 2717 1282 2759 me,
1316 2703 1460 2747 Pater.
1497 2703 1532 2729 '¹⁰
1552 2703 1774 2747 Dicebant
1796 2718 1900 2760 ergo
1926 2704 1966 2747 ei
1995 2722 2004 2749 ε

171 2760 262 2804 Ubi
292 2766 357 2804 est
389 2761 522 2804 Pater
554 2766 655 2804 tuus
675 2762 696 2805 ‘?
725 2762 970 2818 Respondit
1003 2762 1135 2805 566116
1165 2779 1174 2806 :
1207 2763 1361 2818 Neque
1396 2777 1466 2805 me
1491 2763 1634 2818 scitis,
1662 2777 1803 2818 neque
1826 2763 2004 2807 Patrem

170 2833 344 2874 meum,
379 2819 415 2862 si
449 2834 520 2863 me
553 2820 744 2877 sciretis,
780 2821 969 2864 forsitan
1005 2826 1048 2864 et
1082 2826 1253 2877 patrem
1287 2835 1433 2864 meum
1459 2821 1643 2864 sciretis.
1670 2821 1707 2848 ‘²⁰
1732 2822 1845 2865 Haec
1870 2822 2004 2865 verba

169 2878 342 2922 locutus
379 2884 444 2922 est
479 2880 608 2922 566116
641 2879 687 2922 111
720 2880 1062 2936 gazophylacio,
1097 2880 1259 2923 docens
1291 2880 1338 2922 in
1371 2880 1566 2937 temp103
1607 2886 1650 2924 et
1686 2895 1816 2924 nemo
1849 2895 2003 2938 appre-

169 2937 325 2981 hendit
351 2952 471 2994 eum,
499 2938 601 2994 quia
631 2939 819 2982 necdum
845 2944 1027 2982 venerat
1056 2940 1162 2982 hora
1189 2939 1300 2995 ejus.

227 2996 261 3024 2¹
288 2997 413 3040 Dixit
440 3012 542 3054 ergo
567 2997 729 3041 iterum
755 2998 816 3041 eis
839 2999 971 3041 Jesus
1005 3015 1012 3042 :
1041 3000 1134 3054 Ego
1162 2998 1296 3054 vado,
1324 3005 1367 3042 et
1401 2999 1606 3055 quaeretis
1641 3014 1731 3055 me,
1759 3005 1803 3043 et
1831 3000 1878 3043 in
1903 3015 2003 3058 pec-

169 3062 267 3101 cato
295 3062 439 3100 vestro
461 3057 725 3100 moriemini.
749 3057 842 3107 Quo
862 3071 944 3113 680
962 3057 1099 3113 vado,
1115 3072 1192 3101 vos
1214 3071 1302 3100 non
1327 3057 1511 3115 potestiS
1536 3058 1699 3102 venire.
1726 3058 1763 3085 22
1781 3059 2003 3103 Dicebant

169 3130 271 3172 ergo
297 3116 325 3159 5
330 3116 446 3160 udaei
481 3133 489 3160 :
517 3116 746 3173 Numquid
767 3116 1006 3160 interficiet
1026 3117 1334 3174 semetipsum,
1353 3117 1457 3174 quia
1482 3117 1595 3160 dixit
1618 3134 1626 3162 :
1649 3118 1743 3169 Quo
1765 3133 1847 3175 ego
1872 3119 1999 3174 vado,

168 3188 246 3218 vos
271 3190 359 3219 non
381 3176 564 3232 potestis
591 3175 778 3220 venire?
805 3174 842 3202 ‘23
857 3177 915 3219 Et
940 3175 1118 3219 dicebat
1143 3176 1205 3220 eis
1236 3193 1244 3220 :
1268 3177 1358 3220 Vos
1381 3176 1435 3220 de
1457 3176 1661 3220 deorsum
1686 3177 1812 3232 estis,
1843 3192 1924 3233 680
1948 3177 2002 3221 (16

168 3235 368 3291 supernis
409 3249 519 3279 sum.
553 3237 646 3280 Vos
679 3235 733 3279 de
767 3234 930 3278 mundo
964 3235 1046 3278 hoc
1084 3235 1209 3291 estis,
1247 3250 1328 3292 ego
1359 3250 1447 3279 non
1483 3250 1581 3279 sum
1620 3236 1673 3280 de
1706 3236 1788 3278 hoc
1823 3236 1999 3280 mundo.

169 3292 206 3320 24
225 3294 330 3337 Dixi
356 3308 461 3351 ergo
486 3295 612 3338 vobis
639 3295 740 3352 quia
766 3293 1014 3338 moriemini
1040 3293 1085 3337 in
1111 3295 1306 3352 peccatis
1328 3296 1483 3339 vestris
1504 3313 1512 3350 ;
1541 3295 1577 3338 61
1600 3295 1718 3338 6111111
1745 3309 1830 3337 11011
1861 3295 1998 3338 credi-

169 3352 321 3396 deritis
346 3354 447 3410 quia
474 3369 554 3410 ego
580 3369 700 3408 sum,
725 3353 973 3397 moriemini
997 3354 1044 3397 in
1073 3360 1255 3411 peccato
1282 3360 1441 3398 vestro.
1481 3353 1517 3381 2⁵
1537 3354 1759 3397 Dicebant
1792 3368 1895 3410 ergo
1918 3353 1956 3397 ei
1990 3371 1998 3399 :

169 3410 236 3454 Tu
262 3413 358 3468 quis
387 3413 468 3456 es‘?
492 3413 619 3456 Dixit
645 3414 707 3457 eis
740 3414 767 3456 J
773 3427 870 3456 esus
905 3430 912 3457 :
948 3412 1242 3470 Principium,
1270 3414 1342 3470 qui
1376 3419 1418 3457 et
1447 3413 1600 3469 loquor
1631 3412 1770 3457 vobis.
1802 3410 1839 3439 2⁶
1856 3412 1998 3456 Multa

169 3584 217 3617 42]
235 3583 335 3613 Mich.
352 3585 388 3620 v,
402 3587 428 3614 2.
446 3586 568 3615 Matth.
584 3587 630 3622 11,
647 3590 672 3615 6.
686 3602 722 3606 —
734 3588 782 3621 50]
802 3586 879 3619 sup.
899 3587 964 3621 III,
978 3588 1004 3614 2.
1019 3601 1053 3605 —
1066 3587 1114 3620 51]
1132 3587 1229 3614 Dent.
1242 3585 1351 3618 XVII,
1369 3589 1385 3615 8
1399 3587 1434 3614 et
1451 3584 1546 3619 XIX,
1564 3587 1607 3613 15.
1621 3599 1655 3603 —
1672 3584 1702 3618 5]
1720 3584 1799 3613 Lev.
1811 3585 1888 3620 XX,
1902 3586 1946 3614 10.
1962 3600 1999 3604 —-

170 3629 200 3660 ⁷]
217 3628 314 3656 Deut.
331 3628 445 3664 XVII,
462 3631 487 3659 7.
501 3645 537 3650 —
555 3632 602 3665 12]
622 3631 637 3659 1
659 3632 756 3660 Joan.
775 3632 808 3666 1,
825 3635 851 3659 5.
870 3646 905 3650 —
927 3630 973 3665 17]
994 3631 1092 3658 Deut.
1110 3630 1228 3664 XVII,
1250 3632 1266 3657 6
1283 3632 1317 3657 et
1339 3629 1443 3664 XIX,
1460 3632 1502 3657 15.
1522 3628 1643 3657 Mattn.
1661 3628 1793 3665 XVIII,
1811 3632 1854 3658 16.
1873 3629 1907 3657 II
1926 3629 2006 3658 cor.-

169 3672 270 3709 XIII,
287 3676 312 3702 1.
330 3674 433 3704 Hebr.
451 3675 494 3711 X,
510 3678 554 3705 28.
573 3692 609 3696 —
625 3678 673 3711 26]
693 3677 787 3705 Rom.
807 3676 873 3711 III,
890 3678 915 3704 4.

2107 649 2139 675 3⁰
2162 645 2281 678 Omnio

2079 688 2267 722 Synedroru
2274 696 2312 716 111.

2140 1293 2261 1322 Muner

2116 1336 2280 1365 adultera.

2093 2129 2162 2158 Alii
2180 2137 2303 2159 sermo·

2092 2181 2152 2202 nes
2170 2174 2295 2203 01111611

2073 2220 2150 2250 post
2174 2218 2315 2246 festum.

2093 2265 2124 2290 1⁰
2142 2263 2296 2291 solemne

2072 2307 2111 2335 de
2130 2314 2164 2335 66
2182 2306 2255 2340 ipso
2270 2310 2316 2335 te-

2090 2348 2299 2379 stimonium.

2088 3010 2119 3035 20
2142 3008 2180 3034 111
2201 3005 2288 3034 Chri-

2103 3053 2194 3077 stum
2212 3057 2279 3078 non

2102 3093 2278 3122 credentes

2094 3135 2290 3166 damnandh
