2423 3861
168 908 230 936 Sed
246 909 345 935 antea

133 952 223 980 duda
250 950 375 979 desola-

206 994 307 1022 bitur.

163 1497 353 1530 Descriptio

187 1540 329 1570 laetioris

156 1585 258 1614 sortis
267 1607 274 1618 .
296 1585 358 1620 piis

162 1632 350 1659 reservatae.

174 2166 344 2195 Praedator

151 2209 363 2244 pnfflabitur.

182 2765 331 2793 vastitas

150 2810 192 2836 ab
208 2808 366 2836 hostibus

136 2852 231 2880 illata
244 2854 377 2881 ‚Jerusa-

147 2898 211 2925 lem
225 2919 230 2924 .
249 2897 367 2925 deinde

182 2948 279 2969 versa
300 2941 332 2970 in

172 2985 339 3018 propriam

188 3029 328 3059 ruinam.

154 3292 367 3323 Conditiones

194 3335 324 3365 salutis.

443 135 529 178 820
953 132 1014 174 15.
1048 130 1251 183 xxxii,
1288 130 1314 171 3
1345 156 1403 160 -
1436 130 1668 182 xxxiii,
1704 130 1770 172 15.

443 307 628 351 deserta.
652 306 669 332 3
691 306 790 347 Non
811 301 1072 357 caligabunt
1091 300 1207 342 oculi
1231 299 1500 354 videntium,
1526 304 1569 341 et
1586 313 1716 342 aures
1739 300 2018 344 audientium
2038 302 2290 359 diligenter

441 364 770 409 auscultabunt.
793 362 809 388 ‘¹
836 362 892 403 Et.
914 374 987 403 cor
1011 359 1250 402 stult-orum
1269 358 1495 414 intelliget-
1519 357 1776 410 scientiam,
1802 364 1845 401 et
1869 357 2025 415 lingua
2045 361 2278 405 balborum

441 423 651 468 velociter
676 422 878 476 loquetur
907 425 950 462 et
982 419 1127 476 plane.
1162 417 1180 444 ⁵
1209 418 1310 461 Non
1344 417 1576 460 vocabitur
1609 417 1725 460 ultra
1763 417 1801 460 is
1835 418 1910 473 qui
1942 419 2157 477 insipiens
2186 434 2279 477 est,

442 484 664 541 princeps,
696 494 836 535 neque
877 477 1191 521 fraudulentus
1220 476 1519 534 appellabitur
1557 476 1724 532 major,
1769 476 1786 502 ⁶
1807 477 1969 521 stultus
2003 479 2122 523 enim
2150 481 2279 524 fatua

441 543 662 598 loquetur,
701 545 744 582 et
781 553 855 582 cor
887 538 984 594 ejus
1023 537 1165 580 faciet
1200 536 1506 592 iniquitatem,
1537 542 1585 578 ut
1621 535 1822 592 perficiat
1851 536 2203 596 simulationem,
2238 549 2281 583 et-

441 601 646 656 loquatur
665 598 723 641 ad
748 597 992 641 Dominum
1013 596 1345 651 fraudulenter,
1371 600 1414 638 et
1435 609 1626 638 vacuam
1647 595 1792 638 faciat
1811 595 2012 640 animam
2029 598 2280 654 esurientis,

441 671 482 703 et
515 664 670 716 potum
701 657 870 701 sitienti
907 656 1099 700 auferat.
1131 655 1148 681 ·7
1183 655 1476 698 Fraudulenti
1507 669 1613 697 vasa
1646 655 1839 711 pessima
1868 661 1996 712 sunt3
2030 657 2126 714 ipse
2161 660 2284 703 enim

441 718 733 774 cogitationes
763 716 1050 760 concinnavit
1078 715 1136 758 ad
1169 714 1415 771 perdendos
1452 714 1582 757 mites
1611 714 1893 773 insermene
1923 716 2160 772 mendacii,
2179 733 2282 762 cum

443 779 692 834 loqueretur
716 790 882 834 pauper
907 775 1139 832 judicium.
1167 773 1184 800 ⁸
1209 773 1422 830 Princeps
1446 787 1548 816 vero
1581 787 1633 816 ea
1662 788 1761 829 quae
1790 774 1929 830 digna
1954 782 2059 819 sunt
2083 777 2282 834 principe

382 837 386 840 ’
441 836 678 893 cogitabit,
705 842 749 879 et
774 836 868 893 ipse
889 849 1022 892 super
1041 835 1177 878 duces
1198 833 1352 878 stabit.

500 897 517 923 ⁹
537 896 746 939 Mulieres
770 895 1014 952 opulentae,
1037 894 1225 950 surgite,
1253 898 1297 936 et
1318 893 1470 936 audite
1495 907 1649 937 vocem
1675 908 1845 948 meam3
1873 894 1977 938 filiae
1994 895 2291 951 confidentes,
2352 927 2358 932 -

440 956 653 1014 percipite
674 955 856 998 auribus
878 954 1104 1011 eloquium
1129 968 1292 997 meum.
1321 952 1357 979 ¹⁰
1379 954 1486 996 Post
1513 953 1606 996 dies
1640 953 1758 996 enim
1789 959 1833 996 et
1864 968 2054 1010 annum,
2081 969 2158 999 vos
2182 969 2283 999 con-

441 1015 731 1059 turbabimini
761 1014 1060 1069 confidentes3
1088 1019 1396 1057 consummata
1423 1018 1488 1056 est
1517 1013 1638 1056 enim
1660 1012 1910 1069 vindemia,
1938 1014 2143 1058 collectio
2168 1015 2283 1058 ultra-

442 1090 526 1119 non
554 1076 714 1118 veniet.
743 1074 776 1100 '¹¹
805 1074 1141 1131 Obstupescite,
1166 1072 1418 1129 opulentee3
1443 1072 1793 1129 conturbamini,
1813 1073 2110 1129 confidentes,
2134 1075 2284 1118 exuite

442 1151 516 1182 vos
545 1142 587 1178 et
609 1133 961 1189 confundimini,
984 1133 1208 1189 accingite
1239 1132 1414 1175 lumbos
1448 1137 1630 1175 vestros.
1658 1131 1691 1158 ¹⁶2
1718 1132 1860 1189 Super
1892 1133 2029 1176 ubera
2059 1133 2261 1191 plangite
2274 1168 2292 1189 ,.

441 1210 569 1253 super
602 1194 782 1250 regione
812 1192 1118 1248 desiderabili,
1154 1206 1287 1249 super
1318 1191 1450 1235 vinea
1484 1191 1639 1235 fertili.
1673 1191 1708 1218 ‘¹3
1740 1192 1880 1249 Super
1909 1192 2095 1236 humum
2132 1193 2284 1251 populi

442 1256 527 1299 mei
549 1255 690 1312 spinae
717 1259 760 1297 et
781 1267 936 1310 vepres
960 1253 1229 1308 ascendent,
1259 1256 1424 1308 quanto
1450 1251 1595 1307 magis
1621 1266 1752 1309 super
1776 1265 1929 1295 omnes
1952 1252 2106 1296 domos
2128 1252 2284 1310 gaudii

443 1315 638 1358 civitatis
664 1313 927 1358 exultantis!
955 1312 990 1339 ¹4
1014 1313 1183 1355 Domus
1215 1311 1335 1355 enim
1368 1311 1551 1354 dimissa
1585 1315 1673 1367 est,
1705 1311 1946 1354 multitudo
1976 1312 2098 1356 urbis
2130 1312 2286 1356 relicta

441 1382 532 1429 est,
553 1374 749 1417 tenebrae
772 1379 815 1417 et
848 1373 1046 1431 palpatio
1079 1374 1218 1416 factae
1245 1377 1348 1415 sunt
1378 1385 1511 1428 super
1541 1371 1776 1428 speluncas
1811 1384 1949 1427 usque
1977 1372 2024 1414 in
2055 1378 2304 1428 aeternunu,

444 1435 658 1491 gaudium
693 1447 981 1490 onagrorum,
1005 1447 1169 1489 pascua
1195 1446 1395 1488 gregum.

502 1495 537 1520 ¹⁵
560 1495 712 1537 Donec
738 1493 996 1536 effundatur
1015 1506 1148 1549 super
1176 1507 1255 1535 nos
1289 1492 1470 1550 spiritus
1502 1492 1556 1537 de
1590 1492 1786 1544 excelso,
1816 1498 1861 1536 et
1881 1493 1965 1536 erit
1988 1492 2212 1536 desertum
2238 1492 2285 1535 in

443 1553 662 1609 charmel,
686 1558 729 1596 et
755 1552 952 1595 charmel
976 1552 1024 1595 in
1047 1552 1212 1595 saltum
1244 1551 1535 1608 reputabitur.
1570 1552 1605 1578 ¹0
1631 1553 1689 1595 Et
1714 1552 1938 1595 habitabit
1971 1552 2016 1594 in
2045 1549 2287 1595 solitudine

442 1613 683 1669 judicium,
709 1617 754 1656 et
774 1612 951 1669 justitia
976 1612 1022 1654 in
1046 1612 1242 1654 charmel
1269 1611 1453 1654 sedebit.
1486 1611 1518 1637 ¹⁷
1543 1613 1599 1654 Et
1633 1612 1716 1654 erit
1748 1624 1857 1668 opus
1888 1611 2081 1667 justitiae
2107 1625 2216 1668 pax,
2242 1620 2286 1654 et
2310 1635 2319 1643 ·

442 1672 588 1715 cultus
629 1672 818 1728 justitiae
848 1671 1097 1725 silentium,
1132 1676 1176 1714 et
1209 1671 1423 1714 securitas
1463 1685 1600 1727 usque
1628 1671 1674 1714 in
1704 1671 2039 1728 sempiternum.
2075 1669 2111 1697 ¹⁸
2137 1670 2196 1713 Et
2221 1685 2286 1714 se-

442 1731 566 1775 debit
587 1732 774 1789 populus
797 1745 921 1775 meus
947 1731 993 1773 in
1027 1730 1360 1788 pulchritudine
1386 1730 1529 1786 pacis,
1558 1736 1601 1774 et
1622 1730 1668 1773 in
1695 1730 1995 1774 tabernaculis
2017 1730 2217 1786 fiduciae,
2245 1742 2286 1773 et

442 1791 488 1834 in
510 1792 660 1847 requie
686 1791 909 1848 opulenta.
945 1790 981 1816 ¹9
1003 1791 1184 1834 Grando
1208 1796 1361 1833 autem
1387 1790 1434 1832 in
1460 1790 1747 1833 descensione
1769 1790 1935 1846 saltus,
1966 1795 2010 1833 et
2030 1789 2287 1833 humilitate

443 1850 753 1894 humiliabitur
777 1851 951 1894 civitas.
982 1849 1019 1876 ‘20
1043 1850 1191 1897 Beati,
1217 1850 1290 1906 qui
1322 1849 1552 1892 seminatis
1584 1864 1715 1906 super
1744 1863 1896 1892 omnes
1926 1863 2085 1905 aquae,
2119 1849 2285 1892 inimit-

442 1915 584 1954 tentes
607 1910 766 1968 pedem
791 1910 918 1954 bovis
940 1916 984 1954 et
1003 1910 1132 1953 asini.

570 2034 593 2090 ξ
620 2034 669 2077 V.
700 2059 752 2065 —-
784 2034 855 2076 Voe
883 2035 1085 2089 quintum
1108 2050 1122 2076 .·
1149 2034 1343 2089 confusis
1365 2033 1589 2087 Assyriis,
1613 2032 1867 2074 Jerusalem
1890 2031 2158 2074 liberabitur.

501 2150 607 2192 CAP.
643 2150 868 2192 XXXIII,
895 2175 954 2182 ——
988 2150 995 2174 ¹
1030 2151 1110 2192 Vae
1138 2149 1209 2205 qui
1246 2149 1479 2205 praedaris!
1515 2163 1661 2192 nonne
1692 2154 1734 2191 et
1771 2148 1866 2204 ipse
1907 2148 2210 2204 praedaberis?
2243 2156 2285 2192 et

443 2209 515 2264 qui
542 2209 732 2265 spernis,
755 2223 900 2252 nonne
915 2216 958 2251 et
976 2209 1071 2265 ipse
1089 2209 1338 2265 sperneris?
1358 2208 1471 2252 Cum
1495 2207 1873 2251 consunn’naveris
1893 2207 2284 2266 depraedationem,

443 2268 770 2324 depr-‹edaberis
788 2285 796 2323 3
818 2283 918 2310 cuin
938 2268 1160 2324 fatigatus
1181 2268 1362 2311 desieris
1387 2274 1689 2319 contemnere,
1710 2267 2021 2311 contemneris.
2044 2265 2062 2292 2
2080 2267 2283 2323 Domine,

443 2328 648 2371 miserere
674 2328 832 2382 nostri,
861 2332 903 2371 te
929 2327 1049 2371 enim
1069 2328 1429 2385 expectavimus;
1458 2333 1553 2371 esto
1571 2327 1806 2370 brachium
1836 2331 2036 2369 nostrum
2066 2327 2112 2369 in
2135 2342 2284 2391 mane,

443 2393 485 2430 et
510 2387 628 2430 salus
651 2392 801 2430 nostra
825 2387 872 2430 in
897 2392 1096 2444 tempore
1122 2387 1436 2430 tribulationie.
1464 2385 1482 2414 3
1503 2388 1544 2430 A
1565 2401 1672 2430 voce
1697 2386 1847 2442 angeli
1869 2386 2084 2441 fugerunt
2108 2387 2284 2444 populi,

443 2452 485 2490 et
516 2447 572 2489 ab
603 2447 875 2490 exaltatione
904 2452 981 2490 tua-
1015 2447 1226 2504 dispersae
1255 2452 1360 2490 sunt
1392 2452 1561 2503 gentes.
1593 2446 1611 2473 4
1638 2447 1694 2489 Et
1725 2445 2116 2501 congregabuntur
2143 2446 2282 2502 spolia

442 2512 585 2549 vestra
626 2507 740 2549 sicut
778 2507 1005 2562 colligitur
1044 2507 1260 2564 bruchus,
1298 2506 1422 2550 velut
1452 2520 1551 2549 cum
1583 2506 1718 2549 fossae
1754 2506 1897 2562 plenae
1929 2504 2098 2548 fuerint
2127 2504 2182 2548 de
2219 2520 2282 2548 eo.

443 2566 460 2591 5
485 2566 800 2621 Magnificatus
826 2572 892 2609 est
916 2567 1155 2623 Dominus,
1182 2567 1392 2622 quoniam
1418 2566 1640 2609 habitavit
1661 2566 1706 2608 in
1726 2564 1923 2617 excels03
1950 2563 2154 2620 implevit
2179 2564 2282 2608 Sion

442 2625 608 2680 judicio
633 2631 676 2669 et
697 2626 888 2682 justitia.
911 2626 930 2652 ⁰
956 2627 1013 2669 Et
1044 2626 1127 2670 erit
1151 2626 1260 2669 fides
1288 2626 1335 2668 in
1369 2626 1642 2682 temporibus
1678 2626 1790 2677 tuis3
1827 2623 1996 2667 divitiae
2025 2622 2182 2666 salutis
2215 2638 2281 2666 sa-

443 2684 607 2740 pientia
634 2691 677 2728 et
701 2686 913 2739 scientia,
943 2686 1074 2729 timor
1101 2686 1281 2729 Domini
1302 2686 1396 2742 ipse
1423 2692 1488 2728 est
1510 2686 1743 2728 thesaurus
1774 2685 1884 2739 ejus.

501 2744 516 2770 7
542 2745 656 2787 Eece
685 2745 888 2788 videntes
922 2745 1182 2789 clamabunt
1211 2745 1342 2800 foris,
1373 2745 1521 2801 angeli
1552 2745 1674 2802 pacis
1702 2758 1853 2787 amare
1881 2743 2063 2787 flebunt.
2099 2742 2116 2769 ⁸
2141 2743 2279 2786 Dissi-

443 2809 558 2860 patae
589 2809 692 2847 sunt
721 2804 828 2861 viae,
856 2806 1047 2848 cessavit
1072 2805 1290 2848 transiens
1324 2819 1400 2861 per
1431 2805 1663 2858 semitam;
1695 2804 1869 2846 irritum
1901 2802 2075 2846 factum
2108 2806 2174 2845 est
2206 2817 2279 2860 pa-

444 2869 577 2918 ctum,
598 2864 786 2920 projecit
812 2865 1028 2921 civitates,
1052 2879 1140 2908 non
1161 2864 1387 2921 reputavit
1408 2864 1624 2908 homines.
1647 2863 1665 2891 9
1688 2862 1823 2918 Luxit
1845 2867 1888 2905 et
1911 2861 2114 2917 elanguit
2139 2867 2278 2913 terra;

443 2922 655 2965 confusus
678 2928 744 2966 est
769 2924 991 2980 Libanus,
1015 2930 1058 2968 et
1084 2924 1336 2977 obsoffluit;
1374 2931 1417 2966 et
1438 2924 1588 2967 factus
1618 2928 1685 2967 est
1718 2923 1854 2966 Saron
1887 2921 2001 2964 sicut
2031 2921 2276 2976 dese1·t.un1;

443 2986 485 3023 et
513 2995 725 3025 concussa
751 2989 816 3026 est
844 2985 1010 3041 Basan,
1030 2990 1074 3028 et
1095 2984 1337 3028 Carmelus.
1749 3014 1752 3018 ι

503 3040 538 3066 ¹⁰
563 3041 604 3083 N
609 3055 693 3083 unc
720 3056 1004 3099 consurgam,
1033 3044 1141 3087 dicit
1168 3043 1409 3097 Dominus3
1440 3058 1556 3086 nunc
1579 3042 1828 3096 exaltabor,
1857 3055 1973 3085 nunc
2000 3041 2278 3086 sublevabor.

413 3141 415 3145 ,
443 3098 476 3127 ¹¹
500 3100 768 3157 Concipiens
795 3103 1017 3159 ardorem,
1044 3103 1483 3160 pa1·ietisstipulam;
1518 3101 1697 3158 spiritus
1720 3105 1862 3143 vester
1897 3106 1943 3143 ut
1968 3102 2084 3158 ignis
2106 3100 2279 3144 vorabit

442 3173 533 3204 vos,
560 3158 593 3185 ¹²
623 3159 679 3202 Et
707 3167 836 3203 erunt
869 3163 1019 3218 populi
1052 3163 1176 3218 quasi
1208 3163 1261 3206 de
1293 3162 1500 3205 lucendio
1530 3161 1660 3216 cinis,
1694 3159 1833 3216 spinae
1867 3165 2153 3217 congregatae
2186 3159 2279 3215 igni

442 3217 767 3262 comburentur.

501 3277 538 3305 ¹³
562 3278 748 3334 Audite,
773 3280 845 3335 qui
868 3280 1000 3336 longe
1021 3282 1145 3337 estis,
1173 3297 1272 3338 quae
1294 3280 1503 3333 secel-iun
1535 3286 1578 3324 et
1603 3281 1877 3335 cognoscite,
1914 3280 2068 3336 vicini,
2099 3278 2277 3324 fortitu-

443 3337 592 3381 dinem
618 3352 777 3382 meam.
801 3338 832 3365 ¹³¹
854 3339 1089 3383 Conterriti
1115 3349 1218 3384 sunt
1239 3341 1284 3384 in
1311 3342 1414 3385 Sion
1438 3346 1709 3397 peccatores,
1738 3339 1932 3396 possedit
1953 3345 2116 3383 tremor
2140 3340 2277 3396 hypo-

444 3399 587 3441 critas.
615 3398 719 3450 Quis
744 3399 905 3456 poterit
931 3399 1130 3443 habitare
1153 3400 1206 3443 de
1228 3401 1353 3444 vobis
1376 3413 1477 3443 cum
1498 3399 1602 3455 igne
1632 3397 1903 3442 devorante?
1931 3399 2027 3454 quis
2055 3398 2277 3442 habitabit

444 3471 497 3500 ex
514 3457 639 3500 vobis
658 3472 759 3501 cum
781 3458 1009 3501 ardoribus
1027 3459 1339 3515 sempiternis?
1366 3459 1398 3486 ¹5
1420 3458 1502 3509 Qui
1523 3457 1723 3500 ambulat
1746 3457 1790 3500 in
1813 3458 1997 3513 justitiis
2020 3464 2064 3500 et
2083 3457 2276 3514 loquitur

444 3516 695 3573 veritatem,
724 3517 796 3573 qui
819 3517 996 3574 projicit
1021 3518 1257 3560 avaritiam
1279 3533 1333 3562 ox
1360 3517 1607 3572 calumnia,
1643 3521 1686 3559 et
1712 3517 1881 3559 excutit
1911 3530 2067 3560 manus
2090 3528 2193 3560 suas
2218 3515 2274 3559 ab

445 3663 497 3694 32,
517 3662 561 3693 15]
582 3663 657 3693 5111».
680 3663 810 3695 XX1X‚
833 3666 872 3690 [ἶ.
893 3667 995 3689 ——.·;:}.
1018 3663 1130 3695 15]1‘s.
1152 3663 1283 3697 :mn-2.
