2456 3861
184 597 338 627 Cavenda

171 642 354 676 injustitia.

182 775 345 809 Reliqui-re

174 820 291 848 messis
313 827 350 847 ac

168 864 351 893 vindemite.

154 1369 307 1403 AEquitas
329 1369 363 1397 in

162 1413 300 1449 judiciis
318 1418 352 1442 ct

154 1458 364 1487 ministeriis.

224 1853 293 1880 Lex

176 1896 349 1925 leviratus·

138 2557 241 2584 Poena
262 2555 379 2583 uxoris

204 2599 313 2628 vlrnm

137 2645 235 2673 inodo
263 2644 380 2676 iniquo

145 2688 369 2717 defendentis.

152 2799 251 2829 Absit
269 2800 365 2828 fraus

140 2844 171 2874 in
187 2844 332 2877 pondere
346 2846 380 2872 et

175 2896 341 2918 mensura.

162 3088 359 3118 Amalecitae

191 3133 333 3162 delendi.

453 126 536 169 184
963 123 1110 165 DEUT.
1145 121 1315 171 XXIV,
1348 121 1401 161 14
1433 145 1493 150 —
1523 119 1667 172 XXV,
1702 118 1767 161 19.

448 289 484 315 ¹²*
496 289 596 332 Non
614 287 798 342 negabis
822 283 1069 328 mercedem
1094 281 1360 337 indigentis,
1381 287 1425 324 et
1446 280 1651 337 pauperis
1672 280 1827 323 fratris
1854 279 1940 333 tui,
1958 281 2053 324 sive
2069 281 2279 337 advenae,

445 348 521 404 qui
554 354 703 390 tecum
735 351 934 387 moratur
967 344 1011 384 in
1038 348 1175 395 terra,
1199 347 1244 383 et
1275 341 1393 382 intra
1424 346 1572 396 portas
1605 345 1704 381 tuas
1734 344 1824 394 est3
1850 337 1885 366 ¹⁵
1909 339 1986 382 sed
2019 341 2175 384 eadem
2206 341 2281 384 die

447 407 605 450 reddes
630 405 668 448 ei
694 404 885 461 pretium
911 401 1074 444 laboris
1097 400 1165 442 sui
1187 406 1291 443 ante
1313 399 1417 442 solis
1437 413 1657 448 occasum,
1675 399 1778 454 qnia
1799 412 1969 454 pauper
1990 404 2068 454 est,
2086 409 2131 443 et
2152 415 2206 444 ex
2227 414 2283 444 eo

447 470 668 509 sustentat
693 463 889 506 animam
916 475 1063 515 suam,
1091 473 1146 502 ne
1172 459 1337 502 clamet
1363 464 1515 502 contra
1539 463 1585 500 te
1613 457 1671 500 ad
1699 458 1965 514 Dominum,
1986 464 2031 501 et
2053 466 2283 516 reputetur

447 525 529 567 tibi
550 525 595 566 in
621 528 871 580 peccatum.

507 584 542 610 ¹⁶
560 584 661 626 Non
679 581 938 625 occidentur
959 586 1108 637 patres
1130 592 1207 635 pro
1230 577 1346 633 filiis,
1363 591 1446 621 nec
1462 576 1544 619 filii
1561 591 1640 634 pro
1657 576 1871 633 patribus,
1886 576 1964 619 sed
1983 579 2283 635 unusquisque

446 658 522 701 pro
540 647 724 699 peccato
747 655 825 684 suo
846 639 1072 682 morietur.
1095 637 1241 681 17Νοῑι
1264 642 1488 693 pervertes
1509 636 1728 692 judicium
1744 636 1934 679 advenae
1952 643 1998 679 et
2016 637 2283 694 pupilli,nec

445 703 624 746 auferes
645 701 845 759 pignoris
866 699 964 743 loco
988 698 1139 741 viduae
1163 696 1496 740 vestimentum.

506 761 540 788 ¹8
566 763 791 805 Memento
824 759 942 816 quod
975 757 1181 802 servieris
1213 757 1260 799 in
1291 756 1516 812 AEgypto,
1545 761 1588 799 et
1622 753 1783 798 eruerit
1821 760 1867 798 te
1902 756 2120 799 Dominus
2163 756 2284 799 Deus

445 827 546 865 tuus
571 821 690 866 inde.
716 820 891 863 Idcirco
917 817 1132 876 praecipio
1157 816 1239 859 tibi
1267 822 1316 859 ut
1341 814 1485 858 facias
1511 816 1626 858 hanc
1652 828 1758 858 rem.
1785 812 1819 839 ¹9
1837 814 2022 865 Quando
2048 815 2283 859 messueris

444 886 643 938 segetem
671 880 717 923 in
744 894 851 936 agro
876 884 973 934 tuo,
997 883 1043 922 et
1074 876 1242 921 oblitus
1275 874 1554 932 manipulum
1584 873 1836 929 reliqueris,
1859 888 1945 917 non
1974 875 2211 918 reverteris
2236 880 2284 919 ut

444 941 576 984 tollas
605 940 758 994 illum3
786 939 864 983 sed
895 939 1139 992 advenam,
1169 942 1212 979 et
1243 934 1487 992 pupillum,
1519 940 1563 977 et
1588 934 1770 976 viduam
1799 933 1977 977 auferre
2006 934 2209 990 patieris,
2236 940 2285 978 ut

445 1000 685 1044 benedicat
709 999 791 1042 tibi
823 998 1042 1041 Dominus
1069 998 1189 1039 Deus
1219 1002 1320 1038 tuus
1345 995 1392 1037 in
1422 994 1543 1036 omni
1574 1007 1703 1049 opere
1733 1006 1946 1035 manuum
1972 1000 2162 1037 tuarum.
2185 993 2284 1038 5'‘s’Si

445 1060 600 1116 fruges
623 1058 860 1115 collegeris
886 1058 1127 1111 olivarum,
1156 1054 1372 1111 quidquid
1397 1053 1660 1096 remanserit
1681 1051 1725 1094 in
1750 1051 2007 1101 arboribus,
2027 1067 2115 1096 non
2138 1068 2284 1097 rever-

446 1120 552 1163 teris
585 1124 636 1162 ut
666 1119 878 1174 colligas3
904 1117 983 1160 sed
1016 1116 1240 1172 relinques
1273 1114 1481 1167 advenae,
1510 1112 1701 1169 pupillo,
1730 1127 1781 1154 ac
1807 1111 1969 1155 viduae.
1999 1111 2033 1138 '2¹
2059 1113 2103 1156 Si
2129 1113 2283 1156 vinde-

447 1179 654 1222 miaveris
679 1178 859 1221 vineam
885 1182 1033 1231 tuam,
1060 1189 1148 1218 non
1174 1174 1359 1229 colliges
1385 1177 1668 1215 remanentes
1698 1184 1922 1224 racemos3
1951 1171 2028 1213 sed
2051 1172 2215 1215 cedent
2238 1172 2285 1215 in

447 1251 550 1281 usus
591 1238 802 1291 advenae,
836 1235 1018 1293 pupilli,
1053 1249 1105 1277 ac
1138 1233 1303 1277 viduae.
1338 1232 1377 1258 ⁹2
1402 1232 1626 1274 Memento
1667 1231 1784 1286 quod
1822 1235 1869 1273 et
1906 1236 1955 1273 tu
1995 1231 2199 1274 servieris
2239 1232 2287 1274 in

445 1298 673 1354 AEgypt03
700 1304 745 1339 et
778 1296 944 1339 idcirco
979 1294 1189 1352 praecipio
1224 1293 1306 1336 tibi
1335 1298 1384 1335 ut
1413 1291 1560 1334 facias
1594 1291 1709 1333 hanc
1736 1305 1845 1333 rein.

504 1357 611 1400 CAP.
640 1357 785 1400 XXV.
802 1382 858 1387 —
882 1356 894 1380 ¹
907 1355 952 1399 si
976 1354 1114 1397 fuerit
1133 1367 1268 1397 causa
1287 1353 1406 1395 inter
1422 1350 1610 1407 aliquos,
1630 1356 1674 1393 et
1687 1349 2081 1406 interpellaverint
2098 1350 2286 1407 judices,

444 1430 575 1472 quem
618 1416 792 1472 Justum
834 1429 931 1458 esse
974 1414 1301 1471 perspexerint,
1336 1412 1405 1454 illi
1449 1410 1639 1468 justitiae
1679 1410 1879 1467 palmam
1924 1409 2120 1462 dabunt;
2158 1425 2287 1466 quem

444 1475 646 1532 impium,
666 1475 1030 1519 condemnabunt
1051 1473 1310 1529 impietatis.
1331 1471 1348 1498 Ξ
1361 1472 1436 1516 Sin
1457 1476 1610 1514 autem
1636 1484 1738 1514 eum
1758 1470 1834 1525 qui
1861 1470 2081 1526 peccavit,
2101 1469 2289 1526 dignum

446 1535 637 1578 viderint
666 1535 835 1592 plagis,
862 1538 1162 1591 prosternent,
1186 1537 1232 1574 et
1262 1545 1410 1575 coram
1436 1545 1483 1573 se
1506 1530 1680 1574 facient
1702 1529 1941 1574 verberari.
1970 1530 2055 1573 Pro
2082 1543 2291 1573 mensura

445 1594 619 1651 peccati
661 1595 743 1638 erit
785 1599 827 1637 et
868 1594 1105 1650 plagarum
1145 1591 1328 1645 modus,
1364 1590 1385 1616 ⁴3
1401 1591 1466 1634 ita
1510 1589 1752 1644 duntaxat,
1791 1595 1839 1632 ut
1885 1589 2290 1645 quadragenarium

445 1668 677 1697 numerum
700 1667 788 1696 non
814 1653 1054 1708 excedant,
1083 1666 1138 1694 ne
1159 1651 1283 1694 foede
1309 1651 1531 1694 laceratus
1557 1654 1662 1692 ante
1688 1649 1838 1692 oculos
1865 1654 1965 1692 tuos
1986 1649 2123 1692 abeat
2148 1648 2291 1693 frater

445 1719 558 1756 tuus.

502 1773 521 1799 “¹
543 1775 643 1817 Non
670 1773 833 1829 ligabis
862 1787 908 1816 os
929 1772 1057 1815 bovis
1084 1771 1267 1814 terentis
1291 1770 1340 1812 in
1362 1783 1465 1812 area
1491 1768 1645 1824 fruges
1670 1773 1785 1811 tuas.

504 1833 521 1859 5
543 1833 728 1883 Quando
748 1831 1053 1875 habitaverint
1076 1831 1239 1874 fratres
1262 1829 1410 1883 simul,
1436 1834 1479 1871 et
1500 1842 1614 1870 unus
1633 1843 1692 1871 ex
1718 1827 1781 1871 eis
1804 1828 1974 1884 absque
2001 1829 2151 1872 liberis
2174 1843 2290 1873 mor-

445 1897 545 1935 tuus
571 1892 722 1947 fuerit,
748 1906 855 1935 uxor
878 1891 1082 1934 defuncti
1105 1905 1193 1933 non
1215 1889 1355 1931 nube-t
1377 1887 1509 1931 alteri
1529 1905 1537 1942 ;
1563 1887 1643 1930 sed
1668 1887 1864 1944 accipiet
1888 1902 1988 1931 eam
2012 1888 2156 1932 frater
2178 1889 2288 1945 ejus,

446 1957 490 1995 et
521 1951 756 1995 suscitabit
789 1965 941 1994 semen
973 1950 1129 1993 fratris
1159 1950 1249 2003 sui,
1279 1949 1354 1991 6et
1387 1947 1741 2005 primogenitum
1764 1961 1823 1989 ex
1846 1961 1901 1990 ea
1934 1948 2077 1990 filium
2106 1948 2289 1992 nomine

444 2012 565 2054 illius
604 2010 872 2068 appellabit,
901 2016 951 2053 ut
994 2024 1084 2052 non
1119 2009 1320 2052 deleatur
1359 2021 1524 2051 nomen
1562 2005 1665 2062 ejus
1704 2021 1759 2049 ex
1801 2007 1957 2051 Israel.
1993 2007 2008 2033 ⁷
2030 2008 2109 2052 Sin
2138 2014 2290 2051 autem

449 2071 639 2114 noluerit
663 2071 865 2127 accipere
898 2084 1082 2113 uxorem
1108 2069 1261 2112 fratris
1288 2067 1376 2124 sui,
1400 2081 1504 2123 ‘quae
1532 2066 1571 2110 ei
1599 2065 1699 2122 lege
1726 2066 1925 2122 debetur,
1951 2073 2104 2124 perget
2134 2067 2292 2111 mulier

448 2130 502 2173 ad
535 2135 712 2187 portam
741 2130 960 2185 civitatis,
986 2134 1032 2173 et
1059 2128 1370 2185 interpellabit
1403 2127 1598 2183 majores
1632 2132 1763 2181 natu,
1794 2125 2004 2182 dicetque
2029 2145 2039 2171 t
2066 2127 2169 2169 Non
2194 2126 2291 2170 vult

447 2190 589 2233 frater
609 2190 692 2232 viri
719 2189 806 2232 mei
828 2190 1042 2232 suscitare
1068 2202 1230 2231 nomen
1257 2187 1412 2231 fratris
1435 2187 1503 2230 sui
1525 2187 1572 2229 in
1596 2186 1756 2242 Israel,
1779 2199 1862 2229 nec
1889 2200 1960 2229 me
1982 2186 2028 2228 in
2052 2186 2290 2243 conjugem

446 2264 618 2293 sumere
633 2267 642 2304 3
659 2249 680 2275 ⁸
697 2249 938 2305 statimque
964 2247 1170 2292 accersiri
1193 2262 1295 2291 eum
1322 2247 1516 2302 facient,
1541 2252 1584 2290 et
1602 2245 1959 2302 interrogabunt.
1983 2246 2028 2289 Si
2055 2245 2292 2302 responde-

445 2309 503 2352 rit
529 2327 537 2353 :
566 2309 678 2352 Nolo
704 2323 804 2352 eam
831 2323 1014 2352 uxorem
1041 2308 1262 2364 accipere,
1289 2306 1306 2332 9
1323 2306 1510 2350 accedet
1526 2306 1696 2349 'mulier
1720 2305 1777 2348 ad
1801 2319 1907 2349 eum
1933 2319 2083 2349 coram
2110 2305 2291 2348 seniori-

446 2369 552 2423 bus,
578 2373 621 2412 et
645 2368 773 2412 tollet
800 2369 1155 2412 calceamentum
1187 2367 1241 2410 de
1268 2366 1384 2423 pede
1413 2366 1532 2422 ejus,
1557 2372 1778 2423 spuetque
1801 2364 1848 2407 in
1879 2364 2048 2407 faciem
2082 2364 2224 2420 illins,
2248 2370 2292 2408 et

448 2428 565 2487 dicet
585 2445 592 2472 :
617 2429 688 2473 Sic
706 2428 783 2471 fiet
808 2428 991 2481 homini,
1007 2427 1087 2484 qui
1109 2441 1199 2471 non
1218 2427 1413 2470 aedifi-cat
1435 2426 1619 2469 domum
1645 2425 1798 2468 fratris
1821 2424 1914 2479 sui3
1938 2423 1974 2450 '¹0
1996 2428 2039 2467 et
2057 2424 2292 2467 vocabitur

446 2501 607 2531 nomen
630 2487 752 2531 illius
774 2488 823 2530 in
849 2487 1009 2543 Israel,
1034 2487 1201 2530 domus·
1217 2485 1493 2530 discalceati.

506 2547 538 2574 ¹¹
559 2548 602 2592 Si
627 2547 866 2591 habuerint
891 2547 1007 2590 inter
1032 2562 1078 2590 se
1103 2547 1302 2603 jurgium
1328 2545 1413 2588 viri
1438 2545 1541 2601 duo,
1559 2550 1605 2589 et
1627 2558 1742 2587 unus
1762 2549 1919 2587 contra
1941 2543 2132 2586 alterum
2155 2543 2292 2586 rixari

447 2607 652 2664 coeperit,
677 2607 916 2663 volensque
951 2621 1062 2650 uxor
1087 2606 1269 2650 alterius
1301 2619 1455 2649 eruere
1482 2605 1628 2648 virum
1661 2618 1791 2647 suum
1819 2603 1873 2646 de
1899 2617 2036 2645 manu
2069 2602 2290 2659 fortioris,

446 2667 701 2723 miseritque
734 2681 937 2722 manum,
962 2672 1011 2710 et
1043 2665 1390 2723 apprehenderit
1414 2665 1610 2708 verenda
1643 2664 1768 2720 ejus3
1807 2661 1842 2689 ¹2
1866 2662 2074 2707 abscides
2108 2676 2291 2705 manum

445 2727 586 2782 illius,
615 2741 697 2770 nec
720 2726 910 2770 flecteris
936 2741 1066 2783 super
1091 2741 1190 2769 eam
1216 2726 1309 2768 ulla
1336 2724 1654 2769 miseri-cordia.

507 2786 542 2813 ¹3
561 2788 660 2829 Non
682 2786 872 2830 ¹habebis
895 2786 943 2828 in
964 2786 1147 2829 sacculo
1171 2785 1346 2828 diversa
1371 2784 1583 2841 pondera,
1607 2784 1757 2840 majus
1784 2787 1828 2827 et
1854 2782 2025 2833 minus;
2048 2781 2084 2808 ¹³⁴
2103 2795 2186 2826 nec
2209 2780 2293 2825 erit

444 2846 490 2889 in
511 2846 644 2889 dom-0
663 2850 742 2888 tua
760 2846 939 2889 modius
963 2846 1109 2902 major
1125 2851 1170 2889 et
1192 2845 1350 2888 minor.
1380 2844 1415 2871 ¹5
1429 2843 1610 2887 Pondus
1635 2843 1823 2886 habebis
1844 2843 2019 2899 justum
2046 2847 2089 2885 et
2113 2854 2288 2896 verum,

445 2910 488 2949 et
509 2905 681 2948 modius
702 2905 887 2961 aequalis
914 2910 957 2948 et
974 2920 1104 2948 verns
1127 2905 1210 2948 erit
1229 2905 1336 2960 tibi,
1358 2909 1405 2947 ut
1427 2903 1570 2947 multo
1591 2903 1719 2946 vivas
1741 2907 1941 2959 tempore
1962 2915 2095 2958 super
2109 2905 2290 2956 terram,

446 2979 576 3021 quam
601 2964 818 3007 Dominus
846 2966 964 3008 Deus
987 2971 1087 3008 tuus
1107 2964 1279 3008 dederit
1301 2964 1397 3007 tibi.
1416 2963 1762 3006 '¹⁶Abominatur
1780 2962 1898 3006 enirn
1922 2960 2144 3005 Dominus
2171 2960 2292 3003 Deus

445 3029 546 3067 tuus
563 3038 668 3068 eum
693 3024 768 3079 qui
789 3024 903 3067 facit
925 3025 1045 3080 haec,
1073 3030 1116 3068 et
1140 3029 1372 3067 aversatur
1396 3037 1574 3066 omnem
1600 3021 1887 3079 injustitiam.

504 3083 539 3109 ¹⁷
558 3083 783 3126 Memento
818 3098 916 3139 quae
953 3084 1113 3127 fecerit
1149 3084 1234 3126 tibi
1267 3083 1455 3127 Amalec
1482 3083 1534 3125 in
1567 3082 1661 3138 via,
1689 3081 1867 3138 qnando
1902 3079 2204 3138 egrediebaris
2237 3092 2292 3122 ex

445 3143 672 3199 AEgypto;
701 3142 738 3169 ¹⁸
752 3143 972 3199 quomodo
1005 3143 1245 3187 occurrerit
1278 3142 1382 3198 tibi,
1411 3148 1462 3186 et·
1488 3147 1711 3186 extremos
1739 3140 1934 3198 agminis
1956 3140 2048 3196 tui,
2077 3139 2153 3196 qui
2181 3137 2290 3181 lassi

447 3202 721 3258 residebant,
750 3202 979 3257 ceciderit,
1007 3203 1183 3258 quando
1218 3208 1265 3245 tu
1296 3217 1391 3246 eras
1425 3203 1550 3246 farne
1584 3207 1627 3245 et
1656 3200 1807 3244 labore
1842 3200 2097 3255 confectus,
2125 3203 2169 3242 et
2201 3211 2292 3241 non

449 3261 648 3305 timuerit
668 3263 832 3305 Deum.
856 3261 892 3288 ¹⁹
908 3261 1020 3305 Cum
1047 3277 1150 3318 ergo
1175 3262 1392 3306 Dominus
1419 3262 1539 3305 Deus
1562 3266 1667 3304 tuus
1691 3259 1866 3304 dederit
1891 3260 1974 3303 tibi
1999 3259 2220 3315 requiem,
2248 3261 2292 3300 et

447 3319 692 3378 subjecerit
706 3326 896 3364 cunctas
922 3336 997 3377 per
1016 3322 1250 3365 circuitum
1273 3322 1475 3365 nationes
1499 3321 1544 3363 ‘n
1562 3326 1678 3364 terra
1692 3333 1832 3376 >quam
1853 3319 1937 3362 tibi
1962 3317 2189 3377 pollicitus
2209 3320 2290 3372 est,

449 3380 616 3423 delebis
642 3394 804 3423 nomen
829 3380 927 3436 ejus
949 3380 1031 3423 sub
1059 3381 1180 3424 caelo.
1209 3382 1328 3424 Cave
1352 3395 1409 3424 ne
1436 3336 1728 3424 obhviscaris.

454 3556 501 3589 14]
519 3556 597 3584 Lev.
616 3557 700 3584 XIX
713 3559 777 3591 ,13.
797 3556 876 3584 Tob.
893 3557 948 3591 IV,
963 3558 1004 3584 15.
1021 3570 1058 3576 —
1079 3557 1127 3589 16]
1146 3555 1191 3583 IV
1211 3556 1293 3588 neg.
1316 3556 1406 3588 XIV,
1419 3558 1444 3582 6.
1470 3555 1503 3583 II
1520 3555 1593 3583 Par.
1609 3554 1714 3585 XXV,
1729 3556 1754 3580 4.
1773 3553 1827 3581 ΕΖ.
1848 3552 1968 3581 XVIII
1982 3574 1989 3587 ,
2003 3554 2047 3580 20.
2060 3566 2099 3572 —
2115 3552 2147 3585 3]
2165 3551 2200 3579 II
2215 3550 2289 3581 Gor.

455 3600 523 3635 XI,
538 3603 583 3628 24.
603 3616 639 3620 —
660 3602 690 3634 4]
709 3601 724 3628 1
741 3602 811 3629 Cor.
833 3602 899 3636 IX,
914 3604 941 3629 9.
968 3601 983 3628 Ι
1002 3599 1082 3629 Tim.
1103 3600 1141 3635 V,
1160 3603 1202 3628 18.
1220 3614 1256 3619 —
1282 3601 1311 3632 5]
1337 3599 1458 3627 Matth.
1479 3599 1601 3634 XXII,
1619 3602 1663 3626 24.
1683 3598 1784 3626 Marc.
1803 3597 1872 3625 XII
1885 3617 1893 3632 ‚
1911 3599 1954 3625 19.
1979 3596 2060 3624 Luc.
2086 3595 2172 3630 XX,
2188 3597 2233 3624 28.
2251 3607 2292 3617 -·

456 3645 486 3677 7]
503 3645 609 3680 Ruth,
626 3645 684 3681 IV,
701 3649 727 3674 5.
746 3660 783 3665 —-
801 3647 849 3679 17]
865 3647 926 3674 Ex.
944 3645 1045 3672 XVII
1057 3666 1064 3680 ,
1079 3648 1105 3673 S.
