2423 3861
209 481 292 515 Ejus
315 481 362 509 in—

183 531 390 555 structiones

216 568 353 600 ultimae.

204 1016 366 1048 Ascensio

205 1060 365 1098 gloriosa.

474 124 584 170 1186
1129 123 1238 165 Lm«.
1274 123 1442 176 xxiv,
1477 103 1640 167 42-53.

471 294 584 337 dixit
620 312 630 339 z
663 295 854 338 Habetis
887 294 960 336 hic
993 292 1164 348 aliquid
1199 293 1316 348 quod
1350 293 1681 336 manducetur?
1715 292 1753 320 42
1777 294 1841 336 At
1870 294 1938 336 illi
1970 295 2225 340 obtulerunt
2263 297 2303 340 ei

469 358 641 412 partem
673 353 807 410 piscis
840 352 948 406 assi,
976 357 1020 395 et
1043 352 1202 394 {avum
1227 351 1386 395 mellis.
1416 351 1454 378 43
1475 353 1534 394 Et.
1567 355 1670 394 eum
1697 351 2013 396 manducasset
2043 367 2191 398 coram
2220 356 2302 411 εἰς,

469 426 646 456 sumens
671 411 901 467 reliquias,
924 411 1048 454 dedit
1069 411 1146 454 eis.

528 471 564 497 44
591 472 648 513 Et
681 470 797 513 dixit
824 470 882 513 ad
916 484 988 513 eos
1024 486 1033 514 z
1068 470 1181 513 Haec
1216 475 1319 513 sunt
1350 470 1487 513 verba
1520 485 1617 526 quae
1648 470 1823 514 locutus
1855 485 1951 513 sum
1985 471 2041 514 ad
2071 485 2170 528 vos,
2203 488 2304 517 cum

469 530 614 573 adhuc
639 543 781 573 essem
805 528 1060 585 vobiscum,
1087 529 1297 585 quoniam
1321 543 1501 573 necesse
1532 534 1597 572 est
1628 529 1803 586 impleri
1839 530 1988 573 omnia
2013 544 2111 586 quae
2139 530 2306 588 scripta

469 594 572 631 sunt
596 588 642 630 in
667 589 767 644 lege
794 588 963 645 Moysi,
988 593 1034 631 et
1062 588 1309 645 prophetis,
1337 594 1382 631 et
1409 588 1593 645 psalmis
1617 589 1670 631 de
1697 603 1780 632 me.
1808 588 1845 615 4⁵
1862 589 1989 631 Tunc
2017 590 2192 646 aperuit
2215 590 2306 634 illis

468 662 661 704 sensum,
687 653 737 691 ut
758 647 1066 703 intelligerent
1087 648 1350 705 Scripturas.
1377 647 1415 674 46
1433 648 1492 690 Et
1514 647 1630 690 dixit
1651 648 1714 691 eis
1739 665 1749 692 ε
1773 648 1992 698 Quoniam
2011 648 2075 691 sic
2091 649 2308 707 scriptum

469 712 556 762 est,
591 712 634 751 et
666 707 731 750 sic
763 707 996 763 oportebat
1028 707 1255 751 Christum
1287 707 1403 764 pati,
1439 712 1482 751 et
1514 720 1741 763 resurgere
1771 721 1798 750 a
1831 707 2015 750 mortuis
2045 708 2177 751 tertia
2202 709 2305 764 die3

467 765 504 793 47
523 772 566 809 et
590 766 825 823 praedicari
851 766 897 808 in
926 766 1105 809 nomine
1130 766 1227 821 ejus
1260 767 1591 823 poenitentiam,
1611 771 1665 810 ‘et
1688 766 1993 810 remissionem
2023 766 2308 824 peccatorum

465 825 514 868 in
541 839 692 874 omnes
721 830 897 881 gentes,
928 826 1248 882 incipientibus
1275 826 1332 868 ab
1359 826 1652 883 Jerosolyma.
1680 825 1717 852 48
1736 826 1827 869 Vos
1851 831 2002 869 autem
2034 831 2169 870 testes
2201 827 2307 871 estis

467 885 638 929 horum.
673 884 711 911 49
730 886 788 928 Et
821 898 903 941 ego
928 884 1057 928 mitto
1086 885 1350 941 promissum
1382 885 1528 928 Patris
1553 886 1641 929 mei
1670 885 1717 927 in
1739 899 1844 939 vos3
1873 899 1952 928 vos
1978 890 2127 928 autem
2157 886 2307 930 sedete

466 944 514 986 in
536 944 741 1000 civitate,
769 944 1054 1000 quoadusque
1078 944 1328 987 induamini
1353 945 1517 988 virtute
1543 959 1596 988 ex
1622 945 1726 987 alto.
2216 953 2221 958 '
2272 962 2274 964 ·

528 1003 566 1030 5⁰
590 1003 761 1047 Eduxit
796 1008 947 1047 autem
984 1017 1056 1047 eos
1093 1004 1226 1047 foras
1249 1004 1297 1046 in
1336 1005 1626 1061 Bet-hamam,
1665 1009 1710 1047 et
1750 1004 1936 1048 elevatis
1973 1005 2179 1049 manibus
2217 1006 2306 1049 suis

467 1063 700 1109 benedixit
725 1063 800 1107 eis.
828 1062 861 1090 ⁵¹
883 1064 942 1105 Et
971 1063 1148 1106 factum
1172 1068 1259 1120 est,
1284 1063 1390 1106 dum
1414 1064 1697 1108 benediceret
1725 1063 1835 1120 illis,
1862 1064 2044 1108 recessit
2072 1065 2127 1108 ab
2153 1065 2236 1120 eis,
2263 1070 2308 1108 et

467 1123 698 1167 ferebatur
718 1122 764 1165 in
791 1122 967 1166 caelum.
995 1121 1032 1148 5⁶2
1049 1123 1109 1166 Et
1131 1123 1217 1180 ipsi
1243 1123 1479 1167 adorantes
1504 1123 1691 1180 regressi
1725 1130 1828 1166 sunt
1851 1124 1899 1166 in
1925 1124 2176 1167 Jerusalem
2206 1138 2307 1167 cum

468 1180 633 1239 gaudio
657 1196 821 1238 magno
842 1200 851 1238 ;
880 1181 916 1208 53
934 1187 978 1226 et
1004 1187 1129 1225 erant
1155 1196 1328 1239 semper
1356 1183 1402 1225 in
1427 1183 1618 1239 templo,
1650 1182 1886 1226 laudantes
1921 1187 1964 1226 et
1993 1183 2306 1227 benedicentes

471 1244 627 1286 Deum.
655 1243 814 1284 Amen.
2253 1257 2257 1260 ·
2314 1243 2316 1245 ’

468 1399 518 1427 46]
535 1399 590 1428 rs,
607 1399 740 1435 xvm,
758 1404 784 1430 ss.
801 1415 837 1419 -
854 1401 902 1434 48]
923 1401 995 1428 Act.
1024 1400 1050 1435 1,
1068 1403 1093 1428 s.
1116 1414 1152 1418 —
1171 1400 1335 1435 49],10311.
1354 1400 1448 1435 XIV,
1467 1403 1510 1428 26.
1530 1415 1563 1418 —
1584 1401 1633 1434 51]
1656 1400 1757 1428 Marc.
1775 1399 1869 1435 xvi,
1888 1403 1930 1428 io.
1950 1400 2025 1429 Act.
2044 1400 2071 1436 1,
2086 1402 2114 1429 9.
