<?xml version="1.0" encoding="UTF-8"?>
<!DOCTYPE html PUBLIC "-//W3C//DTD XHTML 1.0 Transitional//EN"
    "http://www.w3.org/TR/xhtml1/DTD/xhtml1-transitional.dtd">
<html xmlns="http://www.w3.org/1999/xhtml" xml:lang="en" lang="en">
 <head>
  <title>
</title>
<meta http-equiv="Content-Type" content="text/html;charset=utf-8" />
  <meta name='ocr-system' content='tesseract 3.04.00' />
  <meta name='ocr-capabilities' content='ocr_page ocr_carea ocr_par ocr_line ocrx_word'/>
</head>
<body>
  <div class='ocr_page' id='page_1' title='image "./bibliasacrajuxta00fill_1028.png"; bbox 0 0 2423 3861; ppageno 0'>
   <div class='ocr_carea' id='block_1_1' title="bbox 102 1617 306 1691">
    <p class='ocr_par' dir='ltr' id='par_1_1' title="bbox 102 1617 306 1691">
     <span class='ocr_line' id='line_1_1' title="bbox 102 1617 306 1648; baseline -0.015 0"><span class='ocrx_word' id='word_1_1' title='bbox 102 1621 182 1648; x_wconf 76' lang='lat' dir='ltr'>Duae</span> <span class='ocrx_word' id='word_1_2' title='bbox 208 1617 306 1646; x_wconf 84' lang='lat' dir='ltr'>male-</span> 
     </span>
     <span class='ocr_line' id='line_1_2' title="bbox 116 1662 292 1691; baseline -0.006 0"><span class='ocrx_word' id='word_1_3' title='bbox 116 1662 292 1691; x_wconf 76' lang='lat' dir='ltr'>dictiones,</span> 
     </span>
    </p>
   </div>
   <div class='ocr_carea' id='block_1_2' title="bbox 87 1705 326 1781">
    <p class='ocr_par' dir='ltr' id='par_1_2' title="bbox 87 1705 326 1781">
     <span class='ocr_line' id='line_1_3' title="bbox 87 1705 326 1741; baseline -0.008 -5"><span class='ocrx_word' id='word_1_4' title='bbox 87 1712 116 1736; x_wconf 74' lang='grc'><strong>10</strong></span> <span class='ocrx_word' id='word_1_5' title='bbox 127 1709 184 1736; x_wconf 85' lang='lat' dir='ltr'>Vae</span> <span class='ocrx_word' id='word_1_6' title='bbox 195 1705 326 1741; x_wconf 82' lang='lat' dir='ltr'>stultis,</span> 
     </span>
     <span class='ocr_line' id='line_1_4' title="bbox 99 1750 318 1781; baseline -0.014 0"><span class='ocrx_word' id='word_1_7' title='bbox 99 1750 318 1781; x_wconf 77' lang='lat' dir='ltr'>desideranti-</span> 
     </span>
    </p>
   </div>
   <div class='ocr_carea' id='block_1_3' title="bbox 122 1794 290 1869">
    <p class='ocr_par' dir='ltr' id='par_1_3' title="bbox 122 1794 290 1869">
     <span class='ocr_line' id='line_1_5' title="bbox 122 1794 290 1827; baseline -0.024 0"><span class='ocrx_word' id='word_1_8' title='bbox 122 1798 186 1827; x_wconf 80' lang='lat' dir='ltr'>bus</span> <span class='ocrx_word' id='word_1_9' title='bbox 202 1794 290 1824; x_wconf 81' lang='lat' dir='ltr'>diem</span> 
     </span>
     <span class='ocr_line' id='line_1_6' title="bbox 134 1838 278 1869; baseline 0 -1"><span class='ocrx_word' id='word_1_10' title='bbox 134 1838 278 1869; x_wconf 88' lang='lat' dir='ltr'>Domini.</span> 
     </span>
    </p>
   </div>
   <div class='ocr_carea' id='block_1_4' title="bbox 106 2463 320 2673">
    <p class='ocr_par' dir='ltr' id='par_1_4' title="bbox 106 2463 320 2673">
     <span class='ocr_line' id='line_1_7' title="bbox 109 2463 314 2495; baseline -0.005 -4"><span class='ocrx_word' id='word_1_11' title='bbox 109 2466 141 2491; x_wconf 83' lang='lat'>20</span> <span class='ocrx_word' id='word_1_12' title='bbox 157 2463 215 2490; x_wconf 63' lang='lat' dir='ltr'>Vae</span> <span class='ocrx_word' id='word_1_13' title='bbox 236 2469 314 2495; x_wconf 86' lang='lat' dir='ltr'>opu-</span> 
     </span>
     <span class='ocr_line' id='line_1_8' title="bbox 108 2506 312 2542; baseline -0.005 -7"><span class='ocrx_word' id='word_1_14' title='bbox 108 2506 230 2542; x_wconf 83' lang='lat' dir='ltr'>lentis,</span> <span class='ocrx_word' id='word_1_15' title='bbox 255 2506 312 2540; x_wconf 84' lang='lat' dir='ltr'>qui</span> 
     </span>
     <span class='ocr_line' id='line_1_9' title="bbox 159 2550 270 2579; baseline -0.009 0"><span class='ocrx_word' id='word_1_16' title='bbox 159 2552 199 2579; x_wconf 86' lang='lat' dir='ltr'>de</span> <span class='ocrx_word' id='word_1_17' title='bbox 217 2550 270 2579; x_wconf 83' lang='lat' dir='ltr'>die</span> 
     </span>
     <span class='ocr_line' id='line_1_10' title="bbox 106 2594 320 2624; baseline 0 -1"><span class='ocrx_word' id='word_1_18' title='bbox 106 2594 237 2624; x_wconf 80' lang='lat' dir='ltr'>Domini</span> <span class='ocrx_word' id='word_1_19' title='bbox 254 2602 320 2623; x_wconf 91' lang='lat' dir='ltr'>non</span> 
     </span>
     <span class='ocr_line' id='line_1_11' title="bbox 133 2638 296 2673; baseline -0.006 -5"><span class='ocrx_word' id='word_1_20' title='bbox 133 2638 296 2673; x_wconf 77' lang='lat' dir='ltr'>cogitant.</span> 
     </span>
    </p>
   </div>
   <div class='ocr_carea' id='block_1_5' title="bbox 387 125 1579 182">
    <p class='ocr_par' dir='ltr' id='par_1_5' title="bbox 387 125 1579 182">
     <span class='ocr_line' id='line_1_12' title="bbox 387 125 1579 182; baseline -0.008 -5"><span class='ocrx_word' id='word_1_21' title='bbox 387 134 499 177; x_wconf 86' lang='lat'>1010</span> <span class='ocrx_word' id='word_1_22' title='bbox 1022 130 1114 170; x_wconf 83' lang='lat' dir='ltr'>AM.</span> <span class='ocrx_word' id='word_1_23' title='bbox 1149 127 1202 182; x_wconf 84' lang='lat' dir='ltr'>V,</span> <span class='ocrx_word' id='word_1_24' title='bbox 1238 127 1263 169; x_wconf 85' lang='lat'>6</span> <span class='ocrx_word' id='word_1_25' title='bbox 1297 151 1358 159; x_wconf 90' lang='grc'><strong>-</strong></span> <span class='ocrx_word' id='word_1_26' title='bbox 1388 125 1476 180; x_wconf 76' lang='lat' dir='ltr'>Vr,</span> <span class='ocrx_word' id='word_1_27' title='bbox 1513 128 1579 169; x_wconf 84' lang='lat'>10.</span> 
     </span>
    </p>
   </div>
   <div class='ocr_carea' id='block_1_6' title="bbox 382 294 2238 3139">
    <p class='ocr_par' dir='ltr' id='par_1_6' title="bbox 382 294 2231 1128">
     <span class='ocr_line' id='line_1_13' title="bbox 384 294 2222 357; baseline -0.006 -9"><span class='ocrx_word' id='word_1_28' title='bbox 384 302 649 357; x_wconf 72' lang='lat' dir='ltr'>transibitis,</span> <span class='ocrx_word' id='word_1_29' title='bbox 674 300 775 356; x_wconf 89' lang='lat' dir='ltr'>quia</span> <span class='ocrx_word' id='word_1_30' title='bbox 802 296 993 352; x_wconf 81' lang='lat' dir='ltr'>Galgala</span> <span class='ocrx_word' id='word_1_31' title='bbox 1015 295 1193 351; x_wconf 87' lang='lat' dir='ltr'>captiva</span> <span class='ocrx_word' id='word_1_32' title='bbox 1216 294 1413 350; x_wconf 77' lang='lat' dir='ltr'>ducetur,</span> <span class='ocrx_word' id='word_1_33' title='bbox 1439 299 1482 337; x_wconf 84' lang='lat' dir='ltr'>et</span> <span class='ocrx_word' id='word_1_34' title='bbox 1506 295 1663 337; x_wconf 85' lang='lat' dir='ltr'>Bethel</span> <span class='ocrx_word' id='word_1_35' title='bbox 1687 298 1769 337; x_wconf 88' lang='lat' dir='ltr'>erit</span> <span class='ocrx_word' id='word_1_36' title='bbox 1789 298 1974 338; x_wconf 75' lang='lat' dir='ltr'>inutilis.</span> <span class='ocrx_word' id='word_1_37' title='bbox 1995 299 2012 322; x_wconf 67' lang='grc' dir='ltr'>ὅ</span> <span class='ocrx_word' id='word_1_38' title='bbox 2028 298 2222 346; x_wconf 74' lang='lat' dir='ltr'>Quaerite</span> 
     </span>
     <span class='ocr_line' id='line_1_14' title="bbox 386 353 2223 414; baseline -0.004 -8"><span class='ocrx_word' id='word_1_39' title='bbox 386 362 646 414; x_wconf 89' lang='lat' dir='ltr'>Dominum,</span> <span class='ocrx_word' id='word_1_40' title='bbox 671 365 713 402; x_wconf 90' lang='lat' dir='ltr'>et</span> <span class='ocrx_word' id='word_1_41' title='bbox 733 357 891 409; x_wconf 72' lang='lat' dir='ltr'>vivite3</span> <span class='ocrx_word' id='word_1_42' title='bbox 913 369 966 397; x_wconf 90' lang='lat' dir='ltr'>ne</span> <span class='ocrx_word' id='word_1_43' title='bbox 992 354 1110 397; x_wconf 79' lang='lat' dir='ltr'>forte</span> <span class='ocrx_word' id='word_1_44' title='bbox 1132 353 1418 396; x_wconf 89' lang='lat' dir='ltr'>comburatur</span> <span class='ocrx_word' id='word_1_45' title='bbox 1439 358 1486 395; x_wconf 93' lang='lat' dir='ltr'>ut</span> <span class='ocrx_word' id='word_1_46' title='bbox 1511 353 1629 408; x_wconf 85' lang='lat' dir='ltr'>ignis</span> <span class='ocrx_word' id='word_1_47' title='bbox 1648 353 1804 396; x_wconf 89' lang='lat' dir='ltr'>domus</span> <span class='ocrx_word' id='word_1_48' title='bbox 1827 354 2009 410; x_wconf 77' lang='lat' dir='ltr'>Joseph,</span> <span class='ocrx_word' id='word_1_49' title='bbox 2028 360 2072 397; x_wconf 88' lang='lat' dir='ltr'>et</span> <span class='ocrx_word' id='word_1_50' title='bbox 2089 355 2223 398; x_wconf 78' lang='lat' dir='ltr'>devo-</span> 
     </span>
     <span class='ocr_line' id='line_1_15' title="bbox 383 411 2221 475; baseline -0.005 -10"><span class='ocrx_word' id='word_1_51' title='bbox 383 422 520 475; x_wconf 87' lang='lat' dir='ltr'>rabit,</span> <span class='ocrx_word' id='word_1_52' title='bbox 547 425 589 463; x_wconf 92' lang='lat' dir='ltr'>et</span> <span class='ocrx_word' id='word_1_53' title='bbox 615 432 700 460; x_wconf 90' lang='lat' dir='ltr'>non</span> <span class='ocrx_word' id='word_1_54' title='bbox 735 415 817 458; x_wconf 89' lang='lat' dir='ltr'>erit</span> <span class='ocrx_word' id='word_1_55' title='bbox 847 413 920 469; x_wconf 87' lang='lat' dir='ltr'>qui</span> <span class='ocrx_word' id='word_1_56' title='bbox 953 412 1189 468; x_wconf 78' lang='lat' dir='ltr'>extinguat</span> <span class='ocrx_word' id='word_1_57' title='bbox 1220 412 1391 455; x_wconf 87' lang='lat' dir='ltr'>Bethel.</span> <span class='ocrx_word' id='word_1_58' title='bbox 1424 411 1438 438; x_wconf 86' lang='lat'><strong>⁷</strong></span> <span class='ocrx_word' id='word_1_59' title='bbox 1459 412 1542 462; x_wconf 88' lang='lat' dir='ltr'>Qui</span> <span class='ocrx_word' id='word_1_60' title='bbox 1577 412 1836 456; x_wconf 87' lang='lat' dir='ltr'>convertitis</span> <span class='ocrx_word' id='word_1_61' title='bbox 1868 413 1916 455; x_wconf 91' lang='lat' dir='ltr'>in</span> <span class='ocrx_word' id='word_1_62' title='bbox 1948 412 2221 456; x_wconf 73' lang='lat' dir='ltr'>absinthium</span> 
     </span>
     <span class='ocr_line' id='line_1_16' title="bbox 383 471 2224 538; baseline -0.004 -14"><span class='ocrx_word' id='word_1_63' title='bbox 383 480 622 538; x_wconf 79' lang='lat' dir='ltr'>judicium,</span> <span class='ocrx_word' id='word_1_64' title='bbox 646 480 689 518; x_wconf 91' lang='lat' dir='ltr'>et</span> <span class='ocrx_word' id='word_1_65' title='bbox 709 473 932 530; x_wconf 80' lang='lat' dir='ltr'>justitiam</span> <span class='ocrx_word' id='word_1_66' title='bbox 954 472 1001 514; x_wconf 91' lang='lat' dir='ltr'>in</span> <span class='ocrx_word' id='word_1_67' title='bbox 1023 476 1138 514; x_wconf 91' lang='lat' dir='ltr'>terra</span> <span class='ocrx_word' id='word_1_68' title='bbox 1160 471 1422 527; x_wconf 82' lang='lat' dir='ltr'>relinquitis.</span> <span class='ocrx_word' id='word_1_69' title='bbox 1450 471 1467 498; x_wconf 79' lang='lat'>8</span> <span class='ocrx_word' id='word_1_70' title='bbox 1485 471 1521 513; x_wconf 89' lang='lat' dir='ltr'><strong>F</strong></span> <span class='ocrx_word' id='word_1_71' title='bbox 1524 471 1745 515; x_wconf 87' lang='lat' dir='ltr'>acientem</span> <span class='ocrx_word' id='word_1_72' title='bbox 1767 473 2009 514; x_wconf 82' lang='lat' dir='ltr'>Arcturum</span> <span class='ocrx_word' id='word_1_73' title='bbox 2031 476 2076 514; x_wconf 91' lang='lat' dir='ltr'>et</span> <span class='ocrx_word' id='word_1_74' title='bbox 2101 472 2224 516; x_wconf 85' lang='lat' dir='ltr'>Orio-</span> 
     </span>
     <span class='ocr_line' id='line_1_17' title="bbox 384 530 2222 594; baseline -0.004 -13"><span class='ocrx_word' id='word_1_75' title='bbox 384 553 504 594; x_wconf 91' lang='lat' dir='ltr'>nem,</span> <span class='ocrx_word' id='word_1_76' title='bbox 533 542 575 580; x_wconf 87' lang='lat' dir='ltr'>et</span> <span class='ocrx_word' id='word_1_77' title='bbox 600 538 932 578; x_wconf 81' lang='lat' dir='ltr'>convertentem</span> <span class='ocrx_word' id='word_1_78' title='bbox 958 531 1003 573; x_wconf 89' lang='lat' dir='ltr'>in</span> <span class='ocrx_word' id='word_1_79' title='bbox 1035 545 1164 573; x_wconf 90' lang='lat' dir='ltr'>mane</span> <span class='ocrx_word' id='word_1_80' title='bbox 1193 531 1419 586; x_wconf 83' lang='lat' dir='ltr'>tenebras,</span> <span class='ocrx_word' id='word_1_81' title='bbox 1447 535 1490 573; x_wconf 93' lang='lat' dir='ltr'>et</span> <span class='ocrx_word' id='word_1_82' title='bbox 1520 530 1639 573; x_wconf 90' lang='lat' dir='ltr'>diem</span> <span class='ocrx_word' id='word_1_83' title='bbox 1667 531 1717 583; x_wconf 91' lang='lat' dir='ltr'>in</span> <span class='ocrx_word' id='word_1_84' title='bbox 1737 536 1915 574; x_wconf 88' lang='lat' dir='ltr'>noctem</span> <span class='ocrx_word' id='word_1_85' title='bbox 1944 535 2222 585; x_wconf 83' lang='lat' dir='ltr'>mutantem3</span> 
     </span>
     <span class='ocr_line' id='line_1_18' title="bbox 385 589 2227 654; baseline -0.004 -14"><span class='ocrx_word' id='word_1_86' title='bbox 385 598 456 654; x_wconf 89' lang='lat' dir='ltr'>qui</span> <span class='ocrx_word' id='word_1_87' title='bbox 491 599 620 639; x_wconf 85' lang='lat' dir='ltr'>vocat</span> <span class='ocrx_word' id='word_1_88' title='bbox 650 606 788 648; x_wconf 89' lang='lat' dir='ltr'>aquas</span> <span class='ocrx_word' id='word_1_89' title='bbox 822 590 976 647; x_wconf 87' lang='lat' dir='ltr'>maris,</span> <span class='ocrx_word' id='word_1_90' title='bbox 1012 595 1054 634; x_wconf 92' lang='lat' dir='ltr'>et</span> <span class='ocrx_word' id='word_1_91' title='bbox 1091 589 1287 633; x_wconf 84' lang='lat' dir='ltr'>effundit</span> <span class='ocrx_word' id='word_1_92' title='bbox 1320 604 1393 633; x_wconf 89' lang='lat' dir='ltr'>eas</span> <span class='ocrx_word' id='word_1_93' title='bbox 1430 604 1561 646; x_wconf 89' lang='lat' dir='ltr'>super</span> <span class='ocrx_word' id='word_1_94' title='bbox 1598 589 1766 633; x_wconf 76' lang='lat' dir='ltr'>faciem</span> <span class='ocrx_word' id='word_1_95' title='bbox 1799 595 1929 634; x_wconf 85' lang='lat' dir='ltr'>terrae</span> <span class='ocrx_word' id='word_1_96' title='bbox 1960 606 1969 634; x_wconf 91' lang='lat'>:</span> <span class='ocrx_word' id='word_1_97' title='bbox 2007 589 2227 633; x_wconf 85' lang='lat' dir='ltr'>Dominus</span> 
     </span>
     <span class='ocr_line' id='line_1_19' title="bbox 384 649 2231 708; baseline -0.004 -9"><span class='ocrx_word' id='word_1_98' title='bbox 384 669 543 699; x_wconf 88' lang='lat' dir='ltr'>nomen</span> <span class='ocrx_word' id='word_1_99' title='bbox 565 657 631 697; x_wconf 88' lang='lat' dir='ltr'>est</span> <span class='ocrx_word' id='word_1_100' title='bbox 657 652 768 708; x_wconf 84' lang='lat' dir='ltr'>ejus.</span> <span class='ocrx_word' id='word_1_101' title='bbox 795 651 812 677; x_wconf 76' lang='lat'>9</span> <span class='ocrx_word' id='word_1_102' title='bbox 838 650 921 701; x_wconf 86' lang='lat' dir='ltr'>Qui</span> <span class='ocrx_word' id='word_1_103' title='bbox 952 649 1152 692; x_wconf 80' lang='lat' dir='ltr'>subridet</span> <span class='ocrx_word' id='word_1_104' title='bbox 1184 649 1442 692; x_wconf 88' lang='lat' dir='ltr'>vastitatem</span> <span class='ocrx_word' id='word_1_105' title='bbox 1468 663 1599 706; x_wconf 87' lang='lat' dir='ltr'>super</span> <span class='ocrx_word' id='word_1_106' title='bbox 1627 650 1879 705; x_wconf 87' lang='lat' dir='ltr'>robustum,</span> <span class='ocrx_word' id='word_1_107' title='bbox 1907 653 1951 693; x_wconf 90' lang='lat' dir='ltr'>et</span> <span class='ocrx_word' id='word_1_108' title='bbox 1984 649 2231 706; x_wconf 86' lang='lat' dir='ltr'>depopula-</span> 
     </span>
     <span class='ocr_line' id='line_1_20' title="bbox 384 707 2226 768; baseline -0.004 -9"><span class='ocrx_word' id='word_1_109' title='bbox 384 716 549 759; x_wconf 90' lang='lat' dir='ltr'>tionem</span> <span class='ocrx_word' id='word_1_110' title='bbox 573 726 704 768; x_wconf 89' lang='lat' dir='ltr'>super</span> <span class='ocrx_word' id='word_1_111' title='bbox 728 715 957 767; x_wconf 90' lang='lat' dir='ltr'>potentem</span> <span class='ocrx_word' id='word_1_112' title='bbox 979 709 1126 753; x_wconf 81' lang='lat' dir='ltr'>affert.</span> <span class='ocrx_word' id='word_1_113' title='bbox 1146 707 1182 734; x_wconf 69' lang='lat'>1⁰</span> <span class='ocrx_word' id='word_1_114' title='bbox 1201 708 1313 752; x_wconf 92' lang='lat' dir='ltr'>Odio</span> <span class='ocrx_word' id='word_1_115' title='bbox 1340 708 1591 752; x_wconf 89' lang='lat' dir='ltr'>habuerunt</span> <span class='ocrx_word' id='word_1_116' title='bbox 1614 709 1926 766; x_wconf 80' lang='lat' dir='ltr'>corripientem</span> <span class='ocrx_word' id='word_1_117' title='bbox 1950 709 1998 752; x_wconf 91' lang='lat' dir='ltr'>in</span> <span class='ocrx_word' id='word_1_118' title='bbox 2023 714 2164 766; x_wconf 87' lang='lat' dir='ltr'>porta,</span> <span class='ocrx_word' id='word_1_119' title='bbox 2183 714 2226 757; x_wconf 90' lang='lat' dir='ltr'>et</span> 
     </span>
     <span class='ocr_line' id='line_1_21' title="bbox 383 762 2227 830; baseline -0.003 -13"><span class='ocrx_word' id='word_1_120' title='bbox 383 775 635 830; x_wconf 89' lang='lat' dir='ltr'>loquentem</span> <span class='ocrx_word' id='word_1_121' title='bbox 670 770 867 828; x_wconf 78' lang='lat' dir='ltr'>perfecte</span> <span class='ocrx_word' id='word_1_122' title='bbox 899 768 1146 812; x_wconf 87' lang='lat' dir='ltr'>abominati</span> <span class='ocrx_word' id='word_1_123' title='bbox 1180 773 1295 811; x_wconf 90' lang='lat' dir='ltr'>sunt.</span> <span class='ocrx_word' id='word_1_124' title='bbox 1325 767 1357 794; x_wconf 81' lang='lat'>¹¹</span> <span class='ocrx_word' id='word_1_125' title='bbox 1385 768 1581 824; x_wconf 84' lang='lat' dir='ltr'>Idcirco,</span> <span class='ocrx_word' id='word_1_126' title='bbox 1615 783 1693 825; x_wconf 86' lang='lat' dir='ltr'>pro</span> <span class='ocrx_word' id='word_1_127' title='bbox 1720 783 1770 812; x_wconf 93' lang='lat' dir='ltr'>eo</span> <span class='ocrx_word' id='word_1_128' title='bbox 1805 768 1923 825; x_wconf 90' lang='lat' dir='ltr'>quod</span> <span class='ocrx_word' id='word_1_129' title='bbox 1948 762 2227 825; x_wconf 83' lang='lat' dir='ltr'>diripiebatis</span> 
     </span>
     <span class='ocr_line' id='line_1_22' title="bbox 382 827 2226 891; baseline -0.003 -15"><span class='ocrx_word' id='word_1_130' title='bbox 382 846 642 891; x_wconf 84' lang='lat' dir='ltr'>pauperem,</span> <span class='ocrx_word' id='word_1_131' title='bbox 666 835 709 873; x_wconf 93' lang='lat' dir='ltr'>et</span> <span class='ocrx_word' id='word_1_132' title='bbox 730 829 928 886; x_wconf 87' lang='lat' dir='ltr'>praedam</span> <span class='ocrx_word' id='word_1_133' title='bbox 950 827 1140 872; x_wconf 87' lang='lat' dir='ltr'>electam</span> <span class='ocrx_word' id='word_1_134' title='bbox 1163 827 1389 871; x_wconf 91' lang='lat' dir='ltr'>tollebatis</span> <span class='ocrx_word' id='word_1_135' title='bbox 1414 828 1471 870; x_wconf 89' lang='lat' dir='ltr'>ab</span> <span class='ocrx_word' id='word_1_136' title='bbox 1493 842 1557 883; x_wconf 92' lang='lat' dir='ltr'>eo,</span> <span class='ocrx_word' id='word_1_137' title='bbox 1578 828 1732 872; x_wconf 90' lang='lat' dir='ltr'>domos</span> <span class='ocrx_word' id='word_1_138' title='bbox 1754 828 1921 885; x_wconf 91' lang='lat' dir='ltr'>quadro</span> <span class='ocrx_word' id='word_1_139' title='bbox 1944 827 2095 885; x_wconf 90' lang='lat' dir='ltr'>lapide</span> <span class='ocrx_word' id='word_1_140' title='bbox 2121 827 2226 871; x_wconf 84' lang='lat' dir='ltr'>aedi-</span> 
     </span>
     <span class='ocr_line' id='line_1_23' title="bbox 383 887 2227 947; baseline -0.004 -11"><span class='ocrx_word' id='word_1_141' title='bbox 383 891 587 947; x_wconf 89' lang='lat' dir='ltr'>fieabitis,</span> <span class='ocrx_word' id='word_1_142' title='bbox 607 895 651 934; x_wconf 94' lang='lat' dir='ltr'>et</span> <span class='ocrx_word' id='word_1_143' title='bbox 669 904 755 933; x_wconf 88' lang='lat' dir='ltr'>non</span> <span class='ocrx_word' id='word_1_144' title='bbox 774 887 1035 931; x_wconf 88' lang='lat' dir='ltr'>habitabitis</span> <span class='ocrx_word' id='word_1_145' title='bbox 1053 887 1100 930; x_wconf 92' lang='lat' dir='ltr'>in</span> <span class='ocrx_word' id='word_1_146' title='bbox 1123 887 1209 942; x_wconf 74' lang='lat' dir='ltr'>eis,</span> <span class='ocrx_word' id='word_1_147' title='bbox 1230 887 1384 931; x_wconf 87' lang='lat' dir='ltr'>vineas</span> <span class='ocrx_word' id='word_1_148' title='bbox 1410 887 1673 944; x_wconf 85' lang='lat' dir='ltr'>plantabitis</span> <span class='ocrx_word' id='word_1_149' title='bbox 1698 887 2044 943; x_wconf 88' lang='lat' dir='ltr'>amantissimas,</span> <span class='ocrx_word' id='word_1_150' title='bbox 2069 892 2114 931; x_wconf 92' lang='lat' dir='ltr'>et</span> <span class='ocrx_word' id='word_1_151' title='bbox 2140 901 2227 930; x_wconf 92' lang='lat' dir='ltr'>non</span> 
     </span>
     <span class='ocr_line' id='line_1_24' title="bbox 382 946 2224 1004; baseline -0.003 -8"><span class='ocrx_word' id='word_1_152' title='bbox 382 951 545 996; x_wconf 90' lang='lat' dir='ltr'>bibetis</span> <span class='ocrx_word' id='word_1_153' title='bbox 572 950 725 993; x_wconf 87' lang='lat' dir='ltr'>vinum</span> <span class='ocrx_word' id='word_1_154' title='bbox 747 962 913 992; x_wconf 89' lang='lat' dir='ltr'>earum.</span> <span class='ocrx_word' id='word_1_155' title='bbox 939 946 973 973; x_wconf 72' lang='lat'>¹2</span> <span class='ocrx_word' id='word_1_156' title='bbox 991 947 1103 998; x_wconf 84' lang='lat' dir='ltr'>Quia</span> <span class='ocrx_word' id='word_1_157' title='bbox 1130 946 1319 1004; x_wconf 84' lang='lat' dir='ltr'>cognovi</span> <span class='ocrx_word' id='word_1_158' title='bbox 1346 947 1487 989; x_wconf 86' lang='lat' dir='ltr'>multa</span> <span class='ocrx_word' id='word_1_159' title='bbox 1513 947 1679 990; x_wconf 87' lang='lat' dir='ltr'>scelera</span> <span class='ocrx_word' id='word_1_160' title='bbox 1705 952 1872 1004; x_wconf 88' lang='lat' dir='ltr'>vestra,</span> <span class='ocrx_word' id='word_1_161' title='bbox 1897 952 1940 990; x_wconf 91' lang='lat' dir='ltr'>et</span> <span class='ocrx_word' id='word_1_162' title='bbox 1964 946 2101 990; x_wconf 79' lang='lat' dir='ltr'>fortia</span> <span class='ocrx_word' id='word_1_163' title='bbox 2126 961 2224 1004; x_wconf 89' lang='lat' dir='ltr'>pec-</span> 
     </span>
     <span class='ocr_line' id='line_1_25' title="bbox 386 1006 2227 1064; baseline -0.003 -9"><span class='ocrx_word' id='word_1_164' title='bbox 386 1017 485 1056; x_wconf 89' lang='lat' dir='ltr'>cata</span> <span class='ocrx_word' id='word_1_165' title='bbox 515 1016 690 1054; x_wconf 88' lang='lat' dir='ltr'>vestra:</span> <span class='ocrx_word' id='word_1_166' title='bbox 725 1009 872 1051; x_wconf 87' lang='lat' dir='ltr'>hostes</span> <span class='ocrx_word' id='word_1_167' title='bbox 909 1007 1038 1063; x_wconf 82' lang='lat' dir='ltr'>justi,</span> <span class='ocrx_word' id='word_1_168' title='bbox 1077 1006 1350 1064; x_wconf 87' lang='lat' dir='ltr'>accipientes</span> <span class='ocrx_word' id='word_1_169' title='bbox 1384 1021 1564 1061; x_wconf 87' lang='lat' dir='ltr'>munus,</span> <span class='ocrx_word' id='word_1_170' title='bbox 1601 1011 1644 1049; x_wconf 91' lang='lat' dir='ltr'>et</span> <span class='ocrx_word' id='word_1_171' title='bbox 1676 1021 1892 1064; x_wconf 90' lang='lat' dir='ltr'>pauperes</span> <span class='ocrx_word' id='word_1_172' title='bbox 1930 1006 2227 1064; x_wconf 83' lang='lat' dir='ltr'>deprimentes</span> 
     </span>
     <span class='ocr_line' id='line_1_26' title="bbox 384 1065 2225 1128; baseline -0.004 -13"><span class='ocrx_word' id='word_1_173' title='bbox 384 1072 431 1115; x_wconf 89' lang='lat' dir='ltr'>in</span> <span class='ocrx_word' id='word_1_174' title='bbox 457 1076 595 1128; x_wconf 88' lang='lat' dir='ltr'>porta.</span> <span class='ocrx_word' id='word_1_175' title='bbox 620 1069 655 1095; x_wconf 80' lang='lat'>13</span> <span class='ocrx_word' id='word_1_176' title='bbox 672 1068 779 1111; x_wconf 90' lang='lat' dir='ltr'>Ideo</span> <span class='ocrx_word' id='word_1_177' title='bbox 802 1067 995 1124; x_wconf 88' lang='lat' dir='ltr'>prudens</span> <span class='ocrx_word' id='word_1_178' title='bbox 1020 1067 1067 1109; x_wconf 89' lang='lat' dir='ltr'>in</span> <span class='ocrx_word' id='word_1_179' title='bbox 1093 1072 1291 1123; x_wconf 90' lang='lat' dir='ltr'>tempore</span> <span class='ocrx_word' id='word_1_180' title='bbox 1316 1065 1392 1110; x_wconf 91' lang='lat' dir='ltr'>illo</span> <span class='ocrx_word' id='word_1_181' title='bbox 1419 1067 1606 1123; x_wconf 87' lang='lat' dir='ltr'>tacebit,</span> <span class='ocrx_word' id='word_1_182' title='bbox 1634 1066 1737 1122; x_wconf 89' lang='lat' dir='ltr'>quia</span> <span class='ocrx_word' id='word_1_183' title='bbox 1758 1072 1934 1124; x_wconf 91' lang='lat' dir='ltr'>tempus</span> <span class='ocrx_word' id='word_1_184' title='bbox 1956 1067 2126 1110; x_wconf 89' lang='lat' dir='ltr'>malum</span> <span class='ocrx_word' id='word_1_185' title='bbox 2146 1072 2225 1110; x_wconf 88' lang='lat' dir='ltr'>est.</span> 
     </span>
    </p>

    <p class='ocr_par' dir='ltr' id='par_1_7' title="bbox 387 1126 2232 1602">
     <span class='ocr_line' id='line_1_27' title="bbox 446 1126 2228 1183; baseline -0.002 -11"><span class='ocrx_word' id='word_1_186' title='bbox 446 1130 481 1156; x_wconf 75' lang='lat'>¹4</span> <span class='ocrx_word' id='word_1_187' title='bbox 501 1129 691 1180; x_wconf 80' lang='lat' dir='ltr'>Quaerite</span> <span class='ocrx_word' id='word_1_188' title='bbox 721 1128 907 1183; x_wconf 82' lang='lat' dir='ltr'>bonum,</span> <span class='ocrx_word' id='word_1_189' title='bbox 939 1132 983 1170; x_wconf 93' lang='lat' dir='ltr'>et</span> <span class='ocrx_word' id='word_1_190' title='bbox 1015 1141 1103 1170; x_wconf 91' lang='lat' dir='ltr'>non</span> <span class='ocrx_word' id='word_1_191' title='bbox 1135 1126 1325 1173; x_wconf 55' lang='lat' dir='ltr'>malum,</span> <span class='ocrx_word' id='word_1_192' title='bbox 1356 1132 1405 1169; x_wconf 91' lang='lat' dir='ltr'>ut</span> <span class='ocrx_word' id='word_1_193' title='bbox 1434 1126 1622 1182; x_wconf 83' lang='lat' dir='ltr'>vivatis3</span> <span class='ocrx_word' id='word_1_194' title='bbox 1659 1132 1703 1170; x_wconf 91' lang='lat' dir='ltr'>et</span> <span class='ocrx_word' id='word_1_195' title='bbox 1733 1127 1815 1170; x_wconf 89' lang='lat' dir='ltr'>erit</span> <span class='ocrx_word' id='word_1_196' title='bbox 1851 1127 2066 1170; x_wconf 88' lang='lat' dir='ltr'>Dominus</span> <span class='ocrx_word' id='word_1_197' title='bbox 2109 1127 2228 1170; x_wconf 89' lang='lat' dir='ltr'>Deus</span> 
     </span>
     <span class='ocr_line' id='line_1_28' title="bbox 387 1185 2228 1243; baseline -0.003 -9"><span class='ocrx_word' id='word_1_198' title='bbox 387 1190 662 1234; x_wconf 74' lang='lat' dir='ltr'>exercituum</span> <span class='ocrx_word' id='word_1_199' title='bbox 694 1187 947 1243; x_wconf 82' lang='lat' dir='ltr'>vobiscum,</span> <span class='ocrx_word' id='word_1_200' title='bbox 979 1187 1095 1230; x_wconf 88' lang='lat' dir='ltr'>sicut</span> <span class='ocrx_word' id='word_1_201' title='bbox 1129 1186 1321 1229; x_wconf 79' lang='lat' dir='ltr'>dixistis,</span> <span class='ocrx_word' id='word_1_202' title='bbox 1350 1186 1384 1212; x_wconf 84' lang='lat'>¹5</span> <span class='ocrx_word' id='word_1_203' title='bbox 1405 1185 1535 1230; x_wconf 91' lang='lat' dir='ltr'>Odite</span> <span class='ocrx_word' id='word_1_204' title='bbox 1561 1186 1730 1228; x_wconf 88' lang='lat' dir='ltr'>malum</span> <span class='ocrx_word' id='word_1_205' title='bbox 1759 1191 1802 1229; x_wconf 91' lang='lat' dir='ltr'>et</span> <span class='ocrx_word' id='word_1_206' title='bbox 1833 1186 2007 1242; x_wconf 89' lang='lat' dir='ltr'>diligite</span> <span class='ocrx_word' id='word_1_207' title='bbox 2039 1186 2228 1241; x_wconf 90' lang='lat' dir='ltr'>bonum,</span> 
     </span>
     <span class='ocr_line' id='line_1_29' title="bbox 387 1245 2230 1303; baseline -0.003 -10"><span class='ocrx_word' id='word_1_208' title='bbox 387 1256 430 1294; x_wconf 90' lang='lat' dir='ltr'>et</span> <span class='ocrx_word' id='word_1_209' title='bbox 457 1248 712 1293; x_wconf 88' lang='lat' dir='ltr'>constituite</span> <span class='ocrx_word' id='word_1_210' title='bbox 736 1247 783 1289; x_wconf 85' lang='lat' dir='ltr'>in</span> <span class='ocrx_word' id='word_1_211' title='bbox 807 1251 934 1303; x_wconf 87' lang='lat' dir='ltr'>porta</span> <span class='ocrx_word' id='word_1_212' title='bbox 958 1246 1205 1303; x_wconf 81' lang='lat' dir='ltr'>judicium3</span> <span class='ocrx_word' id='word_1_213' title='bbox 1230 1246 1266 1289; x_wconf 90' lang='lat' dir='ltr'>si</span> <span class='ocrx_word' id='word_1_214' title='bbox 1287 1246 1406 1289; x_wconf 77' lang='lat' dir='ltr'>forte</span> <span class='ocrx_word' id='word_1_215' title='bbox 1431 1245 1692 1289; x_wconf 87' lang='lat' dir='ltr'>misereatur</span> <span class='ocrx_word' id='word_1_216' title='bbox 1716 1245 1934 1289; x_wconf 86' lang='lat' dir='ltr'>Dominus</span> <span class='ocrx_word' id='word_1_217' title='bbox 1961 1246 2080 1289; x_wconf 90' lang='lat' dir='ltr'>Deus</span> <span class='ocrx_word' id='word_1_218' title='bbox 2106 1259 2230 1289; x_wconf 80' lang='lat' dir='ltr'>exer-</span> 
     </span>
     <span class='ocr_line' id='line_1_30' title="bbox 388 1303 2228 1363; baseline -0.003 -11"><span class='ocrx_word' id='word_1_219' title='bbox 388 1310 558 1353; x_wconf 90' lang='lat' dir='ltr'>cituum</span> <span class='ocrx_word' id='word_1_220' title='bbox 592 1306 789 1363; x_wconf 90' lang='lat' dir='ltr'>reliquiis</span> <span class='ocrx_word' id='word_1_221' title='bbox 826 1306 1007 1363; x_wconf 80' lang='lat' dir='ltr'>Joseph.</span> <span class='ocrx_word' id='word_1_222' title='bbox 1040 1305 1076 1332; x_wconf 74' lang='lat'>1⁶</span> <span class='ocrx_word' id='word_1_223' title='bbox 1094 1306 1334 1362; x_wconf 84' lang='lat' dir='ltr'>Propterea</span> <span class='ocrx_word' id='word_1_224' title='bbox 1363 1306 1459 1349; x_wconf 88' lang='lat' dir='ltr'>haec</span> <span class='ocrx_word' id='word_1_225' title='bbox 1502 1305 1611 1348; x_wconf 87' lang='lat' dir='ltr'>dicit</span> <span class='ocrx_word' id='word_1_226' title='bbox 1653 1305 1872 1348; x_wconf 87' lang='lat' dir='ltr'>Dominus</span> <span class='ocrx_word' id='word_1_227' title='bbox 1911 1306 2030 1348; x_wconf 92' lang='lat' dir='ltr'>Deus</span> <span class='ocrx_word' id='word_1_228' title='bbox 2063 1303 2228 1348; x_wconf 81' lang='lat' dir='ltr'>exerci-</span> 
     </span>
     <span class='ocr_line' id='line_1_31' title="bbox 387 1363 2230 1424; baseline -0.003 -12"><span class='ocrx_word' id='word_1_229' title='bbox 387 1374 535 1424; x_wconf 87' lang='lat' dir='ltr'>tuum,</span> <span class='ocrx_word' id='word_1_230' title='bbox 566 1367 841 1411; x_wconf 88' lang='lat' dir='ltr'>dominator:</span> <span class='ocrx_word' id='word_1_231' title='bbox 864 1367 920 1410; x_wconf 88' lang='lat' dir='ltr'>In</span> <span class='ocrx_word' id='word_1_232' title='bbox 949 1365 1155 1409; x_wconf 90' lang='lat' dir='ltr'>omnibus</span> <span class='ocrx_word' id='word_1_233' title='bbox 1180 1365 1340 1423; x_wconf 91' lang='lat' dir='ltr'>plateis</span> <span class='ocrx_word' id='word_1_234' title='bbox 1371 1365 1601 1422; x_wconf 85' lang='lat' dir='ltr'>planctus3</span> <span class='ocrx_word' id='word_1_235' title='bbox 1633 1369 1678 1408; x_wconf 91' lang='lat' dir='ltr'>et</span> <span class='ocrx_word' id='word_1_236' title='bbox 1705 1364 1752 1407; x_wconf 91' lang='lat' dir='ltr'>in</span> <span class='ocrx_word' id='word_1_237' title='bbox 1782 1364 1954 1408; x_wconf 90' lang='lat' dir='ltr'>cunctis</span> <span class='ocrx_word' id='word_1_238' title='bbox 1988 1378 2087 1421; x_wconf 86' lang='lat' dir='ltr'>quae</span> <span class='ocrx_word' id='word_1_239' title='bbox 2119 1363 2230 1407; x_wconf 76' lang='lat' dir='ltr'>foris</span> 
     </span>
     <span class='ocr_line' id='line_1_32' title="bbox 388 1423 2227 1484; baseline -0.003 -13"><span class='ocrx_word' id='word_1_240' title='bbox 388 1433 503 1484; x_wconf 90' lang='lat' dir='ltr'>sunt,</span> <span class='ocrx_word' id='word_1_241' title='bbox 524 1427 695 1471; x_wconf 90' lang='lat' dir='ltr'>dicetur</span> <span class='ocrx_word' id='word_1_242' title='bbox 713 1443 721 1470; x_wconf 92' lang='lat'>:</span> <span class='ocrx_word' id='word_1_243' title='bbox 742 1427 843 1483; x_wconf 85' lang='lat' dir='ltr'>Vae,</span> <span class='ocrx_word' id='word_1_244' title='bbox 863 1427 957 1469; x_wconf 79' lang='lat' dir='ltr'>vae!</span> <span class='ocrx_word' id='word_1_245' title='bbox 979 1431 1021 1470; x_wconf 91' lang='lat' dir='ltr'>et</span> <span class='ocrx_word' id='word_1_246' title='bbox 1039 1426 1265 1469; x_wconf 86' lang='lat' dir='ltr'>vocabunt</span> <span class='ocrx_word' id='word_1_247' title='bbox 1291 1425 1537 1481; x_wconf 85' lang='lat' dir='ltr'>agricolam</span> <span class='ocrx_word' id='word_1_248' title='bbox 1558 1425 1615 1468; x_wconf 88' lang='lat' dir='ltr'>ad</span> <span class='ocrx_word' id='word_1_249' title='bbox 1639 1425 1830 1480; x_wconf 86' lang='lat' dir='ltr'>luctum,</span> <span class='ocrx_word' id='word_1_250' title='bbox 1850 1429 1894 1468; x_wconf 95' lang='lat' dir='ltr'>et</span> <span class='ocrx_word' id='word_1_251' title='bbox 1917 1423 1975 1467; x_wconf 89' lang='lat' dir='ltr'>ad</span> <span class='ocrx_word' id='word_1_252' title='bbox 2001 1424 2227 1481; x_wconf 90' lang='lat' dir='ltr'>planctum</span> 
     </span>
     <span class='ocr_line' id='line_1_33' title="bbox 390 1483 2232 1544; baseline -0.004 -12"><span class='ocrx_word' id='word_1_253' title='bbox 390 1503 461 1532; x_wconf 91' lang='lat' dir='ltr'>eos</span> <span class='ocrx_word' id='word_1_254' title='bbox 484 1487 557 1543; x_wconf 87' lang='lat' dir='ltr'>qui</span> <span class='ocrx_word' id='word_1_255' title='bbox 583 1487 730 1530; x_wconf 89' lang='lat' dir='ltr'>sciunt</span> <span class='ocrx_word' id='word_1_256' title='bbox 763 1486 987 1544; x_wconf 81' lang='lat' dir='ltr'>plangere.</span> <span class='ocrx_word' id='word_1_257' title='bbox 1017 1485 1050 1512; x_wconf 74' lang='lat'>17</span> <span class='ocrx_word' id='word_1_258' title='bbox 1070 1486 1129 1528; x_wconf 88' lang='lat' dir='ltr'>Et</span> <span class='ocrx_word' id='word_1_259' title='bbox 1152 1485 1199 1528; x_wconf 86' lang='lat' dir='ltr'>in</span> <span class='ocrx_word' id='word_1_260' title='bbox 1234 1484 1439 1529; x_wconf 90' lang='lat' dir='ltr'>omnibus</span> <span class='ocrx_word' id='word_1_261' title='bbox 1465 1484 1607 1528; x_wconf 86' lang='lat' dir='ltr'>vineis</span> <span class='ocrx_word' id='word_1_262' title='bbox 1634 1484 1716 1527; x_wconf 90' lang='lat' dir='ltr'>erit</span> <span class='ocrx_word' id='word_1_263' title='bbox 1748 1483 1976 1541; x_wconf 82' lang='lat' dir='ltr'>planctus,</span> <span class='ocrx_word' id='word_1_264' title='bbox 2007 1483 2110 1539; x_wconf 86' lang='lat' dir='ltr'>quia</span> <span class='ocrx_word' id='word_1_265' title='bbox 2135 1497 2232 1540; x_wconf 90' lang='lat' dir='ltr'>per—</span> 
     </span>
     <span class='ocr_line' id='line_1_34' title="bbox 389 1546 1330 1602; baseline -0.002 -12"><span class='ocrx_word' id='word_1_266' title='bbox 389 1547 586 1590; x_wconf 87' lang='lat' dir='ltr'>transibo</span> <span class='ocrx_word' id='word_1_267' title='bbox 612 1546 659 1588; x_wconf 90' lang='lat' dir='ltr'>in</span> <span class='ocrx_word' id='word_1_268' title='bbox 684 1546 830 1589; x_wconf 87' lang='lat' dir='ltr'>medio</span> <span class='ocrx_word' id='word_1_269' title='bbox 852 1546 936 1602; x_wconf 90' lang='lat' dir='ltr'>tui,</span> <span class='ocrx_word' id='word_1_270' title='bbox 965 1546 1074 1588; x_wconf 87' lang='lat' dir='ltr'>dicit</span> <span class='ocrx_word' id='word_1_271' title='bbox 1098 1546 1330 1589; x_wconf 86' lang='lat' dir='ltr'>Dominus.</span> 
     </span>
    </p>

    <p class='ocr_par' dir='ltr' id='par_1_8' title="bbox 391 1602 2237 2437">
     <span class='ocr_line' id='line_1_35' title="bbox 451 1602 2234 1661; baseline -0.003 -11"><span class='ocrx_word' id='word_1_272' title='bbox 451 1607 485 1633; x_wconf 77' lang='lat'>¹8</span> <span class='ocrx_word' id='word_1_273' title='bbox 506 1607 585 1650; x_wconf 87' lang='lat' dir='ltr'>Vae</span> <span class='ocrx_word' id='word_1_274' title='bbox 613 1605 967 1649; x_wconf 85' lang='lat' dir='ltr'>desiderantibus</span> <span class='ocrx_word' id='word_1_275' title='bbox 995 1605 1111 1648; x_wconf 90' lang='lat' dir='ltr'>diem</span> <span class='ocrx_word' id='word_1_276' title='bbox 1146 1605 1349 1649; x_wconf 78' lang='lat' dir='ltr'>Domini!</span> <span class='ocrx_word' id='word_1_277' title='bbox 1377 1605 1449 1649; x_wconf 90' lang='lat' dir='ltr'>Ad</span> <span class='ocrx_word' id='word_1_278' title='bbox 1476 1605 1580 1661; x_wconf 91' lang='lat' dir='ltr'>quid</span> <span class='ocrx_word' id='word_1_279' title='bbox 1604 1620 1703 1648; x_wconf 89' lang='lat' dir='ltr'>eam</span> <span class='ocrx_word' id='word_1_280' title='bbox 1724 1605 1885 1648; x_wconf 84' lang='lat' dir='ltr'>vobis?</span> <span class='ocrx_word' id='word_1_281' title='bbox 1917 1605 2022 1648; x_wconf 90' lang='lat' dir='ltr'>Dies</span> <span class='ocrx_word' id='word_1_282' title='bbox 2051 1602 2234 1647; x_wconf 87' lang='lat' dir='ltr'>Domini</span> 
     </span>
     <span class='ocr_line' id='line_1_36' title="bbox 391 1663 2234 1724; baseline -0.003 -13"><span class='ocrx_word' id='word_1_283' title='bbox 391 1669 497 1724; x_wconf 90' lang='lat' dir='ltr'>ista,</span> <span class='ocrx_word' id='word_1_284' title='bbox 531 1666 750 1721; x_wconf 80' lang='lat' dir='ltr'>tenebrae,</span> <span class='ocrx_word' id='word_1_285' title='bbox 785 1670 828 1708; x_wconf 91' lang='lat' dir='ltr'>et</span> <span class='ocrx_word' id='word_1_286' title='bbox 861 1679 948 1708; x_wconf 91' lang='lat' dir='ltr'>non</span> <span class='ocrx_word' id='word_1_287' title='bbox 984 1665 1073 1708; x_wconf 82' lang='lat' dir='ltr'>lux.</span> <span class='ocrx_word' id='word_1_288' title='bbox 1104 1664 1141 1691; x_wconf 73' lang='lat'>19</span> <span class='ocrx_word' id='word_1_289' title='bbox 1167 1664 1393 1716; x_wconf 83' lang='lat' dir='ltr'>Quomodo</span> <span class='ocrx_word' id='word_1_290' title='bbox 1428 1664 1463 1707; x_wconf 91' lang='lat' dir='ltr'>si</span> <span class='ocrx_word' id='word_1_291' title='bbox 1497 1665 1647 1720; x_wconf 77' lang='lat' dir='ltr'>fugiat</span> <span class='ocrx_word' id='word_1_292' title='bbox 1680 1664 1747 1707; x_wconf 83' lang='lat' dir='ltr'>vir</span> <span class='ocrx_word' id='word_1_293' title='bbox 1780 1679 1806 1707; x_wconf 93' lang='lat' dir='ltr'>a</span> <span class='ocrx_word' id='word_1_294' title='bbox 1838 1663 1958 1707; x_wconf 74' lang='lat' dir='ltr'>facie</span> <span class='ocrx_word' id='word_1_295' title='bbox 1990 1663 2152 1718; x_wconf 90' lang='lat' dir='ltr'>leonis,</span> <span class='ocrx_word' id='word_1_296' title='bbox 2190 1668 2234 1705; x_wconf 88' lang='lat' dir='ltr'>et</span> 
     </span>
     <span class='ocr_line' id='line_1_37' title="bbox 392 1723 2234 1781; baseline -0.003 -11"><span class='ocrx_word' id='word_1_297' title='bbox 392 1732 594 1772; x_wconf 87' lang='lat' dir='ltr'>occurrat</span> <span class='ocrx_word' id='word_1_298' title='bbox 620 1725 658 1769; x_wconf 92' lang='lat' dir='ltr'>ei</span> <span class='ocrx_word' id='word_1_299' title='bbox 692 1740 843 1780; x_wconf 83' lang='lat' dir='ltr'>ursus3</span> <span class='ocrx_word' id='word_1_300' title='bbox 876 1730 919 1768; x_wconf 89' lang='lat' dir='ltr'>et</span> <span class='ocrx_word' id='word_1_301' title='bbox 950 1724 1227 1781; x_wconf 84' lang='lat' dir='ltr'>ingrediatur</span> <span class='ocrx_word' id='word_1_302' title='bbox 1260 1724 1462 1780; x_wconf 89' lang='lat' dir='ltr'>domum,</span> <span class='ocrx_word' id='word_1_303' title='bbox 1494 1729 1538 1767; x_wconf 94' lang='lat' dir='ltr'>et</span> <span class='ocrx_word' id='word_1_304' title='bbox 1568 1723 1786 1766; x_wconf 88' lang='lat' dir='ltr'>innitatur</span> <span class='ocrx_word' id='word_1_305' title='bbox 1818 1738 1954 1765; x_wconf 89' lang='lat' dir='ltr'>manu</span> <span class='ocrx_word' id='word_1_306' title='bbox 1991 1737 2071 1766; x_wconf 75' lang='lat' dir='ltr'>sua·</span> <span class='ocrx_word' id='word_1_307' title='bbox 2103 1736 2234 1779; x_wconf 88' lang='lat' dir='ltr'>super</span> 
     </span>
     <span class='ocr_line' id='line_1_38' title="bbox 392 1781 2233 1845; baseline -0.003 -16"><span class='ocrx_word' id='word_1_308' title='bbox 392 1787 627 1845; x_wconf 87' lang='lat' dir='ltr'>parietem,</span> <span class='ocrx_word' id='word_1_309' title='bbox 654 1790 697 1828; x_wconf 91' lang='lat' dir='ltr'>et</span> <span class='ocrx_word' id='word_1_310' title='bbox 723 1785 922 1828; x_wconf 85' lang='lat' dir='ltr'>mordeat</span> <span class='ocrx_word' id='word_1_311' title='bbox 948 1799 1047 1828; x_wconf 89' lang='lat' dir='ltr'>eum</span> <span class='ocrx_word' id='word_1_312' title='bbox 1071 1784 1262 1827; x_wconf 89' lang='lat' dir='ltr'>coluber.</span> <span class='ocrx_word' id='word_1_313' title='bbox 1290 1782 1327 1810; x_wconf 66' lang='lat'>2⁰</span> <span class='ocrx_word' id='word_1_314' title='bbox 1345 1783 1573 1839; x_wconf 87' lang='lat' dir='ltr'>Numquid</span> <span class='ocrx_word' id='word_1_315' title='bbox 1597 1797 1684 1826; x_wconf 91' lang='lat' dir='ltr'>non</span> <span class='ocrx_word' id='word_1_316' title='bbox 1711 1783 1905 1826; x_wconf 73' lang='lat' dir='ltr'>tenebrae</span> <span class='ocrx_word' id='word_1_317' title='bbox 1925 1782 2017 1825; x_wconf 91' lang='lat' dir='ltr'>dies</span> <span class='ocrx_word' id='word_1_318' title='bbox 2036 1781 2233 1836; x_wconf 87' lang='lat' dir='ltr'>Domini,</span> 
     </span>
     <span class='ocr_line' id='line_1_39' title="bbox 394 1840 2234 1901; baseline -0.004 -11"><span class='ocrx_word' id='word_1_319' title='bbox 394 1852 438 1890; x_wconf 90' lang='lat' dir='ltr'>et</span> <span class='ocrx_word' id='word_1_320' title='bbox 463 1860 549 1889; x_wconf 90' lang='lat' dir='ltr'>non</span> <span class='ocrx_word' id='word_1_321' title='bbox 575 1845 676 1900; x_wconf 71' lang='lat' dir='ltr'>lux,</span> <span class='ocrx_word' id='word_1_322' title='bbox 706 1850 749 1888; x_wconf 93' lang='lat' dir='ltr'>et</span> <span class='ocrx_word' id='word_1_323' title='bbox 778 1844 942 1901; x_wconf 87' lang='lat' dir='ltr'>caligo,</span> <span class='ocrx_word' id='word_1_324' title='bbox 971 1850 1014 1888; x_wconf 93' lang='lat' dir='ltr'>et</span> <span class='ocrx_word' id='word_1_325' title='bbox 1047 1858 1134 1887; x_wconf 87' lang='lat' dir='ltr'>non</span> <span class='ocrx_word' id='word_1_326' title='bbox 1164 1844 1372 1900; x_wconf 87' lang='lat' dir='ltr'>splendor</span> <span class='ocrx_word' id='word_1_327' title='bbox 1398 1844 1442 1885; x_wconf 91' lang='lat' dir='ltr'>in</span> <span class='ocrx_word' id='word_1_328' title='bbox 1473 1843 1557 1886; x_wconf 80' lang='lat' dir='ltr'>ea?</span> <span class='ocrx_word' id='word_1_329' title='bbox 1591 1841 1625 1868; x_wconf 64' lang='lat'>“2¹</span> <span class='ocrx_word' id='word_1_330' title='bbox 1648 1843 1752 1897; x_wconf 90' lang='lat' dir='ltr'>Odi,</span> <span class='ocrx_word' id='word_1_331' title='bbox 1784 1847 1828 1885; x_wconf 91' lang='lat' dir='ltr'>et</span> <span class='ocrx_word' id='word_1_332' title='bbox 1856 1841 2024 1898; x_wconf 81' lang='lat' dir='ltr'>projeci</span> <span class='ocrx_word' id='word_1_333' title='bbox 2058 1840 2234 1884; x_wconf 75' lang='lat' dir='ltr'>festivi-</span> 
     </span>
     <span class='ocr_line' id='line_1_40' title="bbox 393 1899 2235 1961; baseline -0.004 -12"><span class='ocrx_word' id='word_1_334' title='bbox 393 1911 507 1949; x_wconf 89' lang='lat' dir='ltr'>tates</span> <span class='ocrx_word' id='word_1_335' title='bbox 530 1911 718 1961; x_wconf 84' lang='lat' dir='ltr'>vestras,</span> <span class='ocrx_word' id='word_1_336' title='bbox 742 1909 786 1948; x_wconf 91' lang='lat' dir='ltr'>et</span> <span class='ocrx_word' id='word_1_337' title='bbox 808 1918 894 1947; x_wconf 90' lang='lat' dir='ltr'>non</span> <span class='ocrx_word' id='word_1_338' title='bbox 921 1904 1095 1961; x_wconf 87' lang='lat' dir='ltr'>capiam</span> <span class='ocrx_word' id='word_1_339' title='bbox 1122 1903 1301 1947; x_wconf 91' lang='lat' dir='ltr'>odorem</span> <span class='ocrx_word' id='word_1_340' title='bbox 1327 1909 1523 1946; x_wconf 87' lang='lat' dir='ltr'>coetuum</span> <span class='ocrx_word' id='word_1_341' title='bbox 1548 1908 1809 1945; x_wconf 75' lang='lat' dir='ltr'>vestrorum.</span> <span class='ocrx_word' id='word_1_342' title='bbox 1836 1900 1873 1926; x_wconf 71' lang='lat'>⁶22</span> <span class='ocrx_word' id='word_1_343' title='bbox 1890 1900 2016 1951; x_wconf 90' lang='lat' dir='ltr'>Quod</span> <span class='ocrx_word' id='word_1_344' title='bbox 2045 1899 2083 1943; x_wconf 90' lang='lat' dir='ltr'>si</span> <span class='ocrx_word' id='word_1_345' title='bbox 2108 1899 2235 1943; x_wconf 90' lang='lat' dir='ltr'>obtu—</span> 
     </span>
     <span class='ocr_line' id='line_1_41' title="bbox 394 1959 2236 2019; baseline -0.004 -11"><span class='ocrx_word' id='word_1_346' title='bbox 394 1965 532 2009; x_wconf 89' lang='lat' dir='ltr'>leritis</span> <span class='ocrx_word' id='word_1_347' title='bbox 567 1964 675 2007; x_wconf 89' lang='lat' dir='ltr'>mihi</span> <span class='ocrx_word' id='word_1_348' title='bbox 709 1964 1090 2019; x_wconf 87' lang='lat' dir='ltr'>holocautomata,</span> <span class='ocrx_word' id='word_1_349' title='bbox 1126 1969 1169 2007; x_wconf 92' lang='lat' dir='ltr'>et</span> <span class='ocrx_word' id='word_1_350' title='bbox 1202 1977 1385 2006; x_wconf 87' lang='lat' dir='ltr'>munera</span> <span class='ocrx_word' id='word_1_351' title='bbox 1420 1967 1585 2016; x_wconf 86' lang='lat' dir='ltr'>vestra,</span> <span class='ocrx_word' id='word_1_352' title='bbox 1622 1975 1709 2003; x_wconf 92' lang='lat' dir='ltr'>non</span> <span class='ocrx_word' id='word_1_353' title='bbox 1745 1959 2016 2016; x_wconf 81' lang='lat' dir='ltr'>suscipiam;</span> <span class='ocrx_word' id='word_1_354' title='bbox 2056 1963 2099 2002; x_wconf 93' lang='lat' dir='ltr'>et</span> <span class='ocrx_word' id='word_1_355' title='bbox 2134 1966 2236 2001; x_wconf 85' lang='lat' dir='ltr'>vota</span> 
     </span>
     <span class='ocr_line' id='line_1_42' title="bbox 394 2018 2236 2082; baseline -0.004 -15"><span class='ocrx_word' id='word_1_356' title='bbox 394 2025 629 2082; x_wconf 88' lang='lat' dir='ltr'>pinguium</span> <span class='ocrx_word' id='word_1_357' title='bbox 659 2029 905 2067; x_wconf 79' lang='lat' dir='ltr'>vestrorum</span> <span class='ocrx_word' id='word_1_358' title='bbox 938 2038 1026 2066; x_wconf 89' lang='lat' dir='ltr'>non</span> <span class='ocrx_word' id='word_1_359' title='bbox 1055 2022 1304 2080; x_wconf 88' lang='lat' dir='ltr'>respiciam.</span> <span class='ocrx_word' id='word_1_360' title='bbox 1332 2021 1369 2048; x_wconf 64' lang='lat'>²3</span> <span class='ocrx_word' id='word_1_361' title='bbox 1387 2021 1531 2064; x_wconf 79' lang='lat' dir='ltr'>Aufer</span> <span class='ocrx_word' id='word_1_362' title='bbox 1556 2036 1581 2063; x_wconf 88' lang='lat' dir='ltr'>a</span> <span class='ocrx_word' id='word_1_363' title='bbox 1607 2034 1677 2063; x_wconf 88' lang='lat' dir='ltr'>me</span> <span class='ocrx_word' id='word_1_364' title='bbox 1710 2019 1955 2062; x_wconf 89' lang='lat' dir='ltr'>tumultum</span> <span class='ocrx_word' id='word_1_365' title='bbox 1987 2018 2236 2062; x_wconf 85' lang='lat' dir='ltr'>carminum</span> 
     </span>
     <span class='ocr_line' id='line_1_43' title="bbox 395 2078 2236 2139; baseline -0.004 -12"><span class='ocrx_word' id='word_1_366' title='bbox 395 2090 594 2139; x_wconf 83' lang='lat' dir='ltr'>tuorum3</span> <span class='ocrx_word' id='word_1_367' title='bbox 628 2089 670 2127; x_wconf 91' lang='lat' dir='ltr'>et</span> <span class='ocrx_word' id='word_1_368' title='bbox 704 2083 880 2127; x_wconf 84' lang='lat' dir='ltr'>cantica</span> <span class='ocrx_word' id='word_1_369' title='bbox 913 2083 1020 2139; x_wconf 77' lang='lat' dir='ltr'>lyrae</span> <span class='ocrx_word' id='word_1_370' title='bbox 1054 2088 1144 2125; x_wconf 86' lang='lat' dir='ltr'>tuae</span> <span class='ocrx_word' id='word_1_371' title='bbox 1174 2096 1262 2125; x_wconf 90' lang='lat' dir='ltr'>non</span> <span class='ocrx_word' id='word_1_372' title='bbox 1292 2081 1486 2124; x_wconf 87' lang='lat' dir='ltr'>audiam.</span> <span class='ocrx_word' id='word_1_373' title='bbox 1514 2079 1550 2106; x_wconf 71' lang='lat'>⁶24</span> <span class='ocrx_word' id='word_1_374' title='bbox 1577 2080 1634 2122; x_wconf 90' lang='lat' dir='ltr'>Et</span> <span class='ocrx_word' id='word_1_375' title='bbox 1662 2078 1935 2122; x_wconf 82' lang='lat' dir='ltr'>revelabitur</span> <span class='ocrx_word' id='word_1_376' title='bbox 1963 2078 2085 2134; x_wconf 88' lang='lat' dir='ltr'>quasi</span> <span class='ocrx_word' id='word_1_377' title='bbox 2121 2092 2236 2133; x_wconf 83' lang='lat' dir='ltr'>aqua</span> 
     </span>
     <span class='ocr_line' id='line_1_44' title="bbox 393 2137 2236 2202; baseline -0.003 -17"><span class='ocrx_word' id='word_1_378' title='bbox 393 2143 636 2202; x_wconf 80' lang='lat' dir='ltr'>judicium,</span> <span class='ocrx_word' id='word_1_379' title='bbox 664 2149 707 2187; x_wconf 91' lang='lat' dir='ltr'>et</span> <span class='ocrx_word' id='word_1_380' title='bbox 739 2143 915 2199; x_wconf 84' lang='lat' dir='ltr'>justitia</span> <span class='ocrx_word' id='word_1_381' title='bbox 948 2143 1072 2198; x_wconf 88' lang='lat' dir='ltr'>quasi</span> <span class='ocrx_word' id='word_1_382' title='bbox 1108 2147 1275 2185; x_wconf 87' lang='lat' dir='ltr'>torrens</span> <span class='ocrx_word' id='word_1_383' title='bbox 1306 2140 1451 2183; x_wconf 82' lang='lat' dir='ltr'>fortis.</span> <span class='ocrx_word' id='word_1_384' title='bbox 1482 2138 1519 2166; x_wconf 72' lang='lat'>⁵25</span> <span class='ocrx_word' id='word_1_385' title='bbox 1543 2139 1772 2195; x_wconf 90' lang='lat' dir='ltr'>Numquid</span> <span class='ocrx_word' id='word_1_386' title='bbox 1801 2137 1969 2182; x_wconf 90' lang='lat' dir='ltr'>hostias</span> <span class='ocrx_word' id='word_1_387' title='bbox 2003 2143 2046 2181; x_wconf 90' lang='lat' dir='ltr'>et</span> <span class='ocrx_word' id='word_1_388' title='bbox 2071 2137 2236 2181; x_wconf 87' lang='lat' dir='ltr'>sacrifi-</span> 
     </span>
     <span class='ocr_line' id='line_1_45' title="bbox 396 2196 2237 2257; baseline -0.004 -11"><span class='ocrx_word' id='word_1_389' title='bbox 396 2203 513 2246; x_wconf 89' lang='lat' dir='ltr'>cium</span> <span class='ocrx_word' id='word_1_390' title='bbox 543 2202 767 2246; x_wconf 89' lang='lat' dir='ltr'>obtulistis</span> <span class='ocrx_word' id='word_1_391' title='bbox 801 2202 910 2245; x_wconf 93' lang='lat' dir='ltr'>mihi</span> <span class='ocrx_word' id='word_1_392' title='bbox 945 2201 990 2244; x_wconf 90' lang='lat' dir='ltr'>in</span> <span class='ocrx_word' id='word_1_393' title='bbox 1020 2201 1191 2245; x_wconf 91' lang='lat' dir='ltr'>deserto</span> <span class='ocrx_word' id='word_1_394' title='bbox 1219 2200 1516 2257; x_wconf 88' lang='lat' dir='ltr'>quadraginta</span> <span class='ocrx_word' id='word_1_395' title='bbox 1549 2198 1698 2254; x_wconf 91' lang='lat' dir='ltr'>annis,</span> <span class='ocrx_word' id='word_1_396' title='bbox 1726 2198 1883 2241; x_wconf 89' lang='lat' dir='ltr'>domus</span> <span class='ocrx_word' id='word_1_397' title='bbox 1910 2196 2086 2241; x_wconf 81' lang='lat' dir='ltr'>Israel?</span> <span class='ocrx_word' id='word_1_398' title='bbox 2120 2196 2157 2223; x_wconf 69' lang='lat'>‘²⁶</span> <span class='ocrx_word' id='word_1_399' title='bbox 2180 2198 2237 2240; x_wconf 84' lang='lat' dir='ltr'>Et</span> 
     </span>
     <span class='ocr_line' id='line_1_46' title="bbox 395 2257 2236 2319; baseline -0.004 -14"><span class='ocrx_word' id='word_1_400' title='bbox 395 2262 603 2319; x_wconf 88' lang='lat' dir='ltr'>portastis</span> <span class='ocrx_word' id='word_1_401' title='bbox 629 2261 968 2306; x_wconf 89' lang='lat' dir='ltr'>tabernaculum</span> <span class='ocrx_word' id='word_1_402' title='bbox 989 2261 1168 2304; x_wconf 90' lang='lat' dir='ltr'>Moloch</span> <span class='ocrx_word' id='word_1_403' title='bbox 1192 2266 1360 2314; x_wconf 82' lang='lat' dir='ltr'>vestro,</span> <span class='ocrx_word' id='word_1_404' title='bbox 1384 2265 1428 2302; x_wconf 91' lang='lat' dir='ltr'>et</span> <span class='ocrx_word' id='word_1_405' title='bbox 1452 2259 1697 2315; x_wconf 89' lang='lat' dir='ltr'>imaginem</span> <span class='ocrx_word' id='word_1_406' title='bbox 1721 2257 1942 2301; x_wconf 91' lang='lat' dir='ltr'>idolorum</span> <span class='ocrx_word' id='word_1_407' title='bbox 1967 2261 2236 2312; x_wconf 76' lang='lat' dir='ltr'>vestrorum,</span> 
     </span>
     <span class='ocr_line' id='line_1_47' title="bbox 395 2316 2236 2378; baseline -0.003 -14"><span class='ocrx_word' id='word_1_408' title='bbox 395 2322 516 2365; x_wconf 91' lang='lat' dir='ltr'>sidus</span> <span class='ocrx_word' id='word_1_409' title='bbox 547 2322 616 2365; x_wconf 92' lang='lat' dir='ltr'>dei</span> <span class='ocrx_word' id='word_1_410' title='bbox 650 2322 804 2377; x_wconf 88' lang='lat' dir='ltr'>vestri,</span> <span class='ocrx_word' id='word_1_411' title='bbox 829 2336 926 2378; x_wconf 86' lang='lat' dir='ltr'>quae</span> <span class='ocrx_word' id='word_1_412' title='bbox 956 2321 1128 2364; x_wconf 76' lang='lat' dir='ltr'>fecistis</span> <span class='ocrx_word' id='word_1_413' title='bbox 1159 2320 1297 2363; x_wconf 77' lang='lat' dir='ltr'>vobis.</span> <span class='ocrx_word' id='word_1_414' title='bbox 1330 2318 1365 2345; x_wconf 67' lang='lat'>2⁷</span> <span class='ocrx_word' id='word_1_415' title='bbox 1393 2320 1450 2361; x_wconf 83' lang='lat' dir='ltr'>Et</span> <span class='ocrx_word' id='word_1_416' title='bbox 1480 2319 1672 2374; x_wconf 89' lang='lat' dir='ltr'>migrare</span> <span class='ocrx_word' id='word_1_417' title='bbox 1697 2332 1773 2360; x_wconf 82' lang='lat' dir='ltr'>vos</span> <span class='ocrx_word' id='word_1_418' title='bbox 1807 2316 1976 2360; x_wconf 78' lang='lat' dir='ltr'>faciam</span> <span class='ocrx_word' id='word_1_419' title='bbox 2002 2322 2121 2359; x_wconf 87' lang='lat' dir='ltr'>trans</span> <span class='ocrx_word' id='word_1_420' title='bbox 2151 2317 2236 2358; x_wconf 88' lang='lat' dir='ltr'>Da-</span> 
     </span>
     <span class='ocr_line' id='line_1_48' title="bbox 397 2377 1776 2437; baseline -0.004 -12"><span class='ocrx_word' id='word_1_421' title='bbox 397 2396 615 2437; x_wconf 90' lang='lat' dir='ltr'>mascum,</span> <span class='ocrx_word' id='word_1_422' title='bbox 639 2381 747 2425; x_wconf 88' lang='lat' dir='ltr'>dicit</span> <span class='ocrx_word' id='word_1_423' title='bbox 770 2381 1007 2437; x_wconf 89' lang='lat' dir='ltr'>Dominus,</span> <span class='ocrx_word' id='word_1_424' title='bbox 1037 2381 1156 2423; x_wconf 92' lang='lat' dir='ltr'>Deus</span> <span class='ocrx_word' id='word_1_425' title='bbox 1183 2379 1457 2423; x_wconf 75' lang='lat' dir='ltr'>exercituum</span> <span class='ocrx_word' id='word_1_426' title='bbox 1480 2392 1640 2421; x_wconf 91' lang='lat' dir='ltr'>nomen</span> <span class='ocrx_word' id='word_1_427' title='bbox 1666 2377 1776 2434; x_wconf 83' lang='lat' dir='ltr'>ejus.</span> 
     </span>
    </p>

    <p class='ocr_par' dir='ltr' id='par_1_9' title="bbox 398 2437 2238 3139">
     <span class='ocr_line' id='line_1_49' title="bbox 456 2437 2237 2497; baseline -0.003 -12"><span class='ocrx_word' id='word_1_428' title='bbox 456 2441 564 2485; x_wconf 79' lang='lat' dir='ltr'>CAP.</span> <span class='ocrx_word' id='word_1_429' title='bbox 596 2442 676 2485; x_wconf 89' lang='lat' dir='ltr'>VI.</span> <span class='ocrx_word' id='word_1_430' title='bbox 709 2468 768 2475; x_wconf 91' lang='lat'>-—</span> <span class='ocrx_word' id='word_1_431' title='bbox 802 2440 815 2466; x_wconf 81' lang='lat'><strong>1</strong></span> <span class='ocrx_word' id='word_1_432' title='bbox 844 2442 925 2484; x_wconf 83' lang='lat' dir='ltr'>Vae</span> <span class='ocrx_word' id='word_1_433' title='bbox 957 2442 1031 2497; x_wconf 89' lang='lat' dir='ltr'>qui</span> <span class='ocrx_word' id='word_1_434' title='bbox 1070 2439 1269 2497; x_wconf 89' lang='lat' dir='ltr'>opulenti</span> <span class='ocrx_word' id='word_1_435' title='bbox 1303 2439 1408 2483; x_wconf 89' lang='lat' dir='ltr'>estis</span> <span class='ocrx_word' id='word_1_436' title='bbox 1441 2439 1487 2482; x_wconf 91' lang='lat' dir='ltr'>in</span> <span class='ocrx_word' id='word_1_437' title='bbox 1519 2439 1645 2494; x_wconf 86' lang='lat' dir='ltr'>Sion,</span> <span class='ocrx_word' id='word_1_438' title='bbox 1681 2443 1724 2480; x_wconf 91' lang='lat' dir='ltr'>et</span> <span class='ocrx_word' id='word_1_439' title='bbox 1753 2438 1976 2481; x_wconf 88' lang='lat' dir='ltr'>confiditis</span> <span class='ocrx_word' id='word_1_440' title='bbox 2008 2437 2055 2480; x_wconf 91' lang='lat' dir='ltr'>in</span> <span class='ocrx_word' id='word_1_441' title='bbox 2089 2441 2237 2480; x_wconf 89' lang='lat' dir='ltr'>monte</span> 
     </span>
     <span class='ocr_line' id='line_1_50' title="bbox 399 2496 2234 2559; baseline -0.004 -14"><span class='ocrx_word' id='word_1_442' title='bbox 399 2502 631 2557; x_wconf 70' lang='lat' dir='ltr'>Samariae,</span> <span class='ocrx_word' id='word_1_443' title='bbox 672 2502 908 2559; x_wconf 89' lang='lat' dir='ltr'>optimates</span> <span class='ocrx_word' id='word_1_444' title='bbox 943 2501 1090 2559; x_wconf 89' lang='lat' dir='ltr'>capita</span> <span class='ocrx_word' id='word_1_445' title='bbox 1123 2499 1408 2557; x_wconf 89' lang='lat' dir='ltr'>populorum,</span> <span class='ocrx_word' id='word_1_446' title='bbox 1438 2498 1740 2555; x_wconf 86' lang='lat' dir='ltr'>ingredientes</span> <span class='ocrx_word' id='word_1_447' title='bbox 1773 2497 2025 2554; x_wconf 90' lang='lat' dir='ltr'>pompatice</span> <span class='ocrx_word' id='word_1_448' title='bbox 2056 2496 2234 2539; x_wconf 85' lang='lat' dir='ltr'>domum</span> 
     </span>
     <span class='ocr_line' id='line_1_51' title="bbox 398 2557 2238 2617; baseline -0.004 -13"><span class='ocrx_word' id='word_1_449' title='bbox 398 2561 560 2604; x_wconf 81' lang='lat' dir='ltr'>Israel!</span> <span class='ocrx_word' id='word_1_450' title='bbox 584 2560 601 2586; x_wconf 67' lang='lat'><strong>2</strong></span> <span class='ocrx_word' id='word_1_451' title='bbox 619 2562 822 2605; x_wconf 90' lang='lat' dir='ltr'>Transite</span> <span class='ocrx_word' id='word_1_452' title='bbox 845 2561 891 2603; x_wconf 91' lang='lat' dir='ltr'>in</span> <span class='ocrx_word' id='word_1_453' title='bbox 915 2561 1132 2617; x_wconf 86' lang='lat' dir='ltr'>Chalane,</span> <span class='ocrx_word' id='word_1_454' title='bbox 1159 2564 1202 2602; x_wconf 92' lang='lat' dir='ltr'>et</span> <span class='ocrx_word' id='word_1_455' title='bbox 1224 2559 1392 2615; x_wconf 83' lang='lat' dir='ltr'>videte,</span> <span class='ocrx_word' id='word_1_456' title='bbox 1413 2563 1456 2602; x_wconf 90' lang='lat' dir='ltr'>et</span> <span class='ocrx_word' id='word_1_457' title='bbox 1480 2558 1542 2602; x_wconf 87' lang='lat' dir='ltr'>ite</span> <span class='ocrx_word' id='word_1_458' title='bbox 1562 2557 1666 2601; x_wconf 91' lang='lat' dir='ltr'>inde</span> <span class='ocrx_word' id='word_1_459' title='bbox 1687 2557 1734 2600; x_wconf 91' lang='lat' dir='ltr'>in</span> <span class='ocrx_word' id='word_1_460' title='bbox 1760 2557 1925 2600; x_wconf 89' lang='lat' dir='ltr'>Emath</span> <span class='ocrx_word' id='word_1_461' title='bbox 1948 2569 2171 2612; x_wconf 88' lang='lat' dir='ltr'>magnam,</span> <span class='ocrx_word' id='word_1_462' title='bbox 2194 2559 2238 2598; x_wconf 90' lang='lat' dir='ltr'>et</span> 
     </span>
     <span class='ocr_line' id='line_1_52' title="bbox 399 2614 2237 2677; baseline -0.003 -14"><span class='ocrx_word' id='word_1_463' title='bbox 399 2620 654 2665; x_wconf 88' lang='lat' dir='ltr'>descendite</span> <span class='ocrx_word' id='word_1_464' title='bbox 675 2621 721 2664; x_wconf 92' lang='lat' dir='ltr'>in</span> <span class='ocrx_word' id='word_1_465' title='bbox 748 2621 866 2665; x_wconf 82' lang='lat' dir='ltr'>Geth</span> <span class='ocrx_word' id='word_1_466' title='bbox 888 2621 1251 2677; x_wconf 87' lang='lat' dir='ltr'>Palaestinorum,</span> <span class='ocrx_word' id='word_1_467' title='bbox 1280 2623 1323 2661; x_wconf 86' lang='lat' dir='ltr'>et</span> <span class='ocrx_word' id='word_1_468' title='bbox 1344 2618 1401 2661; x_wconf 89' lang='lat' dir='ltr'>ad</span> <span class='ocrx_word' id='word_1_469' title='bbox 1424 2617 1592 2675; x_wconf 89' lang='lat' dir='ltr'>optima</span> <span class='ocrx_word' id='word_1_470' title='bbox 1619 2631 1806 2673; x_wconf 79' lang='lat' dir='ltr'>quaeque</span> <span class='ocrx_word' id='word_1_471' title='bbox 1829 2631 1967 2673; x_wconf 90' lang='lat' dir='ltr'>regna</span> <span class='ocrx_word' id='word_1_472' title='bbox 1992 2616 2148 2659; x_wconf 91' lang='lat' dir='ltr'>horum</span> <span class='ocrx_word' id='word_1_473' title='bbox 2167 2631 2175 2659; x_wconf 92' lang='lat'><strong>:</strong></span> <span class='ocrx_word' id='word_1_474' title='bbox 2201 2614 2237 2657; x_wconf 91' lang='lat' dir='ltr'>si</span> 
     </span>
     <span class='ocr_line' id='line_1_53' title="bbox 399 2675 2238 2734; baseline -0.003 -12"><span class='ocrx_word' id='word_1_475' title='bbox 399 2680 528 2724; x_wconf 89' lang='lat' dir='ltr'>latior</span> <span class='ocrx_word' id='word_1_476' title='bbox 550 2681 762 2724; x_wconf 88' lang='lat' dir='ltr'>terminus</span> <span class='ocrx_word' id='word_1_477' title='bbox 784 2695 934 2724; x_wconf 91' lang='lat' dir='ltr'>eorum</span> <span class='ocrx_word' id='word_1_478' title='bbox 956 2680 1144 2724; x_wconf 86' lang='lat' dir='ltr'>termino</span> <span class='ocrx_word' id='word_1_479' title='bbox 1170 2685 1317 2724; x_wconf 86' lang='lat' dir='ltr'>vestro</span> <span class='ocrx_word' id='word_1_480' title='bbox 1343 2684 1421 2723; x_wconf 89' lang='lat' dir='ltr'>est.</span> <span class='ocrx_word' id='word_1_481' title='bbox 1445 2678 1462 2704; x_wconf 84' lang='lat'><strong>3</strong></span> <span class='ocrx_word' id='word_1_482' title='bbox 1477 2677 1559 2728; x_wconf 83' lang='lat' dir='ltr'>Qui</span> <span class='ocrx_word' id='word_1_483' title='bbox 1585 2676 1776 2734; x_wconf 89' lang='lat' dir='ltr'>separati</span> <span class='ocrx_word' id='word_1_484' title='bbox 1803 2676 1908 2720; x_wconf 87' lang='lat' dir='ltr'>estis</span> <span class='ocrx_word' id='word_1_485' title='bbox 1932 2676 1978 2718; x_wconf 91' lang='lat' dir='ltr'>in</span> <span class='ocrx_word' id='word_1_486' title='bbox 2002 2675 2121 2719; x_wconf 90' lang='lat' dir='ltr'>diem</span> <span class='ocrx_word' id='word_1_487' title='bbox 2146 2688 2238 2717; x_wconf 90' lang='lat' dir='ltr'>ma-</span> 
     </span>
     <span class='ocr_line' id='line_1_54' title="bbox 399 2733 2235 2798; baseline -0.003 -16"><span class='ocrx_word' id='word_1_488' title='bbox 399 2739 512 2795; x_wconf 91' lang='lat' dir='ltr'>lum,</span> <span class='ocrx_word' id='word_1_489' title='bbox 540 2745 583 2784; x_wconf 90' lang='lat' dir='ltr'>et</span> <span class='ocrx_word' id='word_1_490' title='bbox 608 2741 972 2798; x_wconf 85' lang='lat' dir='ltr'>appropinquatis</span> <span class='ocrx_word' id='word_1_491' title='bbox 998 2740 1108 2783; x_wconf 90' lang='lat' dir='ltr'>solio</span> <span class='ocrx_word' id='word_1_492' title='bbox 1130 2739 1404 2796; x_wconf 77' lang='lat' dir='ltr'>iniquitatis3</span> <span class='ocrx_word' id='word_1_493' title='bbox 1429 2737 1446 2765; x_wconf 76' lang='lat'>4</span> <span class='ocrx_word' id='word_1_494' title='bbox 1464 2737 1538 2794; x_wconf 85' lang='lat' dir='ltr'>qui</span> <span class='ocrx_word' id='word_1_495' title='bbox 1561 2736 1763 2780; x_wconf 90' lang='lat' dir='ltr'>dormitis</span> <span class='ocrx_word' id='word_1_496' title='bbox 1787 2736 1835 2779; x_wconf 91' lang='lat' dir='ltr'>in</span> <span class='ocrx_word' id='word_1_497' title='bbox 1859 2735 1986 2779; x_wconf 91' lang='lat' dir='ltr'>lectis</span> <span class='ocrx_word' id='word_1_498' title='bbox 2013 2733 2235 2787; x_wconf 75' lang='lat' dir='ltr'>eburneis,</span> 
     </span>
     <span class='ocr_line' id='line_1_55' title="bbox 401 2792 2238 2856; baseline -0.004 -14"><span class='ocrx_word' id='word_1_499' title='bbox 401 2804 444 2842; x_wconf 92' lang='lat' dir='ltr'>et</span> <span class='ocrx_word' id='word_1_500' title='bbox 471 2800 686 2843; x_wconf 87' lang='lat' dir='ltr'>lascivitis</span> <span class='ocrx_word' id='word_1_501' title='bbox 715 2801 761 2843; x_wconf 92' lang='lat' dir='ltr'>in</span> <span class='ocrx_word' id='word_1_502' title='bbox 790 2800 939 2843; x_wconf 87' lang='lat' dir='ltr'>stratis</span> <span class='ocrx_word' id='word_1_503' title='bbox 960 2800 1145 2856; x_wconf 85' lang='lat' dir='ltr'>vestris3</span> <span class='ocrx_word' id='word_1_504' title='bbox 1173 2801 1247 2856; x_wconf 91' lang='lat' dir='ltr'>qui</span> <span class='ocrx_word' id='word_1_505' title='bbox 1275 2798 1506 2842; x_wconf 90' lang='lat' dir='ltr'>comeditis</span> <span class='ocrx_word' id='word_1_506' title='bbox 1537 2811 1705 2853; x_wconf 86' lang='lat' dir='ltr'>agnum</span> <span class='ocrx_word' id='word_1_507' title='bbox 1738 2796 1792 2840; x_wconf 94' lang='lat' dir='ltr'>de</span> <span class='ocrx_word' id='word_1_508' title='bbox 1824 2810 1979 2852; x_wconf 91' lang='lat' dir='ltr'>grege,</span> <span class='ocrx_word' id='word_1_509' title='bbox 2007 2800 2049 2838; x_wconf 91' lang='lat' dir='ltr'>et</span> <span class='ocrx_word' id='word_1_510' title='bbox 2074 2792 2238 2836; x_wconf 88' lang='lat' dir='ltr'>vitulos</span> 
     </span>
     <span class='ocr_line' id='line_1_56' title="bbox 401 2854 2237 2916; baseline -0.004 -14"><span class='ocrx_word' id='word_1_511' title='bbox 401 2859 454 2902; x_wconf 89' lang='lat' dir='ltr'>de</span> <span class='ocrx_word' id='word_1_512' title='bbox 483 2859 628 2903; x_wconf 88' lang='lat' dir='ltr'>medio</span> <span class='ocrx_word' id='word_1_513' title='bbox 660 2860 874 2916; x_wconf 82' lang='lat' dir='ltr'>armenti3</span> <span class='ocrx_word' id='word_1_514' title='bbox 903 2860 919 2886; x_wconf 81' lang='lat'>5</span> <span class='ocrx_word' id='word_1_515' title='bbox 938 2860 1011 2916; x_wconf 92' lang='lat' dir='ltr'>qui</span> <span class='ocrx_word' id='word_1_516' title='bbox 1039 2860 1198 2904; x_wconf 90' lang='lat' dir='ltr'>canitis</span> <span class='ocrx_word' id='word_1_517' title='bbox 1223 2859 1281 2902; x_wconf 88' lang='lat' dir='ltr'>ad</span> <span class='ocrx_word' id='word_1_518' title='bbox 1304 2873 1459 2902; x_wconf 84' lang='lat' dir='ltr'>vocem</span> <span class='ocrx_word' id='word_1_519' title='bbox 1484 2856 1704 2915; x_wconf 90' lang='lat' dir='ltr'>psalterii,</span> <span class='ocrx_word' id='word_1_520' title='bbox 1735 2856 1851 2899; x_wconf 90' lang='lat' dir='ltr'>sicut</span> <span class='ocrx_word' id='word_1_521' title='bbox 1881 2854 2028 2898; x_wconf 92' lang='lat' dir='ltr'>David</span> <span class='ocrx_word' id='word_1_522' title='bbox 2054 2856 2237 2910; x_wconf 87' lang='lat' dir='ltr'>putave-</span> 
     </span>
     <span class='ocr_line' id='line_1_57' title="bbox 400 2912 2238 2976; baseline -0.004 -16"><span class='ocrx_word' id='word_1_523' title='bbox 400 2924 502 2960; x_wconf 87' lang='lat' dir='ltr'>runt</span> <span class='ocrx_word' id='word_1_524' title='bbox 534 2933 579 2962; x_wconf 86' lang='lat' dir='ltr'>se</span> <span class='ocrx_word' id='word_1_525' title='bbox 607 2920 770 2963; x_wconf 85' lang='lat' dir='ltr'>habere</span> <span class='ocrx_word' id='word_1_526' title='bbox 794 2934 901 2962; x_wconf 86' lang='lat' dir='ltr'>vasa</span> <span class='ocrx_word' id='word_1_527' title='bbox 934 2919 1098 2964; x_wconf 89' lang='lat' dir='ltr'>cantici</span> <span class='ocrx_word' id='word_1_528' title='bbox 1120 2937 1129 2976; x_wconf 80' lang='lat'>3</span> <span class='ocrx_word' id='word_1_529' title='bbox 1155 2918 1392 2962; x_wconf 80' lang='lat' dir='ltr'>6bibentes</span> <span class='ocrx_word' id='word_1_530' title='bbox 1421 2918 1576 2960; x_wconf 86' lang='lat' dir='ltr'>vinum</span> <span class='ocrx_word' id='word_1_531' title='bbox 1604 2916 1651 2958; x_wconf 93' lang='lat' dir='ltr'>in</span> <span class='ocrx_word' id='word_1_532' title='bbox 1681 2915 1863 2972; x_wconf 87' lang='lat' dir='ltr'>phialis,</span> <span class='ocrx_word' id='word_1_533' title='bbox 1891 2919 1934 2957; x_wconf 92' lang='lat' dir='ltr'>et</span> <span class='ocrx_word' id='word_1_534' title='bbox 1967 2912 2133 2969; x_wconf 87' lang='lat' dir='ltr'>optimo</span> <span class='ocrx_word' id='word_1_535' title='bbox 2160 2925 2238 2953; x_wconf 85' lang='lat' dir='ltr'>un-</span> 
     </span>
     <span class='ocr_line' id='line_1_58' title="bbox 401 2971 2238 3036; baseline -0.004 -16"><span class='ocrx_word' id='word_1_536' title='bbox 401 2983 563 3032; x_wconf 88' lang='lat' dir='ltr'>guento</span> <span class='ocrx_word' id='word_1_537' title='bbox 602 2978 810 3034; x_wconf 89' lang='lat' dir='ltr'>delibuti,</span> <span class='ocrx_word' id='word_1_538' title='bbox 849 2984 892 3022; x_wconf 92' lang='lat' dir='ltr'>et</span> <span class='ocrx_word' id='word_1_539' title='bbox 928 2979 1040 3022; x_wconf 90' lang='lat' dir='ltr'>nihil</span> <span class='ocrx_word' id='word_1_540' title='bbox 1077 2978 1363 3036; x_wconf 85' lang='lat' dir='ltr'>patiebantur</span> <span class='ocrx_word' id='word_1_541' title='bbox 1398 2991 1527 3034; x_wconf 91' lang='lat' dir='ltr'>super</span> <span class='ocrx_word' id='word_1_542' title='bbox 1565 2975 1830 3019; x_wconf 85' lang='lat' dir='ltr'>contritione</span> <span class='ocrx_word' id='word_1_543' title='bbox 1866 2972 2047 3028; x_wconf 85' lang='lat' dir='ltr'>Joseph.</span> <span class='ocrx_word' id='word_1_544' title='bbox 2082 2971 2096 2996; x_wconf 89' lang='lat'><strong>7</strong></span> <span class='ocrx_word' id='word_1_545' title='bbox 2124 2971 2238 3021; x_wconf 79' lang='lat' dir='ltr'>Qua-</span> 
     </span>
     <span class='ocr_line' id='line_1_59' title="bbox 400 3031 2238 3139; baseline -0.004 -59"><span class='ocrx_word' id='word_1_546' title='bbox 400 3041 578 3139; x_wconf 76' lang='lat' dir='ltr'>propter</span> <span class='ocrx_word' id='word_1_547' title='bbox 602 3052 720 3080; x_wconf 86' lang='lat' dir='ltr'>nuno</span> <span class='ocrx_word' id='word_1_548' title='bbox 752 3038 1011 3094; x_wconf 89' lang='lat' dir='ltr'>migrabunt</span> <span class='ocrx_word' id='word_1_549' title='bbox 1042 3039 1087 3081; x_wconf 90' lang='lat' dir='ltr'>in</span> <span class='ocrx_word' id='word_1_550' title='bbox 1121 3038 1267 3094; x_wconf 87' lang='lat' dir='ltr'>capite</span> <span class='ocrx_word' id='word_1_551' title='bbox 1296 3035 1732 3092; x_wconf 85' lang='lat' dir='ltr'>transmigrantium,</span> <span class='ocrx_word' id='word_1_552' title='bbox 1766 3039 1809 3077; x_wconf 94' lang='lat' dir='ltr'>et</span> <span class='ocrx_word' id='word_1_553' title='bbox 1837 3031 2065 3075; x_wconf 81' lang='lat' dir='ltr'>auferetur</span> <span class='ocrx_word' id='word_1_554' title='bbox 2098 3031 2238 3073; x_wconf 78' lang='lat' dir='ltr'>factio</span> 
     </span>
     <span class='ocr_line' id='line_1_60' title="bbox 418 3097 740 3139; baseline 0.003 -1"><span class='ocrx_word' id='word_1_555' title='bbox 418 3097 740 3139; x_wconf 79' lang='lat' dir='ltr'>ascivientium.</span> 
     </span>
    </p>
   </div>
   <div class='ocr_carea' id='block_1_7' title="bbox 459 3152 2237 3214">
    <p class='ocr_par' dir='ltr' id='par_1_10' title="bbox 459 3152 2237 3214">
     <span class='ocr_line' id='line_1_61' title="bbox 459 3152 2237 3214; baseline -0.003 -15"><span class='ocrx_word' id='word_1_556' title='bbox 459 3155 478 3182; x_wconf 75' lang='grc'>8</span> <span class='ocrx_word' id='word_1_557' title='bbox 502 3156 531 3199; x_wconf 82' lang='lat' dir='ltr'><strong>J</strong></span> <span class='ocrx_word' id='word_1_558' title='bbox 537 3157 682 3200; x_wconf 88' lang='lat' dir='ltr'>uravit</span> <span class='ocrx_word' id='word_1_559' title='bbox 714 3159 930 3203; x_wconf 90' lang='lat' dir='ltr'>Dominus</span> <span class='ocrx_word' id='word_1_560' title='bbox 965 3161 1083 3204; x_wconf 89' lang='lat' dir='ltr'>Deus</span> <span class='ocrx_word' id='word_1_561' title='bbox 1127 3161 1173 3203; x_wconf 90' lang='lat' dir='ltr'>in</span> <span class='ocrx_word' id='word_1_562' title='bbox 1206 3161 1358 3203; x_wconf 88' lang='lat' dir='ltr'>anima</span> <span class='ocrx_word' id='word_1_563' title='bbox 1386 3174 1490 3214; x_wconf 91' lang='lat' dir='ltr'>sua,</span> <span class='ocrx_word' id='word_1_564' title='bbox 1522 3158 1631 3201; x_wconf 90' lang='lat' dir='ltr'>dicit</span> <span class='ocrx_word' id='word_1_565' title='bbox 1661 3154 1877 3199; x_wconf 91' lang='lat' dir='ltr'>Dominus</span> <span class='ocrx_word' id='word_1_566' title='bbox 1919 3154 2039 3196; x_wconf 91' lang='lat' dir='ltr'>Deus</span> <span class='ocrx_word' id='word_1_567' title='bbox 2073 3152 2237 3196; x_wconf 82' lang='lat' dir='ltr'>exerci—</span> 
     </span>
    </p>
   </div>
   <div class='ocr_carea' id='block_1_8' title="bbox 365 3211 2238 3277">
    <p class='ocr_par' dir='ltr' id='par_1_11' title="bbox 365 3211 2238 3277">
     <span class='ocr_line' id='line_1_62' title="bbox 365 3211 2238 3277; baseline -0.003 -19"><span class='ocrx_word' id='word_1_568' title='bbox 365 3259 371 3265; x_wconf 73' lang='grc'><strong>,</strong></span> <span class='ocrx_word' id='word_1_569' title='bbox 401 3219 552 3259; x_wconf 85' lang='lat' dir='ltr'>tuum:</span> <span class='ocrx_word' id='word_1_570' title='bbox 577 3217 781 3260; x_wconf 90' lang='lat' dir='ltr'>Detestor</span> <span class='ocrx_word' id='word_1_571' title='bbox 807 3233 886 3274; x_wconf 89' lang='lat' dir='ltr'>ego</span> <span class='ocrx_word' id='word_1_572' title='bbox 910 3219 1161 3277; x_wconf 84' lang='lat' dir='ltr'>superbiam</span> <span class='ocrx_word' id='word_1_573' title='bbox 1187 3220 1350 3275; x_wconf 80' lang='lat' dir='ltr'>Jacob,</span> <span class='ocrx_word' id='word_1_574' title='bbox 1371 3223 1414 3263; x_wconf 89' lang='lat' dir='ltr'>et</span> <span class='ocrx_word' id='word_1_575' title='bbox 1440 3218 1593 3261; x_wconf 90' lang='lat' dir='ltr'>domos</span> <span class='ocrx_word' id='word_1_576' title='bbox 1618 3216 1715 3272; x_wconf 83' lang='lat' dir='ltr'>ejus</span> <span class='ocrx_word' id='word_1_577' title='bbox 1741 3213 1834 3268; x_wconf 89' lang='lat' dir='ltr'>odi,</span> <span class='ocrx_word' id='word_1_578' title='bbox 1862 3217 1906 3256; x_wconf 92' lang='lat' dir='ltr'>et</span> <span class='ocrx_word' id='word_1_579' title='bbox 1931 3212 2105 3255; x_wconf 88' lang='lat' dir='ltr'>tradam</span> <span class='ocrx_word' id='word_1_580' title='bbox 2131 3211 2238 3254; x_wconf 75' lang='lat' dir='ltr'>civi-</span> 
     </span>
    </p>
   </div>
   <div class='ocr_carea' id='block_1_9' title="bbox 401 3271 2238 3451">
    <p class='ocr_par' dir='ltr' id='par_1_12' title="bbox 401 3271 2238 3451">
     <span class='ocr_line' id='line_1_63' title="bbox 401 3271 2236 3331; baseline -0.002 -15"><span class='ocrx_word' id='word_1_581' title='bbox 401 3278 540 3318; x_wconf 86' lang='lat' dir='ltr'>tatem</span> <span class='ocrx_word' id='word_1_582' title='bbox 575 3290 675 3319; x_wconf 90' lang='lat' dir='ltr'>cum</span> <span class='ocrx_word' id='word_1_583' title='bbox 712 3277 1036 3321; x_wconf 79' lang='lat' dir='ltr'>habitatoribus</span> <span class='ocrx_word' id='word_1_584' title='bbox 1073 3279 1176 3322; x_wconf 91' lang='lat' dir='ltr'>suis.</span> <span class='ocrx_word' id='word_1_585' title='bbox 1211 3278 1228 3305; x_wconf 79' lang='grc'>9</span> <span class='ocrx_word' id='word_1_586' title='bbox 1254 3278 1378 3329; x_wconf 88' lang='lat' dir='ltr'>Quod</span> <span class='ocrx_word' id='word_1_587' title='bbox 1416 3278 1452 3321; x_wconf 91' lang='lat' dir='ltr'>si</span> <span class='ocrx_word' id='word_1_588' title='bbox 1488 3275 1645 3331; x_wconf 89' lang='lat' dir='ltr'>reliqui</span> <span class='ocrx_word' id='word_1_589' title='bbox 1682 3273 1852 3316; x_wconf 73' lang='lat' dir='ltr'>fuerint</span> <span class='ocrx_word' id='word_1_590' title='bbox 1886 3272 2040 3315; x_wconf 90' lang='lat' dir='ltr'>decem</span> <span class='ocrx_word' id='word_1_591' title='bbox 2073 3271 2153 3314; x_wconf 86' lang='lat' dir='ltr'>viri</span> <span class='ocrx_word' id='word_1_592' title='bbox 2192 3271 2236 3313; x_wconf 89' lang='lat' dir='ltr'>in</span> 
     </span>
     <span class='ocr_line' id='line_1_64' title="bbox 405 3333 2236 3393; baseline -0.002 -18"><span class='ocrx_word' id='word_1_593' title='bbox 405 3333 532 3377; x_wconf 89' lang='lat' dir='ltr'>domo</span> <span class='ocrx_word' id='word_1_594' title='bbox 559 3349 667 3392; x_wconf 85' lang='lat' dir='ltr'>una,</span> <span class='ocrx_word' id='word_1_595' title='bbox 696 3342 739 3380; x_wconf 88' lang='lat' dir='ltr'>et</span> <span class='ocrx_word' id='word_1_596' title='bbox 760 3337 841 3393; x_wconf 81' lang='lat' dir='ltr'>ipsi</span> <span class='ocrx_word' id='word_1_597' title='bbox 867 3337 1119 3380; x_wconf 88' lang='lat' dir='ltr'>morientur.</span> <span class='ocrx_word' id='word_1_598' title='bbox 1149 3337 1184 3364; x_wconf 79' lang='lat'>¹⁰</span> <span class='ocrx_word' id='word_1_599' title='bbox 1211 3340 1268 3380; x_wconf 85' lang='lat' dir='ltr'>Et</span> <span class='ocrx_word' id='word_1_600' title='bbox 1293 3337 1421 3381; x_wconf 86' lang='lat' dir='ltr'>tollet</span> <span class='ocrx_word' id='word_1_601' title='bbox 1454 3350 1554 3380; x_wconf 90' lang='lat' dir='ltr'>eum</span> <span class='ocrx_word' id='word_1_602' title='bbox 1588 3333 1859 3391; x_wconf 89' lang='lat' dir='ltr'>propinquus</span> <span class='ocrx_word' id='word_1_603' title='bbox 1889 3345 2013 3386; x_wconf 89' lang='lat' dir='ltr'>suus,</span> <span class='ocrx_word' id='word_1_604' title='bbox 2049 3336 2091 3374; x_wconf 88' lang='lat' dir='ltr'>et</span> <span class='ocrx_word' id='word_1_605' title='bbox 2121 3345 2236 3373; x_wconf 85' lang='lat' dir='ltr'>com-</span> 
     </span>
     <span class='ocr_line' id='line_1_65' title="bbox 404 3389 2238 3451; baseline -0.002 -16"><span class='ocrx_word' id='word_1_606' title='bbox 404 3390 530 3435; x_wconf 88' lang='lat' dir='ltr'>buret</span> <span class='ocrx_word' id='word_1_607' title='bbox 552 3408 665 3451; x_wconf 88' lang='lat' dir='ltr'>eum,</span> <span class='ocrx_word' id='word_1_608' title='bbox 687 3401 737 3438; x_wconf 90' lang='lat' dir='ltr'>ut</span> <span class='ocrx_word' id='word_1_609' title='bbox 758 3395 915 3439; x_wconf 84' lang='lat' dir='ltr'>efferat</span> <span class='ocrx_word' id='word_1_610' title='bbox 942 3410 1039 3439; x_wconf 87' lang='lat' dir='ltr'>ossa</span> <span class='ocrx_word' id='word_1_611' title='bbox 1066 3396 1119 3439; x_wconf 87' lang='lat' dir='ltr'>de</span> <span class='ocrx_word' id='word_1_612' title='bbox 1147 3396 1300 3451; x_wconf 68' lang='lat' dir='ltr'>domo,</span> <span class='ocrx_word' id='word_1_613' title='bbox 1326 3402 1368 3440; x_wconf 86' lang='lat' dir='ltr'>et</span> <span class='ocrx_word' id='word_1_614' title='bbox 1391 3396 1509 3439; x_wconf 87' lang='lat' dir='ltr'>dicet</span> <span class='ocrx_word' id='word_1_615' title='bbox 1534 3394 1586 3450; x_wconf 86' lang='lat' dir='ltr'>ei,</span> <span class='ocrx_word' id='word_1_616' title='bbox 1606 3393 1679 3449; x_wconf 90' lang='lat' dir='ltr'>qui</span> <span class='ocrx_word' id='word_1_617' title='bbox 1700 3392 1746 3434; x_wconf 93' lang='lat' dir='ltr'>in</span> <span class='ocrx_word' id='word_1_618' title='bbox 1765 3390 2064 3448; x_wconf 87' lang='lat' dir='ltr'>penetralibus</span> <span class='ocrx_word' id='word_1_619' title='bbox 2083 3389 2238 3432; x_wconf 85' lang='lat' dir='ltr'>domus</span> 
     </span>
    </p>
   </div>
   <div class='ocr_carea' id='block_1_10' title="bbox 408 3564 2237 3693">
    <p class='ocr_par' dir='ltr' id='par_1_13' title="bbox 408 3564 2237 3693">
     <span class='ocr_line' id='line_1_66' title="bbox 413 3564 2235 3605; baseline -0.002 -10"><span class='ocrx_word' id='word_1_620' title='bbox 413 3569 442 3603; x_wconf 80' lang='lat'>8]</span> <span class='ocrx_word' id='word_1_621' title='bbox 456 3569 519 3596; x_wconf 73' lang='lat' dir='ltr'>Ins.</span> <span class='ocrx_word' id='word_1_622' title='bbox 540 3570 598 3604; x_wconf 78' lang='lat' dir='ltr'>IX,</span> <span class='ocrx_word' id='word_1_623' title='bbox 616 3574 640 3598; x_wconf 78' lang='lat' dir='ltr'>G.</span> <span class='ocrx_word' id='word_1_624' title='bbox 656 3585 690 3590; x_wconf 83' lang='lat'><strong>—</strong></span> <span class='ocrx_word' id='word_1_625' title='bbox 709 3572 756 3603; x_wconf 90' lang='lat'>11]</span> <span class='ocrx_word' id='word_1_626' title='bbox 773 3571 871 3603; x_wconf 79' lang='lat' dir='ltr'>soph.</span> <span class='ocrx_word' id='word_1_627' title='bbox 893 3571 919 3605; x_wconf 82' lang='lat'>1,</span> <span class='ocrx_word' id='word_1_628' title='bbox 940 3573 982 3599; x_wconf 88' lang='lat'>13.</span> <span class='ocrx_word' id='word_1_629' title='bbox 1001 3585 1036 3589; x_wconf 95' lang='lat'><strong>—</strong></span> <span class='ocrx_word' id='word_1_630' title='bbox 1054 3570 1101 3603; x_wconf 88' lang='lat'>15]</span> <span class='ocrx_word' id='word_1_631' title='bbox 1121 3569 1173 3597; x_wconf 67' lang='grc' dir='ltr'>ΡΞ.</span> <span class='ocrx_word' id='word_1_632' title='bbox 1197 3570 1313 3605; x_wconf 78' lang='lat' dir='ltr'>XCVI,</span> <span class='ocrx_word' id='word_1_633' title='bbox 1332 3573 1375 3598; x_wconf 89' lang='lat'>10.</span> <span class='ocrx_word' id='word_1_634' title='bbox 1399 3571 1493 3598; x_wconf 85' lang='lat' dir='ltr'>Rom.</span> <span class='ocrx_word' id='word_1_635' title='bbox 1510 3568 1634 3602; x_wconf 75' lang='lat' dir='ltr'>X11,9.</span> <span class='ocrx_word' id='word_1_636' title='bbox 1649 3582 1685 3587; x_wconf 90' lang='lat'>·—</span> <span class='ocrx_word' id='word_1_637' title='bbox 1702 3567 1748 3600; x_wconf 87' lang='grc'>18]</span> <span class='ocrx_word' id='word_1_638' title='bbox 1768 3567 1836 3594; x_wconf 81' lang='lat' dir='ltr'>Jer.</span> <span class='ocrx_word' id='word_1_639' title='bbox 1851 3565 1959 3600; x_wconf 85' lang='lat' dir='ltr'>XXX,</span> <span class='ocrx_word' id='word_1_640' title='bbox 1977 3566 2002 3594; x_wconf 89' lang='grc'>7.</span> <span class='ocrx_word' id='word_1_641' title='bbox 2024 3564 2110 3599; x_wconf 60' lang='grc'><strong>5081,</strong></span> <span class='ocrx_word' id='word_1_642' title='bbox 2131 3565 2176 3599; x_wconf 88' lang='lat'>11,</span> <span class='ocrx_word' id='word_1_643' title='bbox 2190 3565 2235 3592; x_wconf 87' lang='grc'>11.</span> 
     </span>
     <span class='ocr_line' id='line_1_67' title="bbox 408 3609 2237 3689; baseline 0 -52"><span class='ocrx_word' id='word_1_644' title='bbox 408 3612 515 3689; x_wconf 45' lang='lat' dir='ltr'>{iu-ps}</span> <span class='ocrx_word' id='word_1_645' title='bbox 530 3615 695 3685; x_wconf 46' lang='lat' dir='ltr'>11:115il-</span> <span class='ocrx_word' id='word_1_646' title='bbox 723 3614 771 3648; x_wconf 87' lang='lat'>21]</span> <span class='ocrx_word' id='word_1_647' title='bbox 792 3615 835 3642; x_wconf 76' lang='lat' dir='ltr'>Is.</span> <span class='ocrx_word' id='word_1_648' title='bbox 863 3615 897 3650; x_wconf 89' lang='lat'>1,</span> <span class='ocrx_word' id='word_1_649' title='bbox 917 3617 959 3642; x_wconf 93' lang='grc'>11.</span> <span class='ocrx_word' id='word_1_650' title='bbox 981 3614 1049 3642; x_wconf 79' lang='lat' dir='ltr'>Jer.</span> <span class='ocrx_word' id='word_1_651' title='bbox 1072 3614 1133 3649; x_wconf 84' lang='lat' dir='ltr'>VI,</span> <span class='ocrx_word' id='word_1_652' title='bbox 1154 3616 1199 3642; x_wconf 79' lang='lat'>20.</span> <span class='ocrx_word' id='word_1_653' title='bbox 1222 3614 1297 3641; x_wconf 82' lang='lat' dir='ltr'>Mal.</span> <span class='ocrx_word' id='word_1_654' title='bbox 1322 3615 1413 3649; x_wconf 86' lang='lat'>1,12.</span> <span class='ocrx_word' id='word_1_655' title='bbox 1443 3627 1479 3632; x_wconf 92' lang='lat'><strong>—</strong></span> <span class='ocrx_word' id='word_1_656' title='bbox 1507 3613 1554 3646; x_wconf 83' lang='lat'>25]</span> <span class='ocrx_word' id='word_1_657' title='bbox 1574 3612 1648 3639; x_wconf 85' lang='lat' dir='ltr'>Act.</span> <span class='ocrx_word' id='word_1_658' title='bbox 1669 3611 1748 3649; x_wconf 88' lang='lat' dir='ltr'>VII,</span> <span class='ocrx_word' id='word_1_659' title='bbox 1771 3614 1814 3639; x_wconf 73' lang='lat'>42.</span> <span class='ocrx_word' id='word_1_660' title='bbox 1833 3625 1869 3631; x_wconf 90' lang='lat'><em>—</em></span> <span class='ocrx_word' id='word_1_661' title='bbox 1898 3611 1925 3644; x_wconf 89' lang='lat'>1]</span> <span class='ocrx_word' id='word_1_662' title='bbox 1945 3609 2025 3638; x_wconf 89' lang='lat' dir='ltr'>Luc.</span> <span class='ocrx_word' id='word_1_663' title='bbox 2047 3610 2108 3647; x_wconf 87' lang='lat' dir='ltr'>VI,</span> <span class='ocrx_word' id='word_1_664' title='bbox 2138 3610 2182 3637; x_wconf 77' lang='lat'>24.</span> <span class='ocrx_word' id='word_1_665' title='bbox 2200 3621 2237 3628; x_wconf 85' lang='grc'>-</span> 
     </span>
     <span class='ocr_line' id='line_1_68' title="bbox 518 3678 660 3693; baseline 0.014 -8"><span class='ocrx_word' id='word_1_666' title='bbox 518 3678 524 3685; x_wconf 90' lang='grc'><em>.</em></span> <span class='ocrx_word' id='word_1_667' title='bbox 593 3678 599 3693; x_wconf 86' lang='lat'><em>‚</em></span> <span class='ocrx_word' id='word_1_668' title='bbox 639 3678 660 3687; x_wconf 83' lang='lat'>-.</span> 
     </span>
    </p>
   </div>
  </div>
 </body>
</html>
