<?xml version="1.0" encoding="UTF-8"?>
<!DOCTYPE html PUBLIC "-//W3C//DTD XHTML 1.0 Transitional//EN"
    "http://www.w3.org/TR/xhtml1/DTD/xhtml1-transitional.dtd">
<html xmlns="http://www.w3.org/1999/xhtml" xml:lang="en" lang="en">
 <head>
  <title>
</title>
<meta http-equiv="Content-Type" content="text/html;charset=utf-8" />
  <meta name='ocr-system' content='tesseract 3.04.00' />
  <meta name='ocr-capabilities' content='ocr_page ocr_carea ocr_par ocr_line ocrx_word'/>
</head>
<body>
  <div class='ocr_page' id='page_1' title='image "./bibliasacrajuxta00fill_0644.png"; bbox 0 0 2423 3861; ppageno 0'>
   <div class='ocr_carea' id='block_1_1' title="bbox 420 92 1640 147">
    <p class='ocr_par' dir='ltr' id='par_1_1' title="bbox 420 92 1640 147">
     <span class='ocr_line' id='line_1_1' title="bbox 420 92 1640 147; baseline 0 -13"><span class='ocrx_word' id='word_1_1' title='bbox 420 92 505 135; x_wconf 83' lang='lat'>628</span> <span class='ocrx_word' id='word_1_2' title='bbox 1033 94 1105 135; x_wconf 93' lang='grc' dir='ltr'>Ρ</span> <span class='ocrx_word' id='word_1_3' title='bbox 1141 93 1230 139; x_wconf 66' lang='lat' dir='ltr'>ov,</span> <span class='ocrx_word' id='word_1_4' title='bbox 1264 93 1319 135; x_wconf 66' lang='lat' dir='ltr'>es</span> <span class='ocrx_word' id='word_1_5' title='bbox 1352 118 1409 123; x_wconf 87' lang='lat'><em>-</em></span> <span class='ocrx_word' id='word_1_6' title='bbox 1442 92 1567 147; x_wconf 67' lang='lat' dir='ltr'>cvi,</span> <span class='ocrx_word' id='word_1_7' title='bbox 1602 92 1640 134; x_wconf 89' lang='lat'>1.</span> 
     </span>
    </p>
   </div>
   <div class='ocr_carea' id='block_1_2' title="bbox 455 201 1292 204">
    <p class='ocr_par' dir='ltr' id='par_1_2' title="bbox 455 201 1292 204">
     <span class='ocr_line' id='line_1_2' title="bbox 455 201 1292 204; baseline 0 0"><span class='ocrx_word' id='word_1_8' title='bbox 455 201 1292 204; x_wconf 95' lang='lat' dir='ltr'> </span> 
     </span>
    </p>
   </div>
   <div class='ocr_carea' id='block_1_3' title="bbox 128 262 1618 395">
    <p class='ocr_par' dir='ltr' id='par_1_3' title="bbox 128 262 1618 395">
     <span class='ocr_line' id='line_1_3' title="bbox 128 262 1344 320; baseline -0.002 -13"><span class='ocrx_word' id='word_1_9' title='bbox 128 282 160 307; x_wconf 75' lang='lat' dir='ltr'>et</span> <span class='ocrx_word' id='word_1_10' title='bbox 179 278 340 307; x_wconf 80' lang='lat' dir='ltr'>tentatio·</span> <span class='ocrx_word' id='word_1_11' title='bbox 596 262 632 291; x_wconf 71' lang='lat'>²⁸</span> <span class='ocrx_word' id='word_1_12' title='bbox 651 265 707 308; x_wconf 91' lang='lat' dir='ltr'>Et</span> <span class='ocrx_word' id='word_1_13' title='bbox 732 264 899 307; x_wconf 84' lang='lat' dir='ltr'>initiati</span> <span class='ocrx_word' id='word_1_14' title='bbox 926 270 1028 307; x_wconf 86' lang='lat' dir='ltr'>sunt</span> <span class='ocrx_word' id='word_1_15' title='bbox 1057 263 1344 320; x_wconf 67' lang='lat' dir='ltr'>Beelphegoi&#39;,</span> 
     </span>
     <span class='ocr_line' id='line_1_4' title="bbox 132 322 1618 395; baseline 0.009 -46"><span class='ocrx_word' id='word_1_16' title='bbox 132 322 336 395; x_wconf 42' lang='lat' dir='ltr'>mstfflgjm-</span> <span class='ocrx_word' id='word_1_17' title='bbox 714 328 757 367; x_wconf 87' lang='lat' dir='ltr'>et</span> <span class='ocrx_word' id='word_1_18' title='bbox 783 323 1069 366; x_wconf 86' lang='lat' dir='ltr'>comederunt</span> <span class='ocrx_word' id='word_1_19' title='bbox 1094 323 1312 365; x_wconf 83' lang='lat' dir='ltr'>sacrificia</span> <span class='ocrx_word' id='word_1_20' title='bbox 1333 327 1618 366; x_wconf 83' lang='lat' dir='ltr'>mortuorum.</span> 
     </span>
    </p>
   </div>
   <div class='ocr_carea' id='block_1_4' title="bbox 146 377 2134 855">
    <p class='ocr_par' dir='ltr' id='par_1_4' title="bbox 146 377 2134 855">
     <span class='ocr_line' id='line_1_5' title="bbox 597 377 1760 435; baseline -0.003 -10"><span class='ocrx_word' id='word_1_21' title='bbox 597 382 634 409; x_wconf 71' lang='lat'>‘²⁰</span> <span class='ocrx_word' id='word_1_22' title='bbox 652 384 710 426; x_wconf 88' lang='lat' dir='ltr'>Et</span> <span class='ocrx_word' id='word_1_23' title='bbox 728 383 1016 425; x_wconf 70' lang='lat' dir='ltr'>irritaverunt</span> <span class='ocrx_word' id='word_1_24' title='bbox 1041 396 1141 425; x_wconf 90' lang='lat' dir='ltr'>eum</span> <span class='ocrx_word' id='word_1_25' title='bbox 1165 382 1212 424; x_wconf 89' lang='lat' dir='ltr'>in</span> <span class='ocrx_word' id='word_1_26' title='bbox 1237 380 1635 425; x_wconf 71' lang='lat' dir='ltr'>adinventionibus</span> <span class='ocrx_word' id='word_1_27' title='bbox 1650 377 1760 435; x_wconf 82' lang='lat' dir='ltr'>suis,</span> 
     </span>
     <span class='ocr_line' id='line_1_6' title="bbox 715 441 1495 498; baseline -0.004 -13"><span class='ocrx_word' id='word_1_28' title='bbox 715 447 758 486; x_wconf 89' lang='lat' dir='ltr'>et</span> <span class='ocrx_word' id='word_1_29' title='bbox 783 441 1084 498; x_wconf 86' lang='lat' dir='ltr'>multiplicata</span> <span class='ocrx_word' id='word_1_30' title='bbox 1109 446 1175 484; x_wconf 88' lang='lat' dir='ltr'>est</span> <span class='ocrx_word' id='word_1_31' title='bbox 1194 441 1241 483; x_wconf 89' lang='lat' dir='ltr'>in</span> <span class='ocrx_word' id='word_1_32' title='bbox 1268 441 1329 484; x_wconf 85' lang='lat' dir='ltr'>eis</span> <span class='ocrx_word' id='word_1_33' title='bbox 1354 441 1495 483; x_wconf 85' lang='lat' dir='ltr'>ruina.</span> 
     </span>
     <span class='ocr_line' id='line_1_7' title="bbox 597 500 1396 557; baseline -0.003 -13"><span class='ocrx_word' id='word_1_34' title='bbox 597 501 635 528; x_wconf 78' lang='lat'>30</span> <span class='ocrx_word' id='word_1_35' title='bbox 652 503 709 544; x_wconf 88' lang='lat' dir='ltr'>Et</span> <span class='ocrx_word' id='word_1_36' title='bbox 729 501 854 545; x_wconf 89' lang='lat' dir='ltr'>stetit</span> <span class='ocrx_word' id='word_1_37' title='bbox 880 501 1090 556; x_wconf 89' lang='lat' dir='ltr'>Phinees,</span> <span class='ocrx_word' id='word_1_38' title='bbox 1114 506 1158 543; x_wconf 86' lang='lat' dir='ltr'>et</span> <span class='ocrx_word' id='word_1_39' title='bbox 1181 500 1396 557; x_wconf 63' lang='lat' dir='ltr'>placavit,</span> 
     </span>
     <span class='ocr_line' id='line_1_8' title="bbox 716 560 1234 616; baseline -0.002 -12"><span class='ocrx_word' id='word_1_40' title='bbox 716 565 759 604; x_wconf 89' lang='lat' dir='ltr'>et</span> <span class='ocrx_word' id='word_1_41' title='bbox 781 560 972 604; x_wconf 84' lang='lat' dir='ltr'>cessavit</span> <span class='ocrx_word' id='word_1_42' title='bbox 997 561 1234 616; x_wconf 79' lang='lat' dir='ltr'>quassatio.</span> 
     </span>
     <span class='ocr_line' id='line_1_9' title="bbox 596 619 1484 677; baseline -0.002 -14"><span class='ocrx_word' id='word_1_43' title='bbox 596 619 630 647; x_wconf 81' lang='lat'>31</span> <span class='ocrx_word' id='word_1_44' title='bbox 651 621 708 663; x_wconf 89' lang='lat' dir='ltr'>Et</span> <span class='ocrx_word' id='word_1_45' title='bbox 733 625 987 677; x_wconf 88' lang='lat' dir='ltr'>reputatum</span> <span class='ocrx_word' id='word_1_46' title='bbox 1014 625 1079 663; x_wconf 90' lang='lat' dir='ltr'>est</span> <span class='ocrx_word' id='word_1_47' title='bbox 1104 619 1142 663; x_wconf 89' lang='lat' dir='ltr'>ei</span> <span class='ocrx_word' id='word_1_48' title='bbox 1168 619 1215 662; x_wconf 90' lang='lat' dir='ltr'>in</span> <span class='ocrx_word' id='word_1_49' title='bbox 1239 620 1484 676; x_wconf 78' lang='lat' dir='ltr'>justitiam,</span> 
     </span>
     <span class='ocr_line' id='line_1_10' title="bbox 714 678 2134 735; baseline -0.001 -13"><span class='ocrx_word' id='word_1_50' title='bbox 714 679 761 722; x_wconf 91' lang='lat' dir='ltr'>in</span> <span class='ocrx_word' id='word_1_51' title='bbox 786 679 1120 735; x_wconf 76' lang='lat' dir='ltr'>generationem</span> <span class='ocrx_word' id='word_1_52' title='bbox 1145 685 1188 722; x_wconf 88' lang='lat' dir='ltr'>et</span> <span class='ocrx_word' id='word_1_53' title='bbox 1209 679 1542 735; x_wconf 79' lang='lat' dir='ltr'>generationem</span> <span class='ocrx_word' id='word_1_54' title='bbox 1568 684 1705 734; x_wconf 84' lang='lat' dir='ltr'>usque</span> <span class='ocrx_word' id='word_1_55' title='bbox 1727 678 1772 720; x_wconf 92' lang='lat' dir='ltr'>in</span> <span class='ocrx_word' id='word_1_56' title='bbox 1799 678 2134 735; x_wconf 78' lang='lat' dir='ltr'>sempiternum.</span> 
     </span>
     <span class='ocr_line' id='line_1_11' title="bbox 146 737 1818 794; baseline -0.002 -11"><span class='ocrx_word' id='word_1_57' title='bbox 146 745 196 774; x_wconf 79' lang='lat' dir='ltr'>Ad</span> <span class='ocrx_word' id='word_1_58' title='bbox 213 752 317 792; x_wconf 47' lang='lat' dir='ltr'>aqua}</span> <span class='ocrx_word' id='word_1_59' title='bbox 595 738 632 766; x_wconf 77' lang='lat'>3&#39;2</span> <span class='ocrx_word' id='word_1_60' title='bbox 650 740 708 782; x_wconf 89' lang='lat' dir='ltr'>Et</span> <span class='ocrx_word' id='word_1_61' title='bbox 728 739 1015 782; x_wconf 87' lang='lat' dir='ltr'>irritaverunt</span> <span class='ocrx_word' id='word_1_62' title='bbox 1040 753 1140 782; x_wconf 87' lang='lat' dir='ltr'>eum</span> <span class='ocrx_word' id='word_1_63' title='bbox 1166 739 1223 781; x_wconf 87' lang='lat' dir='ltr'>ad</span> <span class='ocrx_word' id='word_1_64' title='bbox 1245 741 1398 794; x_wconf 83' lang='lat' dir='ltr'>Aquas</span> <span class='ocrx_word' id='word_1_65' title='bbox 1425 737 1790 781; x_wconf 75' lang='lat' dir='ltr'>contradictionis</span> <span class='ocrx_word' id='word_1_66' title='bbox 1809 754 1818 791; x_wconf 80' lang='lat'><em>3</em></span> 
     </span>
     <span class='ocr_line' id='line_1_12' title="bbox 151 789 1583 855; baseline -0.003 -11"><span class='ocrx_word' id='word_1_67' title='bbox 151 789 319 817; x_wconf 67' lang='lat' dir='ltr'>eontram-</span> <span class='ocrx_word' id='word_1_68' title='bbox 713 803 758 842; x_wconf 86' lang='lat' dir='ltr'>et</span> <span class='ocrx_word' id='word_1_69' title='bbox 781 804 969 842; x_wconf 79' lang='lat' dir='ltr'>vexatus</span> <span class='ocrx_word' id='word_1_70' title='bbox 994 803 1061 842; x_wconf 90' lang='lat' dir='ltr'>est</span> <span class='ocrx_word' id='word_1_71' title='bbox 1081 799 1260 855; x_wconf 83' lang='lat' dir='ltr'>Moyses</span> <span class='ocrx_word' id='word_1_72' title='bbox 1284 803 1460 855; x_wconf 84' lang='lat' dir='ltr'>propt-er</span> <span class='ocrx_word' id='word_1_73' title='bbox 1481 811 1554 841; x_wconf 89' lang='lat' dir='ltr'>eos</span> <span class='ocrx_word' id='word_1_74' title='bbox 1573 815 1583 854; x_wconf 67' lang='grc' dir='ltr'><strong><em>ς</em></strong></span> 
     </span>
    </p>
   </div>
   <div class='ocr_carea' id='block_1_5' title="bbox 136 836 1531 1150">
    <p class='ocr_par' dir='ltr' id='par_1_5' title="bbox 136 836 1531 1150">
     <span class='ocr_line' id='line_1_13' title="bbox 167 836 1531 915; baseline 0.001 -17"><span class='ocrx_word' id='word_1_75' title='bbox 167 836 301 862; x_wconf 37' lang='lat' dir='ltr'>mom*</span> <span class='ocrx_word' id='word_1_76' title='bbox 596 858 634 886; x_wconf 87' lang='grc'>33</span> <span class='ocrx_word' id='word_1_77' title='bbox 651 858 756 915; x_wconf 82' lang='lat' dir='ltr'>quia</span> <span class='ocrx_word' id='word_1_78' title='bbox 780 858 1160 902; x_wconf 79' lang='lat' dir='ltr'>exacerbaverunt</span> <span class='ocrx_word' id='word_1_79' title='bbox 1183 857 1388 914; x_wconf 85' lang='lat' dir='ltr'>spiritum</span> <span class='ocrx_word' id='word_1_80' title='bbox 1415 857 1531 912; x_wconf 80' lang='lat' dir='ltr'>ejus,</span> 
     </span>
     <span class='ocr_line' id='line_1_14' title="bbox 715 917 1338 961; baseline -0.002 0"><span class='ocrx_word' id='word_1_81' title='bbox 715 922 758 961; x_wconf 85' lang='lat' dir='ltr'>et</span> <span class='ocrx_word' id='word_1_82' title='bbox 781 917 986 961; x_wconf 80' lang='lat' dir='ltr'>distinxit</span> <span class='ocrx_word' id='word_1_83' title='bbox 1009 917 1054 959; x_wconf 90' lang='lat' dir='ltr'>in</span> <span class='ocrx_word' id='word_1_84' title='bbox 1079 917 1210 960; x_wconf 87' lang='lat' dir='ltr'>labiis</span> <span class='ocrx_word' id='word_1_85' title='bbox 1235 917 1338 960; x_wconf 84' lang='lat' dir='ltr'>suis.</span> 
     </span>
     <span class='ocr_line' id='line_1_15' title="bbox 192 976 1314 1034; baseline 0.003 -19"><span class='ocrx_word' id='word_1_86' title='bbox 192 989 273 1016; x_wconf 72' lang='lat' dir='ltr'>Post</span> <span class='ocrx_word' id='word_1_87' title='bbox 595 977 631 1003; x_wconf 72' lang='lat'>34</span> <span class='ocrx_word' id='word_1_88' title='bbox 650 977 750 1021; x_wconf 90' lang='lat' dir='ltr'>Non</span> <span class='ocrx_word' id='word_1_89' title='bbox 777 976 1135 1034; x_wconf 78' lang='lat' dir='ltr'>disperdiderunt</span> <span class='ocrx_word' id='word_1_90' title='bbox 1158 981 1314 1031; x_wconf 84' lang='lat' dir='ltr'>gentes</span> 
     </span>
     <span class='ocr_line' id='line_1_16' title="bbox 136 1033 1351 1104; baseline 0.001 -28"><span class='ocrx_word' id='word_1_91' title='bbox 136 1033 327 1104; x_wconf 53' lang='grc' dir='ltr'>ῑΡὲζθῗῗᾞῖῑ</span> <span class='ocrx_word' id='word_1_92' title='bbox 715 1051 822 1093; x_wconf 87' lang='lat' dir='ltr'>quas</span> <span class='ocrx_word' id='word_1_93' title='bbox 850 1036 964 1079; x_wconf 73' lang='lat' dir='ltr'>dixit</span> <span class='ocrx_word' id='word_1_94' title='bbox 990 1035 1207 1078; x_wconf 87' lang='lat' dir='ltr'>Dominus</span> <span class='ocrx_word' id='word_1_95' title='bbox 1231 1035 1351 1090; x_wconf 61' lang='lat' dir='ltr'>illis,</span> 
     </span>
     <span class='ocr_line' id='line_1_17' title="bbox 143 1084 1407 1150; baseline 0.001 -13"><span class='ocrx_word' id='word_1_96' title='bbox 143 1084 320 1150; x_wconf 43' lang='grc' dir='ltr'>Ῑέῃᾶῗζέῃῗ</span> <span class='ocrx_word' id='word_1_97' title='bbox 574 1129 576 1131; x_wconf 92' lang='grc'>-</span> <span class='ocrx_word' id='word_1_98' title='bbox 599 1095 636 1122; x_wconf 72' lang='grc'><strong>33</strong></span> <span class='ocrx_word' id='word_1_99' title='bbox 654 1100 697 1140; x_wconf 82' lang='grc'>61</span> <span class='ocrx_word' id='word_1_100' title='bbox 723 1095 944 1139; x_wconf 80' lang='lat' dir='ltr'>commisti</span> <span class='ocrx_word' id='word_1_101' title='bbox 966 1100 1070 1138; x_wconf 87' lang='lat' dir='ltr'>sunt</span> <span class='ocrx_word' id='word_1_102' title='bbox 1090 1095 1207 1138; x_wconf 88' lang='lat' dir='ltr'>inter</span> <span class='ocrx_word' id='word_1_103' title='bbox 1231 1101 1407 1150; x_wconf 79' lang='lat' dir='ltr'>genteS,</span> 
     </span>
    </p>
   </div>
   <div class='ocr_carea' id='block_1_6' title="bbox 142 1155 2222 2938">
    <p class='ocr_par' dir='ltr' id='par_1_6' title="bbox 715 1155 1396 1212">
     <span class='ocr_line' id='line_1_18' title="bbox 715 1155 1396 1212; baseline -0.003 -14"><span class='ocrx_word' id='word_1_104' title='bbox 715 1160 758 1199; x_wconf 90' lang='lat' dir='ltr'>et</span> <span class='ocrx_word' id='word_1_105' title='bbox 784 1155 1036 1198; x_wconf 89' lang='lat' dir='ltr'>didicerunt</span> <span class='ocrx_word' id='word_1_106' title='bbox 1061 1168 1193 1211; x_wconf 84' lang='lat' dir='ltr'>opera</span> <span class='ocrx_word' id='word_1_107' title='bbox 1217 1168 1396 1212; x_wconf 80' lang='lat' dir='ltr'>eorum3</span> 
     </span>
    </p>

    <p class='ocr_par' dir='ltr' id='par_1_7' title="bbox 596 1213 1528 1318">
     <span class='ocr_line' id='line_1_19' title="bbox 596 1213 1466 1270; baseline -0.002 -12"><span class='ocrx_word' id='word_1_108' title='bbox 596 1213 633 1241; x_wconf 74' lang='grc'><strong>33</strong></span> <span class='ocrx_word' id='word_1_109' title='bbox 651 1219 693 1258; x_wconf 86' lang='grc'>61</span> <span class='ocrx_word' id='word_1_110' title='bbox 718 1214 966 1258; x_wconf 84' lang='lat' dir='ltr'>servierunt</span> <span class='ocrx_word' id='word_1_111' title='bbox 988 1213 1271 1270; x_wconf 79' lang='lat' dir='ltr'>sculptilibus</span> <span class='ocrx_word' id='word_1_112' title='bbox 1293 1228 1466 1270; x_wconf 89' lang='lat' dir='ltr'>eorum,</span> 
     </span>
     <span class='ocr_line' id='line_1_20' title="bbox 714 1273 1528 1318; baseline -0.001 -1"><span class='ocrx_word' id='word_1_113' title='bbox 714 1279 758 1318; x_wconf 89' lang='lat' dir='ltr'>et</span> <span class='ocrx_word' id='word_1_114' title='bbox 779 1274 953 1316; x_wconf 72' lang='lat' dir='ltr'>factum</span> <span class='ocrx_word' id='word_1_115' title='bbox 976 1278 1041 1316; x_wconf 90' lang='lat' dir='ltr'>est</span> <span class='ocrx_word' id='word_1_116' title='bbox 1065 1273 1158 1315; x_wconf 87' lang='lat' dir='ltr'>illis</span> <span class='ocrx_word' id='word_1_117' title='bbox 1179 1273 1226 1316; x_wconf 91' lang='lat' dir='ltr'>in</span> <span class='ocrx_word' id='word_1_118' title='bbox 1251 1273 1528 1316; x_wconf 84' lang='lat' dir='ltr'>scandalum.</span> 
     </span>
    </p>

    <p class='ocr_par' dir='ltr' id='par_1_8' title="bbox 597 1332 1342 1436">
     <span class='ocr_line' id='line_1_21' title="bbox 597 1332 1342 1376; baseline 0 0"><span class='ocrx_word' id='word_1_119' title='bbox 597 1332 631 1359; x_wconf 76' lang='lat'>3⁷</span> <span class='ocrx_word' id='word_1_120' title='bbox 651 1334 708 1376; x_wconf 87' lang='lat' dir='ltr'>Et</span> <span class='ocrx_word' id='word_1_121' title='bbox 732 1333 1077 1376; x_wconf 77' lang='lat' dir='ltr'>immolaverunt</span> <span class='ocrx_word' id='word_1_122' title='bbox 1103 1332 1214 1376; x_wconf 90' lang='lat' dir='ltr'>filios</span> <span class='ocrx_word' id='word_1_123' title='bbox 1240 1347 1342 1376; x_wconf 88' lang='lat' dir='ltr'>suos</span> 
     </span>
     <span class='ocr_line' id='line_1_22' title="bbox 713 1392 1293 1436; baseline -0.004 0"><span class='ocrx_word' id='word_1_124' title='bbox 713 1398 757 1436; x_wconf 90' lang='lat' dir='ltr'>et</span> <span class='ocrx_word' id='word_1_125' title='bbox 777 1392 891 1436; x_wconf 89' lang='lat' dir='ltr'>filias</span> <span class='ocrx_word' id='word_1_126' title='bbox 917 1407 1018 1436; x_wconf 88' lang='lat' dir='ltr'>suas</span> <span class='ocrx_word' id='word_1_127' title='bbox 1045 1392 1293 1435; x_wconf 74' lang='lat' dir='ltr'>daemoniis.</span> 
     </span>
    </p>

    <p class='ocr_par' dir='ltr' id='par_1_9' title="bbox 594 1451 1887 1628">
     <span class='ocr_line' id='line_1_23' title="bbox 594 1451 1600 1507; baseline 0 -12"><span class='ocrx_word' id='word_1_128' title='bbox 594 1451 631 1479; x_wconf 77' lang='grc'>33</span> <span class='ocrx_word' id='word_1_129' title='bbox 648 1453 707 1495; x_wconf 85' lang='grc' dir='ltr'>Ε1</span> <span class='ocrx_word' id='word_1_130' title='bbox 732 1452 987 1496; x_wconf 84' lang='lat' dir='ltr'>effuderunt</span> <span class='ocrx_word' id='word_1_131' title='bbox 1008 1451 1273 1507; x_wconf 85' lang='lat' dir='ltr'>sanguinem</span> <span class='ocrx_word' id='word_1_132' title='bbox 1296 1452 1600 1501; x_wconf 83' lang='lat' dir='ltr'>innocentem,</span> 
     </span>
     <span class='ocr_line' id='line_1_24' title="bbox 712 1511 1909 1568; baseline -0.001 -14"><span class='ocrx_word' id='word_1_133' title='bbox 712 1512 978 1568; x_wconf 86' lang='lat' dir='ltr'>sanguinem</span> <span class='ocrx_word' id='word_1_134' title='bbox 1002 1511 1195 1555; x_wconf 91' lang='lat' dir='ltr'>filiorum</span> <span class='ocrx_word' id='word_1_135' title='bbox 1221 1526 1401 1555; x_wconf 88' lang='lat' dir='ltr'>suorum</span> <span class='ocrx_word' id='word_1_136' title='bbox 1427 1516 1470 1555; x_wconf 83' lang='lat' dir='ltr'>et</span> <span class='ocrx_word' id='word_1_137' title='bbox 1494 1512 1609 1554; x_wconf 85' lang='lat' dir='ltr'>filiai</span> <span class='ocrx_word' id='word_1_138' title='bbox 1612 1527 1686 1554; x_wconf 88' lang='grc'>11111</span> <span class='ocrx_word' id='word_1_139' title='bbox 1708 1526 1909 1568; x_wconf 66' lang='lat' dir='ltr'>suarum,</span> 
     </span>
     <span class='ocr_line' id='line_1_25' title="bbox 714 1570 1773 1628; baseline -0.001 -14"><span class='ocrx_word' id='word_1_140' title='bbox 714 1586 822 1628; x_wconf 86' lang='lat' dir='ltr'>quas</span> <span class='ocrx_word' id='word_1_141' title='bbox 844 1571 1076 1614; x_wconf 68' lang='lat' dir='ltr'>sacrificax</span> <span class='ocrx_word' id='word_1_142' title='bbox 1078 1576 1208 1614; x_wconf 75' lang='lat' dir='ltr'>erunt</span> <span class='ocrx_word' id='word_1_143' title='bbox 1233 1570 1518 1628; x_wconf 88' lang='lat' dir='ltr'>sculptilibus</span> <span class='ocrx_word' id='word_1_144' title='bbox 1543 1571 1773 1615; x_wconf 86' lang='lat' dir='ltr'>Chanaan.</span> 
     </span>
    </p>

    <p class='ocr_par' dir='ltr' id='par_1_10' title="bbox 655 1630 1738 1794">
     <span class='ocr_line' id='line_1_26' title="bbox 655 1630 1558 1686; baseline -0.002 -12"><span class='ocrx_word' id='word_1_145' title='bbox 655 1630 714 1675; x_wconf 87' lang='lat' dir='ltr'>Et</span> <span class='ocrx_word' id='word_1_146' title='bbox 737 1631 909 1674; x_wconf 76' lang='lat' dir='ltr'>infecta</span> <span class='ocrx_word' id='word_1_147' title='bbox 935 1635 1001 1674; x_wconf 89' lang='lat' dir='ltr'>est</span> <span class='ocrx_word' id='word_1_148' title='bbox 1026 1635 1141 1673; x_wconf 87' lang='lat' dir='ltr'>terra</span> <span class='ocrx_word' id='word_1_149' title='bbox 1165 1630 1211 1672; x_wconf 89' lang='lat' dir='ltr'>in</span> <span class='ocrx_word' id='word_1_150' title='bbox 1237 1630 1558 1686; x_wconf 71' lang='lat' dir='ltr'>sanguinibus,</span> 
     </span>
     <span class='ocr_line' id='line_1_27' title="bbox 656 1689 1667 1747; baseline -0.002 -13"><span class='ocrx_word' id='word_1_151' title='bbox 656 1689 692 1716; x_wconf 76' lang='lat'>39</span> <span class='ocrx_word' id='word_1_152' title='bbox 710 1695 753 1734; x_wconf 89' lang='lat' dir='ltr'>et</span> <span class='ocrx_word' id='word_1_153' title='bbox 774 1690 1080 1734; x_wconf 80' lang='lat' dir='ltr'>contaminata</span> <span class='ocrx_word' id='word_1_154' title='bbox 1105 1694 1171 1733; x_wconf 88' lang='lat' dir='ltr'>est</span> <span class='ocrx_word' id='word_1_155' title='bbox 1195 1689 1241 1732; x_wconf 90' lang='lat' dir='ltr'>in</span> <span class='ocrx_word' id='word_1_156' title='bbox 1264 1690 1470 1747; x_wconf 86' lang='lat' dir='ltr'>operibus</span> <span class='ocrx_word' id='word_1_157' title='bbox 1497 1704 1667 1746; x_wconf 89' lang='lat' dir='ltr'>eorum,</span> 
     </span>
     <span class='ocr_line' id='line_1_28' title="bbox 714 1749 1738 1794; baseline 0 -1"><span class='ocrx_word' id='word_1_158' title='bbox 714 1755 757 1794; x_wconf 85' lang='lat' dir='ltr'>et</span> <span class='ocrx_word' id='word_1_159' title='bbox 780 1749 992 1793; x_wconf 72' lang='lat' dir='ltr'>fornicati</span> <span class='ocrx_word' id='word_1_160' title='bbox 1019 1755 1122 1792; x_wconf 88' lang='lat' dir='ltr'>sunt</span> <span class='ocrx_word' id='word_1_161' title='bbox 1145 1749 1192 1792; x_wconf 91' lang='lat' dir='ltr'>in</span> <span class='ocrx_word' id='word_1_162' title='bbox 1217 1749 1610 1793; x_wconf 78' lang='lat' dir='ltr'>adinventionibus</span> <span class='ocrx_word' id='word_1_163' title='bbox 1635 1750 1738 1793; x_wconf 85' lang='lat' dir='ltr'>suis.</span> 
     </span>
    </p>

    <p class='ocr_par' dir='ltr' id='par_1_11' title="bbox 595 1808 1866 1912">
     <span class='ocr_line' id='line_1_29' title="bbox 595 1808 1866 1866; baseline -0.002 -13"><span class='ocrx_word' id='word_1_164' title='bbox 595 1808 633 1836; x_wconf 78' lang='lat'>40</span> <span class='ocrx_word' id='word_1_165' title='bbox 649 1810 707 1853; x_wconf 81' lang='lat' dir='ltr'>Et</span> <span class='ocrx_word' id='word_1_166' title='bbox 728 1809 866 1852; x_wconf 89' lang='lat' dir='ltr'>iratus</span> <span class='ocrx_word' id='word_1_167' title='bbox 893 1815 958 1853; x_wconf 90' lang='lat' dir='ltr'>est</span> <span class='ocrx_word' id='word_1_168' title='bbox 982 1809 1133 1852; x_wconf 73' lang='lat' dir='ltr'>furore</span> <span class='ocrx_word' id='word_1_169' title='bbox 1159 1809 1377 1852; x_wconf 87' lang='lat' dir='ltr'>Dominus</span> <span class='ocrx_word' id='word_1_170' title='bbox 1398 1809 1444 1851; x_wconf 91' lang='lat' dir='ltr'>in</span> <span class='ocrx_word' id='word_1_171' title='bbox 1469 1809 1684 1866; x_wconf 87' lang='lat' dir='ltr'>populum</span> <span class='ocrx_word' id='word_1_172' title='bbox 1709 1823 1837 1852; x_wconf 84' lang='lat' dir='ltr'>suum</span> <span class='ocrx_word' id='word_1_173' title='bbox 1857 1825 1866 1863; x_wconf 64' lang='grc' dir='ltr'><em>ς</em></span> 
     </span>
     <span class='ocr_line' id='line_1_30' title="bbox 713 1868 1637 1912; baseline -0.002 0"><span class='ocrx_word' id='word_1_174' title='bbox 713 1874 755 1912; x_wconf 88' lang='grc'>61</span> <span class='ocrx_word' id='word_1_175' title='bbox 781 1869 1064 1912; x_wconf 89' lang='lat' dir='ltr'>abominatus</span> <span class='ocrx_word' id='word_1_176' title='bbox 1091 1873 1156 1911; x_wconf 88' lang='lat' dir='ltr'>est</span> <span class='ocrx_word' id='word_1_177' title='bbox 1178 1868 1472 1911; x_wconf 82' lang='lat' dir='ltr'>hereditatem</span> <span class='ocrx_word' id='word_1_178' title='bbox 1497 1883 1637 1911; x_wconf 88' lang='lat' dir='ltr'>suam.</span> 
     </span>
    </p>

    <p class='ocr_par' dir='ltr' id='par_1_12' title="bbox 595 1927 1719 2042">
     <span class='ocr_line' id='line_1_31' title="bbox 595 1927 1517 1982; baseline -0.001 -11"><span class='ocrx_word' id='word_1_179' title='bbox 595 1927 629 1955; x_wconf 80' lang='lat'>4¹</span> <span class='ocrx_word' id='word_1_180' title='bbox 651 1929 708 1971; x_wconf 89' lang='lat' dir='ltr'>Et</span> <span class='ocrx_word' id='word_1_181' title='bbox 729 1928 915 1971; x_wconf 85' lang='lat' dir='ltr'>tradidit</span> <span class='ocrx_word' id='word_1_182' title='bbox 938 1942 1009 1971; x_wconf 91' lang='lat' dir='ltr'>eos</span> <span class='ocrx_word' id='word_1_183' title='bbox 1035 1927 1081 1969; x_wconf 92' lang='lat' dir='ltr'>in</span> <span class='ocrx_word' id='word_1_184' title='bbox 1104 1941 1262 1969; x_wconf 90' lang='lat' dir='ltr'>manus</span> <span class='ocrx_word' id='word_1_185' title='bbox 1287 1928 1489 1982; x_wconf 83' lang='lat' dir='ltr'>gentium</span> <span class='ocrx_word' id='word_1_186' title='bbox 1508 1945 1517 1982; x_wconf 82' lang='lat'><em>3</em></span> 
     </span>
     <span class='ocr_line' id='line_1_32' title="bbox 715 1987 1719 2042; baseline 0 -11"><span class='ocrx_word' id='word_1_187' title='bbox 715 1994 757 2032; x_wconf 86' lang='lat' dir='ltr'>et</span> <span class='ocrx_word' id='word_1_188' title='bbox 784 1987 999 2031; x_wconf 86' lang='lat' dir='ltr'>dominati</span> <span class='ocrx_word' id='word_1_189' title='bbox 1026 1992 1128 2029; x_wconf 90' lang='lat' dir='ltr'>sunt</span> <span class='ocrx_word' id='word_1_190' title='bbox 1155 2001 1305 2030; x_wconf 90' lang='lat' dir='ltr'>eorum</span> <span class='ocrx_word' id='word_1_191' title='bbox 1328 1987 1401 2042; x_wconf 89' lang='lat' dir='ltr'>qui</span> <span class='ocrx_word' id='word_1_192' title='bbox 1424 1987 1611 2031; x_wconf 90' lang='lat' dir='ltr'>oderunt</span> <span class='ocrx_word' id='word_1_193' title='bbox 1633 2002 1719 2031; x_wconf 79' lang='lat' dir='ltr'>eos,</span> 
     </span>
    </p>

    <p class='ocr_par' dir='ltr' id='par_1_13' title="bbox 597 2046 1688 2162">
     <span class='ocr_line' id='line_1_33' title="bbox 597 2046 1551 2101; baseline -0.001 -11"><span class='ocrx_word' id='word_1_194' title='bbox 597 2046 635 2074; x_wconf 65' lang='lat'>42</span> <span class='ocrx_word' id='word_1_195' title='bbox 652 2048 710 2090; x_wconf 88' lang='lat' dir='ltr'>Et</span> <span class='ocrx_word' id='word_1_196' title='bbox 735 2047 1061 2090; x_wconf 82' lang='lat' dir='ltr'>tribulaverunt</span> <span class='ocrx_word' id='word_1_197' title='bbox 1084 2061 1157 2089; x_wconf 91' lang='lat' dir='ltr'>eos</span> <span class='ocrx_word' id='word_1_198' title='bbox 1178 2046 1349 2089; x_wconf 89' lang='lat' dir='ltr'>inimici</span> <span class='ocrx_word' id='word_1_199' title='bbox 1372 2061 1523 2089; x_wconf 84' lang='lat' dir='ltr'>eorum</span> <span class='ocrx_word' id='word_1_200' title='bbox 1542 2064 1551 2101; x_wconf 85' lang='lat'>;</span> 
     </span>
     <span class='ocr_line' id='line_1_34' title="bbox 720 2106 1688 2162; baseline -0.001 -12"><span class='ocrx_word' id='word_1_201' title='bbox 720 2113 763 2151; x_wconf 90' lang='lat' dir='ltr'>et</span> <span class='ocrx_word' id='word_1_202' title='bbox 787 2106 1014 2149; x_wconf 85' lang='lat' dir='ltr'>humiliati</span> <span class='ocrx_word' id='word_1_203' title='bbox 1039 2112 1142 2149; x_wconf 89' lang='lat' dir='ltr'>sunt</span> <span class='ocrx_word' id='word_1_204' title='bbox 1168 2106 1250 2148; x_wconf 87' lang='lat' dir='ltr'>sub</span> <span class='ocrx_word' id='word_1_205' title='bbox 1276 2106 1481 2149; x_wconf 86' lang='lat' dir='ltr'>manibus</span> <span class='ocrx_word' id='word_1_206' title='bbox 1507 2121 1658 2149; x_wconf 88' lang='lat' dir='ltr'>eorum</span> <span class='ocrx_word' id='word_1_207' title='bbox 1679 2125 1688 2162; x_wconf 70' lang='lat'>,-</span> 
     </span>
    </p>

    <p class='ocr_par' dir='ltr' id='par_1_14' title="bbox 655 2166 1860 2341">
     <span class='ocr_line' id='line_1_35' title="bbox 655 2166 1175 2224; baseline -0.002 -14"><span class='ocrx_word' id='word_1_208' title='bbox 655 2167 692 2194; x_wconf 70' lang='lat'>43</span> <span class='ocrx_word' id='word_1_209' title='bbox 710 2181 829 2224; x_wconf 87' lang='lat' dir='ltr'>saepe</span> <span class='ocrx_word' id='word_1_210' title='bbox 855 2166 1062 2209; x_wconf 78' lang='lat' dir='ltr'>liberavit</span> <span class='ocrx_word' id='word_1_211' title='bbox 1088 2181 1175 2210; x_wconf 92' lang='lat' dir='ltr'>eos.</span> 
     </span>
     <span class='ocr_line' id='line_1_36' title="bbox 655 2225 1860 2284; baseline -0.001 -14"><span class='ocrx_word' id='word_1_212' title='bbox 655 2227 749 2284; x_wconf 88' lang='lat' dir='ltr'>Ipsi</span> <span class='ocrx_word' id='word_1_213' title='bbox 775 2232 924 2269; x_wconf 89' lang='lat' dir='ltr'>autem</span> <span class='ocrx_word' id='word_1_214' title='bbox 950 2226 1328 2269; x_wconf 74' lang='lat' dir='ltr'>exacerbaverunt</span> <span class='ocrx_word' id='word_1_215' title='bbox 1354 2240 1454 2269; x_wconf 89' lang='lat' dir='ltr'>eum</span> <span class='ocrx_word' id='word_1_216' title='bbox 1477 2226 1524 2268; x_wconf 90' lang='lat' dir='ltr'>in</span> <span class='ocrx_word' id='word_1_217' title='bbox 1551 2225 1734 2269; x_wconf 88' lang='lat' dir='ltr'>consilio</span> <span class='ocrx_word' id='word_1_218' title='bbox 1761 2239 1860 2275; x_wconf 86' lang='lat' dir='ltr'>suo;</span> 
     </span>
     <span class='ocr_line' id='line_1_37' title="bbox 717 2285 1668 2341; baseline -0.001 -12"><span class='ocrx_word' id='word_1_219' title='bbox 717 2292 759 2330; x_wconf 86' lang='lat' dir='ltr'>et</span> <span class='ocrx_word' id='word_1_220' title='bbox 783 2285 1008 2328; x_wconf 87' lang='lat' dir='ltr'>humiliati</span> <span class='ocrx_word' id='word_1_221' title='bbox 1033 2290 1136 2328; x_wconf 90' lang='lat' dir='ltr'>sunt</span> <span class='ocrx_word' id='word_1_222' title='bbox 1156 2285 1203 2328; x_wconf 89' lang='lat' dir='ltr'>in</span> <span class='ocrx_word' id='word_1_223' title='bbox 1227 2285 1538 2341; x_wconf 82' lang='lat' dir='ltr'>iniquitatibus</span> <span class='ocrx_word' id='word_1_224' title='bbox 1565 2285 1668 2328; x_wconf 86' lang='lat' dir='ltr'>suis.</span> 
     </span>
    </p>

    <p class='ocr_par' dir='ltr' id='par_1_15' title="bbox 597 2345 1415 2449">
     <span class='ocr_line' id='line_1_38' title="bbox 597 2345 1341 2400; baseline -0.003 -11"><span class='ocrx_word' id='word_1_225' title='bbox 597 2346 634 2373; x_wconf 73' lang='lat'>44</span> <span class='ocrx_word' id='word_1_226' title='bbox 653 2347 711 2389; x_wconf 87' lang='lat' dir='ltr'>Et</span> <span class='ocrx_word' id='word_1_227' title='bbox 735 2345 849 2388; x_wconf 80' lang='lat' dir='ltr'>vidit</span> <span class='ocrx_word' id='word_1_228' title='bbox 876 2358 977 2388; x_wconf 84' lang='lat' dir='ltr'>cum</span> <span class='ocrx_word' id='word_1_229' title='bbox 1004 2345 1341 2400; x_wconf 77' lang='lat' dir='ltr'>tribularentur,</span> 
     </span>
     <span class='ocr_line' id='line_1_39' title="bbox 715 2404 1415 2449; baseline -0.001 0"><span class='ocrx_word' id='word_1_230' title='bbox 715 2410 759 2449; x_wconf 91' lang='lat' dir='ltr'>et</span> <span class='ocrx_word' id='word_1_231' title='bbox 783 2405 957 2447; x_wconf 81' lang='lat' dir='ltr'>audivit</span> <span class='ocrx_word' id='word_1_232' title='bbox 983 2404 1227 2448; x_wconf 87' lang='lat' dir='ltr'>orationem</span> <span class='ocrx_word' id='word_1_233' title='bbox 1252 2419 1415 2448; x_wconf 86' lang='lat' dir='ltr'>eorum.</span> 
     </span>
    </p>

    <p class='ocr_par' dir='ltr' id='par_1_16' title="bbox 597 2464 2196 2581">
     <span class='ocr_line' id='line_1_40' title="bbox 597 2464 1407 2512; baseline -0.003 -4"><span class='ocrx_word' id='word_1_234' title='bbox 597 2464 634 2492; x_wconf 81' lang='lat'>45</span> <span class='ocrx_word' id='word_1_235' title='bbox 652 2467 709 2508; x_wconf 88' lang='lat' dir='ltr'>Et</span> <span class='ocrx_word' id='word_1_236' title='bbox 730 2479 900 2508; x_wconf 85' lang='lat' dir='ltr'>memor</span> <span class='ocrx_word' id='word_1_237' title='bbox 916 2464 1013 2509; x_wconf 76' lang='lat' dir='ltr'>,fuit</span> <span class='ocrx_word' id='word_1_238' title='bbox 1038 2464 1295 2508; x_wconf 86' lang='lat' dir='ltr'>testamenti</span> <span class='ocrx_word' id='word_1_239' title='bbox 1318 2464 1407 2512; x_wconf 90' lang='lat' dir='ltr'>sui</span> 
     </span>
     <span class='ocr_line' id='line_1_41' title="bbox 718 2522 2222 2581; baseline -0.002 -14"><span class='ocrx_word' id='word_1_240' title='bbox 718 2530 761 2568; x_wconf 93' lang='lat' dir='ltr'>et</span> <span class='ocrx_word' id='word_1_241' title='bbox 782 2524 1003 2581; x_wconf 86' lang='lat' dir='ltr'>poenituit</span> <span class='ocrx_word' id='word_1_242' title='bbox 1016 2538 1117 2567; x_wconf 89' lang='lat' dir='ltr'>eum</span> <span class='ocrx_word' id='word_1_243' title='bbox 1142 2524 1388 2567; x_wconf 87' lang='lat' dir='ltr'>secundum</span> <span class='ocrx_word' id='word_1_244' title='bbox 1413 2522 1747 2568; x_wconf 86' lang='lat' dir='ltr'>multitudinem</span> <span class='ocrx_word' id='word_1_245' title='bbox 1770 2522 2083 2566; x_wconf 58' lang='lat' dir='ltr'>misericordiae</span> <span class='ocrx_word' id='word_1_246' title='bbox 2106 2537 2174 2565; x_wconf 86' lang='lat' dir='ltr'>su</span> <span class='ocrx_word' id='word_1_247' title='bbox 2162 2537 2222 2573; x_wconf 83' lang='lat' dir='ltr'>e;</span> 
     </span>
    </p>

    <p class='ocr_par' dir='ltr' id='par_1_17' title="bbox 598 2583 1701 2700">
     <span class='ocr_line' id='line_1_42' title="bbox 598 2583 1380 2639; baseline -0.003 -11"><span class='ocrx_word' id='word_1_248' title='bbox 598 2585 635 2612; x_wconf 81' lang='grc'><strong>43</strong></span> <span class='ocrx_word' id='word_1_249' title='bbox 651 2590 696 2628; x_wconf 85' lang='grc'>61</span> <span class='ocrx_word' id='word_1_250' title='bbox 719 2584 842 2628; x_wconf 91' lang='lat' dir='ltr'>dedit</span> <span class='ocrx_word' id='word_1_251' title='bbox 864 2598 936 2628; x_wconf 91' lang='lat' dir='ltr'>eos</span> <span class='ocrx_word' id='word_1_252' title='bbox 958 2584 1005 2626; x_wconf 92' lang='lat' dir='ltr'>in</span> <span class='ocrx_word' id='word_1_253' title='bbox 1033 2583 1380 2639; x_wconf 85' lang='lat' dir='ltr'>misericordias,</span> 
     </span>
     <span class='ocr_line' id='line_1_43' title="bbox 716 2643 1701 2700; baseline -0.001 -14"><span class='ocrx_word' id='word_1_254' title='bbox 716 2644 764 2686; x_wconf 91' lang='lat' dir='ltr'>in</span> <span class='ocrx_word' id='word_1_255' title='bbox 786 2649 1027 2700; x_wconf 89' lang='lat' dir='ltr'>conspectu</span> <span class='ocrx_word' id='word_1_256' title='bbox 1054 2643 1252 2686; x_wconf 89' lang='lat' dir='ltr'>omnium</span> <span class='ocrx_word' id='word_1_257' title='bbox 1279 2644 1352 2699; x_wconf 88' lang='lat' dir='ltr'>qui</span> <span class='ocrx_word' id='word_1_258' title='bbox 1380 2649 1588 2700; x_wconf 85' lang='lat' dir='ltr'>ceperant</span> <span class='ocrx_word' id='word_1_259' title='bbox 1613 2658 1701 2687; x_wconf 80' lang='lat' dir='ltr'>eos.</span> 
     </span>
    </p>

    <p class='ocr_par' dir='ltr' id='par_1_18' title="bbox 142 2702 1571 2938">
     <span class='ocr_line' id='line_1_44' title="bbox 142 2702 1571 2760; baseline -0.003 -11"><span class='ocrx_word' id='word_1_260' title='bbox 142 2720 330 2750; x_wconf 71' lang='lat' dir='ltr'>conclusio.</span> <span class='ocrx_word' id='word_1_261' title='bbox 605 2702 634 2730; x_wconf 58' lang='lat'>2⁷</span> <span class='ocrx_word' id='word_1_262' title='bbox 653 2703 808 2747; x_wconf 83' lang='lat' dir='ltr'>Salvos</span> <span class='ocrx_word' id='word_1_263' title='bbox 829 2718 908 2747; x_wconf 89' lang='lat' dir='ltr'>nos</span> <span class='ocrx_word' id='word_1_264' title='bbox 929 2704 1026 2759; x_wconf 71' lang='lat' dir='ltr'>fac,</span> <span class='ocrx_word' id='word_1_265' title='bbox 1050 2703 1241 2746; x_wconf 88' lang='lat' dir='ltr'>Domine</span> <span class='ocrx_word' id='word_1_266' title='bbox 1268 2704 1387 2746; x_wconf 89' lang='lat' dir='ltr'>Deus</span> <span class='ocrx_word' id='word_1_267' title='bbox 1412 2708 1571 2760; x_wconf 87' lang='lat' dir='ltr'>noster,</span> 
     </span>
     <span class='ocr_line' id='line_1_45' title="bbox 718 2762 1498 2819; baseline -0.003 -12"><span class='ocrx_word' id='word_1_268' title='bbox 718 2768 762 2806; x_wconf 84' lang='lat' dir='ltr'>et</span> <span class='ocrx_word' id='word_1_269' title='bbox 787 2777 1008 2819; x_wconf 82' lang='lat' dir='ltr'>congrega</span> <span class='ocrx_word' id='word_1_270' title='bbox 1034 2777 1113 2805; x_wconf 91' lang='lat' dir='ltr'>nos</span> <span class='ocrx_word' id='word_1_271' title='bbox 1140 2762 1194 2806; x_wconf 91' lang='lat' dir='ltr'>de</span> <span class='ocrx_word' id='word_1_272' title='bbox 1219 2763 1498 2818; x_wconf 75' lang='lat' dir='ltr'>nationibus,</span> 
     </span>
     <span class='ocr_line' id='line_1_46' title="bbox 660 2822 1518 2878; baseline -0.002 -12"><span class='ocrx_word' id='word_1_273' title='bbox 660 2828 709 2865; x_wconf 82' lang='lat' dir='ltr'>ut</span> <span class='ocrx_word' id='word_1_274' title='bbox 734 2822 1023 2866; x_wconf 86' lang='lat' dir='ltr'>confiteamur</span> <span class='ocrx_word' id='word_1_275' title='bbox 1048 2822 1215 2865; x_wconf 88' lang='lat' dir='ltr'>nomini</span> <span class='ocrx_word' id='word_1_276' title='bbox 1242 2828 1397 2865; x_wconf 88' lang='lat' dir='ltr'>sancto</span> <span class='ocrx_word' id='word_1_277' title='bbox 1422 2827 1518 2878; x_wconf 83' lang='lat' dir='ltr'>tuo,</span> 
     </span>
     <span class='ocr_line' id='line_1_47' title="bbox 719 2881 1356 2938; baseline -0.003 -12"><span class='ocrx_word' id='word_1_278' title='bbox 719 2887 762 2926; x_wconf 88' lang='lat' dir='ltr'>et</span> <span class='ocrx_word' id='word_1_279' title='bbox 786 2881 1028 2938; x_wconf 84' lang='lat' dir='ltr'>gloriemur</span> <span class='ocrx_word' id='word_1_280' title='bbox 1045 2881 1092 2924; x_wconf 89' lang='lat' dir='ltr'>in</span> <span class='ocrx_word' id='word_1_281' title='bbox 1113 2881 1245 2925; x_wconf 85' lang='lat' dir='ltr'>lande</span> <span class='ocrx_word' id='word_1_282' title='bbox 1267 2888 1356 2924; x_wconf 83' lang='lat' dir='ltr'>tua.</span> 
     </span>
    </p>
   </div>
   <div class='ocr_carea' id='block_1_7' title="bbox 127 2959 2255 3079">
    <p class='ocr_par' dir='ltr' id='par_1_19' title="bbox 127 2959 2255 3079">
     <span class='ocr_line' id='line_1_48' title="bbox 143 2959 2255 3017; baseline -0.005 -5"><span class='ocrx_word' id='word_1_283' title='bbox 143 2982 331 3017; x_wconf 62' lang='lat' dir='ltr'>noxoiogia</span> <span class='ocrx_word' id='word_1_284' title='bbox 602 2961 637 2989; x_wconf 75' lang='lat'>48</span> <span class='ocrx_word' id='word_1_285' title='bbox 656 2962 925 3006; x_wconf 85' lang='lat' dir='ltr'>Benedictus</span> <span class='ocrx_word' id='word_1_286' title='bbox 945 2962 1176 3017; x_wconf 89' lang='lat' dir='ltr'>Dominus,</span> <span class='ocrx_word' id='word_1_287' title='bbox 1198 2962 1317 3004; x_wconf 88' lang='lat' dir='ltr'>Deus</span> <span class='ocrx_word' id='word_1_288' title='bbox 1337 2962 1490 3017; x_wconf 85' lang='lat' dir='ltr'>Israel,</span> <span class='ocrx_word' id='word_1_289' title='bbox 1509 2977 1535 3004; x_wconf 91' lang='lat' dir='ltr'>a</span> <span class='ocrx_word' id='word_1_290' title='bbox 1554 2959 1716 3005; x_wconf 85' lang='lat' dir='ltr'>saeculo</span> <span class='ocrx_word' id='word_1_291' title='bbox 1735 2964 1779 3004; x_wconf 88' lang='lat' dir='ltr'>et</span> <span class='ocrx_word' id='word_1_292' title='bbox 1797 2974 1934 3016; x_wconf 80' lang='lat' dir='ltr'>usque</span> <span class='ocrx_word' id='word_1_293' title='bbox 1952 2960 1996 3003; x_wconf 88' lang='lat' dir='ltr'>in</span> <span class='ocrx_word' id='word_1_294' title='bbox 2017 2960 2231 3004; x_wconf 79' lang='lat' dir='ltr'>saeculum</span> <span class='ocrx_word' id='word_1_295' title='bbox 2248 2977 2255 3012; x_wconf 74' lang='lat'>3</span> 
     </span>
     <span class='ocr_line' id='line_1_49' title="bbox 127 3020 1603 3079; baseline -0.003 -11"><span class='ocrx_word' id='word_1_296' title='bbox 127 3026 207 3056; x_wconf 71' lang='lat' dir='ltr'>um</span> <span class='ocrx_word' id='word_1_297' title='bbox 223 3025 345 3060; x_wconf 69' lang='lat' dir='ltr'>quarti.</span> <span class='ocrx_word' id='word_1_298' title='bbox 718 3026 762 3066; x_wconf 87' lang='lat' dir='ltr'>et</span> <span class='ocrx_word' id='word_1_299' title='bbox 787 3021 904 3065; x_wconf 86' lang='lat' dir='ltr'>dicet</span> <span class='ocrx_word' id='word_1_300' title='bbox 930 3021 1071 3065; x_wconf 89' lang='lat' dir='ltr'>omnis</span> <span class='ocrx_word' id='word_1_301' title='bbox 1098 3021 1286 3079; x_wconf 92' lang='lat' dir='ltr'>populus</span> <span class='ocrx_word' id='word_1_302' title='bbox 1313 3037 1321 3065; x_wconf 91' lang='lat'>:</span> <span class='ocrx_word' id='word_1_303' title='bbox 1348 3021 1452 3064; x_wconf 81' lang='lat' dir='ltr'>Fiat</span> <span class='ocrx_word' id='word_1_304' title='bbox 1471 3022 1480 3064; x_wconf 74' lang='grc' dir='ltr'><strong>Ι</strong></span> <span class='ocrx_word' id='word_1_305' title='bbox 1502 3020 1603 3063; x_wconf 80' lang='lat' dir='ltr'>fiat!</span> 
     </span>
    </p>
   </div>
   <div class='ocr_carea' id='block_1_8' title="bbox 425 3254 2255 3399">
    <p class='ocr_par' dir='ltr' id='par_1_20' title="bbox 425 3254 2255 3399">
     <span class='ocr_line' id='line_1_50' title="bbox 1135 3254 1549 3299; baseline -0.002 -1"><span class='ocrx_word' id='word_1_306' title='bbox 1135 3256 1395 3299; x_wconf 72' lang='lat' dir='ltr'>PSALMUS</span> <span class='ocrx_word' id='word_1_307' title='bbox 1430 3254 1549 3298; x_wconf 87' lang='lat' dir='ltr'>CVI</span> 
     </span>
     <span class='ocr_line' id='line_1_51' title="bbox 425 3341 2255 3399; baseline -0.003 -11"><span class='ocrx_word' id='word_1_308' title='bbox 425 3345 703 3388; x_wconf 71' lang='lat' dir='ltr'>Laudandus</span> <span class='ocrx_word' id='word_1_309' title='bbox 720 3345 845 3387; x_wconf 79' lang='lat' dir='ltr'>Deus</span> <span class='ocrx_word' id='word_1_310' title='bbox 861 3345 939 3399; x_wconf 74' lang='lat' dir='ltr'>qui</span> <span class='ocrx_word' id='word_1_311' title='bbox 957 3358 1056 3387; x_wconf 74' lang='lat' dir='ltr'>suos</span> <span class='ocrx_word' id='word_1_312' title='bbox 1076 3343 1197 3386; x_wconf 70' lang='lat' dir='ltr'>bonis</span> <span class='ocrx_word' id='word_1_313' title='bbox 1215 3343 1414 3386; x_wconf 73' lang='lat' dir='ltr'>cumulat</span> <span class='ocrx_word' id='word_1_314' title='bbox 1429 3348 1469 3385; x_wconf 76' lang='lat' dir='ltr'>et</span> <span class='ocrx_word' id='word_1_315' title='bbox 1484 3356 1527 3385; x_wconf 78' lang='lat' dir='ltr'>se</span> <span class='ocrx_word' id='word_1_316' title='bbox 1548 3342 1795 3385; x_wconf 68' lang='lat' dir='ltr'>invocantes</span> <span class='ocrx_word' id='word_1_317' title='bbox 1812 3358 1840 3385; x_wconf 80' lang='lat' dir='ltr'>a</span> <span class='ocrx_word' id='word_1_318' title='bbox 1853 3343 2070 3399; x_wconf 69' lang='lat' dir='ltr'>periculis</span> <span class='ocrx_word' id='word_1_319' title='bbox 2089 3341 2255 3385; x_wconf 68' lang='lat' dir='ltr'>liberat.</span> 
     </span>
    </p>
   </div>
   <div class='ocr_carea' id='block_1_9' title="bbox 137 3431 1592 3553">
    <p class='ocr_par' dir='ltr' id='par_1_21' title="bbox 137 3431 1592 3553">
     <span class='ocr_line' id='line_1_52' title="bbox 505 3431 870 3485; baseline -0.011 -8"><span class='ocrx_word' id='word_1_320' title='bbox 505 3481 508 3485; x_wconf 50' lang='grc'>,</span> <span class='ocrx_word' id='word_1_321' title='bbox 663 3431 870 3475; x_wconf 87' lang='lat' dir='ltr'>Alleluia.</span> 
     </span>
     <span class='ocr_line' id='line_1_53' title="bbox 137 3496 1592 3553; baseline -0.003 -10"><span class='ocrx_word' id='word_1_322' title='bbox 137 3521 351 3552; x_wconf 73' lang='lat' dir='ltr'>Prooemium.</span> <span class='ocrx_word' id='word_1_323' title='bbox 622 3498 635 3524; x_wconf 82' lang='lat'><strong>¹</strong></span> <span class='ocrx_word' id='word_1_324' title='bbox 656 3497 936 3543; x_wconf 82' lang='lat' dir='ltr'>Confitemini</span> <span class='ocrx_word' id='word_1_325' title='bbox 966 3497 1168 3553; x_wconf 73' lang='lat' dir='ltr'>Domino,</span> <span class='ocrx_word' id='word_1_326' title='bbox 1198 3497 1405 3553; x_wconf 80' lang='lat' dir='ltr'>quoniam</span> <span class='ocrx_word' id='word_1_327' title='bbox 1431 3496 1592 3552; x_wconf 82' lang='lat' dir='ltr'>bonus,</span> 
     </span>
    </p>
   </div>
   <div class='ocr_carea' id='block_1_10' title="bbox 426 3582 569 3588">
    <p class='ocr_par' dir='ltr' id='par_1_22' title="bbox 426 3582 569 3588">
     <span class='ocr_line' id='line_1_54' title="bbox 426 3582 569 3588; baseline 0 0"><span class='ocrx_word' id='word_1_328' title='bbox 426 3582 569 3588; x_wconf 95' lang='lat' dir='ltr'> </span> 
     </span>
    </p>
   </div>
   <div class='ocr_carea' id='block_1_11' title="bbox 426 3619 1976 3660">
    <p class='ocr_par' dir='ltr' id='par_1_23' title="bbox 426 3619 1976 3660">
     <span class='ocr_line' id='line_1_55' title="bbox 426 3619 1976 3660; baseline 0 -8"><span class='ocrx_word' id='word_1_329' title='bbox 426 3624 474 3657; x_wconf 88' lang='lat'>30]</span> <span class='ocrx_word' id='word_1_330' title='bbox 492 3623 589 3651; x_wconf 67' lang='lat' dir='ltr'>Num.</span> <span class='ocrx_word' id='word_1_331' title='bbox 608 3623 714 3657; x_wconf 79' lang='lat' dir='ltr'>XXV,</span> <span class='ocrx_word' id='word_1_332' title='bbox 732 3626 756 3651; x_wconf 88' lang='lat'>7.</span> <span class='ocrx_word' id='word_1_333' title='bbox 774 3637 811 3642; x_wconf 87' lang='lat'><strong>—</strong></span> <span class='ocrx_word' id='word_1_334' title='bbox 827 3621 876 3656; x_wconf 78' lang='lat'>32]</span> <span class='ocrx_word' id='word_1_335' title='bbox 894 3621 991 3649; x_wconf 76' lang='lat' dir='ltr'>Num.</span> <span class='ocrx_word' id='word_1_336' title='bbox 1006 3620 1084 3655; x_wconf 66' lang='lat' dir='ltr'>XX,</span> <span class='ocrx_word' id='word_1_337' title='bbox 1102 3623 1144 3648; x_wconf 66' lang='grc'>111.</span> <span class='ocrx_word' id='word_1_338' title='bbox 1163 3634 1197 3639; x_wconf 93' lang='lat'><em>-</em></span> <span class='ocrx_word' id='word_1_339' title='bbox 1215 3620 1263 3653; x_wconf 72' lang='lat'>45]</span> <span class='ocrx_word' id='word_1_340' title='bbox 1285 3620 1380 3648; x_wconf 80' lang='lat' dir='ltr'>Deut.</span> <span class='ocrx_word' id='word_1_341' title='bbox 1400 3619 1509 3655; x_wconf 78' lang='lat' dir='ltr'>XXX,</span> <span class='ocrx_word' id='word_1_342' title='bbox 1528 3623 1553 3648; x_wconf 88' lang='lat'>1.</span> <span class='ocrx_word' id='word_1_343' title='bbox 1567 3635 1601 3639; x_wconf 97' lang='lat'><strong>—</strong></span> <span class='ocrx_word' id='word_1_344' title='bbox 1620 3621 1647 3654; x_wconf 89' lang='lat'>1]</span> <span class='ocrx_word' id='word_1_345' title='bbox 1667 3622 1800 3658; x_wconf 67' lang='grc' dir='ltr'>ι11101111,</span> <span class='ocrx_word' id='word_1_346' title='bbox 1819 3624 1919 3660; x_wconf 71' lang='lat' dir='ltr'>XIII5</span> <span class='ocrx_word' id='word_1_347' title='bbox 1933 3627 1976 3652; x_wconf 76' lang='grc'>21.</span> 
     </span>
    </p>
   </div>
  </div>
 </body>
</html>
