2423 3861
665 147 765 188 «li-lic.
800 147 1023 194 XLVIII,
1057 148 1112 187 22
1145 170 1204 176 —
1236 148 1406 191 XLIX.
1438 148 1478 186 2.
1899 143 1980 185 897

1024 254 1984 262 Q—Q——ff-

156 317 279 361 venit
323 317 379 359 ad
421 323 583 359 terram
624 324 937 372 campestrem,
975 330 1106 371 super
1144 315 1311 363 Hclon,
1352 320 1393 357 ct
1432 328 1563 370 super
1599 314 1727 367 Jasa,
1770 317 1814 355 et
1854 326 1983 368 super

156 376 412 432 Mephaath,
436 375 473 400 '²²'
495 381 536 418 et
563 389 693 431 super
712 375 872 420 Dibon,
892 381 936 417 et
957 388 1086 429 super
1110 373 1250 427 Nabo,
1274 379 1317 416 et
1334 387 1463 428 super
1481 373 1660 414 domum
1679 370 1979 419 Deblathaim,

155 433 193 461 '²3
215 440 260 478 et
292 449 423 491 super
455 434 749 480 Uariathaim.
785 439 826 476 et
860 448 991 489 super
1026 433 1316 487 Bctligamul,
1351 439 1393 475 et
1423 446 1553 487 super
1588 430 1856 485 Bethmaon,
1883 429 1918 455 ²³²
1938 436 1981 472 et

154 507 284 550 super
308 493 509 548 Carioth,
537 499 580 535 et
603 507 732 549 super
760 493 918 538 Bosra.
950 496 995 534 et
1015 505 1146 548 super
1170 506 1321 534 omnes
1348 491 1552 533 civitates
1578 495 1705 532 terrae
1730 488 1861 532 Moab
1885 503 1980 544 quae

154 552 298 608 longe,
325 557 370 596 et
394 567 493 608 qua]
516 566 649 608 propo
671 557 786 594 sunt.
811 551 847 576 ²³·
866 550 1126 593 Abscissum
1149 555 1215 593 est
1238 565 1372 593 cornu
1396 549 1540 604 Moab,
1565 554 1608 591 et
1629 548 1860 592 brachium
1884 548 1980 602 ejus

152 612 394 654 contritum
420 618 506 664 cst,
535 611 595 652 ait
627 611 853 653 Dominus.

211 670 248 697 '2⁶
275 671 500 714 Inebriate
538 684 658 716 eum.
697 670 905 724 quonium
944 674 1096 711 contra
1131 668 1372 710 Dominum
1406 674 1575 711 erectus
1613 674 1705 718 est;
1745 674 1788 710 ct
1825 667 1980 711 allidet

153 744 334 772 manum
356 729 490 772 Moab
515 729 559 770 in
587 728 756 771 vomitu
783 742 881 782 suo,
910 732 954 770 et
978 727 1060 769 erit
1085 727 1131 768 in
1157 726 1350 771 derisum
1378 727 1512 770 etiam
1539 727 1645 783 ipse.
1674 726 1708 752 “2⁷
1732 726 1836 769 Fuit
1862 727 1980 770 onim

151 788 195 830 in
223 788 416 831 derisum
442 787 523 829 tibi
575 787 733 835 Israel,
770 786 893 842 quasi
927 786 1042 829 inter
1067 787 1187 829 fures
1222 786 1456 842 reperisses
1482 800 1611 838 eum;
1645 791 1821 842 propter
1846 786 1978 829 verba

151 861 256 903 ergo
281 853 357 889 tua
383 861 481 902 quae
510 847 746 889 adversum
776 846 904 888 illum
931 845 1103 888 locutus
1129 859 1195 900 es,
1229 845 1432 901 captivus
1458 845 1644 887 duceris.
1672 844 1708 870 '2⁸
1729 845 1981 900 Relinquite

151 906 368 961 civitates,
393 910 437 948 et
461 905 661 948 habitato
684 905 728 947 in
756 911 892 962 petra,
917 904 1188 947 habitatores
1214 904 1346 946 Moab
1367 921 1375 959 3
1401 908 1443 947 et
1466 909 1604 946 estote
1628 903 1751 959 quasi
1776 904 1979 947 columba

151 965 385 1007 nidificans
418 964 464 1006 111
498 979 670 1007 8111111110
705 978 778 1007 ore
811 963 1058 1007 foraminis.
1091 962 1127 988 ‘²⁰
1152 963 1419 1006 Audivimus
1452 962 1705 1019 superbiam
1730 963 1884 1018 Moab.
1910 978 1978 1006 su-

150 1024 309 1080 perbus
340 1029 406 1067 est
439 1023 596 1078 valde;
630 1023 951 1066 sublimitatem
977 1022 1094 1078 ejus,
1126 1027 1170 1065 et
1202 1022 1523 1078 arrogantiam,
1558 1027 1601 1064 et
1633 1021 1905 1078 superbiam,
1938 1029 1979 1065 et

146 1081 432 1126 altitudinem
464 1082 605 1125 cordis
637 1082 747 1137 ejus.
781 1081 818 1108 3⁰
836 1083 934 1136 Ego
985 1081 1096 1136 scio,
1127 1081 1191 1124 ait
1225 1081 1461 1136 Dominus,
1494 1081 1761 1136 jactantiam
1788 1081 1904 1136 ejus,
1939 1087 1979 1124 et

148 1141 264 1196 quod
298 1156 385 1184 non
419 1141 476 1184 sit
504 1141 633 1198 juxta
670 1155 768 1184 eam
801 1140 942 1183 virtus
972 1140 1088 1196 ejus,
1125 1154 1206 1183 nec
1239 1140 1367 1195 juxta
1397 1140 1512 1196 quod
1538 1144 1710 1196 poterat
1740 1144 1898 1183 conata
1924 1139 1981 1182 sit

146 1201 309 1244 facere.

205 1259 239 1286 3¹
260 1260 368 1304 Ideo
392 1274 524 1317 super
549 1260 683 1303 Moab
709 1259 910 1317 ejulabo,
939 1265 983 1302 et
1007 1260 1064 1303 ad
1092 1259 1225 1303 Moab
1254 1260 1506 1303 universam
1529 1259 1754 1316 clamabo,
1781 1259 1838 1302 ad
1865 1260 1979 1303 viros

148 1319 259 1362 muri
285 1319 433 1363 fictilis
452 1320 764 1362 lamentantes,
792 1318 828 1345 3'2
843 1320 910 1361 De
933 1318 1116 1375 planctu
1139 1319 1270 1362 Jazer
1288 1318 1469 1375 plorabo
1495 1319 1599 1374 tibi,
1618 1319 1748 1362 vinea
1776 1317 1978 1362 sabama.

147 1379 419 1435 Propagines
453 1384 541 1421 tuae
574 1378 848 1421 transierunt
880 1392 1026 1433 mare,
1064 1392 1198 1434 usque
1232 1377 1288 1420 ad
1322 1393 1443 1421 mare
1477 1379 1608 1421 Jazer
1640 1383 1937 1434 pervenerunt-
1970 1395 1979 1422 ε

144 1452 275 1494 super
296 1452 482 1481 messem
511 1443 633 1480 tuam
662 1443 704 1481 et
730 1437 1005 1480 vindemiam
1032 1442 1155 1479 tuam
1180 1437 1330 1492 praedo
1357 1437 1496 1480 irruit.
1525 1438 1561 1463 33
1578 1437 1744 1479 Ablata
1775 1442 1840 1479 est
1866 1437 1977 1480 laeti-

145 1497 205 1539 tia
236 1502 280 1539 et
312 1497 530 1539 exultatio
557 1496 610 1539 de
646 1496 839 1539 carmelo
865 1500 908 1538 et
934 1495 988 1538 de
1015 1502 1130 1539 terra
1157 1495 1318 1550 Moab;
1355 1501 1398 1538 et
1422 1497 1575 1538 vinum
1602 1496 1655 1539 de
1686 1496 1978 1540 torcularibus

142 1555 313 1610 sustuli,
337 1570 618 1611 nequaquam
642 1555 837 1597 calcator
858 1569 958 1597 uvae
979 1554 1160 1597 solitum
1184 1555 1383 1597 celeuma
1406 1555 1619 1598 cantabit.
1647 1555 1683 1581 34
1699 1556 1765 1597 De
1787 1555 1978 1599 clamore

144 1615 353 1658 Hesebon
379 1629 515 1670 usque
538 1614 690 1657 Eleale
716 1618 760 1657 et
790 1614 920 1669 Jasa,
951 1613 1169 1656 dederunt
1195 1627 1351 1656 vocem
1377 1628 1525 1669 suam,
1552 1629 1578 1656 a
1605 1615 1739 1669 Segor
1760 1628 1896 1669 usque
1922 1615 1978 1657 ad

142 1674 364 1729 Oronaim,
391 1674 534 1716 vitula
556 1678 845 1717 conternante
865 1690 874 1728 3
903 1687 1031 1728 aquae
1055 1687 1226 1728 quoque
1255 1673 1455 1716 Nemrim
1476 1673 1681 1729 pessimae
1704 1678 1843 1716 erunt.
1867 1673 1902 1699 35
1921 1675 1979 1716 Et

140 1733 345 1776 auferam
371 1733 424 1776 de
449 1733 604 1788 Moab,
631 1733 695 1775 ait
723 1732 961 1788 Dominus,
989 1732 1252 1776 offerentem
1275 1732 1322 1774 in
1353 1732 1561 1787 excelsis,
1585 1738 1629 1775 et
1653 1732 1977 1775 sacrificantem

141 1792 225 1835 diis
251 1793 361 1848 ejus.
389 1792 426 1819 33
444 1793 684 1849 Propterea
707 1806 780 1835 cor
806 1806 955 1835 meum
990 1792 1046 1834 ad
1075 1791 1209 1834 Moab
1242 1791 1366 1848 quasi
1401 1791 1523 1835 tibiae
1553 1791 1799 1847 resonabit,
1832 1797 1874 1835 et
1905 1806 1978 1835 cor

140 1865 289 1894 meum
321 1852 378 1895 ad
416 1851 532 1895 viros
569 1851 683 1894 muri
721 1851 870 1895 fictilis
905 1851 1030 1895 dabit
1069 1851 1265 1895 sonitum
1303 1851 1543 1907 tibiarum3
1587 1851 1688 1907 quia
1727 1850 1826 1907 plus
1866 1851 1977 1894 fecit

140 1924 274 1966 quam
298 1911 462 1967 potuit,
488 1911 654 1954 idcirco
680 1911 917 1968 perierunt.
954 1911 990 1938 37
1011 1912 1153 1955 Omne
1180 1911 1300 1954 enim
1327 1916 1461 1968 caput
1486 1910 1738 1966 calvitium,
1766 1915 1809 1954 et
1835 1911 1976 1954 omnis

140 1969 280 2012 barba
312 1985 412 2013 rasa
444 1970 555 2026 erit3
588 1971 635 2012 in
670 1971 841 2014 cunctis
876 1971 1082 2014 manibus
1120 1970 1368 2027 colligatio,
1405 1975 1448 2014 et
1480 1984 1611 2027 super
1643 1983 1773 2013 omne
1798 1969 1976 2013 dorsum

139 2029 350 2072 cilicium.
370 2029 406 2056 33
427 2030 566 2087 Super
592 2031 739 2073 omnia
762 2035 883 2073 tecta
909 2030 1065 2087 Moab,
1093 2036 1136 2074 et
1162 2030 1209 2073 111
1233 2031 1394 2087 plateis
1422 2030 1540 2086 ejus,
1568 2029 1710 2073 omnis
1736 2028 1942 2085 planctus
1965 2046 1974 2074 ε

139 2088 349 2144 quoniam
375 2089 564 2132 contriti
590 2089 724 2132 Moab
749 2090 863 2132 sicut
888 2104 967 2132 vas
991 2089 1170 2145 inutile,
1199 2090 1264 2133 ait
1290 2091 1521 2133 Dominus.

197 2148 235 2174 39
251 2148 481 2198 Quomodo
507 2149 626 2191 victa
649 2154 727 2204 est,
748 2154 791 2192 et
810 2149 1126 2193 ululaverunt?
1154 2149 1372 2205 quomodo
1399 2149 1564 2206 dejecit
1583 2149 1801 2192 cervicem
1826 2149 1973 2204 Moab,

138 2217 183 2250 et>
208 2207 421 2250 confusus
447 2208 549 2251 est?
577 2209 759 2264 Eritque
786 2208 918 2251 Moab
943 2208 989 2250 in
1017 2208 1232 2263 derisum,
1267 2214 1310 2252 et
1340 2209 1388 2251 in
1421 2209 1673 2266 exemplum
1701 2207 1903 2251 omnibus
1928 2207 1974 2249 in

138 2266 326 2309 circuitu
352 2281 442 2310 suo.
469 2266 506 2293 4⁰
524 2268 638 2310 Haec
664 2267 773 2310 dicit
801 2267 1017 2311 Dominus
1044 2284 1053 2311 :
1080 2269 1197 2311 Ecce
1222 2267 1346 2323 quasi
1371 2268 1521 2324 aquila
1545 2267 1728 2324 volabit,
1752 2273 1795 2311 et
1821 2271 1971 2310 exten-

139 2325 214 2368 det
237 2325 332 2368 alas
357 2340 458 2369 suas
483 2326 540 2369 ad
565 2326 712 2369 Moab.
740 2325 774 2352 4¹
797 2327 938 2383 Capta
964 2332 1030 2370 est
1056 2327 1249 2382 Carioth,
1278 2332 1320 2370 et
1346 2327 1614 2370 munitiones
1640 2326 1972 2383 comprehensae

137 2390 267 2439 sunt3
298 2390 342 2428 et
367 2386 449 2429 erit
475 2400 548 2429 cor
572 2386 757 2428 fortium
783 2386 918 2429 Moab
943 2386 990 2428 in
1017 2386 1088 2429 die
1111 2385 1190 2428 illa
1216 2387 1331 2430 sicut
1356 2401 1430 2430 cor
1455 2385 1650 2430 mulieris
1672 2385 1971 2443 parturientis.

137 2443 174 2469 4'2
200 2445 258 2486 Et
287 2445 479 2488 cessabit
511 2445 645 2488 Moab
679 2459 772 2488 esse
807 2445 1015 2502 populus,
1051 2445 1260 2501 quoniam
1293 2450 1446 2490 contra
1480 2446 1723 2490 Dominum
1756 2445 1971 2501 gloiiatus

137 2509 216 2547 est.
253 2503 290 2530 43
316 2505 470 2559 Pavor,
509 2509 552 2548 et
587 2505 740 2560 fovea,
781 2510 824 2547 et
860 2505 1042 2561 laqueus
1079 2519 1209 2562 super
1244 2510 1308 2561 te,
1348 2520 1372 2548 o
1408 2505 1631 2548 habitator
1666 2505 1821 2561 Moab,
1863 2503 1972 2548 dicit

138 2563 368 2607 Dominus.
396 2563 432 2590 44
449 2563 531 2614 Qui
557 2563 726 2619 fugerit
751 2579 777 2606 a
802 2564 921 2607 facie
946 2564 1122 2621 pavoris
1148 2564 1279 2608 cadet
1301 2565 1350 2608 in
1373 2565 1566 2620 foveam,
1594 2570 1637 2608 et
1662 2564 1736 2621 qui
1763 2578 1971 2607 conscen-

136 2622 250 2666 derit
275 2623 330 2666 de
355 2623 489 2667 fovea
516 2623 714 2680 capietur
740 2623 896 2679 laqueo
917 2640 926 2678 3
962 2623 1184 2666 adducam
1210 2624 1328 2667 enim
1361 2639 1490 2681 super
1514 2624 1648 2667 Moab
1674 2638 1841 2666 annum
1867 2623 1970 2666 visi-

136 2682 317 2726 tationis
351 2697 521 2739 eorum,
553 2683 616 2725 ait
651 2683 882 2726 Dominus.
909 2682 946 2709 45
964 2684 1019 2725 In
1053 2683 1211 2726 umbra
1246 2684 1458 2727 Hesebon
1491 2688 1708 2727 steterunt
1734 2683 1788 2726 de
1812 2682 1969 2739 laqueo

135 2741 378 2798 fugientes,
398 2743 499 2798 quia
525 2743 643 2799 ignis
663 2756 863 2798 egressus
887 2747 953 2785 est
979 2742 1033 2786 de
1060 2743 1286 2799 Hesebon,
1313 2748 1357 2787 et
1381 2743 1561 2786 flamma
1584 2743 1638 2786 de
1660 2742 1806 2785 medio
1830 2743 1966 2796 Seou,

135 2807 179 2844 et
211 2801 444 2845 devorabit
475 2807 648 2859 partem
683 2802 837 2857 Moab,
878 2807 921 2844 et
954 2801 1168 2845 verticem
1204 2803 1395 2847 filiorum
1427 2802 1655 2845 tumultus.
1682 2801 1720 2828 46
1745 2802 1828 2845 Vae
1864 2801 1967 2858 tibi,

134 2860 296 2916 Moab3
325 2862 516 2919 periisti,
543 2861 703 2919 popule
731 2861 942 2916 Chamos,
978 2861 1079 2917 quia
1113 2862 1418 2919 comprehensi
1451 2866 1554 2905 sunt
1578 2861 1657 2904 filii
1684 2861 1769 2916 tui.
1796 2866 1839 2903 et
1864 2860 1968 2904 filiae

133 2926 223 2964 tuae
254 2920 301 2963 in
335 2921 657 2979 captivitatem.
692 2919 726 2946 4⁷
755 2922 812 2963 Et
846 2925 1102 2964 convertam
1137 2922 1445 2979 captivitatem
1479 2920 1612 2964 Moab
1644 2920 1690 2963 in
1715 2919 1967 2963 novissimis

136 2979 311 3036 diebus,
337 2980 402 3023 ait
428 2981 660 3024 Dominus.

194 3039 436 3096 Hucusque
457 3041 627 3097 judicia
654 3040 800 3084 Moab.

609 3166 631 3218 ξ
654 3163 733 3205 IV.
759 3188 817 3195 —
845 3162 1068 3206 Vaticinia
1092 3163 1138 3205 in
1159 3168 1302 3218 yentes
1324 3164 1489 3206 varias.

191 3279 297 3323 CAP.
325 3279 492 3322 XLIX.
518 3304 578 3312 —
602 3279 614 3304 '¹
635 3279 707 3322 Ad
735 3278 846 3321 filios
873 3279 1081 3322 Ammon.

191 3337 304 3381 Haec
331 3338 440 3381 dicit
467 3338 683 3381 Dominus
717 3355 725 3382 :
749 3337 977 3393 Numquid
1002 3351 1091 3380 non
1116 3337 1196 3381 filii
1222 3343 1324 3382 sunt
1350 3339 1502 3387 Israel,
1530 3345 1607 3382 aut
1633 3339 1756 3381 heres
1783 3352 1869 3380 non
1897 3344 1961 3382 est

130 3395 208 3440 ei?
245 3397 334 3440 Cur
367 3397 505 3454 igitur
540 3398 788 3441 hereditate
822 3396 1016 3454 possedit
1054 3397 1278 3440 Melchom
1315 3398 1436 3454 Gad,
1471 3404 1514 3442 et
1550 3397 1738 3455 populus
1779 3397 1876 3453 ejus
1914 3398 1962 3440 in

132 3456 314 3500 urbibus
351 3457 447 3514 ejus
484 3456 742 3500 habitavit?
779 3455 797 3482 ‘2
826 3456 934 3499 Ideo
968 3470 1070 3500 ecce
1110 3456 1203 3500 dies
1244 3457 1450 3512 veniunt,
1492 3456 1601 3500 dicit
1642 3456 1878 3511 Dominus,
1917 3462 1962 3500 et

131 3514 335 3558 auditum
359 3516 528 3560 faciam
545 3530 676 3573 super
699 3515 908 3560 Rabbath
933 3515 1123 3559 filiorum
1145 3517 1339 3560 Ammon
1364 3516 1596 3560 fremitum
1619 3515 1781 3573 praelii,
1810 3521 1852 3559 et
1878 3515 1961 3558 erit

130 3659 178 3693 29]
200 3660 243 3688 is.
262 3659 354 3696 XVI,
375 3664 400 3689 ὃ.
418 3675 455 3680 -
475 3662 523 3695 33]
542 3661 693 3697 1s.xv1,
713 3664 755 3689 lo.
773 3676 808 3681 -
829 3662 877 3694 37]
897 3661 939 3688 is.
958 3660 1029 3695 XV,
1047 3663 1072 3688 ε».
1095 3661 1149 3689 Ez.
1167 3662 1246 3696 vn,
1264 3665 1307 3690 18.
1326 3676 1360 3682 -
1378 3662 1425 3695 41]
1446 3662 1489 3689 Is.
1510 3661 1634 3696 xxw,
1655 3664 1694 3689 is.

1698 3728 1745 3761 ot

2116 676 2218 707 Ratio

2077 727 2261 749 cverslonle

2115 765 2221 792 Moab.

2055 1271 2287 1302 Misericordia

2091 1319 2247 1345 movetur

2118 1363 2223 1390 vates.

2058 2153 2158 2180 Nulla
2188 2160 2263 2186 spes

2104 2197 2222 2225 subest

2041 2240 2180 2277 salutis,
2215 2241 2282 2270 nisi

2076 2285 2110 2313 in
2128 2285 2248 2314 diebus

2058 2329 2264 2360 novissimis.

2045 3041 2266 3075 subscriptio.

2033 3281 2212 3316 prophetia
2232 3283 2271 3311 de

2044 3325 2258 3355 Ammonitis
