2423 3861
688 163 874 206 MA'r'rn.
910 162 1050 215 XIII,
1083 162 1140 205 33
1171 188 1230 193 ——
1260 161 1384 216 XIV,
1418 162 1458 203 3.
1873 161 1977 203 1111

165 350 283 378 mum
321 334 497 390 quidem
536 340 599 376 cst
634 334 837 376 omnibus
870 333 1142 386 seminibus3
1183 348 1281 376 cum
1319 338 1466 375 autem
1502 331 1710 385 creverit,
1741 331 1886 386 majus
1920 337 1981 374 cst

162 393 367 436 omnibus
395 393 605 441 oleribus,
633 400 675 437 et
702 393 749 436 fit
771 393 912 447 arbor,
935 392 997 434 ita
1023 397 1068 434 ut
1090 391 1288 435 volucres
1312 391 1409 435 caeli
1438 391 1617 434 veniant·
1642 395 1684 433 et
1711 389 1914 432 habitent
1941 390 1982 431 in

162 466 295 494 ramis
314 467 423 505 ejus

221 512 257 535 ⁵³³
275 511 424 553 Alium
459 511 715 568 parabolam
750 510 919 553 locutus
953 516 1018 554 est
1051 511 1112 554 eis
1142 528 1151 555 ε
1183 509 1332 553 Simile
1366 516 1431 553 est
1456 524 1641 565 reguum
1664 508 1871 553 caelorum
1898 509 1984 551 fer-

162 576 330 625 mento,
355 572 470 625 quod
495 576 727 627 acceptum
754 569 910 613 mulier
931 569 1164 613 abscondit
1185 568 1230 610 in
1252 569 1410 611 :farinae
1432 570 1539 612 satis
1562 570 1720 623 tribus,
1741 568 1878 611 donec
1897 568 1985 610 fer-

163 635 407 671 mentatum
431 636 496 673 est
522 635 676 672 totum.

220 688 255 713 34
276 689 387 730 Haec
410 689 557 731 onmia
585 689 755 731 locutus
777 693 844 732 est
869 688 999 730 Jesus
1028 687 1073 729 in
1100 686 1322 743 parabolis
1351 687 1407 730 ad
1439 688 1588 729 turbas
1613 705 1620 741 ;
1657 692 1700 731 et
1732 686 1826 730 sine
1858 702 1983 744 para-

161 745 271 789 bolis
295 762 380 789 non
404 747 665 804 loquebatur
682 748 765 802 eis,
781 747 817 774 ³5
832 752 878 789 ut
896 746 1152 801 impleretur
1177 745 1292 800 quod
1319 746 1486 788 dictum
1513 751 1605 789 erat
1627 761 1703 802 per
1725 747 1982 803 prophetam

160 804 381 848 dicentem
416 823 424 850 :
449 807 659 863 Aperiam
685 806 729 848 in
755 805 976 863 parabolis
995 819 1042 847 os
1064 818 1232 859 meum,
1256 804 1463 847 eructabo
1486 804 1745 847 abscondita
1771 820 1796 847 a
1823 805 1983 849 consti-

160 864 329 907 tutione
356 865 522 908 mundi.

218 923 254 949 ³⁶
272 924 397 966 Tunc
420 924 612 967 dimissis
640 924 798 979 turbis,
824 923 944 966 venit
969 924 1013 965 iu
1045 924 1245 978 domum,
1274 928 1316 967 et
1337 928 1618 966 accesserunt
1642 923 1697 965 ad
1724 938 1824 966 eum
1854 925 1984 967 disci-

158 982 249 1039 puli
285 982 402 1038 ejus,
435 982 632 1026 dicentes
666 999 674 1026 :
710 982 913 1025 Edissere
947 982 1072 1025 nobis
1106 982 1364 1039 parabolam
1397 981 1667 1024 zizaniorum
1707 982 1816 1037 agri.
1847 983 1881 1009 3⁷
1902 983 1982 1033 Qui

157 1040 425 1097 respondens
466 1042 529 1084 ait
569 1041 657 1084 illis
694 1058 703 1086 :
736 1041 819 1092 Qui
860 1041 1050 1084 seminat
1089 1042 1256 1084 bonum
1292 1055 1462 1097 semen,
1502 1046 1568 1084 est
1601 1040 1742 1083 Filius
1779 1041 1983 1085 hominis.

157 1099 192 1126 3⁸
210 1101 331 1155 Ager
355 1106 504 1143 autem
526 1106 592 1144 est
615 1100 818 1144 mundus.
844 1102 1016 1143 Bonum
1045 1114 1144 1144 vero
1169 1114 1338 1156 semen,
1359 1100 1404 1142 hi
1422 1105 1525 1143 sunt
1546 1099 1626 1142 filii
1651 1099 1789 1155 regni.
1809 1100 1985 1142 Zizania

155 1163 324 1214 autem,
349 1159 427 1201 filii
454 1165 556 1202 sunt
582 1174 786 1216 nequam.
814 1160 850 1186 3⁰
869 1159 1084 1203 Inimicus
1105 1166 1255 1203 autem
1281 1159 1353 1215 qui
1387 1159 1625 1203 seminavit
1646 1173 1723 1213 ea,
1746 1164 1812 1201 est
1835 1158 1984 1203 diabo-

157 1218 236 1261 lus.
263 1218 418 1261 Messis
441 1233 567 1274 vero,
596 1219 919 1262 consummatio
944 1219 1096 1262 saeeuli
1135 1224 1213 1262 est.
1243 1220 1456 1262 Messores
1489 1224 1660 1273 autem,
1691 1218 1840 1274 angeli
1869 1224 1983 1261 sunt.

155 1276 192 1304 ⁴⁰
210 1277 332 1320 Sicut
357 1291 460 1333 ergo
483 1279 753 1335 colliguntur
773 1279 944 1321 zizania
970 1284 1013 1321 et
1034 1278 1126 1334 igni
1154 1277 1489 1332 comburuntur,
1512 1277 1575 1321 sic
1609 1277 1691 1320 erit
1715 1277 1762 1320 in
1784 1291 1978 1320 consum-

158 1336 351 1379 matione
388 1338 554 1381 saeculi.
581 1338 784 1381 ⁴¹Mittet:
826 1338 967 1380 Filius
1006 1337 1194 1380 hominis
1231 1337 1413 1392 angelos
1450 1351 1571 1393 suos,
1610 1341 1654 1380 et
1687 1336 1899 1393 colligent
1931 1337 1985 1379 de

157 1410 290 1451 regno
320 1396 419 1452 ejus
452 1397 599 1440 onmia
633 1397 845 1440 scandala
878 1403 921 1440 et
954 1411 1026 1440 eos
1053 1397 1125 1452 qui
1154 1396 1331 1439 faciunt
1354 1396 1656 1452 iniquitatem,
1682 1395 1720 1423 ⁴⁸²
1738 1400 1782 1438 et
1807 1395 1986 1438 mittent

157 1469 228 1498 eos
249 1454 295 1496 in
322 1455 546 1499 caminum
572 1456 702 1512 ignis.
723 1456 793 1500 Ibi
820 1457 902 1500 erit
927 1456 1055 1499 fietus
1082 1461 1124 1499 et
1146 1456 1306 1498 stridor
1328 1455 1540 1498 dentium.
1563 1455 1600 1482 43
1616 1456 1740 1498 Tunc
1765 1454 1874 1510 justi
1896 1455 1985 1496 ful-

157 1514 325 1569 gebunt
357 1513 472 1557 sicut
508 1515 572 1558 sol
609 1516 655 1558 in
684 1529 819 1571 regno
854 1515 998 1557 Patris
1033 1529 1195 1557 eorum.
1226 1514 1309 1564 Qui
1342 1514 1476 1558 habet
1505 1529 1632 1558 aures
1653 1513 1885 1569 audiendi,
1911 1528 1985 1556 au-

156 1573 261 1615 diat.

213 1632 250 1658 44
268 1634 422 1678 Simile
449 1639 514 1678 est
545 1649 734 1690 regnum
769 1633 978 1678 caelorum
1008 1635 1212 1678 thesauro
1246 1633 1506 1676 abscondito
1531 1633 1578 1676 in
1603 1647 1733 1688 agro3
1757 1647 1887 1688 quem
1912 1632 1985 1688 qui

152 1691 325 1736 invenit
355 1695 508 1747 homo,
534 1693 790 1749 abscondit,
817 1699 860 1736 et
888 1707 979 1750 prae
1009 1693 1172 1750 gaudio
1208 1692 1327 1735 illius
1359 1692 1504 1748 vadit,
1529 1698 1572 1735 et
1601 1692 1754 1735 vendit
1781 1691 1985 1733 universa

153 1764 251 1806 quae
273 1753 430 1808 habet,
457 1758 500 1796 et
525 1753 634 1796 emit
658 1767 815 1809 agrum
839 1753 980 1796 illum.

212 1810 249 1837 ‘⁴⁵
268 1813 437 1855 Iterum
461 1811 606 1855 simile
634 1817 700 1856 est
724 1827 910 1868 regnum
934 1812 1145 1855 caelorum
1166 1811 1335 1854 homini
1359 1810 1646 1866 negotiatori,
1675 1809 1889 1866 quaerenti
1910 1809 1986 1853 bo-

154 1885 232 1913 nas
255 1872 532 1927 margaritas.
559 1871 596 1898 46
615 1873 807 1914 Inventa
840 1879 991 1915 autem
1023 1886 1111 1914 una
1144 1871 1335 1928 pretiosa
1367 1870 1630 1926 margarita,
1657 1869 1789 1925 abiit,
1817 1874 1861 1912 et
1883 1884 1986 1912 ven-

155 1930 267 1973 didit
294 1932 445 1974 omnia
471 1945 568 1987 quae
590 1930 768 1987 habuit,
795 1936 838 1974 et
861 1931 968 1974 emit
991 1945 1103 1974 eam.

212 1988 247 2015 ‘¹⁷
267 1991 437 2033 Iterum
473 1989 616 2033 simile
652 1996 716 2034 est
752 2005 940 2047 regnum
974 1990 1185 2033 caelorum
1218 2004 1394 2046 sagenae
1424 1989 1570 2032 missae
1602 1989 1648 2031 in
1681 2002 1821 2043 mare,
1857 1992 1900 2031 et
1933 2001 1988 2031 ex

155 2049 273 2092 omni
295 2064 456 2105 genere
478 2049 666 2107 piscium
689 2049 992 2105 congreganti.
1023 2049 1059 2076 48
1084 2050 1224 2101 Quam
1249 2064 1349 2092 cum
1373 2048 1558 2105 impleta
1587 2053 1700 2092 esset
1727 2047 1985 2102 educentes,

154 2114 197 2150 et
219 2123 343 2152 secus
370 2109 494 2153 littus
516 2109 741 2164 sedentes,
765 2109 994 2165 elegerunt
1019 2108 1157 2152 bonos
1183 2110 1229 2151 in
1255 2123 1382 2163 vasa,
1410 2108 1549 2150 malos
1576 2112 1725 2150 autem
1758 2106 1880 2149 foras
1906 2106 1986 2148 mi-

154 2173 315 2211 serunt.
335 2168 371 2194 49
390 2169 461 2212 Sic
488 2169 571 2212 erit
591 2169 638 2211 in
661 2168 1041 2211 consummatione
1067 2168 1219 2212 saeculi
1238 2166 1448 2211 :exibunt
1469 2167 1630 2222 angeli,
1651 2171 1694 2209 et
1718 2165 1988 2221 separabunt

156 2227 294 2270 malos
329 2227 382 2270 de
411 2228 557 2272 medio
591 2228 832 2284 justorum,
867 2226 904 2253 5⁰
922 2233 965 2270 et
994 2228 1175 2270 mittent
1208 2241 1280 2270 eos
1311 2226 1353 2268 in
1392 2226 1616 2268 caminum
1648 2224 1779 2281 ignis.
1807 2223 1878 2265 Ibi
1906 2223 1987 2266 erit

152 2285 281 2329 fletus
300 2293 343 2330 et
369 2288 530 2330 stridor
552 2287 766 2330 dentium.

213 2345 246 2371 5¹
269 2346 562 2390 Intellexistis
580 2347 676 2389 haec
703 2346 885 2390 omnia?
911 2346 1077 2388 Dicunt
1100 2346 1139 2389 ei
1171 2362 1180 2389 t
1209 2345 1372 2388 Etiam.
1400 2343 1436 2370 5⁹²
1454 2343 1532 2386 Ait
1553 2343 1643 2386 illis
1673 2360 1682 2387 :
1709 2343 1817 2386 Ideo
1845 2342 1987 2385 omnis

153 2404 298 2447 scriba
324 2405 478 2448 doctus
499 2405 546 2447 in
571 2419 705 2461 regno
733 2405 941 2448 caelorum
963 2405 1120 2447 similis
1144 2411 1208 2449 est
1234 2403 1402 2447 homini
1425 2402 1764 2459 patrifamilias,
1789 2400 1862 2458 qui
1889 2415 1986 2457 pro-

155 2463 243 2506 fert
269 2463 321 2507 de
346 2464 551 2507 thesauro
573 2479 649 2507 suo
677 2479 792 2507 nova
811 2469 854 2507 et
875 2470 1038 2508 vetera.

431 2597 453 2649 ξ
486 2594 567 2636 ΙΧ.
589 2619 648 2626 -
673 2594 706 2636 I
705 2595 842 2636 linem
862 2594 993 2636 varia
1002 2629 1015 2649 ,
1046 2598 1252 2636 crescente
1273 2594 1346 2636 ira
1368 2591 1715 2635 Pharisaeorum.

212 2709 249 2736 53
267 2711 325 2752 Et
358 2710 532 2752 factum
566 2714 653 2764 est,
684 2724 785 2752 cum
819 2713 1169 2752 consummasset
1202 2709 1333 2752 Jesus
1373 2707 1607 2764 parabolas
1643 2707 1773 2763 istas,
1809 2706 1987 2764 transiit

152 2769 269 2812 inde.
292 2768 329 2795 54
348 2770 405 2811 Et
431 2768 612 2811 veniens
637 2769 682 2811 in
708 2768 899 2825 patriam
922 2782 1067 2822 suam,
1091 2767 1280 2811 docebat
1302 2782 1375 2811 eos
1399 2767 1445 2810 in
1470 2766 1710 2823 synagogis
1732 2780 1903 2822 eorum,
1922 2765 1985 2808 ita

156 2833 202 2870 ut
227 2828 491 2871 mirarentur
516 2833 559 2871 et
582 2827 807 2871 dicerent:
831 2827 961 2871 Unde
982 2827 1085 2870 huic
1107 2826 1325 2883 sapientia
1347 2827 1443 2870 haec
1469 2831 1512 2869 et
1536 2825 1754 2869 virtutes?
1773 2825 1809 2852 55
1826 2825 1985 2868 Nonne

153 2885 224 2931 hic
251 2893 318 2930 est
341 2887 460 2930 fabri
485 2886 602 2930 filius
617 2886 638 2929 ⁶?
666 2887 824 2930 Nonne
849 2893 991 2929 mater
1012 2886 1108 2942 ejus
1135 2886 1296 2930 dicitur
1319 2885 1490 2929 Maria?
1513 2891 1557 2928 et
1581 2885 1743 2928 fratres
1770 2885 1886 2940 ejus,
1906 2884 1983 2926 Ja-

154 2947 310 3002 cobus,
337 2951 381 2990 et
409 2947 599 3002 Joseph,
631 2951 674 2990 et
704 2946 875 3002 Simon,
907 2951 950 2990 et
972 2945 1152 2989 Judas?
1182 2945 1219 2972 ⁵⁶
1237 2947 1296 2988 Et
1328 2959 1495 2988 sorores
1529 2945 1626 3001 ejus
1656 2957 1802 2987 nonne
1833 2957 1983 2986 omnes

155 3006 270 3063 apud
294 3020 373 3049 nos
398 3005 537 3049 sunt?
562 3005 694 3049 Unde
728 3019 831 3061 ergo
868 3005 972 3048 huic
1005 3004 1156 3048 omnia
1186 3004 1306 3049 ista?
1341 3003 1375 3031 5⁷
1395 3004 1454 3047 Et
1486 3003 1906 3046 scandalizabantur
1937 3001 1983 3045 in

154 3079 217 3108 eo.
245 3065 273 3107 J
278 3079 376 3108 esus
399 3070 551 3108 autem
586 3064 701 3107 dixit
726 3064 789 3107 eis
822 3081 830 3108 :
857 3065 958 3107 Non
983 3069 1049 3107 est
1073 3064 1289 3121 propheta
1318 3063 1413 3107 sine
1445 3063 1628 3119 honore,
1653 3061 1737 3105 nisi
1763 3062 1811 3104 in
1839 3061 1983 3119 patria

153 3138 232 3167 sua
256 3129 300 3167 et
319 3124 367 3166 in
392 3124 523 3168 domo
547 3138 638 3167 sua.
662 3123 698 3150 58
718 3125 775 3167 Et
800 3137 887 3166 non
909 3123 1020 3167 fecit
1040 3122 1103 3165 ibi
1129 3123 1314 3167 virtutes
1336 3122 1522 3177 multas,
1544 3126 1722 3178 propter
1744 3119 1981 3164 increduli—

153 3188 292 3226 tatem
315 3183 508 3227 illorum.

212 3243 320 3287 CAP.
344 3243 470 3287 XIV.
495 3270 555 3277 —-
580 3244 593 3270 1
613 3245 667 3287 In
689 3244 765 3287 illo
791 3248 988 3300 tempore
1005 3242 1177 3286 audivit
1195 3241 1396 3286 Herodes
1418 3241 1639 3285 tetrarcha
1662 3241 1834 3284 famam
1860 3240 1888 3282 J
1892 3253 1980 3295 esu,

153 3299 172 3327 ²
188 3307 232 3345 et
256 3302 321 3345 ait
345 3302 491 3359 pueris
513 3303 603 3346 suis
628 3319 636 3346 :
662 3303 752 3346 Hic
777 3308 843 3346 est
861 3303 1058 3345 Joannes
1080 3301 1310 3359 Baptista3
1329 3301 1425 3358 ipse
1445 3300 1635 3344 surrexit
1659 3314 1686 3342 a
1711 3298 1914 3354 mortuis,
1939 3303 1981 3341 et

154 3359 254 3404 ideo
278 3362 465 3405 virtutes
488 3368 724 3420 operantur
747 3363 793 3405 in
816 3376 879 3405 eo.
906 3361 924 3388 3
942 3361 1141 3404 Herodes
1164 3361 1282 3405 enim
1307 3361 1451 3404 tenuit
1472 3361 1500 3403 J
1505 3373 1692 3403 oannem
1715 3363 1758 3402 et
1775 3357 1982 3413 alligavit

155 3433 277 3475 eum,
315 3426 360 3464 et
393 3421 542 3478 posuit
577 3422 623 3464 in
649 3435 891 3477 carcerem,
921 3425 1098 3477 propter
1130 3419 1454 3475 Herodiadem,
1493 3432 1674 3461 uxorem
1709 3415 1862 3460 fratris
1898 3415 1980 3461 sui.

155 3581 203 3613 33]
230 3580 310 3608 Luc.
327 3580 435 3614 XIII,
451 3583 496 3610 21.
513 3596 549 3602 —
574 3582 622 3615 35]
649 3581 702 3609 Ps.
720 3580 902 3614 LXXVII,
923 3581 949 3607 2.
967 3593 1003 3597 —
1026 3578 1075 3612 36]
1097 3578 1197 3606 Marc.
1216 3579 1274 3613 IV,
1290 3580 1336 3606 34.
1353 3591 1390 3598 -
1413 3577 1460 3611 39]
1483 3576 1585 3615 Apoc.
1603 3575 1695 3609 XIV,
1713 3577 1756 3604 15.
1778 3589 1814 3594 -
1837 3575 1886 3609 43]
1905 3575 1979 3608 Sap.

154 3624 224 3660 111,
241 3625 266 3654 7.
288 3625 368 3653 Dan.
387 3626 475 3660 XII,
498 3629 524 3654 3.
548 3641 586 3645 —
610 3627 658 3660 54]
677 3626 778 3653 Marc.
796 3625 854 3659 VI,
872 3626 897 3652 1.
917 3623 996 3650 Luc.
1017 3622 1074 3657 IV,
1096 3624 1139 3650 16.
1155 3636 1191 3641 -—
1213 3623 1263 3656 55]
1284 3622 1381 3650 Joan.
1399 3622 1458 3656 Vl,
1474 3622 1519 3648 42.
1536 3634 1573 3639 —
1594 3619 1622 3653 l]
1640 3619 1742 3647 Marc.
1759 3619 1818 3654 VI,
1835 3622 1879 3648 14.
1897 3619 1977 3649 Luc.

156 3668 253 3706 1X‚¹1.
273 3684 309 3689 —
324 3669 354 3703 3]
372 3670 473 3699 Marc.
490 3671 549 3706 VI,
565 3673 608 3699 17.
628 3671 708 3699 Luc.
726 3670 793 3704 111,
810 3671 851 3697 19.
1311 3665 1314 3668 ’

2093 528 2247 555 Paraboln

2086 571 2254 599 fermenti.

2084 704 2251 732 Parabolae

2125 749 2207 777 Jesu

2074 792 2107 821 in
2125 792 2261 826 psalmis

2081 838 2167 870 praed
2174 837 2257 865 ictae.

2092 936 2252 964 Parabola

2067 979 2268 1008 zizaniorum

2069 1022 2269 1056 explicatur.

2094 1638 2255 1666 Parabola

2095 1681 2246 1710 thesauri

2070 1726 2271 1755 absconditi.

2094 1813 2256 1841 Parabola

2069 1856 2270 1890 margaritae.

2094 1997 2256 2024 Parabola

2104 2047 2244 2073 sagenae.

2085 2349 2262 2378 Conclusio

2058 2393 2289 2425 parabolarum

2124 2436 2221 2470 regni

2096 2480 2250 2510 caelestis.

2119 2717 2139 2745 J
2143 2723 2221 2744 esus

2061 2759 2095 2789 in
2113 2759 2279 2788 Nazareth

2076 2802 2271 2836 despicitur.

2094 3242 2239 3273 Herodis

2076 3286 2261 3320 singularis

2082 3330 2195 3364 opinio
2212 3331 2252 3359 de

2115 3377 2136 3404 J
2138 3382 2199 3404 esu
2213 3382 2221 3410 ;

2056 3418 2277 3449 Praecursoris

2069 3462 2259 3494 decollatio,
