2423 3861
430 136 515 180 684
1107 131 1250 173 PRov.
1285 130 1419 185 XXI,
1454 129 1480 171 Ξ).
1492 155 1506 159 -
1517 129 1586 171 29.

629 305 646 332 2
668 304 821 351 Omnis
843 305 918 347 via
937 302 1021 346 viri
1047 307 1168 345 reeta
1193 301 1279 343 sibi
1305 301 1494 355 videtur,

727 363 941 422 appendit
962 368 1112 405 autem
1135 361 1268 403 corda
1295 360 1526 403 Dominus.

629 424 647 451 3
666 424 833 468 Facere
854 421 1206 465 misericordiam
1228 425 1273 463 et
1298 418 1518 476 judicium

727 483 871 539 magis
892 482 1040 539 placet
1064 479 1255 524 Domino
1282 493 1415 535 quam
1440 477 1654 520 victimae.

629 543 647 571 4
667 543 896 587 Exaltat-io
923 541 1152 585 oculorum
1173 545 1240 583 est
1265 537 1471 582 dilatatio
1497 535 1664 590 cordis3

727 603 909 646 lucerna
934 601 1171 658 impiorum
1199 605 1447 656 peccatum.

629 663 647 691 5
668 662 975 719 Cogitationes
997 660 1165 703 robusti
1192 672 1367 714 semper
1391 657 1438 699 in
1464 654 1765 710 abundantia,

729 722 872 764 omnis
897 726 1048 764 autem
1074 720 1200 777 piger
1225 731 1400 774 semper
1424 716 1471 759 in
1497 720 1697 772 egestate
1724 718 1803 758 est.

631 783 649 809 6
668 781 751 833 Qui
776 787 1020 837 congregat
1044 780 1275 822 thesauros
1301 778 1458 833 lingua
1484 773 1707 818 mendacii
1735 787 1878 817 vanus
1899 776 1945 816 et
1969 785 2122 816 excors
2147 777 2234 827 est,

729 847 772 884 et
794 841 1067 897 impingetur
1093 839 1149 881 ad
1175 839 1356 894 laqueos
1382 835 1550 879 mortis.

629 901 645 928 7
669 901 857 958 'Rapinae
879 900 1117 956 impiorum
1143 898 1378 941 detrahent
1404 911 1499 949 eos,

731 960 831 1016 quia
858 959 1095 1002 noluerunt
1120 956 1272 1000 facere
1296 955 1532 1012 judicium.

628 1021 648 1048 ⁸
669 1021 883 1063 Perversa
908 1019 981 1060 via
1007 1018 1088 1059 riri
1114 1019 1261 1063 aliena
1288 1022 1378 1069 est,

731 1080 804 1135 qui
830 1084 981 1122 autem
1007 1077 1203 1119 muudus
1229 1082 1315 1131 est,
1342 1080 1513 1118 rectum
1537 1087 1647 1130 opus
1673 1071 1782 1128 ejus.

587 1138 595 1151 ¹
631 1140 648 1165 9
669 1140 829 1183 Melius
856 1143 921 1181 est
941 1136 1095 1180 sedere
1121 1136 1167 1178 in
1193 1135 1358 1191 angulo
1387 1132 1601 1189 domatis,

732 1213 865 1254 quam
890 1212 992 1240 cum
1018 1196 1204 1239 muliere
1229 1195 1447 1251 litigiosa,
1476 1198 1519 1236 et
1544 1191 1589 1234 in
1613 1191 1743 1234 domo
1768 1190 2007 1234 communi.

615 1258 649 1285 ¹0
670 1258 835 1302 Anima
857 1257 985 1314 impii
1009 1256 1233 1300 desiderat
1259 1255 1449 1309 malum,

732 1333 820 1361 non
846 1315 1127 1360 miserebitur
1148 1315 1350 1372 proximo
1378 1328 1470 1359 8110.

618 1379 646 1405 11
670 1377 891 1421 Mulctato
915 1377 1180 1434 pestilente,
1206 1373 1451 1432 sapientior
1477 1373 1559 1417 erit
1584 1371 1814 1429 parvulus,

732 1444 777 1481 et
801 1437 837 1480 si
859 1443 1055 1481 sectetur
1080 1436 1351 1492 sapientem,
1378 1439 1524 1477 sumet
1549 1430 1799 1475 scientiam.

616 1497 649 1524 ¹'2
672 1497 916 1553 Excogitat
940 1497 1087 1553 justus
1114 1496 1168 1538 de
1195 1495 1327 1538 domo
1351 1493 1501 1550 impii,

732 1563 781 1600 ut
807 1557 1013 1600 detrahat
1036 1555 1198 1612 impios
1224 1570 1250 1597 a
1276 1555 1407 1596 malo.

615 1618 651 1644 13
672 1618 755 1668 Qui
778 1618 957 1661 obturat
982 1631 1136 1658 aurem
1159 1629 1286 1657 suam
1311 1614 1368 1656 ad
1392 1614 1635 1657 clamorem
1659 1610 1888 1668 pauperis,

733 1681 778 1720 et
798 1677 893 1734 ipse
915 1675 1151 1731 clamabit,
1180 1679 1224 1717 et
1247 1688 1336 1717 non
1358 1673 1634 1717 exaudietur.

617 1737 651 1764 14
672 1738 835 1780 Munus
858 1735 1171 1779 absconditum
1194 1733 1419 1789 extinguit.
1443 1733 1554 1788 iras,

735 1801 779 1839 et
804 1797 969 1840 donum
993 1796 1040 1837 in
1066 1795 1167 1837 sinu
1191 1793 1550 1849 indignationem
1574 1790 1832 1834 maximam.

619 1857 651 1882 ¹5
674 1855 902 1900 Gaudium
927 1855 1048 1911 justo
1075 1859 1141 1898 est
1163 1854 1316 1896 facere
1333 1851 1576 1908 judicium,

734 1922 777 1959 et
802 1930 939 1973 pavor
962 1913 1249 1972 operantibus
1276 1911 1574 1968 iniquitatem.

617 1976 653 2002 16
674 1975 756 2019 Vir
781 1975 854 2031 qui
879 1974 1091 2018 erraverit
1116 1988 1142 2016 a
1167 1973 1241 2015 via
1268 1972 1484 2015 doctrinae

735 2035 780 2077 in
807 2040 923 2078 coetu
946 2034 1185 2090 gigantum
1208 2031 1569 2076 commorabitur.

618 2095 651 2121 17
675 2095 757 2146 Qui
781 2095 929 2151 diligit
951 2094 1105 2152 epulas
1130 2093 1177 2136 in
1203 2097 1402 2148 egestate
1428 2091 1537 2147 erit3

736 2155 810 2211 qui
835 2159 958 2197 amat
978 2154 1133 2196 vinum
1161 2158 1205 2196 et
1230 2151 1418 2209 pinguia
1442 2165 1532 2194 non
1555 2149 1783 2193 ditabitur.

617 2215 653 2241 '¹8
676 2216 759 2257 Pro
785 2215 904 2271 justo
930 2214 1061 2257 datur
1084 2213 1270 2270 impius,

734 2279 778 2317 et
802 2289 880 2330 pro
902 2273 1034 2317 rectis
1057 2273 1248 2329 iniquus.

618 2334 654 2360 ¹9
675 2334 837 2377 Melius
859 2340 926 2377 est
950 2334 1154 2376 habitare
1181 2333 1228 2375 in
1253 2337 1371 2376 terra
1397 2332 1573 2376 deserta

735 2409 868 2450 quam
891 2408 993 2436 cum
1014 2393 1201 2436 muliere
1223 2392 1370 2436 rixosa
1393 2397 1438 2435 et
1457 2390 1687 2434 iracunda.

618 2452 655 2479 ²⁰
676 2454 927 2497 Thesaurus
954 2452 1285 2508 desiderabilis,
1309 2457 1354 2495 et
1377 2452 1524 2495 oleum
1548 2450 1595 2492 in
1620 2447 1880 2492 habitaculo
1903 2444 2011 2502 justi
2031 2463 2040 2489 ¹.

737 2518 781 2557 et
805 2513 1063 2570 imprudens
1088 2513 1220 2556 homo
1248 2510 1487 2568 dissipabit
1511 2509 1636 2553 illud.

619 2572 651 2599 ²¹
675 2573 758 2624 Qui
784 2573 982 2629 sequitur
1007 2572 1230 2629 justitiam
1253 2577 1297 2615 et
1321 2569 1694 2624 misericordiam,

736 2632 934 2676 inveniet
959 2633 1121 2687 vitam,
1148 2631 1371 2688 justitiam
1401 2636 1445 2674 et
1470 2629 1672 2686 gloriam.

620 2691 656 2718 9'2
677 2693 918 2736 Civitatem
942 2692 1130 2735 fort-ium
1151 2691 1355 2734 ascendit
1380 2690 1578 2747 sapiens,

738 2758 782 2795 et
803 2752 1023 2796 destruxit
1043 2752 1177 2794 robur
1198 2751 1376 2794 fiduciae
1403 2750 1514 2806 ejus.

619 2811 656 2837 23
676 2811 760 2862 Qui
786 2812 980 2855 custodit
1001 2826 1049 2855 os
1074 2826 1203 2854 suum
1231 2816 1274 2854 et
1299 2811 1503 2866 linguam
1525 2822 1654 2852 suam

736 2871 930 2915 custodit
956 2872 1011 2914 ab
1034 2870 1253 2927 angustiis
1279 2869 1478 2913 animam
1503 2882 1643 2912 suam.

619 2930 655 2957 '²4
679 2932 900 2988 Superbus
927 2937 971 2975 et
995 2945 1206 2987 arrogans
1228 2935 1415 2973 vocatur
1439 2929 1666 2983 indoctus,

738 2991 811 3047 qui
836 2991 883 3033 in
907 2991 972 3033 ira
999 2996 1203 3047 operatur
1228 2985 1497 3046 superbiam.

620 3049 656 3075 2⁵
679 3051 908 3094 Desideria
930 3050 1141 3094 occidunt
1161 3050 1340 3107 pigrum
1361 3066 1369 3093 :

738 3110 975 3153 noluerunt
1000 3109 1119 3153 enim
1141 3109 1385 3166 quidquam
1407 3122 1566 3151 manus
1588 3107 1684 3163 ejus
1711 3104 1895 3162 operari.

621 3168 658 3195 2⁰
678 3171 791 3212 Tota
813 3169 884 3212 die
906 3169 1183 3226 concupiscit
1204 3174 1248 3212 et
1273 3169 1519 3223 desiderat3

738 3229 812 3284 qui
832 3234 983 3271 autem
1007 3229 1154 3284 justus
1180 3233 1247 3271 est
1272 3228 1457 3284 tribuet,
1484 3231 1529 3270 et
1553 3240 1641 3269 non
1668 3223 1874 3267 cessabit.

619 3287 656 3314 2⁷
679 3288 853 3331 Hostiae
878 3288 1117 3344 impiorum
1143 3287 1490 3343 abominabiles,

737 3347 839 3404 quia
862 3347 1108 3390 offeruntur
1132 3362 1187 3390 ex
1212 3347 1390 3390 scelere.

619 3407 655 3434 ²⁸
676 3407 822 3451 Testis
846 3407 1039 3450 mendax
1060 3406 1247 3462 peribit,

738 3467 807 3509 vir
828 3466 1038 3509 obediens
1063 3465 1265 3521 loquetur
1288 3466 1535 3510 victoriam.

622 3526 658 3552 29
680 3527 761 3569 Vir
785 3526 948 3582 impius
973 3524 1220 3582 procaciter
1242 3525 1448 3568 obfirmat
1472 3524 1645 3568 vultum
1667 3539 1795 3568 suum
1817 3542 1825 3579 ;

441 3673 474 3706 2]
491 3672 567 3703 Sul).
586 3668 664 3697 XVI
677 3691 682 3696 .
697 3672 722 3696 2.
740 3686 774 3691 —
791 3673 822 3704 9]
838 3671 904 3699 Inf.
923 3671 1030 3700 XXV.
1045 3672 1090 3696 2-1.
1106 3685 1140 3690 -
1155 3671 1201 3704 19]
1220 3669 1322 3698 Eccli.
1342 3669 1449 3703 XXV.
1467 3672 1511 3697 23.
1525 3684 1561 3688 —
1573 3672 1622 3703 27]
1641 3671 1715 3702 Sup.
1737 3670 1808 3703 XV,
1828 3672 1851 3697 Εἰ.
1875 3667 1977 3698 Eccli.
1995 3667 2155 3698 XXXIV,
2175 3667 2219 3693 ⁶21.
