2456 3861
166 1540 296 1569 Bellum

136 1583 325 1611 infaustum

111 1635 186 1657 cum
206 1628 356 1658 Naeuam

120 1679 210 1700 mors
224 1670 337 1701 dosiae„

147 2484 326 2512 Conclusio

182 2534 288 2561 regni.

170 2890 302 2923 Regnat

156 2934 173 2961 .1
181 2934 312 2963 oacliaz.

169 3361 303 3403 Regnat

149 3424 153 3429 .
163 3419 177 3429 υ
186 3401 305 3429 oakun.

405 125 488 167 442
857 122 905 164 II
939 123 1050 166 PAR.
1085 122 1275 176 XXXV,
1312 123 1364 164 12
1399 148 1457 155 —
1487 123 1712 179 XXXVI,
1746 124 1787 167 6.

408 298 638 335 traxerunt
676 291 812 348 pelles
856 291 1243 346 holocaustorum3
1289 291 1325 318 1'2
1355 297 1399 336 et
1434 298 1752 350 separaverunt
1796 307 1847 336 ea
1884 298 1934 336 ut
1974 293 2131 338 darent
2165 309 2245 351 per

410 351 561 394 domos
586 355 630 393 et
655 350 855 393 familias
880 350 1180 407 singulorum,
1204 355 1248 394 et
1274 350 1538 395 offerrentur
1563 351 1778 407 Domine,
1800 351 1917 395 sicut
1941 352 2156 409 scriptum
2178 358 2245 397 est

407 410 453 451 in
496 409 608 452 libro
646 409 819 465 Moysi3
856 409 911 452 de
943 410 1084 452 bobus
1122 424 1294 466 quoque
1329 410 1536 454 fecerunt
1568 411 1785 454 similiter.
1820 410 1857 437 13
1886 412 1945 454 Et
1983 417 2245 455 assaverunt

410 468 552 511 Phase
593 482 723 524 super
761 468 933 523 ignem,
975 469 1105 525 juxta
1145 469 1261 525 quod
1297 469 1344 511 in
1380 469 1479 525 lege
1515 470 1730 526 scriptum
1767 474 1860 524 est3
1896 470 2106 526 pacificas
2142 485 2247 514 vero

410 527 577 570 hostias
615 532 828 570 coxerunt
865 527 910 570 in
947 527 1190 584 lebetibus,
1225 533 1269 572 et
1306 528 1503 585 cacabis,
1538 534 1582 572 et
1615 529 1735 584 ollis,
1770 534 1814 572 et
1845 529 2062 573 festinato
2099 529 2248 573 distri-

409 586 600 629 buerunt
622 586 842 630 universae
864 586 997 643 plebi.
1026 586 1061 613 ¹4
1077 587 1168 631 Sibi
1194 593 1357 643 autem,
1382 592 1425 630 et
1449 588 1753 631 sacerdotibus
1775 593 1928 644 postea
1950 593 2243 645 paraverunt3

410 660 513 687 nam
545 645 591 687 in
624 645 849 689 oblatione
879 645 1238 690 holocaustorum
1264 652 1307 690 et
1332 646 1516 703 adipum
1542 662 1678 702 usque
1703 647 1759 690 ad
1794 653 1972 691 noctem
1996 648 2248 691 sacerdot-es

411 705 594 747 fuerunt
621 705 854 761 occupati3
883 705 1002 749 unde
1022 705 1172 749 levitae
1195 705 1300 761 sibi,
1328 710 1373 749 et
1394 706 1718 762 sacerdotibus,
1746 706 1849 749 filiis
1871 707 2036 762 Aaron,
2062 721 2248 763 parave-

410 768 513 806 runt
545 763 811 807 novissimis.
851 764 886 791 15
913 765 1047 808 Porro
1085 770 1306 820 cantores,
1340 765 1419 808 filii
1452 766 1628 822 Asaph,
1670 765 1850 808 stabant
1881 765 1928 808 in
1962 766 2115 810 ordine
2147 780 2246 822 3110,

411 823 540 879 juxta
564 828 837 880 praeceptum
863 824 1032 880 David,
1061 829 1104 868 et
1128 824 1304 880 Asaph,
1332 828 1376 867 et
1401 824 1601 880 Reman,
1633 831 1677 868 et
1698 825 1905 881 Idithun,
1933 825 2249 882 prophetarum

412 881 552 938 regis3
578 882 791 938 janitores
821 898 923 926 vero
953 898 1030 940 per
1058 888 1206 940 portas
1239 883 1438 939 singulas
1468 883 1765 927 observabant
1783 901 1791 939 ;
1812 884 1875 926 ita
1901 890 1950 927 ut
1974 898 2054 927 nec
2083 889 2250 941 puncto

414 941 593 997 quidem
627 941 904 986 discederent
937 957 963 985 a
996 942 1240 985 ministerio
1268 959 1276 986 ε
1304 942 1610 998 quamobrem,
1645 948 1689 986 et
1720 943 1883 987 fratres
1917 958 2067 987 eorum
2100 943 2251 994 levitae

413 1006 681 1058 paraverunt
703 1002 764 1045 eis
791 1002 925 1045 cibos.
955 1002 990 1028 16
1014 1001 1166 1046 Omnis
1192 1001 1330 1056 igitur
1356 1001 1528 1044 cultura
1551 1001 1733 1044 Domini
1761 1002 1845 1046 rite
1867 1002 2086 1059 completa
2117 1008 2183 1046 est
2202 1002 2251 1045 in

415 1060 485 1103 die
514 1060 613 1116 illa,
641 1065 689 1103 ut
718 1061 921 1104 facerent
950 1061 1113 1116 Phase,
1138 1066 1180 1104 et
1206 1060 1417 1103 offerrent
1441 1060 1701 1103 holocausta
1726 1075 1856 1118 super
1880 1061 2020 1105 altare
2045 1061 2250 1117 Domini,

413 1119 541 1174 juxta
561 1125 833 1176 pracceptum
854 1119 970 1175 regis
989 1120 1140 1163 Josiae.
1157 1119 1190 1145 17
1207 1120 1515 1175 Feceruntque
1535 1119 1615 1162 filii
1634 1120 1775 1163 Israel
1796 1119 1870 1176 qui
1888 1121 2048 1177 reperti
2070 1121 2252 1165 fuerant

413 1178 475 1221 ibi
510 1179 653 1221 Phase
685 1179 731 1221 in
768 1184 966 1235 tempore
997 1179 1096 1234 illo,
1135 1184 1179 1222 et
1215 1178 1543 1222 solemnitatem
1579 1193 1837 1235 azymorum
1873 1185 2042 1236 septem
2080 1180 2252 1224 diebus.

415 1236 450 1263 13
470 1238 570 1280 Non
595 1237 686 1280 fuit
712 1238 856 1281 Phase
878 1237 1023 1282 simile
1048 1238 1152 1281 huic
1173 1238 1220 1280 in
1242 1238 1394 1293 Israel,
1417 1253 1444 1281 a
1470 1238 1625 1281 diebus
1653 1238 1869 1282 Samuelis
1892 1239 2118 1295 prophetae
2137 1256 2146 1294 3
2174 1239 2252 1283 sed

415 1310 495 1340 nec
519 1296 751 1352 quisquam
778 1297 832 1340 de
857 1297 1030 1340 cunctis
1052 1297 1231 1353 regibus
1254 1297 1393 1340 Israel
1415 1297 1528 1341 fecit
1553 1297 1698 1340 Phase
1723 1297 1839 1340 sicut
1864 1298 1891 1341 J
1896 1298 2024 1354 osias,
2047 1298 2251 1342 sacerdo-

416 1355 555 1412 tibus,
587 1361 630 1399 et
660 1355 828 1412 levitis,
856 1361 899 1400 et
921 1356 1041 1399 omni
1068 1357 1201 1400 Judae
1228 1362 1271 1400 et
1292 1357 1431 1400 Israel
1457 1356 1531 1412 qui
1556 1362 1753 1413 repertus
1775 1357 1943 1413 fuerat,
1975 1362 2019 1401 et
2046 1357 2253 1401 habitan-

416 1414 535 1457 tibus
564 1414 610 1456 in
641 1416 903 1459 Jerusalem.
934 1415 968 1441 ¹9
987 1416 1156 1460 Octavo
1187 1415 1359 1459 decimo
1385 1430 1501 1459 anno
1527 1415 1651 1471 regni
1685 1415 1824 1460 Josiae
1847 1416 1932 1460 1100
1963 1416 2108 1460 Phase
2141 1417 2251 1460 cele-

416 1474 592 1517 bratum
615 1480 693 1518 est.

476 1532 512 1559 ‘20
546 1534 789 1589 Postquam
834 1534 1162 1578 instauraverat
1210 1535 1237 1578 J
1242 1535 1357 1578 osias
1402 1535 1637 1591 templum,
1687 1535 1890 1578 ascendit
1931 1536 2133 1591 Nechao,
2178 1549 2255 1579 rex

421 1592 629 1649 AEgypti,
655 1593 712 1636 ad
741 1593 1033 1650 pugnandum
1062 1594 1108 1636 in
1131 1593 1391 1638 Charcamis
1419 1593 1548 1649 juxta
1578 1594 1850 1650 Euphraten.
1882 1596 1939 1637 Et
1967 1594 2180 1651 processit
2207 1594 2256 1636 in

418 1666 650 1695 occursum
677 1652 773 1708 ejus
800 1653 828 1695 J
833 1653 961 1695 osias.
993 1652 1027 1678 ²¹
1048 1653 1110 1695 At
1142 1653 1238 1708 ille,
1270 1652 1415 1695 missis
1440 1652 1497 1695 ad
1524 1667 1624 1696 eum
1649 1653 1838 1709 nuntiis,
1868 1653 1932 1696 ait
1966 1670 1974 1697 :
2006 1653 2119 1704 Quid
2145 1653 2255 1696 mihi

419 1716 462 1754 et
491 1710 572 1753 tibi
607 1716 692 1767 est,
723 1726 800 1755 rex
834 1711 989 1756 Juda‘?
1020 1712 1121 1755 Non
1150 1712 1386 1756 adversum
1412 1717 1455 1755 te
1483 1711 1614 1755 hodie
1639 1712 1788 1768 venio,
1823 1713 1899 1756 sed
1935 1718 2087 1756 contra
2119 1712 2256 1755 aliam

418 1784 567 1827 pugno
602 1770 783 1814 domum
813 1771 869 1814 ad
901 1785 1034 1826 quam
1063 1786 1133 1814 me
1164 1773 1283 1814 Deus
1313 1771 1526 1814 festinato
1558 1771 1621 1814 ire
1650 1772 1887 1828 praecepit3
1917 1772 2069 1815 desine
2101 1771 2258 1815 adver—

419 1844 516 1872 sum
555 1830 697 1873 Deum
739 1830 909 1886 facere,
945 1831 1019 1886 qui
1057 1845 1232 1873 mecum
1267 1836 1351 1885 est,
1387 1845 1442 1873 ne
1477 1830 1717 1873 interficiat
1750 1836 1807 1874 te.
1846 1830 1882 1856 ‘2⁸2
1912 1831 2068 1874 Noluit
2108 1831 2256 1874 Josias

418 1888 608 1943 reverti,
645 1889 721 1932 sed
752 1889 1020 1945 praeparavst
1056 1894 1207 1932 contra
1242 1904 1342 1932 eum
1375 1889 1563 1944 bellum,
1602 1904 1682 1932 nec
1720 1890 1944 1945 acquievit
1981 1890 2259 1933 sermonibus

420 1948 601 1991 Nechao
633 1962 685 1991 ex
720 1963 792 1991 ore
826 1948 938 2003 Dei,
971 1963 1125 1991 verum
1162 1947 1353 2005 perrexit
1387 1953 1436 1990 ut
1474 1947 1707 1991 dimicaret
1742 1948 1788 1990 in
1824 1963 1979 2005 campo
2018 1948 2257 2005 Mageddo.

419 2005 456 2033 ‘23
474 2007 632 2062 Ibique
658 2007 916 2050 vulneratus
943 2022 968 2050 a
995 2007 1260 2063 sagittariis,
1286 2007 1400 2050 dixit
1430 2007 1575 2064 pueris
1604 2008 1695 2050 suis
1725 2024 1734 2052 ε
1765 2008 1955 2052 Educite
1977 2022 2047 2051 me
2073 2007 2127 2051 de
2148 2022 2261 2064 prae-

419 2065 499 2122 lio,
531 2066 633 2122 quia
664 2066 826 2123 oppido
858 2067 1116 2110 vulneratus
1150 2081 1262 2110 sum.
1297 2065 1334 2092 24
1361 2067 1442 2117 Qui
1476 2067 1798 2110 transtulerunt
1830 2082 1931 2111 eum
1964 2067 2019 2111 de
2052 2081 2180 2110 curru
2211 2067 2260 2110 in

418 2125 609 2168 alterum
639 2140 814 2168 currum
846 2125 919 2182 qui
954 2126 1221 2181 sequebatur
1246 2140 1367 2181 eum,
1395 2140 1515 2169 more
1539 2126 1680 2182 regio,
1716 2131 1760 2170 et
1790 2131 2130 2184 asportaverunt
2159 2141 2260 2170 eum

419 2184 465 2226 in
493 2184 521 2226 J
526 2184 772 2239 erusalem;
801 2190 1088 2241 mortuusque
1114 2190 1199 2241 est,
1231 2190 1274 2228 et
1299 2184 1497 2242 sepultus
1522 2184 1569 2227 in
1594 2186 1818 2230 mausoleo
1848 2190 2025 2243 patrum
2049 2200 2257 2240 suorum3

414 2248 458 2286 et
485 2243 716 2287 universus
740 2244 767 2287 J
773 2244 859 2287 uda
882 2249 924 2287 et
947 2244 1198 2288 Jerusalem
1224 2244 1433 2288 luxerunt
1455 2259 1582 2299 eum,
1607 2244 1643 2271 ⁶25
1653 2245 1681 2287 J
1686 2246 1872 2289 eremias
1895 2246 2112 2302 maxime,
2131 2245 2262 2302 cujus

421 2314 572 2343 01111103
604 2307 806 2345 cantores
845 2308 977 2358 atque
1008 2304 1294 2361 cantatrices,
1329 2319 1466 2360 usque
1494 2305 1540 2347 in
1575 2312 1837 2362 praesentem
1872 2308 2010 2364 diem,
2045 2309 2262 2352 lamenta-

421 2358 562 2402 tiones
603 2374 733 2416 super
771 2361 943 2404 Josiam
983 2363 1230 2419 replicant;
1275 2369 1318 2407 et
1363 2364 1487 2419 quasi
1525 2364 1598 2408 lex
1635 2365 1826 2408 obtinuit
1862 2367 1908 2409 in
1946 2367 2117 2411 Israel:
2158 2382 2263 2412 ecce

420 2417 635 2474 scriptum
661 2420 804 2463 fertur
825 2420 869 2462 in
894 2421 1303 2466 lamentationibus.

480 2475 516 2503 ΞΒ
545 2478 730 2534 Reliqua
762 2484 912 2523 autem
945 2495 1198 2525 sermonum
1226 2482 1365 2526 Josiae
1395 2488 1438 2526 et
1463 2483 1864 2528 misericordiarum
1890 2486 2006 2541 ejus,
2038 2501 2135 2542 quae
2161 2486 2262 2543 lege

420 2543 642 2593 praecepta
666 2543 769 2581 sunt
797 2539 991 2594 Domini,
1017 2539 1052 2566 2⁷
1072 2555 1203 2597 opera
1226 2556 1398 2598 quoque
1419 2541 1553 2599 illius,
1580 2543 1722 2600 prima
1748 2549 1791 2587 et
1812 2544 2066 2601 novissima,
2094 2546 2259 2602 scripta

420 2601 523 2638 sunt
544 2596 590 2638 in
617 2596 751 2640 Libro
775 2612 929 2654 regum
953 2600 979 2641 J
985 2599 1073 2642 uda
1095 2606 1138 2643 et
1163 2601 1315 2644 Israel.

719 2740 852 2794 §HL
886 2767 946 2774 —
974 2742 1193 2796 Joaclzaz,
1222 2743 1431 2798 Joakim,
1461 2744 1655 2788 ιῙοασῙῑῖη
1680 2750 1721 2788 et
1742 2743 1958 2789 Sedecias.

479 2874 584 2917 CAP.
608 2875 824 2918 XXXVI.
846 2903 906 2907 —
927 2876 939 2901 1
961 2877 1084 2919 Tulit
1115 2892 1217 2934 ergo
1250 2878 1439 2936 populus
1467 2884 1593 2923 terrae
1615 2879 1833 2935 Joachaz,
1856 2880 1997 2923 filium
2023 2882 2182 2939 ι1031110,
2214 2889 2260 2928 et

420 2933 651 2975 constituit
683 2949 833 2990 regem
862 2949 938 2991 pro
973 2942 1097 2992 patre
1135 2952 1212 2980 3110
1245 2937 1291 2980 in
1327 2939 1589 2982 Jerusalem.
1620 2937 1638 2964 2
1664 2939 1836 2994 Viginti
1870 2939 2004 2982 trium
2040 2955 2258 2986 annorum

420 2997 513 3034 erat
535 2992 562 3034 J
568 2993 730 3035 oachaz
755 3008 855 3036 cum
877 3009 1061 3050 regnare
1087 2996 1318 3053 coepisset,
1346 3002 1389 3040 et
1414 2997 1555 3041 tribus
1578 2998 1803 3042 mensibus
1828 2999 2035 3054 regnavit
2058 3000 2104 3042 in
2130 3001 2261 3045 Jeru—

419 3049 572 3093 salem.
602 3050 820 3095 3Amovit
848 3059 997 3097 autem
1028 3069 1130 3098 eum
1160 3070 1238 3099 rex
1267 3056 1477 3113 AEgypti,
1502 3072 1602 3100 cum
1627 3057 1820 3100 venisset
1844 3057 1890 3099 in
1913 3058 2184 3116 «Ierusalem,
2215 3066 2259 3104 et

420 3108 735 3153 condemnavit
760 3116 921 3154 terram
945 3119 1125 3156 centum
1149 3115 1329 3158 talentis
1355 3116 1542 3172 argenti,
1570 3121 1613 3160 et
1638 3115 1804 3159 talento
1826 3117 1935 3159 auri.
1961 3116 1979 3143 4
1996 3117 2260 3162 Constituit-

421 3182 504 3224 que
533 3183 609 3225 pro
640 3183 689 3212 eo
712 3183 862 3225 regem
893 3171 1112 3228 Eliakim,
1144 3174 1331 3218 fratrem
1357 3174 1474 3231 erS,
1501 3189 1631 3232 super
1655 3175 1682 3218 J
1688 3173 1822 3217 udam
1848 3181 1891 3218 et
1912 3176 2184 3233 Jerusalem,
2214 3184 2260 3222 et

420 3228 554 3271 vertit
576 3242 738 3272 nomen
762 3229 858 3284 ejus
881 3230 1061 3273 Joakim
1082 3248 1091 3286 3
1115 3231 1260 3289 ipsum
1283 3247 1385 3277 vero
1408 3234 1604 3277 Joachaz
1627 3233 1729 3276 tulit
1751 3248 1914 3290 secum,
1938 3241 1981 3278 et
2002 3235 2192 3279 abduxit
2211 3237 2259 3280 in

419 3287 684 3344 AEgyptum.

480 3347 497 3373 5
524 3346 700 3402 Viginti
743 3347 936 3403 quinque
976 3363 1189 3393 annorum
1233 3357 1325 3394 erat
1362 3352 1543 3396 Joakim
1585 3366 1685 3395 cum
1729 3367 1913 3409 regnare
1951 3354 2176 3411 coepisset,
2215 3360 2258 3398 et

420 3405 631 3449 undecim
667 3407 796 3449 annis
829 3408 1033 3463 regnavit
1065 3409 1110 3451 in
1145 3410 1172 3452 J
1178 3411 1422 3466 erusalem;
1453 3411 1650 3467 fecitque
1682 3411 1849 3454 malum
1884 3427 2031 3456 coram
2067 3414 2258 3458 Domino

422 3465 516 3508 Deo
550 3479 642 3510 suo.
674 3465 873 3508 “Contra
906 3466 1022 3510 hunc
1048 3468 1249 3511 ascendit
1274 3469 1702 3525 Nabuchodonosor,
1732 3485 1809 3514 rex
1839 3471 2178 3528 Chaldaeorum3
2213 3477 2259 3516 et

423 3629 471 3661 20]
492 3629 536 3655 IV
556 3628 637 3661 Reg.
658 3629 790 3664 XXIII,
806 3631 850 3657 29.
873 3642 908 3647 -
932 3629 980 3662 22]
999 3628 1094 3657 Zacll.
1112 3629 1192 3664 XII,
1211 3632 1253 3658 11.
1274 3645 1308 3650 —-
1335 3631 1362 3664 1]
1391 3631 1436 3658 1V
1462 3631 1545 3664 Reg.
1563 3631 1706 3659 XXIII.
1722 3633 1767 3660 30.
1787 3648 1823 3652 —-
1839 3634 1869 3667 4]
1887 3633 2010 3662 Matth.
2028 3633 2063 3669 2,
2081 3635 2123 3663 11.
