2456 3861
193 1525 313 1552 Hazael
325 1545 331 1559 ‚
348 1531 402 1557 pa-

179 1576 256 1596 rans
274 1569 399 1596 bellum
412 1588 418 1602 ‚

229 1612 372 1646 pecunia

218 1658 382 1691 placatur.

178 1946 258 1974 Joas
295 1946 421 1974 interfi-

248 1989 348 2018 citur.

233 2605 366 2638 Regnat

220 2649 241 2677 J
244 2649 375 2677 oachaz.

481 163 565 206 362
1011 160 1077 202 iv
1113 161 1224 202 nm.
1258 160 1375 213 ΧΠ,
1408 162 1433 203 9
1466 185 1526 191 —
1557 161 1700 215 ΧΠΙ,
1732 162 1773 204 9.

483 335 726 377 instaurare
755 334 996 372 sartatecta
1023 328 1194 372 domus,
1236 328 1254 355 9
1279 330 1337 372 Et
1370 329 1474 372 tulit
1506 329 1668 373 Joiada
1705 331 1912 387 pontifex
1940 333 2318 390 gazophylacium

482 405 638 445 unum,
672 389 930 445 aperuitque
972 388 1176 431 foramen
1222 387 1428 444 desuper,
1462 393 1507 432 et
1546 388 1695 445 posuit
1732 389 1846 433 illud
1890 390 2021 446 juxta
2060 392 2222 450 altare,
2252 395 2319 439 ad

484 452 711 494 dexteram
738 447 1089 503 ingredientium
1112 447 1296 490 domum
1324 447 1529 502 Domini3
1558 447 1889 505 mittebantque
1915 449 1961 492 in
1986 464 2038 494 eo
2060 452 2320 499 sacerdotes

484 509 557 566 qui
590 506 901 550 custodiebant
930 507 1040 550 ostia
1076 520 1254 550 omnem
1288 507 1525 563 pecuniam
1556 521 1657 563 quae
1687 507 1974 552 deferebatur
2006 509 2065 552 ad
2096 511 2319 568 templum

486 567 678 612 Domini.
709 565 745 592 1⁰
768 566 968 621 Cumque
1002 565 1207 609 viderent
1249 565 1437 609 nimiam
1476 566 1714 623 pecuniam
1751 581 1845 611 esse
1880 567 1929 612 in
1969 569 2321 627 gazophylacio,

482 626 753 670 ascendebat
789 625 934 668 scriba
970 625 1108 681 regis,
1155 630 1199 668 et
1241 625 1469 681 pontifex,
1512 625 1895 682 effilndebantque
1933 634 1978 671 et
2018 629 2326 673 numerabant

482 685 719 743 pecuniam
751 699 850 740 quae
885 684 1196 728 inveniebatur
1228 684 1274 726 in
1306 684 1437 727 domo
1472 685 1684 740 Domini3
1724 685 1753 712 ¹¹
1781 692 1826 730 et
1856 686 2027 730 dabant
2053 702 2155 733 eam
2187 688 2320 744 juxta

483 759 715 788 numerum
747 753 880 800 atque
915 758 1167 787 mensuram
1205 744 1251 786 iu
1284 758 1420 786 manu
1454 759 1607 788 eorum
1639 744 1715 801 qui
1758 753 1979 802 praeera-nt
2014 747 2325 791 caementar‘iis-

484 805 640 848 domus
661 803 866 851 Domini:
895 804 967 859 qui
989 803 1311 860 impendebant
1328 818 1428 846 eam
1449 803 1494 846 in
1512 804 1656 847 fabris
1678 804 1915 861 lignorum,
1940 811 1983 849 et-
2008 806 2054 850 in
2074 813 2317 851 caementa·
2362 828 2364 831 >

482 863 558 906 riis
586 863 644 906 iis
666 862 738 919 qui
764 877 789 906 o
825 863 1062 906 erabantur
1082 863 1129 905 in
1151 863 1281 907 domo
1309 863 1509 918 Domini,
1538 862 1573 890 ¹²
1591 869 1902 909 et‘sartatecta
1925 866 2178 921 faciebant,
2202 870 2247 909 et
2271 865 2317 908 in

482 923 537 966 iis
562 923 635 979 qui
662 878 898 966 caedegant
921 937 1050 978 saxa,
1076 928 1122 965 et
1151 927 1200 964 ut
1229 927 1428 965 emerent.
1451 923 1576 978 ligna
1606 928 1650 966 et
1673 924 1846 980 lapides
1874 925 1949 980 qui
1979 925 2316 980 excidebantur,

482 982 546 1025 ita
569 987 620 1025 ut
646 982 906 1039 impleretur
934 981 1197 1024 instauratio
1221 982 1376 1025 domus
1401 982 1582 1026 Domini
1608 982 1655 1025 in
1678 983 1897 1027 universis
1926 999 2025 1040 quae
2049 984 2326 1040 indigebant

483 1056 677 1098 expensa
714 1041 770 1084 ad
805 1041 1094 1084 muniendam
1125 1041 1321 1084 domum.
1356 1040 1392 1067 13
1409 1042 1734 1085 Verumtamen
1762 1058 1850 1086 non
1880 1045 2048 1088 fiebant
2075 1058 2132 1087 ex
2161 1043 2324 1088 eadem

483 1101 670 1158 pecunia
700 1101 871 1157 hydriae
901 1100 1058 1157 templi
1086 1100 1288 1156 Domini,
1312 1106 1357 1143 et
1381 1101 1642 1156 fuscinulae,
1673 1107 1718 1145 et
1747 1103 1994 1159 thuribula,
2024 1108 2069 1148 et
2100 1103 2244 1157 tubae,
2274 1108 2318 1147 et

483 1175 613 1204 omne
634 1175 712 1209 vas
735 1175 914 1203 aureum
938 1166 982 1203 et
1005 1165 1290 1216 argenteum,
1313 1159 1369 1202 dc
1392 1160 1581 1216 pecunia
1602 1176 1702 1216 quae
1727 1162 2007 1206 inferebatur
2027 1163 2074 1207 in
2097 1162 2316 1219 templum

485 1220 678 1263 Domini.
706 1219 742 1246 14
761 1220 822 1262 Iis
845 1219 962 1262 enim
987 1218 1062 1274 qui
1089 1218 1320 1262 faciebant
1340 1233 1449 1276 opus
1471 1219 1663 1263 dabatur
1688 1227 1738 1265 ut
1759 1221 2080 1266 instauraretur
2102 1221 2323 1278 tempium

486 1279 680 1322 Domini.
705 1278 740 1305 ¹5
759 1279 817 1321 Et
840 1292 927 1322 11011
949 1278 1086 1322 fiebat
1105 1278 1219 1321 ratio
1245 1277 1298 1320 iis
1320 1279 1576 1322 hominibus
1605 1280 1681 1336 qui
1706 1280 1989 1338 accipiebant
2009 1279 2248 1338 pecuniam
2269 1285 2319 1325 ut

483 1338 799 1381 distribuerent
829 1353 927 1381 eam
961 1337 1235 1393 artificibus3
1273 1338 1349 1381 sed
1383 1338 1428 1380 in
1461 1338 1549 1381 fide
1583 1341 1840 1384 tractabant
1873 1356 1985 1385 eam.
2022 1341 2058 1368 ¹⁶
2078 1339 2323 1384 Pecuniam

484 1411 588 1440 vero
618 1412 695 1454 pro
729 1397 890 1441 delicto
925 1402 970 1441 et
1002 1397 1239 1454 pecuniam
1264 1412 1342 1456 pro
1374 1397 1570 1454 peccatis
1603 1413 1692 1442 non
1723 1400 1982 1445 inferebant
2015 1400 2064 1443 in
2099 1399 2323 1456 templum

485 1457 685 1514 Domini,
712 1458 816 1514 quia
837 1458 1117 1502 sacerdotum
1139 1464 1246 1502 erat.

544 1517 578 1544 17
596 1518 721 1561 Τ11110
745 1518 950 1561 ascendit
978 1517 1160 1571 Hazaei,
1187 1533 1265 1562 rex
1286 1519 1439 1575 Syriae,
1464 1524 1508 1562 et
1528 1520 1761 1576 pugnabat.
1782 1526 1935 1563 contra
1958 1519 2090 1574 Geth,
2115 1518 2328 1576 cepitque

484 1592 602 1632 eam,
628 1585 672 1619 et
699 1577 860 1620 direxit
890 1578 1056 1620 faciem
1082 1591 1208 1620 suam
1233 1584 1282 1621 ut
1310 1578 1569 1622 ascenderet
1593 1579 1639 1622 in
1667 1579 1930 1622 Jerusalem.
1958 1578 1994 1606 13
2022 1578 2322 1629 Quamobrem

483 1637 586 1679 tulit
608 1637 736 1690 Joas,
762 1651 840 1680 rex
870 1637 1010 1693 Juda,
1041 1636 1189 1680 omnia
1215 1637 1495 1681 sanctificata
1522 1653 1619 1693 quae
1641 1642 2010 1680 consecraverant
2027 1635 2263 1692 Josaphat,
2277 1641 2322 1679 et

485 1697 659 1749 Joram,
691 1702 735 1739 et
761 1696 997 1751 Ochozias,
1030 1701 1175 1752 patres
1205 1698 1322 1754 ejus,
1355 1711 1480 1752 reges
1511 1698 1538 1740 ,J
1546 1697 1652 1753 uda,
1683 1703 1728 1741 et
1753 1712 1851 1753 quae
1884 1697 1981 1754 ipse
2006 1696 2250 1751 obtulerat,
2274 1700 2327 1740 et

483 1755 737 1798 universum
781 1760 1015 1812 argentum
1057 1756 1172 1810 quod
1209 1756 1400 1799 inveniri
1438 1757 1580 1813 pot-uit
1610 1757 1657 1799 in
1689 1757 1908 1800 thesauris
1941 1755 2097 1812 templi
2140 1754 2321 1799 Domini

484 1820 527 1857 et
558 1815 605 1857 in
638 1815 804 1871 palatio
839 1815 976 1871 regis,
1015 1815 1220 1872 misitque
1255 1815 1465 1871 Hazaeli,
1499 1816 1594 1872 regi
1622 1816 1784 1873 Syriae,
1819 1822 1864 1859 et
1892 1815 2074 1859 recessit
2100 1814 2160 1857 ab
2190 1815 2326 1858 Jeru0

483 1874 635 1917 salem.

544 1933 580 1960 '¹9
609 1933 793 1989 Reliqua
823 1940 974 1978 autem
1007 1949 1259 1978 sermonum
1285 1936 1413 1990 Joas,
1443 1940 1487 1978 et
1518 1935 1724 1977 universa
1754 1949 1851 1990 quae
1881 1934 2014 1990 fecit,
2041 1948 2189 1978 nonne
2221 1933 2326 1976 haec

483 1993 648 2050 scripta
679 1998 783 2036 sunt
822 1994 867 2036 in
910 1994 1045 2037 Libro
1085 1994 1319 2037 verborum
1365 1994 1534 2037 dierum
1577 2008 1730 2050 regum
1776 1993 1934 2037 Juda?
1961 1992 1999 2020 2⁰
2028 1994 2323 2037 Surrexerunt

483 2057 630 2095 autem
668 2052 782 2095 servi
819 2053 937 2109 ejus,
973 2059 1017 2096 et.
1054 2053 1402 2109 conjuraverunt
1433 2053 1550 2096 inter
1589 2068 1655 2109 se,
1694 2058 2091 2111 percusseruntque
2132 2053 2241 2095 Joas
2272 2051 2320 2094 iu

483 2111 614 2154 domo
645 2112 781 2155 Mello
815 2112 860 2154 in
895 2112 1109 2156 descensu
1150 2113 1282 2156 Sella.
1318 2112 1591 2156 21Josaehar
1619 2127 1832 2170 namque,
1866 2112 1984 2156 filius
2017 2111 2252 2167 Semaat-h,
2275 2116 2321 2154 et

480 2171 703 2224 Jozabad,
736 2171 852 2214 filius
887 2172 1051 2228 Somer,
1082 2172 1197 2215 servi
1227 2173 1344 2228 ejus,
1372 2178 1684 2228 percusserunt
1714 2187 1837 2228 eum,
1858 2178 1906 2215 et
1931 2176 2129 2216 mortuus
2155 2175 2223 2214 est
2241 2188 2251 2226 3
2272 2176 2323 2213 et

480 2230 751 2287 sepelierunt-
794 2245 893 2274 eum
939 2246 1041 2274 cum
1088 2231 1289 2288 patribus
1334 2231 1426 2274 suis
1474 2231 1521 2274 in
1565 2231 1752 2275 civitate
1798 2231 1960 2275 David.
2009 2229 2326 2287 Regnavitque

480 2289 707 2345 Amasias,
730 2290 846 2333 filius
870 2291 990 2347 ejus,
1012 2305 1090 2348 pro
1111 2305 1176 2334 eo.

562 2415 583 2467 ξ
609 2412 671 2455 H.
693 2438 752 2444 --
773 2413 977 2468 Regnant
992 2413 1196 2456 Joachaz
1207 2448 1218 2468 ,
1245 2413 1358 2456 Joas
1380 2419 1419 2457 et
1441 2413 1680 2456 Jeroboam
1701 2414 1748 2455 in
1773 2412 1938 2466 Israel,
1961 2412 2179 2455 Amasias
2200 2417 2241 2454 et

1181 2473 1378 2515 Azarz‘as
1404 2474 1450 2516 in
1469 2473 1611 2515 ιῙῑιιία.

541 2588 649 2631 ΟΑΡ.
672 2588 807 2631 XIII,
831 2616 888 2620 ——
913 2588 926 2614 1
947 2589 1078 2631 Α11110
1101 2588 1319 2644 vigesimo
1348 2589 1474 2631 tert-io
1506 2589 1634 2643 Joas,
1666 2587 1745 2630 filii
1774 2587 2003 2643 Ochoziae,
2030 2586 2147 2643 regis
2174 2586 2324 2642 Juda,

481 2646 688 2704 regnavit
714 2647 931 2702 -Joachaz,
963 2648 1078 2690 filius
1108 2648 1247 2704 Jehu,
1277 2662 1408 2704 super
1430 2648 1570 2691 Israel
1598 2647 1646 2690 in
1673 2647 1876 2691 Samaria
1898 2647 2053 2690 decem
2075 2651 2121 2690 et
2148 2650 2323 2702 septem

483 2706 623 2749 annis.
650 2704 667 2731 2
683 2707 738 2748 Et
761 2706 873 2750 fecit
898 2707 1066 2749 malum
1087 2721 1237 2750 coram
1262 2707 1467 2761 Domino,
1487 2714 1751 2763 secutusque
1772 2712 1840 2750 est
1863 2711 2047 2762 peccata
2064 2705 2324 2759 -Jeroboa-m,

481 2765 560 2808 filii
585 2765 755 2819 Nabat,
785 2766 857 2822 qui
881 2780 1064 2823 peccare
1088 2767 1198 2810 fecit
1225 2767 1365 2810 Israel
1387 2784 1396 2823 3
1419 2772 1464 2809 et
1486 2781 1572 2809 non
1596 2765 1846 2809 declinavit
1863 2766 1922 2808 ab
1948 2766 2025 2808 eis.
2048 2764 2067 2792 3
2087 2766 2325 2820 Iratusque

483 2830 548 2867 est
580 2825 705 2868 furor
736 2825 916 2868 Domini
952 2830 1104 2868 contra
1138 2826 1297 2881 Israel,
1331 2831 1377 2869 et
1410 2826 1596 2869 tradidit
1623 2840 1698 2869 eos
1727 2825 1774 2868 in
1807 2839 1944 2867 manu
1975 2824 2167 2880 Hazael,
2202 2823 2319 2879 regis
2378 2879 2387 2884 .

485 2883 634 2940 Syriae,
662 2890 705 2926 et
730 2884 776 2926 in
801 2899 937 2927 manu
964 2885 1190 2940 Benadad,
1217 2885 1299 2928 filii
1322 2886 1506 2940 Hazael,
1530 2885 1701 2928 cunctis
1727 2884 1897 2927 diebus.
1919 2883 1937 2910 4
1957 2885 2232 2941 Deprecatus
2248 2888 2320 2926 081]

482 2947 632 2985 autem
666 2943 862 2987 Joaehaz
892 2944 1060 2988 faciem
1103 2945 1304 3001 Domini,
1344 2951 1387 2988 et.
1424 2944 1598 2987 audivit
1630 2959 1732 2988 eum
1769 2943 2018 2996 Dominus3
2052 2942 2166 2986 vidit
2199 2941 2319 2985 enim

482 3001 737 3058 angustiam
774 3003 933 3058 Israel,
969 3003 1072 3059 quia
1105 3005 1337 3047 attriverat
1377 3019 1451 3048 eos
1483 3018 1562 3047 rex
1599 3003 1751 3060 Syriae.
1793 3003 1811 3029 ⁵
1843 3003 1898 3045 Et
1937 3002 2060 3046 dedit
2101 3001 2327 3045 Dominus.

481 3060 750 3104 salvatorem
784 3063 961 3118 Israeli,
997 3068 1040 3106 et
1069 3062 1282 3106 liberatus
1302 3070 1370 3107 est
1401 3064 1454 3107 de
1481 3078 1617 3106 manu
1645 3061 1763 3118 regis
1789 3062 1929 3118 Syriae
1950 3079 1959 3117 3
1982 3060 2320 3105 habitaverunt-

483 3133 566 3177 que
596 3118 675 3162 filii
704 3121 841 3163 Israel
874 3121 917 3163 in
946 3122 1246 3165 tabernaculis
1272 3123 1361 3166 suis
1390 3123 1506 3166 sicut
1534 3122 1628 3165 heri
1655 3126 1704 3165 et
1731 3120 2066 3164 nudiustertius.
2089 3119 2106 3146 6
2131 3120 2320 3164 Verum-

482 3184 633 3222 tamen
665 3193 750 3222 non
785 3187 1057 3224 recesserunt
1098 3196 1124 3224 a
1161 3182 1358 3238 peccatis
1396 3182 1554 3225 domus
1589 3180 1853 3236 Jeme-boam,
1884 3180 1958 3236 qui
1990 3193 2175 3237 peccare
2207 3178 2320 3223 fecit

484 3238 651 3293 Israel3
694 3238 769 3281 sed
811 3239 856 3280 in
896 3239 1005 3295 ipsis
1046 3241 1390 3284 ambula-verunt
1411 3259 1420 3296 3
1463 3241 1683 3297 siquidem
1728 3244 1772 3282 et
1813 3239 1939 3282 lucus
1983 3237 2229 3296 permansit
2271 3237 2318 3280 in

485 3297 696 3341 Samaria.
730 3297 745 3323 7
777 3299 834 3340 Et
863 3312 950 3341 nou
983 3308 1085 3341 sunt
1119 3300 1318 3343 derelicti
1353 3301 1549 3344 -Joachaz
1584 3299 1638 3343 de
1675 3298 1838 3356 populo
1874 3298 1961 3342 nisi
1993 3296 2319 3355 quinquaginta

483 3357 664 3413 equites,
687 3362 730 3400 et
756 3356 908 3400 decern
931 3371 1094 3414 curr11S,
1117 3364 1161 3401 et
1185 3358 1340 3401 decem
1365 3359 1508 3402 millia
1532 3359 1763 3417 peditum3
1789 3358 2079 3401 interfecerat
2103 3356 2224 3401 enini
2245 3367 2326 3398 eos

482 3429 561 3459 rex
581 3416 742 3472 Syriae,
765 3422 808 3460 et
829 3416 1063 3472 redegerat
1086 3417 1214 3472 quasi
1239 3418 1468 3475 pulverem
1493 3418 1538 3461 in
1560 3418 1718 3461 tritura
1743 3432 1871 3461 areae.

541 3474 558 3501 ⁸
581 3475 766 3531 Reliqua
788 3481 939 3518 autern
972 3489 1224 3519 sermonum
1249 3478 1470 3533 Joachaz,
1500 3482 1544 3521 et
1575 3477 1782 3520 universa
1812 3491 1915 3532 quae
1946 3476 2080 3532 fecit,
2112 3479 2158 3520 et
2189 3473 2324 3518 forti—

483 3533 590 3575 tudo
616 3534 732 3590 ejus,
755 3548 901 3578 nonne
922 3535 1023 3578 haec
1048 3535 1212 3592 scripta
1238 3542 1339 3578 sunt
1361 3537 1405 3579 in
1434 3537 1567 3580 Libro
1593 3550 1847 3580 sermonum
1878 3536 2048 3579 dierum
2073 3547 2231 3590 regum
2253 3532 2323 3575 Is-
2381 3575 2383 3577 ,

483 3592 607 3635 rael?
631 3592 648 3618 9
671 3594 979 3650 Dormivitque
998 3595 1194 3638 Joachaz
1221 3610 1319 3638 cum
1348 3596 1547 3652 patribus
1566 3595 1669 3651 suis,
1697 3601 1739 3637 et
1765 3595 2034 3651 sepelierunt
2053 3606 2154 3637 eum
2175 3591 2221 3634 in
2239 3590 2321 3634 Sa-

485 3651 637 3693 maria.
666 3652 973 3708 Regnavitque
997 3653 1126 3711 Joas,
1152 3653 1268 3696 filius
1293 3654 1411 3710 ejus,
1438 3668 1513 3711 pro
1539 3667 1603 3697 eo.
