<?xml version="1.0" encoding="UTF-8"?>
<!DOCTYPE html PUBLIC "-//W3C//DTD XHTML 1.0 Transitional//EN"
    "http://www.w3.org/TR/xhtml1/DTD/xhtml1-transitional.dtd">
<html xmlns="http://www.w3.org/1999/xhtml" xml:lang="en" lang="en">
 <head>
  <title>
</title>
<meta http-equiv="Content-Type" content="text/html;charset=utf-8" />
  <meta name='ocr-system' content='tesseract 3.04.00' />
  <meta name='ocr-capabilities' content='ocr_page ocr_carea ocr_par ocr_line ocrx_word'/>
</head>
<body>
  <div class='ocr_page' id='page_1' title='image "./bibliasacrajuxta00fill_0992.png"; bbox 0 0 2423 3861; ppageno 0'>
   <div class='ocr_carea' id='block_1_1' title="bbox 79 1387 290 1462">
    <p class='ocr_par' dir='ltr' id='par_1_1' title="bbox 79 1387 290 1462">
     <span class='ocr_line' id='line_1_1' title="bbox 132 1387 235 1419; baseline -0.01 -5"><span class='ocrx_word' id='word_1_1' title='bbox 132 1387 235 1419; x_wconf 74' lang='lat' dir='ltr'>Capta</span> 
     </span>
     <span class='ocr_line' id='line_1_2' title="bbox 79 1430 290 1462; baseline -0.005 -5"><span class='ocrx_word' id='word_1_2' title='bbox 79 1430 290 1462; x_wconf 78' lang='lat' dir='ltr'>Jerusalem,</span> 
     </span>
    </p>
   </div>
   <div class='ocr_carea' id='block_1_2' title="bbox 63 1739 308 1993">
    <p class='ocr_par' dir='ltr' id='par_1_2' title="bbox 63 1739 308 1993">
     <span class='ocr_line' id='line_1_3' title="bbox 63 1739 308 1774; baseline 0.008 -7"><span class='ocrx_word' id='word_1_3' title='bbox 63 1739 159 1774; x_wconf 77' lang='lat' dir='ltr'>pueri</span> <span class='ocrx_word' id='word_1_4' title='bbox 174 1739 308 1769; x_wconf 80' lang='lat' dir='ltr'>nobiles</span> 
     </span>
     <span class='ocr_line' id='line_1_4' title="bbox 89 1783 283 1813; baseline 0.005 -1"><span class='ocrx_word' id='word_1_5' title='bbox 89 1792 131 1813; x_wconf 79' lang='lat' dir='ltr'>ex</span> <span class='ocrx_word' id='word_1_6' title='bbox 153 1783 283 1813; x_wconf 79' lang='lat' dir='ltr'>Judaeis</span> 
     </span>
     <span class='ocr_line' id='line_1_5' title="bbox 75 1832 301 1863; baseline -0.004 -5"><span class='ocrx_word' id='word_1_7' title='bbox 75 1832 301 1863; x_wconf 71' lang='lat' dir='ltr'>segregantur</span> 
     </span>
     <span class='ocr_line' id='line_1_6' title="bbox 66 1873 308 1903; baseline 0 -1"><span class='ocrx_word' id='word_1_8' title='bbox 66 1875 107 1902; x_wconf 87' lang='lat' dir='ltr'>ad</span> <span class='ocrx_word' id='word_1_9' title='bbox 127 1873 308 1903; x_wconf 80' lang='lat' dir='ltr'>servitium</span> 
     </span>
     <span class='ocr_line' id='line_1_7' title="bbox 74 1919 296 1947; baseline 0 -1"><span class='ocrx_word' id='word_1_10' title='bbox 74 1919 296 1947; x_wconf 80' lang='lat' dir='ltr'>Nabuchodo-</span> 
     </span>
     <span class='ocr_line' id='line_1_8' title="bbox 133 1970 245 1993; baseline 0.009 -1"><span class='ocrx_word' id='word_1_11' title='bbox 133 1970 245 1993; x_wconf 85' lang='lat' dir='ltr'>nosor.</span> 
     </span>
    </p>
   </div>
   <div class='ocr_carea' id='block_1_3' title="bbox 64 2153 308 2361">
    <p class='ocr_par' dir='ltr' id='par_1_3' title="bbox 64 2153 308 2361">
     <span class='ocr_line' id='line_1_9' title="bbox 79 2153 291 2182; baseline -0.005 0"><span class='ocrx_word' id='word_1_12' title='bbox 79 2153 195 2182; x_wconf 79' lang='lat' dir='ltr'>Daniel</span> <span class='ocrx_word' id='word_1_13' title='bbox 215 2161 291 2182; x_wconf 88' lang='lat' dir='ltr'>cum</span> 
     </span>
     <span class='ocr_line' id='line_1_10' title="bbox 64 2198 308 2232; baseline -0.004 -5"><span class='ocrx_word' id='word_1_14' title='bbox 64 2198 167 2227; x_wconf 63' lang='lat' dir='ltr'>sociis</span> <span class='ocrx_word' id='word_1_15' title='bbox 193 2199 308 2232; x_wconf 78' lang='lat' dir='ltr'>legum</span> 
     </span>
     <span class='ocr_line' id='line_1_11' title="bbox 91 2243 285 2272; baseline 0 -1"><span class='ocrx_word' id='word_1_16' title='bbox 91 2243 285 2272; x_wconf 74' lang='lat' dir='ltr'>divinarum</span> 
     </span>
     <span class='ocr_line' id='line_1_12' title="bbox 81 2288 291 2316; baseline -0.005 0"><span class='ocrx_word' id='word_1_17' title='bbox 81 2288 194 2316; x_wconf 82' lang='lat' dir='ltr'>cultor</span> <span class='ocrx_word' id='word_1_18' title='bbox 214 2288 291 2316; x_wconf 85' lang='lat' dir='ltr'>fide-</span> 
     </span>
     <span class='ocr_line' id='line_1_13' title="bbox 107 2331 271 2361; baseline 0 -1"><span class='ocrx_word' id='word_1_19' title='bbox 107 2331 271 2361; x_wconf 85' lang='lat' dir='ltr'>lissimus.</span> 
     </span>
    </p>
   </div>
   <div class='ocr_carea' id='block_1_4' title="bbox 90 3269 292 3478">
    <p class='ocr_par' dir='ltr' id='par_1_4' title="bbox 90 3269 292 3478">
     <span class='ocr_line' id='line_1_14' title="bbox 90 3269 292 3302; baseline 0.015 -5"><span class='ocrx_word' id='word_1_20' title='bbox 90 3270 127 3297; x_wconf 85' lang='lat' dir='ltr'>In</span> <span class='ocrx_word' id='word_1_21' title='bbox 151 3269 292 3302; x_wconf 81' lang='lat' dir='ltr'>pietatis</span> 
     </span>
     <span class='ocr_line' id='line_1_15' title="bbox 105 3313 277 3346; baseline 0.012 -6"><span class='ocrx_word' id='word_1_22' title='bbox 105 3313 277 3346; x_wconf 77' lang='lat' dir='ltr'>praemium</span> 
     </span>
     <span class='ocr_line' id='line_1_16' title="bbox 121 3358 260 3386; baseline 0.022 -3"><span class='ocrx_word' id='word_1_23' title='bbox 121 3358 260 3386; x_wconf 76' lang='lat' dir='ltr'>(letatur</span> 
     </span>
     <span class='ocr_line' id='line_1_17' title="bbox 110 3401 275 3435; baseline 0.006 -6"><span class='ocrx_word' id='word_1_24' title='bbox 110 3401 275 3435; x_wconf 73' lang='lat' dir='ltr'><strong>singulari</strong></span> 
     </span>
     <span class='ocr_line' id='line_1_18' title="bbox 105 3444 282 3478; baseline 0.017 -6"><span class='ocrx_word' id='word_1_25' title='bbox 105 3444 282 3478; x_wconf 73' lang='lat' dir='ltr'>sapientia.</span> 
     </span>
    </p>
   </div>
   <div class='ocr_carea' id='block_1_5' title="bbox 425 168 2150 444">
    <p class='ocr_par' dir='ltr' id='par_1_5' title="bbox 425 168 2150 444">
     <span class='ocr_line' id='line_1_19' title="bbox 425 168 2150 444; baseline 0 3417"><span class='ocrx_word' id='word_1_26' title='bbox 425 168 2150 444; x_wconf 95' lang='lat' dir='ltr'> </span> 
     </span>
    </p>
   </div>
   <div class='ocr_carea' id='block_1_6' title="bbox 533 665 2178 809">
    <p class='ocr_par' dir='ltr' id='par_1_6' title="bbox 533 665 2178 809">
     <span class='ocr_line' id='line_1_20' title="bbox 533 665 2178 809; baseline -0.007 -35"><span class='ocrx_word' id='word_1_27' title='bbox 533 671 1331 774; x_wconf 71' lang='lat' dir='ltr'><strong>PROPHETIA</strong></span> <span class='ocrx_word' id='word_1_28' title='bbox 1411 665 2063 809; x_wconf 61' lang='lat' dir='ltr'>nA-Niiiffls</span> <span class='ocrx_word' id='word_1_29' title='bbox 2138 694 2178 801; x_wconf 78' lang='grc' dir='ltr'>χ</span> 
     </span>
    </p>
   </div>
   <div class='ocr_carea' id='block_1_7' title="bbox 1234 896 1389 921">
    <p class='ocr_par' dir='ltr' id='par_1_7' title="bbox 1234 896 1389 921">
     <span class='ocr_line' id='line_1_21' title="bbox 1234 896 1389 921; baseline -0.006 0"><span class='ocrx_word' id='word_1_30' title='bbox 1234 896 1360 921; x_wconf 37' lang='grc' dir='ltr'>ι-ῂῴᾳ</span> <span class='ocrx_word' id='word_1_31' title='bbox 1386 898 1389 901; x_wconf 88' lang='grc'><em>·</em></span> 
     </span>
    </p>
   </div>
   <div class='ocr_carea' id='block_1_8' title="bbox 1360 906 1467 910">
    <p class='ocr_par' dir='ltr' id='par_1_8' title="bbox 1360 906 1467 910">
     <span class='ocr_line' id='line_1_22' title="bbox 1360 906 1467 910; baseline 0 0"><span class='ocrx_word' id='word_1_32' title='bbox 1360 906 1467 910; x_wconf 95' lang='lat' dir='ltr'> </span> 
     </span>
    </p>
   </div>
   <div class='ocr_carea' id='block_1_9' title="bbox 1128 910 1232 914">
    <p class='ocr_par' dir='ltr' id='par_1_9' title="bbox 1128 910 1232 914">
     <span class='ocr_line' id='line_1_23' title="bbox 1128 910 1232 914; baseline 0 0"><span class='ocrx_word' id='word_1_33' title='bbox 1128 910 1232 914; x_wconf 95' lang='lat' dir='ltr'> </span> 
     </span>
    </p>
   </div>
   <div class='ocr_carea' id='block_1_10' title="bbox 754 1079 1839 1152">
    <p class='ocr_par' dir='ltr' id='par_1_10' title="bbox 754 1079 1839 1152">
     <span class='ocr_line' id='line_1_24' title="bbox 754 1079 1839 1152; baseline -0.006 -12"><span class='ocrx_word' id='word_1_34' title='bbox 754 1084 972 1140; x_wconf 71' lang='lat' dir='ltr'>PARS</span> <span class='ocrx_word' id='word_1_35' title='bbox 1024 1082 1322 1152; x_wconf 81' lang='lat' dir='ltr'>PRIOR,</span> <span class='ocrx_word' id='word_1_36' title='bbox 1378 1079 1839 1135; x_wconf 70' lang='lat' dir='ltr'><strong>HISTORICA</strong></span> 
     </span>
    </p>
   </div>
   <div class='ocr_carea' id='block_1_11' title="bbox 1049 1229 1561 1287">
    <p class='ocr_par' dir='ltr' id='par_1_11' title="bbox 1049 1229 1561 1287">
     <span class='ocr_line' id='line_1_25' title="bbox 1049 1229 1561 1287; baseline -0.004 -15"><span class='ocrx_word' id='word_1_37' title='bbox 1049 1231 1073 1287; x_wconf 63' lang='grc' dir='ltr'>ξ</span> <span class='ocrx_word' id='word_1_38' title='bbox 1101 1231 1144 1274; x_wconf 67' lang='grc' dir='ltr'>Ἰ.</span> <span class='ocrx_word' id='word_1_39' title='bbox 1180 1255 1240 1262; x_wconf 94' lang='lat'>—</span> <span class='ocrx_word' id='word_1_40' title='bbox 1272 1229 1561 1271; x_wconf 60' lang='lat' dir='ltr'>Ivi-troduclio.</span> 
     </span>
    </p>
   </div>
   <div class='ocr_carea' id='block_1_12' title="bbox 371 1260 678 1646">
    <p class='ocr_par' dir='ltr' id='par_1_12' title="bbox 371 1260 678 1646">
     <span class='ocr_line' id='line_1_26' title="bbox 371 1260 678 1646; baseline 0 -268"><span class='ocrx_word' id='word_1_41' title='bbox 371 1260 678 1646; x_wconf 95' lang='lat' dir='ltr'>   </span> 
     </span>
    </p>
   </div>
   <div class='ocr_carea' id='block_1_13' title="bbox 373 1350 2252 3675">
    <p class='ocr_par' dir='ltr' id='par_1_13' title="bbox 373 1350 2223 1699">
     <span class='ocr_line' id='line_1_27' title="bbox 434 1350 2222 1410; baseline -0.004 -8"><span class='ocrx_word' id='word_1_42' title='bbox 434 1371 447 1381; x_wconf 58' lang='lat'>⁶</span> <span class='ocrx_word' id='word_1_43' title='bbox 502 1387 504 1390; x_wconf 83' lang='lat'><em>.</em></span> <span class='ocrx_word' id='word_1_44' title='bbox 545 1400 572 1410; x_wconf 68' lang='lat'>.,</span> <span class='ocrx_word' id='word_1_45' title='bbox 609 1371 628 1376; x_wconf 75' lang='grc'><em>“</em></span> <span class='ocrx_word' id='word_1_46' title='bbox 693 1369 723 1399; x_wconf 85' lang='lat' dir='ltr'>N</span> <span class='ocrx_word' id='word_1_47' title='bbox 736 1369 765 1399; x_wconf 85' lang='lat' dir='ltr'>N</span> <span class='ocrx_word' id='word_1_48' title='bbox 778 1368 803 1399; x_wconf 90' lang='lat' dir='ltr'>o</span> <span class='ocrx_word' id='word_1_49' title='bbox 841 1355 974 1398; x_wconf 84' lang='lat' dir='ltr'>tertio</span> <span class='ocrx_word' id='word_1_50' title='bbox 1010 1353 1137 1410; x_wconf 82' lang='lat' dir='ltr'>regni</span> <span class='ocrx_word' id='word_1_51' title='bbox 1171 1353 1379 1409; x_wconf 77' lang='lat' dir='ltr'>Joakim,</span> <span class='ocrx_word' id='word_1_52' title='bbox 1422 1352 1538 1408; x_wconf 81' lang='lat' dir='ltr'>regis</span> <span class='ocrx_word' id='word_1_53' title='bbox 1573 1350 1714 1405; x_wconf 79' lang='lat' dir='ltr'>Juda,</span> <span class='ocrx_word' id='word_1_54' title='bbox 1754 1351 1878 1394; x_wconf 65' lang='lat' dir='ltr'>venit</span> <span class='ocrx_word' id='word_1_55' title='bbox 1921 1350 2222 1394; x_wconf 83' lang='lat' dir='ltr'>Nabuchodo-</span> 
     </span>
     <span class='ocr_line' id='line_1_28' title="bbox 553 1409 2223 1472; baseline -0.004 -13"><span class='ocrx_word' id='word_1_56' title='bbox 553 1422 554 1425; x_wconf 76' lang='grc'>’</span> <span class='ocrx_word' id='word_1_57' title='bbox 706 1430 864 1472; x_wconf 84' lang='lat' dir='ltr'>nosor,</span> <span class='ocrx_word' id='word_1_58' title='bbox 895 1429 974 1458; x_wconf 70' lang='lat' dir='ltr'>rex</span> <span class='ocrx_word' id='word_1_59' title='bbox 1009 1413 1272 1469; x_wconf 74' lang='lat' dir='ltr'>Babylonis,</span> <span class='ocrx_word' id='word_1_60' title='bbox 1311 1413 1358 1454; x_wconf 88' lang='lat' dir='ltr'>in</span> <span class='ocrx_word' id='word_1_61' title='bbox 1392 1411 1664 1466; x_wconf 79' lang='lat' dir='ltr'>Jerusalem,</span> <span class='ocrx_word' id='word_1_62' title='bbox 1699 1416 1744 1453; x_wconf 87' lang='lat' dir='ltr'>et</span> <span class='ocrx_word' id='word_1_63' title='bbox 1775 1410 2105 1466; x_wconf 81' lang='lat' dir='ltr'>obsediteam3</span> <span class='ocrx_word' id='word_1_64' title='bbox 2139 1409 2156 1436; x_wconf 70' lang='lat'><strong>2</strong></span> <span class='ocrx_word' id='word_1_65' title='bbox 2176 1416 2223 1453; x_wconf 87' lang='lat' dir='ltr'>et</span> 
     </span>
     <span class='ocr_line' id='line_1_29' title="bbox 661 1469 2220 1527; baseline -0.002 -11"><span class='ocrx_word' id='word_1_66' title='bbox 661 1514 663 1516; x_wconf 82' lang='grc'>.</span> <span class='ocrx_word' id='word_1_67' title='bbox 714 1475 900 1518; x_wconf 75' lang='lat' dir='ltr'>tradidit</span> <span class='ocrx_word' id='word_1_68' title='bbox 934 1473 1154 1517; x_wconf 84' lang='lat' dir='ltr'>Dominus</span> <span class='ocrx_word' id='word_1_69' title='bbox 1193 1473 1241 1515; x_wconf 91' lang='lat' dir='ltr'>in</span> <span class='ocrx_word' id='word_1_70' title='bbox 1274 1487 1410 1515; x_wconf 89' lang='lat' dir='ltr'>manu</span> <span class='ocrx_word' id='word_1_71' title='bbox 1440 1471 1538 1527; x_wconf 77' lang='lat' dir='ltr'>ejus</span> <span class='ocrx_word' id='word_1_72' title='bbox 1576 1470 1780 1526; x_wconf 77' lang='lat' dir='ltr'>Joa-kim,</span> <span class='ocrx_word' id='word_1_73' title='bbox 1820 1484 1972 1526; x_wconf 82' lang='lat' dir='ltr'>regem</span> <span class='ocrx_word' id='word_1_74' title='bbox 2001 1469 2141 1526; x_wconf 82' lang='lat' dir='ltr'>Juda,</span> <span class='ocrx_word' id='word_1_75' title='bbox 2177 1475 2220 1514; x_wconf 86' lang='lat' dir='ltr'>et</span> 
     </span>
     <span class='ocr_line' id='line_1_30' title="bbox 655 1528 2220 1593; baseline -0.006 -12"><span class='ocrx_word' id='word_1_76' title='bbox 655 1535 661 1582; x_wconf 58' lang='lat' dir='ltr'><em>Z</em></span> <span class='ocrx_word' id='word_1_77' title='bbox 714 1541 888 1593; x_wconf 76' lang='lat' dir='ltr'>partem</span> <span class='ocrx_word' id='word_1_78' title='bbox 905 1547 1114 1576; x_wconf 76' lang='lat' dir='ltr'>vasorum</span> <span class='ocrx_word' id='word_1_79' title='bbox 1136 1533 1292 1576; x_wconf 84' lang='lat' dir='ltr'>domus</span> <span class='ocrx_word' id='word_1_80' title='bbox 1316 1532 1397 1575; x_wconf 86' lang='lat' dir='ltr'>Dei</span> <span class='ocrx_word' id='word_1_81' title='bbox 1415 1549 1423 1586; x_wconf 84' lang='lat'><em>3</em></span> <span class='ocrx_word' id='word_1_82' title='bbox 1449 1536 1493 1574; x_wconf 88' lang='lat' dir='ltr'>et</span> <span class='ocrx_word' id='word_1_83' title='bbox 1513 1530 1763 1587; x_wconf 77' lang='lat' dir='ltr'>asportavit</span> <span class='ocrx_word' id='word_1_84' title='bbox 1785 1544 1836 1573; x_wconf 86' lang='lat' dir='ltr'>ea</span> <span class='ocrx_word' id='word_1_85' title='bbox 1857 1528 1905 1572; x_wconf 80' lang='lat' dir='ltr'>iri</span> <span class='ocrx_word' id='word_1_86' title='bbox 1925 1535 2092 1573; x_wconf 87' lang='lat' dir='ltr'>terram</span> <span class='ocrx_word' id='word_1_87' title='bbox 2113 1530 2220 1573; x_wconf 85' lang='lat' dir='ltr'>Sen-</span> 
     </span>
     <span class='ocr_line' id='line_1_31' title="bbox 498 1588 2218 1646; baseline -0.003 -9"><span class='ocrx_word' id='word_1_88' title='bbox 498 1624 512 1628; x_wconf 50' lang='lat'>«</span> <span class='ocrx_word' id='word_1_89' title='bbox 714 1609 824 1636; x_wconf 85' lang='lat' dir='ltr'>naar</span> <span class='ocrx_word' id='word_1_90' title='bbox 851 1594 899 1636; x_wconf 84' lang='lat' dir='ltr'>in</span> <span class='ocrx_word' id='word_1_91' title='bbox 925 1593 1108 1636; x_wconf 81' lang='lat' dir='ltr'>domum</span> <span class='ocrx_word' id='word_1_92' title='bbox 1135 1592 1204 1635; x_wconf 89' lang='lat' dir='ltr'>dei</span> <span class='ocrx_word' id='word_1_93' title='bbox 1235 1592 1325 1646; x_wconf 87' lang='lat' dir='ltr'>sui,</span> <span class='ocrx_word' id='word_1_94' title='bbox 1353 1598 1396 1634; x_wconf 81' lang='lat' dir='ltr'>et</span> <span class='ocrx_word' id='word_1_95' title='bbox 1422 1604 1527 1632; x_wconf 66' lang='lat' dir='ltr'>vasa</span> <span class='ocrx_word' id='word_1_96' title='bbox 1555 1589 1708 1631; x_wconf 77' lang='lat' dir='ltr'>intulit</span> <span class='ocrx_word' id='word_1_97' title='bbox 1738 1588 1784 1631; x_wconf 90' lang='lat' dir='ltr'>in</span> <span class='ocrx_word' id='word_1_98' title='bbox 1810 1589 1993 1632; x_wconf 87' lang='lat' dir='ltr'>domum</span> <span class='ocrx_word' id='word_1_99' title='bbox 2022 1589 2218 1633; x_wconf 78' lang='lat' dir='ltr'>thesauri</span> 
     </span>
     <span class='ocr_line' id='line_1_32' title="bbox 373 1655 550 1699; baseline 0 -1"><span class='ocrx_word' id='word_1_100' title='bbox 373 1655 444 1698; x_wconf 90' lang='lat' dir='ltr'>dei</span> <span class='ocrx_word' id='word_1_101' title='bbox 469 1656 550 1699; x_wconf 90' lang='lat' dir='ltr'>sui.</span> 
     </span>
    </p>

    <p class='ocr_par' dir='ltr' id='par_1_14' title="bbox 373 1708 2222 2130">
     <span class='ocr_line' id='line_1_33' title="bbox 433 1708 2219 1770; baseline -0.004 -11"><span class='ocrx_word' id='word_1_102' title='bbox 433 1715 451 1742; x_wconf 86' lang='lat'><strong>3</strong></span> <span class='ocrx_word' id='word_1_103' title='bbox 468 1716 527 1758; x_wconf 87' lang='lat' dir='ltr'>Et</span> <span class='ocrx_word' id='word_1_104' title='bbox 555 1715 619 1758; x_wconf 84' lang='lat' dir='ltr'>ait</span> <span class='ocrx_word' id='word_1_105' title='bbox 643 1730 721 1758; x_wconf 75' lang='lat' dir='ltr'>rex</span> <span class='ocrx_word' id='word_1_106' title='bbox 747 1714 1004 1770; x_wconf 75' lang='lat' dir='ltr'>Asphenez,</span> <span class='ocrx_word' id='word_1_107' title='bbox 1027 1711 1266 1769; x_wconf 77' lang='lat' dir='ltr'>praeposito</span> <span class='ocrx_word' id='word_1_108' title='bbox 1292 1711 1616 1765; x_wconf 80' lang='lat' dir='ltr'>eumichorum,</span> <span class='ocrx_word' id='word_1_109' title='bbox 1640 1716 1687 1752; x_wconf 86' lang='lat' dir='ltr'>ut</span> <span class='ocrx_word' id='word_1_110' title='bbox 1713 1710 2015 1752; x_wconf 82' lang='lat' dir='ltr'>introduceret</span> <span class='ocrx_word' id='word_1_111' title='bbox 2037 1709 2091 1752; x_wconf 84' lang='lat' dir='ltr'>de</span> <span class='ocrx_word' id='word_1_112' title='bbox 2117 1708 2219 1751; x_wconf 83' lang='lat' dir='ltr'>filiis</span> 
     </span>
     <span class='ocr_line' id='line_1_34' title="bbox 374 1767 2220 1832; baseline -0.005 -13"><span class='ocrx_word' id='word_1_113' title='bbox 374 1776 534 1832; x_wconf 83' lang='lat' dir='ltr'>Israel,</span> <span class='ocrx_word' id='word_1_114' title='bbox 562 1781 605 1818; x_wconf 87' lang='lat' dir='ltr'>et</span> <span class='ocrx_word' id='word_1_115' title='bbox 631 1775 684 1818; x_wconf 88' lang='lat' dir='ltr'>de</span> <span class='ocrx_word' id='word_1_116' title='bbox 706 1775 875 1817; x_wconf 87' lang='lat' dir='ltr'>semine</span> <span class='ocrx_word' id='word_1_117' title='bbox 903 1772 1024 1827; x_wconf 78' lang='lat' dir='ltr'>regio</span> <span class='ocrx_word' id='word_1_118' title='bbox 1056 1778 1099 1814; x_wconf 87' lang='lat' dir='ltr'>et</span> <span class='ocrx_word' id='word_1_119' title='bbox 1127 1777 1443 1827; x_wconf 74' lang='lat' dir='ltr'>tyrannorum,</span> <span class='ocrx_word' id='word_1_120' title='bbox 1470 1770 1487 1796; x_wconf 78' lang='lat'><strong>4</strong></span> <span class='ocrx_word' id='word_1_121' title='bbox 1504 1783 1663 1826; x_wconf 82' lang='lat' dir='ltr'>pueros</span> <span class='ocrx_word' id='word_1_122' title='bbox 1692 1770 1739 1811; x_wconf 87' lang='lat' dir='ltr'>in</span> <span class='ocrx_word' id='word_1_123' title='bbox 1769 1769 1929 1824; x_wconf 84' lang='lat' dir='ltr'>quibus</span> <span class='ocrx_word' id='word_1_124' title='bbox 1955 1767 2078 1811; x_wconf 83' lang='lat' dir='ltr'>nulla</span> <span class='ocrx_word' id='word_1_125' title='bbox 2105 1773 2220 1812; x_wconf 75' lang='lat' dir='ltr'>esset</span> 
     </span>
     <span class='ocr_line' id='line_1_35' title="bbox 373 1827 2220 1891; baseline -0.004 -13"><span class='ocrx_word' id='word_1_126' title='bbox 373 1835 570 1891; x_wconf 85' lang='lat' dir='ltr'>macula,</span> <span class='ocrx_word' id='word_1_127' title='bbox 603 1835 782 1878; x_wconf 76' lang='lat' dir='ltr'>decoros</span> <span class='ocrx_word' id='word_1_128' title='bbox 812 1833 979 1886; x_wconf 73' lang='lat' dir='ltr'>forma,</span> <span class='ocrx_word' id='word_1_129' title='bbox 1016 1838 1058 1874; x_wconf 91' lang='lat' dir='ltr'>et</span> <span class='ocrx_word' id='word_1_130' title='bbox 1085 1831 1280 1874; x_wconf 84' lang='lat' dir='ltr'>eruditos</span> <span class='ocrx_word' id='word_1_131' title='bbox 1312 1829 1431 1872; x_wconf 87' lang='lat' dir='ltr'>omni</span> <span class='ocrx_word' id='word_1_132' title='bbox 1466 1827 1710 1885; x_wconf 74' lang='lat' dir='ltr'>sapientia,</span> <span class='ocrx_word' id='word_1_133' title='bbox 1747 1834 1899 1872; x_wconf 88' lang='lat' dir='ltr'>cautos</span> <span class='ocrx_word' id='word_1_134' title='bbox 1933 1827 2140 1883; x_wconf 82' lang='lat' dir='ltr'>scientia,</span> <span class='ocrx_word' id='word_1_135' title='bbox 2177 1836 2220 1870; x_wconf 86' lang='lat' dir='ltr'>et</span> 
     </span>
     <span class='ocr_line' id='line_1_36' title="bbox 374 1886 2222 1951; baseline -0.005 -13"><span class='ocrx_word' id='word_1_136' title='bbox 374 1895 526 1938; x_wconf 84' lang='lat' dir='ltr'>doctos</span> <span class='ocrx_word' id='word_1_137' title='bbox 554 1894 811 1951; x_wconf 79' lang='lat' dir='ltr'>disciplina,</span> <span class='ocrx_word' id='word_1_138' title='bbox 839 1897 881 1936; x_wconf 84' lang='lat' dir='ltr'>et</span> <span class='ocrx_word' id='word_1_139' title='bbox 907 1891 980 1947; x_wconf 89' lang='lat' dir='ltr'>qui</span> <span class='ocrx_word' id='word_1_140' title='bbox 1007 1895 1187 1947; x_wconf 85' lang='lat' dir='ltr'>possent</span> <span class='ocrx_word' id='word_1_141' title='bbox 1212 1896 1330 1932; x_wconf 87' lang='lat' dir='ltr'>stare</span> <span class='ocrx_word' id='word_1_142' title='bbox 1354 1889 1401 1931; x_wconf 85' lang='lat' dir='ltr'>in</span> <span class='ocrx_word' id='word_1_143' title='bbox 1421 1889 1589 1945; x_wconf 79' lang='lat' dir='ltr'>palatio</span> <span class='ocrx_word' id='word_1_144' title='bbox 1611 1889 1752 1944; x_wconf 78' lang='lat' dir='ltr'>regis,</span> <span class='ocrx_word' id='word_1_145' title='bbox 1775 1893 1824 1930; x_wconf 86' lang='lat' dir='ltr'>ut</span> <span class='ocrx_word' id='word_1_146' title='bbox 1850 1887 2027 1930; x_wconf 83' lang='lat' dir='ltr'>doceret</span> <span class='ocrx_word' id='word_1_147' title='bbox 2049 1901 2122 1930; x_wconf 87' lang='lat' dir='ltr'>eos</span> <span class='ocrx_word' id='word_1_148' title='bbox 2148 1886 2222 1929; x_wconf 84' lang='lat' dir='ltr'>lit-</span> 
     </span>
     <span class='ocr_line' id='line_1_37' title="bbox 373 1947 2222 2010; baseline -0.005 -12"><span class='ocrx_word' id='word_1_149' title='bbox 373 1961 490 1998; x_wconf 83' lang='lat' dir='ltr'>teras</span> <span class='ocrx_word' id='word_1_150' title='bbox 512 1960 555 1997; x_wconf 88' lang='lat' dir='ltr'>et</span> <span class='ocrx_word' id='word_1_151' title='bbox 580 1954 784 2010; x_wconf 81' lang='lat' dir='ltr'>linguam</span> <span class='ocrx_word' id='word_1_152' title='bbox 807 1951 1133 1996; x_wconf 65' lang='lat' dir='ltr'>Chaldaeorum.</span> <span class='ocrx_word' id='word_1_153' title='bbox 1161 1950 1178 1975; x_wconf 79' lang='lat'>5</span> <span class='ocrx_word' id='word_1_154' title='bbox 1197 1951 1256 1992; x_wconf 83' lang='lat' dir='ltr'>Et</span> <span class='ocrx_word' id='word_1_155' title='bbox 1277 1949 1511 1992; x_wconf 84' lang='lat' dir='ltr'>constituit</span> <span class='ocrx_word' id='word_1_156' title='bbox 1531 1948 1594 1991; x_wconf 73' lang='lat' dir='ltr'>eis</span> <span class='ocrx_word' id='word_1_157' title='bbox 1620 1962 1697 1991; x_wconf 81' lang='lat' dir='ltr'>rex</span> <span class='ocrx_word' id='word_1_158' title='bbox 1724 1960 1950 1990; x_wconf 80' lang='lat' dir='ltr'>annonam</span> <span class='ocrx_word' id='word_1_159' title='bbox 1970 1961 2048 2003; x_wconf 83' lang='lat' dir='ltr'>per</span> <span class='ocrx_word' id='word_1_160' title='bbox 2069 1947 2222 2003; x_wconf 82' lang='lat' dir='ltr'>singu-</span> 
     </span>
     <span class='ocr_line' id='line_1_38' title="bbox 374 2006 2220 2066; baseline -0.005 -9"><span class='ocrx_word' id='word_1_161' title='bbox 374 2015 438 2057; x_wconf 91' lang='lat' dir='ltr'>los</span> <span class='ocrx_word' id='word_1_162' title='bbox 465 2014 557 2057; x_wconf 87' lang='lat' dir='ltr'>dies</span> <span class='ocrx_word' id='word_1_163' title='bbox 589 2014 642 2056; x_wconf 91' lang='lat' dir='ltr'>de</span> <span class='ocrx_word' id='word_1_164' title='bbox 673 2013 782 2056; x_wconf 86' lang='lat' dir='ltr'>cibis</span> <span class='ocrx_word' id='word_1_165' title='bbox 813 2011 923 2066; x_wconf 86' lang='lat' dir='ltr'>suis,</span> <span class='ocrx_word' id='word_1_166' title='bbox 955 2015 999 2053; x_wconf 87' lang='lat' dir='ltr'>et</span> <span class='ocrx_word' id='word_1_167' title='bbox 1033 2010 1086 2053; x_wconf 88' lang='lat' dir='ltr'>de</span> <span class='ocrx_word' id='word_1_168' title='bbox 1117 2009 1220 2052; x_wconf 83' lang='lat' dir='ltr'>vino</span> <span class='ocrx_word' id='word_1_169' title='bbox 1252 2009 1370 2051; x_wconf 88' lang='lat' dir='ltr'>unde</span> <span class='ocrx_word' id='word_1_170' title='bbox 1398 2007 1584 2050; x_wconf 77' lang='lat' dir='ltr'>bibebat</span> <span class='ocrx_word' id='word_1_171' title='bbox 1619 2007 1736 2064; x_wconf 86' lang='lat' dir='ltr'>ipse,</span> <span class='ocrx_word' id='word_1_172' title='bbox 1777 2011 1823 2050; x_wconf 88' lang='lat' dir='ltr'>ut</span> <span class='ocrx_word' id='word_1_173' title='bbox 1863 2006 2045 2049; x_wconf 86' lang='lat' dir='ltr'>enutriti</span> <span class='ocrx_word' id='word_1_174' title='bbox 2078 2006 2220 2049; x_wconf 85' lang='lat' dir='ltr'>tribus</span> 
     </span>
     <span class='ocr_line' id='line_1_39' title="bbox 373 2069 1382 2130; baseline -0.006 -14"><span class='ocrx_word' id='word_1_175' title='bbox 373 2074 523 2129; x_wconf 81' lang='lat' dir='ltr'>annis,</span> <span class='ocrx_word' id='word_1_176' title='bbox 546 2079 699 2130; x_wconf 81' lang='lat' dir='ltr'>postea</span> <span class='ocrx_word' id='word_1_177' title='bbox 726 2076 895 2115; x_wconf 81' lang='lat' dir='ltr'>starent</span> <span class='ocrx_word' id='word_1_178' title='bbox 919 2072 965 2113; x_wconf 89' lang='lat' dir='ltr'>in</span> <span class='ocrx_word' id='word_1_179' title='bbox 989 2074 1230 2126; x_wconf 85' lang='lat' dir='ltr'>conspectu</span> <span class='ocrx_word' id='word_1_180' title='bbox 1251 2069 1382 2124; x_wconf 83' lang='lat' dir='ltr'>regis.</span> 
     </span>
    </p>

    <p class='ocr_par' dir='ltr' id='par_1_15' title="bbox 373 2127 2221 3260">
     <span class='ocr_line' id='line_1_40' title="bbox 434 2127 2221 2187; baseline -0.004 -11"><span class='ocrx_word' id='word_1_181' title='bbox 434 2136 450 2160; x_wconf 71' lang='lat'>‘¹&#39;</span> <span class='ocrx_word' id='word_1_182' title='bbox 473 2134 671 2176; x_wconf 86' lang='lat' dir='ltr'>Fuerunt</span> <span class='ocrx_word' id='word_1_183' title='bbox 704 2145 808 2187; x_wconf 82' lang='lat' dir='ltr'>ergo</span> <span class='ocrx_word' id='word_1_184' title='bbox 841 2130 958 2173; x_wconf 87' lang='lat' dir='ltr'>inter</span> <span class='ocrx_word' id='word_1_185' title='bbox 991 2143 1064 2173; x_wconf 87' lang='lat' dir='ltr'>eos</span> <span class='ocrx_word' id='word_1_186' title='bbox 1098 2129 1152 2172; x_wconf 90' lang='lat' dir='ltr'>de</span> <span class='ocrx_word' id='word_1_187' title='bbox 1184 2128 1288 2171; x_wconf 87' lang='lat' dir='ltr'>filiis</span> <span class='ocrx_word' id='word_1_188' title='bbox 1319 2128 1460 2183; x_wconf 78' lang='lat' dir='ltr'>Juda,</span> <span class='ocrx_word' id='word_1_189' title='bbox 1502 2127 1685 2183; x_wconf 82' lang='lat' dir='ltr'>Daniel,</span> <span class='ocrx_word' id='word_1_190' title='bbox 1724 2127 2147 2183; x_wconf 85' lang='lat' dir='ltr'>Ananias,-Misael</span> <span class='ocrx_word' id='word_1_191' title='bbox 2176 2131 2221 2170; x_wconf 83' lang='lat' dir='ltr'>et</span> 
     </span>
     <span class='ocr_line' id='line_1_41' title="bbox 374 2186 2218 2247; baseline -0.004 -11"><span class='ocrx_word' id='word_1_192' title='bbox 374 2193 573 2236; x_wconf 83' lang='lat' dir='ltr'>Azarias.</span> <span class='ocrx_word' id='word_1_193' title='bbox 593 2191 607 2218; x_wconf 86' lang='lat'><strong>7</strong></span> <span class='ocrx_word' id='word_1_194' title='bbox 630 2193 688 2234; x_wconf 85' lang='lat' dir='ltr'>Et</span> <span class='ocrx_word' id='word_1_195' title='bbox 711 2190 925 2247; x_wconf 78' lang='lat' dir='ltr'>imposuit</span> <span class='ocrx_word' id='word_1_196' title='bbox 952 2191 1014 2232; x_wconf 73' lang='lat' dir='ltr'>eis</span> <span class='ocrx_word' id='word_1_197' title='bbox 1041 2188 1306 2246; x_wconf 62' lang='lat' dir='ltr'>praepositus</span> <span class='ocrx_word' id='word_1_198' title='bbox 1334 2188 1638 2231; x_wconf 87' lang='lat' dir='ltr'>eunuchorum</span> <span class='ocrx_word' id='word_1_199' title='bbox 1661 2187 1867 2230; x_wconf 86' lang='lat' dir='ltr'>nomina:</span> <span class='ocrx_word' id='word_1_200' title='bbox 1894 2186 2086 2242; x_wconf 84' lang='lat' dir='ltr'>Danieli,</span> <span class='ocrx_word' id='word_1_201' title='bbox 2116 2186 2218 2229; x_wconf 86' lang='lat' dir='ltr'>Bal—</span> 
     </span>
     <span class='ocr_line' id='line_1_42' title="bbox 374 2246 2219 2307; baseline -0.004 -11"><span class='ocrx_word' id='word_1_202' title='bbox 374 2259 538 2307; x_wconf 81' lang='lat' dir='ltr'>tassar3</span> <span class='ocrx_word' id='word_1_203' title='bbox 567 2251 782 2306; x_wconf 83' lang='lat' dir='ltr'>Ananiae,</span> <span class='ocrx_word' id='word_1_204' title='bbox 806 2250 1018 2303; x_wconf 51' lang='lat' dir='ltr'>Sidi-acin</span> <span class='ocrx_word' id='word_1_205' title='bbox 1046 2248 1241 2307; x_wconf 74' lang='lat' dir='ltr'>Misaeli,</span> <span class='ocrx_word' id='word_1_206' title='bbox 1267 2248 1465 2301; x_wconf 76' lang='lat' dir='ltr'>Misach3</span> <span class='ocrx_word' id='word_1_207' title='bbox 1493 2254 1535 2290; x_wconf 83' lang='lat' dir='ltr'>et-</span> <span class='ocrx_word' id='word_1_208' title='bbox 1565 2247 1763 2303; x_wconf 82' lang='lat' dir='ltr'>Azariae,</span> <span class='ocrx_word' id='word_1_209' title='bbox 1791 2247 2055 2302; x_wconf 83' lang='lat' dir='ltr'>Abdenago.</span> <span class='ocrx_word' id='word_1_210' title='bbox 2079 2246 2096 2272; x_wconf 68' lang='lat'><strong>⁸</strong></span> <span class='ocrx_word' id='word_1_211' title='bbox 2114 2247 2219 2289; x_wconf 86' lang='lat' dir='ltr'>Pro-</span> 
     </span>
     <span class='ocr_line' id='line_1_43' title="bbox 374 2306 2220 2370; baseline -0.003 -14"><span class='ocrx_word' id='word_1_212' title='bbox 374 2312 520 2370; x_wconf 86' lang='lat' dir='ltr'>posuit</span> <span class='ocrx_word' id='word_1_213' title='bbox 542 2317 693 2354; x_wconf 83' lang='lat' dir='ltr'>autem</span> <span class='ocrx_word' id='word_1_214' title='bbox 726 2310 887 2354; x_wconf 86' lang='lat' dir='ltr'>Daniel</span> <span class='ocrx_word' id='word_1_215' title='bbox 912 2309 958 2351; x_wconf 92' lang='lat' dir='ltr'>in</span> <span class='ocrx_word' id='word_1_216' title='bbox 982 2308 1112 2351; x_wconf 84' lang='lat' dir='ltr'>corde</span> <span class='ocrx_word' id='word_1_217' title='bbox 1141 2322 1242 2360; x_wconf 86' lang='lat' dir='ltr'>suo,</span> <span class='ocrx_word' id='word_1_218' title='bbox 1268 2321 1323 2350; x_wconf 85' lang='lat' dir='ltr'>ne</span> <span class='ocrx_word' id='word_1_219' title='bbox 1353 2308 1624 2364; x_wconf 71' lang='lat' dir='ltr'>pollueretur</span> <span class='ocrx_word' id='word_1_220' title='bbox 1649 2307 1703 2350; x_wconf 92' lang='lat' dir='ltr'>de</span> <span class='ocrx_word' id='word_1_221' title='bbox 1730 2321 1884 2350; x_wconf 88' lang='lat' dir='ltr'>mensa</span> <span class='ocrx_word' id='word_1_222' title='bbox 1912 2306 2050 2363; x_wconf 86' lang='lat' dir='ltr'>regis,</span> <span class='ocrx_word' id='word_1_223' title='bbox 2078 2320 2220 2362; x_wconf 82' lang='lat' dir='ltr'>neque</span> 
     </span>
     <span class='ocr_line' id='line_1_44' title="bbox 374 2366 2220 2428; baseline -0.004 -13"><span class='ocrx_word' id='word_1_224' title='bbox 374 2372 428 2415; x_wconf 87' lang='lat' dir='ltr'>de</span> <span class='ocrx_word' id='word_1_225' title='bbox 454 2371 558 2414; x_wconf 82' lang='lat' dir='ltr'>vino</span> <span class='ocrx_word' id='word_1_226' title='bbox 591 2377 721 2428; x_wconf 84' lang='lat' dir='ltr'>potus</span> <span class='ocrx_word' id='word_1_227' title='bbox 756 2370 876 2426; x_wconf 69' lang='lat' dir='ltr'>ejus,</span> <span class='ocrx_word' id='word_1_228' title='bbox 914 2375 957 2412; x_wconf 89' lang='lat' dir='ltr'>et</span> <span class='ocrx_word' id='word_1_229' title='bbox 989 2367 1165 2424; x_wconf 76' lang='lat' dir='ltr'>rogavit</span> <span class='ocrx_word' id='word_1_230' title='bbox 1198 2367 1501 2411; x_wconf 85' lang='lat' dir='ltr'>eunuchorum</span> <span class='ocrx_word' id='word_1_231' title='bbox 1530 2366 1821 2423; x_wconf 52' lang='lat' dir='ltr'>praepositum</span> <span class='ocrx_word' id='word_1_232' title='bbox 1854 2381 1910 2409; x_wconf 88' lang='lat' dir='ltr'>ne</span> <span class='ocrx_word' id='word_1_233' title='bbox 1944 2366 2220 2409; x_wconf 86' lang='lat' dir='ltr'>contamina-</span> 
     </span>
     <span class='ocr_line' id='line_1_45' title="bbox 373 2426 2217 2483; baseline -0.004 -8"><span class='ocrx_word' id='word_1_234' title='bbox 373 2437 507 2475; x_wconf 83' lang='lat' dir='ltr'>retur.</span> <span class='ocrx_word' id='word_1_235' title='bbox 527 2432 544 2457; x_wconf 76' lang='lat'>9</span> <span class='ocrx_word' id='word_1_236' title='bbox 564 2431 700 2474; x_wconf 88' lang='lat' dir='ltr'>Dedit</span> <span class='ocrx_word' id='word_1_237' title='bbox 724 2437 875 2473; x_wconf 89' lang='lat' dir='ltr'>autem</span> <span class='ocrx_word' id='word_1_238' title='bbox 902 2430 1023 2471; x_wconf 90' lang='lat' dir='ltr'>Deus</span> <span class='ocrx_word' id='word_1_239' title='bbox 1050 2427 1228 2470; x_wconf 82' lang='lat' dir='ltr'>Danieli</span> <span class='ocrx_word' id='word_1_240' title='bbox 1256 2427 1449 2483; x_wconf 77' lang='lat' dir='ltr'>gratiam</span> <span class='ocrx_word' id='word_1_241' title='bbox 1475 2432 1518 2470; x_wconf 86' lang='lat' dir='ltr'>et</span> <span class='ocrx_word' id='word_1_242' title='bbox 1540 2426 1893 2469; x_wconf 65' lang='lat' dir='ltr'>misericordiam</span> <span class='ocrx_word' id='word_1_243' title='bbox 1913 2426 1959 2468; x_wconf 89' lang='lat' dir='ltr'>in</span> <span class='ocrx_word' id='word_1_244' title='bbox 1978 2430 2217 2481; x_wconf 86' lang='lat' dir='ltr'>conspectu</span> 
     </span>
     <span class='ocr_line' id='line_1_46' title="bbox 373 2484 2218 2548; baseline -0.004 -14"><span class='ocrx_word' id='word_1_245' title='bbox 373 2491 587 2548; x_wconf 84' lang='lat' dir='ltr'>principis</span> <span class='ocrx_word' id='word_1_246' title='bbox 619 2490 934 2534; x_wconf 84' lang='lat' dir='ltr'>eunuchorum.</span> <span class='ocrx_word' id='word_1_247' title='bbox 967 2487 1002 2514; x_wconf 82' lang='lat'>&#39;¹⁰</span> <span class='ocrx_word' id='word_1_248' title='bbox 1021 2489 1078 2530; x_wconf 86' lang='lat' dir='ltr'>Et</span> <span class='ocrx_word' id='word_1_249' title='bbox 1107 2487 1170 2530; x_wconf 88' lang='lat' dir='ltr'>ait</span> <span class='ocrx_word' id='word_1_250' title='bbox 1199 2487 1405 2544; x_wconf 84' lang='lat' dir='ltr'>princeps</span> <span class='ocrx_word' id='word_1_251' title='bbox 1437 2486 1739 2529; x_wconf 86' lang='lat' dir='ltr'>eunuchorum</span> <span class='ocrx_word' id='word_1_252' title='bbox 1764 2486 1821 2528; x_wconf 91' lang='lat' dir='ltr'>ad</span> <span class='ocrx_word' id='word_1_253' title='bbox 1849 2485 2085 2528; x_wconf 84' lang='lat' dir='ltr'>Danielem</span> <span class='ocrx_word' id='word_1_254' title='bbox 2109 2501 2116 2528; x_wconf 93' lang='lat'>:</span> <span class='ocrx_word' id='word_1_255' title='bbox 2145 2484 2218 2527; x_wconf 85' lang='lat' dir='ltr'>Ti-</span> 
     </span>
     <span class='ocr_line' id='line_1_47' title="bbox 373 2545 2212 2606; baseline -0.004 -12"><span class='ocrx_word' id='word_1_256' title='bbox 373 2565 471 2594; x_wconf 85' lang='lat' dir='ltr'>meo</span> <span class='ocrx_word' id='word_1_257' title='bbox 506 2564 587 2606; x_wconf 85' lang='lat' dir='ltr'>ego</span> <span class='ocrx_word' id='word_1_258' title='bbox 619 2550 850 2593; x_wconf 87' lang='lat' dir='ltr'>dominum</span> <span class='ocrx_word' id='word_1_259' title='bbox 880 2563 1026 2591; x_wconf 86' lang='lat' dir='ltr'>meum</span> <span class='ocrx_word' id='word_1_260' title='bbox 1060 2562 1232 2603; x_wconf 77' lang='lat' dir='ltr'>regem,</span> <span class='ocrx_word' id='word_1_261' title='bbox 1261 2546 1334 2602; x_wconf 85' lang='lat' dir='ltr'>qui</span> <span class='ocrx_word' id='word_1_262' title='bbox 1369 2545 1602 2588; x_wconf 84' lang='lat' dir='ltr'>constituit</span> <span class='ocrx_word' id='word_1_263' title='bbox 1631 2545 1757 2587; x_wconf 76' lang='lat' dir='ltr'>vobis</span> <span class='ocrx_word' id='word_1_264' title='bbox 1785 2545 1935 2587; x_wconf 88' lang='lat' dir='ltr'>cibum</span> <span class='ocrx_word' id='word_1_265' title='bbox 1960 2550 2004 2587; x_wconf 90' lang='lat' dir='ltr'>et</span> <span class='ocrx_word' id='word_1_266' title='bbox 2037 2550 2212 2601; x_wconf 83' lang='lat' dir='ltr'>potum3</span> 
     </span>
     <span class='ocr_line' id='line_1_48' title="bbox 376 2604 2219 2667; baseline -0.004 -14"><span class='ocrx_word' id='word_1_267' title='bbox 376 2611 449 2667; x_wconf 86' lang='lat' dir='ltr'>qui</span> <span class='ocrx_word' id='word_1_268' title='bbox 487 2610 524 2653; x_wconf 90' lang='lat' dir='ltr'>si</span> <span class='ocrx_word' id='word_1_269' title='bbox 560 2610 723 2653; x_wconf 79' lang='lat' dir='ltr'>viderit</span> <span class='ocrx_word' id='word_1_270' title='bbox 760 2610 910 2652; x_wconf 81' lang='lat' dir='ltr'>vultus</span> <span class='ocrx_word' id='word_1_271' title='bbox 949 2613 1118 2650; x_wconf 77' lang='lat' dir='ltr'>vestros</span> <span class='ocrx_word' id='word_1_272' title='bbox 1163 2606 1491 2650; x_wconf 71' lang='lat' dir='ltr'>macilentiores</span> <span class='ocrx_word' id='word_1_273' title='bbox 1529 2621 1618 2662; x_wconf 83' lang='lat' dir='ltr'>prae</span> <span class='ocrx_word' id='word_1_274' title='bbox 1657 2604 1814 2647; x_wconf 81' lang='lat' dir='ltr'>ceteris</span> <span class='ocrx_word' id='word_1_275' title='bbox 1859 2604 2219 2647; x_wconf 79' lang='lat' dir='ltr'>adolescentibus</span> 
     </span>
     <span class='ocr_line' id='line_1_49' title="bbox 376 2663 2218 2725; baseline -0.004 -12"><span class='ocrx_word' id='word_1_276' title='bbox 376 2670 538 2713; x_wconf 77' lang='lat' dir='ltr'>coaevis</span> <span class='ocrx_word' id='word_1_277' title='bbox 571 2670 749 2725; x_wconf 73' lang='lat' dir='ltr'>vestris,</span> <span class='ocrx_word' id='word_1_278' title='bbox 785 2667 1143 2719; x_wconf 86' lang='lat' dir='ltr'>condemnabitis</span> <span class='ocrx_word' id='word_1_279' title='bbox 1174 2670 1309 2723; x_wconf 83' lang='lat' dir='ltr'>caput</span> <span class='ocrx_word' id='word_1_280' title='bbox 1338 2680 1488 2709; x_wconf 87' lang='lat' dir='ltr'>meum</span> <span class='ocrx_word' id='word_1_281' title='bbox 1517 2665 1625 2721; x_wconf 76' lang='lat' dir='ltr'>regi.</span> <span class='ocrx_word' id='word_1_282' title='bbox 1662 2664 1694 2689; x_wconf 86' lang='grc'>11</span> <span class='ocrx_word' id='word_1_283' title='bbox 1723 2666 1780 2706; x_wconf 85' lang='lat' dir='ltr'>Et</span> <span class='ocrx_word' id='word_1_284' title='bbox 1819 2664 1933 2707; x_wconf 72' lang='lat' dir='ltr'>dixit</span> <span class='ocrx_word' id='word_1_285' title='bbox 1968 2663 2129 2706; x_wconf 78' lang='lat' dir='ltr'>Daniel</span> <span class='ocrx_word' id='word_1_286' title='bbox 2162 2663 2218 2706; x_wconf 89' lang='lat' dir='ltr'>ad</span> 
     </span>
     <span class='ocr_line' id='line_1_50' title="bbox 375 2723 2219 2785; baseline -0.004 -13"><span class='ocrx_word' id='word_1_287' title='bbox 375 2729 583 2785; x_wconf 86' lang='lat' dir='ltr'>Malasar,</span> <span class='ocrx_word' id='word_1_288' title='bbox 611 2744 740 2785; x_wconf 89' lang='lat' dir='ltr'>quem</span> <span class='ocrx_word' id='word_1_289' title='bbox 773 2728 1063 2772; x_wconf 84' lang='lat' dir='ltr'>constituerat</span> <span class='ocrx_word' id='word_1_290' title='bbox 1096 2726 1302 2783; x_wconf 83' lang='lat' dir='ltr'>princeps</span> <span class='ocrx_word' id='word_1_291' title='bbox 1328 2725 1630 2768; x_wconf 86' lang='lat' dir='ltr'>eunuchorum</span> <span class='ocrx_word' id='word_1_292' title='bbox 1656 2738 1786 2780; x_wconf 78' lang='lat' dir='ltr'>super</span> <span class='ocrx_word' id='word_1_293' title='bbox 1811 2723 2066 2779; x_wconf 85' lang='lat' dir='ltr'>Danielem,</span> <span class='ocrx_word' id='word_1_294' title='bbox 2097 2724 2219 2765; x_wconf 89' lang='lat' dir='ltr'>Ana-</span> 
     </span>
     <span class='ocr_line' id='line_1_51' title="bbox 376 2781 2219 2840; baseline -0.004 -8"><span class='ocrx_word' id='word_1_295' title='bbox 376 2790 517 2840; x_wconf 76' lang='lat' dir='ltr'>niam,</span> <span class='ocrx_word' id='word_1_296' title='bbox 542 2789 773 2832; x_wconf 85' lang='lat' dir='ltr'>Misaelem</span> <span class='ocrx_word' id='word_1_297' title='bbox 803 2794 845 2831; x_wconf 89' lang='lat' dir='ltr'>et</span> <span class='ocrx_word' id='word_1_298' title='bbox 871 2787 1082 2830; x_wconf 78' lang='lat' dir='ltr'>Azariani</span> <span class='ocrx_word' id='word_1_299' title='bbox 1107 2803 1117 2828; x_wconf 67' lang='grc' dir='ltr'><strong><em>τ</em></strong></span> <span class='ocrx_word' id='word_1_300' title='bbox 1143 2785 1180 2811; x_wconf 58' lang='grc'>11</span> <span class='ocrx_word' id='word_1_301' title='bbox 1198 2786 1342 2828; x_wconf 85' lang='lat' dir='ltr'>Teuta</span> <span class='ocrx_word' id='word_1_302' title='bbox 1372 2799 1471 2840; x_wconf 89' lang='lat' dir='ltr'>nos,</span> <span class='ocrx_word' id='word_1_303' title='bbox 1505 2785 1706 2839; x_wconf 79' lang='lat' dir='ltr'>obscero,</span> <span class='ocrx_word' id='word_1_304' title='bbox 1737 2798 1886 2826; x_wconf 81' lang='lat' dir='ltr'>servos</span> <span class='ocrx_word' id='word_1_305' title='bbox 1916 2789 2034 2838; x_wconf 89' lang='lat' dir='ltr'>tuos,</span> <span class='ocrx_word' id='word_1_306' title='bbox 2063 2781 2219 2825; x_wconf 86' lang='lat' dir='ltr'>diebus</span> 
     </span>
     <span class='ocr_line' id='line_1_52' title="bbox 377 2841 2215 2904; baseline -0.005 -13"><span class='ocrx_word' id='word_1_307' title='bbox 377 2849 552 2904; x_wconf 83' lang='lat' dir='ltr'>decem,</span> <span class='ocrx_word' id='word_1_308' title='bbox 580 2855 623 2892; x_wconf 87' lang='lat' dir='ltr'>et</span> <span class='ocrx_word' id='word_1_309' title='bbox 650 2849 808 2891; x_wconf 85' lang='lat' dir='ltr'>dentur</span> <span class='ocrx_word' id='word_1_310' title='bbox 834 2847 961 2890; x_wconf 87' lang='lat' dir='ltr'>nobis</span> <span class='ocrx_word' id='word_1_311' title='bbox 987 2845 1215 2902; x_wconf 82' lang='lat' dir='ltr'>legumina</span> <span class='ocrx_word' id='word_1_312' title='bbox 1241 2845 1299 2888; x_wconf 90' lang='lat' dir='ltr'>ad</span> <span class='ocrx_word' id='word_1_313' title='bbox 1329 2844 1621 2899; x_wconf 70' lang='lat' dir='ltr'>vescendum,</span> <span class='ocrx_word' id='word_1_314' title='bbox 1647 2848 1688 2886; x_wconf 89' lang='lat' dir='ltr'>et</span> <span class='ocrx_word' id='word_1_315' title='bbox 1714 2858 1829 2899; x_wconf 86' lang='lat' dir='ltr'>aqua</span> <span class='ocrx_word' id='word_1_316' title='bbox 1855 2842 1912 2886; x_wconf 88' lang='lat' dir='ltr'>ad</span> <span class='ocrx_word' id='word_1_317' title='bbox 1941 2841 2215 2895; x_wconf 88' lang='lat' dir='ltr'>bibendum;</span> 
     </span>
     <span class='ocr_line' id='line_1_53' title="bbox 377 2900 2219 2965; baseline -0.004 -14"><span class='ocrx_word' id='word_1_318' title='bbox 377 2908 413 2934; x_wconf 83' lang='grc'>13</span> <span class='ocrx_word' id='word_1_319' title='bbox 431 2914 473 2951; x_wconf 87' lang='lat' dir='ltr'>et</span> <span class='ocrx_word' id='word_1_320' title='bbox 507 2908 809 2965; x_wconf 80' lang='lat' dir='ltr'>contemplare</span> <span class='ocrx_word' id='word_1_321' title='bbox 835 2907 985 2963; x_wconf 66' lang='lat' dir='ltr'>vultus</span> <span class='ocrx_word' id='word_1_322' title='bbox 1011 2911 1204 2961; x_wconf 84' lang='lat' dir='ltr'>nostros,</span> <span class='ocrx_word' id='word_1_323' title='bbox 1235 2910 1279 2948; x_wconf 90' lang='lat' dir='ltr'>et</span> <span class='ocrx_word' id='word_1_324' title='bbox 1305 2905 1456 2947; x_wconf 79' lang='lat' dir='ltr'>vultus</span> <span class='ocrx_word' id='word_1_325' title='bbox 1484 2917 1720 2960; x_wconf 83' lang='lat' dir='ltr'>puerorum</span> <span class='ocrx_word' id='word_1_326' title='bbox 1753 2902 2094 2958; x_wconf 86' lang='lat' dir='ltr'>quivescuntur</span> <span class='ocrx_word' id='word_1_327' title='bbox 2120 2900 2219 2944; x_wconf 89' lang='lat' dir='ltr'>cibo</span> 
     </span>
     <span class='ocr_line' id='line_1_54' title="bbox 375 2961 2219 3023; baseline -0.004 -12"><span class='ocrx_word' id='word_1_328' title='bbox 375 2968 522 3023; x_wconf 71' lang='lat' dir='ltr'>regio,</span> <span class='ocrx_word' id='word_1_329' title='bbox 559 2974 603 3011; x_wconf 89' lang='lat' dir='ltr'>et</span> <span class='ocrx_word' id='word_1_330' title='bbox 635 2968 751 3010; x_wconf 84' lang='lat' dir='ltr'>sicut</span> <span class='ocrx_word' id='word_1_331' title='bbox 783 2967 970 3021; x_wconf 75' lang='lat' dir='ltr'>videris,</span> <span class='ocrx_word' id='word_1_332' title='bbox 1004 2965 1146 3008; x_wconf 76' lang='lat' dir='ltr'>facies</span> <span class='ocrx_word' id='word_1_333' title='bbox 1185 2979 1287 3007; x_wconf 88' lang='lat' dir='ltr'>cum</span> <span class='ocrx_word' id='word_1_334' title='bbox 1319 2964 1457 3007; x_wconf 79' lang='lat' dir='ltr'>servis</span> <span class='ocrx_word' id='word_1_335' title='bbox 1491 2963 1592 3009; x_wconf 89' lang='lat' dir='ltr'>tuis.</span> <span class='ocrx_word' id='word_1_336' title='bbox 1630 2962 1665 2988; x_wconf 76' lang='lat'>14</span> <span class='ocrx_word' id='word_1_337' title='bbox 1692 2962 1795 3017; x_wconf 81' lang='lat' dir='ltr'>Qui,</span> <span class='ocrx_word' id='word_1_338' title='bbox 1829 2961 1983 3004; x_wconf 83' lang='lat' dir='ltr'>audito</span> <span class='ocrx_word' id='word_1_339' title='bbox 2017 2975 2219 3004; x_wconf 79' lang='lat' dir='ltr'>sermone</span> 
     </span>
     <span class='ocr_line' id='line_1_55' title="bbox 375 3021 2220 3083; baseline -0.004 -13"><span class='ocrx_word' id='word_1_340' title='bbox 375 3027 706 3083; x_wconf 78' lang='lat' dir='ltr'>hujuscemodi,</span> <span class='ocrx_word' id='word_1_341' title='bbox 735 3027 927 3070; x_wconf 81' lang='lat' dir='ltr'>tentavit</span> <span class='ocrx_word' id='word_1_342' title='bbox 953 3040 1026 3069; x_wconf 88' lang='lat' dir='ltr'>eos</span> <span class='ocrx_word' id='word_1_343' title='bbox 1052 3024 1208 3067; x_wconf 86' lang='lat' dir='ltr'>diebus</span> <span class='ocrx_word' id='word_1_344' title='bbox 1235 3024 1403 3067; x_wconf 83' lang='lat' dir='ltr'>decem.</span> <span class='ocrx_word' id='word_1_345' title='bbox 1424 3023 1459 3049; x_wconf 79' lang='grc'>15</span> <span class='ocrx_word' id='word_1_346' title='bbox 1479 3023 1583 3065; x_wconf 85' lang='lat' dir='ltr'>Post</span> <span class='ocrx_word' id='word_1_347' title='bbox 1603 3022 1697 3065; x_wconf 87' lang='lat' dir='ltr'>dies</span> <span class='ocrx_word' id='word_1_348' title='bbox 1718 3026 1869 3064; x_wconf 87' lang='lat' dir='ltr'>autem</span> <span class='ocrx_word' id='word_1_349' title='bbox 1892 3021 2059 3076; x_wconf 87' lang='lat' dir='ltr'>decem,</span> <span class='ocrx_word' id='word_1_350' title='bbox 2083 3035 2220 3077; x_wconf 82' lang='lat' dir='ltr'>appa-</span> 
     </span>
     <span class='ocr_line' id='line_1_56' title="bbox 375 3079 2218 3140; baseline -0.004 -11"><span class='ocrx_word' id='word_1_351' title='bbox 375 3092 557 3129; x_wconf 87' lang='lat' dir='ltr'>ruerunt</span> <span class='ocrx_word' id='word_1_352' title='bbox 583 3087 728 3129; x_wconf 75' lang='lat' dir='ltr'>vultus</span> <span class='ocrx_word' id='word_1_353' title='bbox 759 3100 910 3129; x_wconf 88' lang='lat' dir='ltr'>eorum</span> <span class='ocrx_word' id='word_1_354' title='bbox 939 3085 1142 3128; x_wconf 84' lang='lat' dir='ltr'>meliores</span> <span class='ocrx_word' id='word_1_355' title='bbox 1173 3088 1216 3127; x_wconf 88' lang='lat' dir='ltr'>et</span> <span class='ocrx_word' id='word_1_356' title='bbox 1246 3081 1590 3140; x_wconf 79' lang='lat' dir='ltr'>corpulentiores</span> <span class='ocrx_word' id='word_1_357' title='bbox 1620 3096 1711 3138; x_wconf 83' lang='lat' dir='ltr'>prae</span> <span class='ocrx_word' id='word_1_358' title='bbox 1741 3080 1946 3123; x_wconf 85' lang='lat' dir='ltr'>omnibus</span> <span class='ocrx_word' id='word_1_359' title='bbox 1972 3080 2118 3137; x_wconf 85' lang='lat' dir='ltr'>pueris</span> <span class='ocrx_word' id='word_1_360' title='bbox 2144 3079 2218 3135; x_wconf 87' lang='lat' dir='ltr'>qui</span> 
     </span>
     <span class='ocr_line' id='line_1_57' title="bbox 376 3139 2219 3201; baseline -0.004 -13"><span class='ocrx_word' id='word_1_361' title='bbox 376 3145 671 3189; x_wconf 75' lang='lat' dir='ltr'>vescebantur</span> <span class='ocrx_word' id='word_1_362' title='bbox 701 3145 800 3188; x_wconf 89' lang='lat' dir='ltr'>cibo</span> <span class='ocrx_word' id='word_1_363' title='bbox 829 3145 963 3201; x_wconf 83' lang='lat' dir='ltr'>regio.</span> <span class='ocrx_word' id='word_1_364' title='bbox 990 3144 1026 3170; x_wconf 72' lang='grc'>16</span> <span class='ocrx_word' id='word_1_365' title='bbox 1053 3144 1187 3186; x_wconf 90' lang='lat' dir='ltr'>Porro</span> <span class='ocrx_word' id='word_1_366' title='bbox 1213 3143 1409 3185; x_wconf 86' lang='lat' dir='ltr'>Malasar</span> <span class='ocrx_word' id='word_1_367' title='bbox 1438 3141 1625 3185; x_wconf 83' lang='lat' dir='ltr'>tollebat</span> <span class='ocrx_word' id='word_1_368' title='bbox 1651 3139 1817 3182; x_wconf 83' lang='lat' dir='ltr'>cibaria</span> <span class='ocrx_word' id='word_1_369' title='bbox 1845 3145 1887 3187; x_wconf 83' lang='lat' dir='ltr'>et</span> <span class='ocrx_word' id='word_1_370' title='bbox 1912 3140 2068 3182; x_wconf 67' lang='lat' dir='ltr'>vinum</span> <span class='ocrx_word' id='word_1_371' title='bbox 2090 3146 2219 3196; x_wconf 82' lang='lat' dir='ltr'>potus</span> 
     </span>
     <span class='ocr_line' id='line_1_58' title="bbox 378 3203 1680 3260; baseline -0.004 -12"><span class='ocrx_word' id='word_1_372' title='bbox 378 3219 550 3259; x_wconf 88' lang='lat' dir='ltr'>eorum,</span> <span class='ocrx_word' id='word_1_373' title='bbox 577 3204 800 3259; x_wconf 82' lang='lat' dir='ltr'>dabatque</span> <span class='ocrx_word' id='word_1_374' title='bbox 824 3205 885 3247; x_wconf 83' lang='lat' dir='ltr'>eis</span> <span class='ocrx_word' id='word_1_375' title='bbox 911 3203 1153 3260; x_wconf 86' lang='lat' dir='ltr'>legumina.</span> <span class='ocrx_word' id='word_1_376' title='bbox 1677 3217 1680 3221; x_wconf 77' lang='grc'>’</span> 
     </span>
    </p>

    <p class='ocr_par' dir='ltr' id='par_1_16' title="bbox 377 3257 2252 3675">
     <span class='ocr_line' id='line_1_59' title="bbox 438 3257 2218 3315; baseline -0.004 -8"><span class='ocrx_word' id='word_1_377' title='bbox 438 3264 471 3291; x_wconf 83' lang='grc'>17</span> <span class='ocrx_word' id='word_1_378' title='bbox 492 3264 645 3307; x_wconf 88' lang='lat' dir='ltr'>Pueris</span> <span class='ocrx_word' id='word_1_379' title='bbox 666 3269 816 3306; x_wconf 84' lang='lat' dir='ltr'>autem</span> <span class='ocrx_word' id='word_1_380' title='bbox 841 3263 910 3305; x_wconf 86' lang='lat' dir='ltr'>his</span> <span class='ocrx_word' id='word_1_381' title='bbox 933 3263 1056 3306; x_wconf 88' lang='lat' dir='ltr'>dedit</span> <span class='ocrx_word' id='word_1_382' title='bbox 1079 3263 1197 3305; x_wconf 88' lang='lat' dir='ltr'>Deus</span> <span class='ocrx_word' id='word_1_383' title='bbox 1220 3261 1455 3305; x_wconf 84' lang='lat' dir='ltr'>scientiam</span> <span class='ocrx_word' id='word_1_384' title='bbox 1480 3266 1524 3304; x_wconf 82' lang='lat' dir='ltr'>et</span> <span class='ocrx_word' id='word_1_385' title='bbox 1550 3260 1856 3315; x_wconf 75' lang='lat' dir='ltr'>disciplinam,</span> <span class='ocrx_word' id='word_1_386' title='bbox 1882 3259 1929 3301; x_wconf 89' lang='lat' dir='ltr'>in</span> <span class='ocrx_word' id='word_1_387' title='bbox 1955 3258 2088 3302; x_wconf 88' lang='lat' dir='ltr'>omni</span> <span class='ocrx_word' id='word_1_388' title='bbox 2106 3257 2218 3301; x_wconf 87' lang='lat' dir='ltr'>libro</span> 
     </span>
     <span class='ocr_line' id='line_1_60' title="bbox 378 3317 2216 3381; baseline -0.004 -14"><span class='ocrx_word' id='word_1_389' title='bbox 378 3329 421 3367; x_wconf 91' lang='lat' dir='ltr'>et</span> <span class='ocrx_word' id='word_1_390' title='bbox 446 3323 690 3381; x_wconf 80' lang='lat' dir='ltr'>sapientia3</span> <span class='ocrx_word' id='word_1_391' title='bbox 716 3322 894 3365; x_wconf 88' lang='lat' dir='ltr'>Danieli</span> <span class='ocrx_word' id='word_1_392' title='bbox 927 3334 1075 3366; x_wconf 80' lang='lat' dir='ltr'>autem</span> <span class='ocrx_word' id='word_1_393' title='bbox 1102 3321 1452 3377; x_wconf 83' lang='lat' dir='ltr'>intelligentiam</span> <span class='ocrx_word' id='word_1_394' title='bbox 1483 3319 1680 3362; x_wconf 88' lang='lat' dir='ltr'>omnium</span> <span class='ocrx_word' id='word_1_395' title='bbox 1709 3319 1931 3361; x_wconf 71' lang='lat' dir='ltr'>visionum</span> <span class='ocrx_word' id='word_1_396' title='bbox 1957 3323 2000 3360; x_wconf 90' lang='lat' dir='ltr'>et</span> <span class='ocrx_word' id='word_1_397' title='bbox 2026 3317 2216 3360; x_wconf 84' lang='lat' dir='ltr'>somnio-</span> 
     </span>
     <span class='ocr_line' id='line_1_61' title="bbox 377 3377 2216 3439; baseline -0.004 -13"><span class='ocrx_word' id='word_1_398' title='bbox 377 3398 489 3426; x_wconf 88' lang='lat' dir='ltr'>rum.</span> <span class='ocrx_word' id='word_1_399' title='bbox 510 3383 545 3409; x_wconf 77' lang='lat'>18</span> <span class='ocrx_word' id='word_1_400' title='bbox 564 3381 807 3439; x_wconf 84' lang='lat' dir='ltr'>Completis</span> <span class='ocrx_word' id='word_1_401' title='bbox 832 3381 982 3436; x_wconf 88' lang='lat' dir='ltr'>itaque</span> <span class='ocrx_word' id='word_1_402' title='bbox 1004 3381 1173 3437; x_wconf 89' lang='lat' dir='ltr'>diebus,</span> <span class='ocrx_word' id='word_1_403' title='bbox 1201 3386 1300 3438; x_wconf 84' lang='lat' dir='ltr'>post</span> <span class='ocrx_word' id='word_1_404' title='bbox 1326 3394 1431 3436; x_wconf 86' lang='lat' dir='ltr'>quos</span> <span class='ocrx_word' id='word_1_405' title='bbox 1455 3379 1627 3422; x_wconf 78' lang='lat' dir='ltr'>dixerat</span> <span class='ocrx_word' id='word_1_406' title='bbox 1652 3393 1728 3421; x_wconf 76' lang='lat' dir='ltr'>rex</span> <span class='ocrx_word' id='word_1_407' title='bbox 1751 3385 1799 3421; x_wconf 84' lang='lat' dir='ltr'>ut</span> <span class='ocrx_word' id='word_1_408' title='bbox 1819 3377 2216 3432; x_wconf 83' lang='lat' dir='ltr'>introducerentur,</span> 
     </span>
     <span class='ocr_line' id='line_1_62' title="bbox 378 3436 2217 3497; baseline -0.002 -13"><span class='ocrx_word' id='word_1_409' title='bbox 378 3442 627 3486; x_wconf 80' lang='lat' dir='ltr'>introduxit</span> <span class='ocrx_word' id='word_1_410' title='bbox 667 3455 739 3485; x_wconf 89' lang='lat' dir='ltr'>eos</span> <span class='ocrx_word' id='word_1_411' title='bbox 780 3440 1043 3497; x_wconf 83' lang='lat' dir='ltr'>praepositus</span> <span class='ocrx_word' id='word_1_412' title='bbox 1081 3441 1385 3483; x_wconf 85' lang='lat' dir='ltr'>eunuchorum</span> <span class='ocrx_word' id='word_1_413' title='bbox 1424 3439 1471 3481; x_wconf 85' lang='lat' dir='ltr'>in</span> <span class='ocrx_word' id='word_1_414' title='bbox 1512 3444 1751 3493; x_wconf 87' lang='lat' dir='ltr'>conspectu</span> <span class='ocrx_word' id='word_1_415' title='bbox 1793 3436 2217 3480; x_wconf 85' lang='lat' dir='ltr'>Nabuchodonosor.</span> 
     </span>
     <span class='ocr_line' id='line_1_63' title="bbox 380 3495 2218 3557; baseline -0.004 -13"><span class='ocrx_word' id='word_1_416' title='bbox 380 3500 416 3526; x_wconf 77' lang='grc'>19</span> <span class='ocrx_word' id='word_1_417' title='bbox 434 3499 633 3557; x_wconf 83' lang='lat' dir='ltr'>Cumque</span> <span class='ocrx_word' id='word_1_418' title='bbox 659 3501 720 3544; x_wconf 91' lang='lat' dir='ltr'>eis</span> <span class='ocrx_word' id='word_1_419' title='bbox 746 3501 920 3543; x_wconf 85' lang='lat' dir='ltr'>locutus</span> <span class='ocrx_word' id='word_1_420' title='bbox 944 3499 1106 3542; x_wconf 74' lang='lat' dir='ltr'>fuisset</span> <span class='ocrx_word' id='word_1_421' title='bbox 1127 3513 1224 3554; x_wconf 75' lang='lat' dir='ltr'>rex,</span> <span class='ocrx_word' id='word_1_422' title='bbox 1247 3514 1338 3542; x_wconf 88' lang='lat' dir='ltr'>non</span> <span class='ocrx_word' id='word_1_423' title='bbox 1363 3504 1465 3541; x_wconf 88' lang='lat' dir='ltr'>sunt</span> <span class='ocrx_word' id='word_1_424' title='bbox 1493 3497 1664 3540; x_wconf 81' lang='lat' dir='ltr'>inventi</span> <span class='ocrx_word' id='word_1_425' title='bbox 1691 3497 1803 3539; x_wconf 89' lang='lat' dir='ltr'>tales</span> <span class='ocrx_word' id='word_1_426' title='bbox 1826 3496 1879 3539; x_wconf 88' lang='lat' dir='ltr'>de</span> <span class='ocrx_word' id='word_1_427' title='bbox 1904 3495 2142 3550; x_wconf 87' lang='lat' dir='ltr'>universis,</span> <span class='ocrx_word' id='word_1_428' title='bbox 2169 3502 2218 3537; x_wconf 91' lang='lat' dir='ltr'>ut</span> 
     </span>
     <span class='ocr_line' id='line_1_64' title="bbox 382 3554 2252 3616; baseline -0.003 -13"><span class='ocrx_word' id='word_1_429' title='bbox 382 3561 556 3616; x_wconf 87' lang='lat' dir='ltr'>Daniel,</span> <span class='ocrx_word' id='word_1_430' title='bbox 581 3561 793 3615; x_wconf 88' lang='lat' dir='ltr'>Ananias,</span> <span class='ocrx_word' id='word_1_431' title='bbox 821 3558 981 3602; x_wconf 87' lang='lat' dir='ltr'>Misael</span> <span class='ocrx_word' id='word_1_432' title='bbox 1006 3564 1049 3601; x_wconf 83' lang='lat' dir='ltr'>et</span> <span class='ocrx_word' id='word_1_433' title='bbox 1075 3558 1285 3612; x_wconf 82' lang='lat' dir='ltr'>Azarias3</span> <span class='ocrx_word' id='word_1_434' title='bbox 1314 3562 1358 3601; x_wconf 92' lang='lat' dir='ltr'>et</span> <span class='ocrx_word' id='word_1_435' title='bbox 1379 3561 1597 3601; x_wconf 86' lang='lat' dir='ltr'>steterunt</span> <span class='ocrx_word' id='word_1_436' title='bbox 1617 3556 1664 3598; x_wconf 89' lang='lat' dir='ltr'>in</span> <span class='ocrx_word' id='word_1_437' title='bbox 1690 3561 1929 3612; x_wconf 86' lang='lat' dir='ltr'>conspectu</span> <span class='ocrx_word' id='word_1_438' title='bbox 1954 3555 2086 3611; x_wconf 84' lang='lat' dir='ltr'>regis.</span> <span class='ocrx_word' id='word_1_439' title='bbox 2106 3554 2143 3581; x_wconf 71' lang='lat'>‘²⁰</span> <span class='ocrx_word' id='word_1_440' title='bbox 2160 3555 2218 3597; x_wconf 88' lang='lat' dir='ltr'>Et</span> <span class='ocrx_word' id='word_1_441' title='bbox 2247 3576 2252 3580; x_wconf 92' lang='lat'><strong>·</strong></span> 
     </span>
     <span class='ocr_line' id='line_1_65' title="bbox 381 3614 2217 3675; baseline -0.004 -12"><span class='ocrx_word' id='word_1_442' title='bbox 381 3633 509 3663; x_wconf 87' lang='lat' dir='ltr'>omne</span> <span class='ocrx_word' id='word_1_443' title='bbox 536 3622 719 3663; x_wconf 75' lang='lat' dir='ltr'>verbum</span> <span class='ocrx_word' id='word_1_444' title='bbox 753 3617 985 3675; x_wconf 84' lang='lat' dir='ltr'>sapient-iae</span> <span class='ocrx_word' id='word_1_445' title='bbox 1019 3622 1063 3660; x_wconf 84' lang='lat' dir='ltr'>et</span> <span class='ocrx_word' id='word_1_446' title='bbox 1094 3617 1370 3673; x_wconf 83' lang='lat' dir='ltr'>intellectus,</span> <span class='ocrx_word' id='word_1_447' title='bbox 1399 3616 1515 3672; x_wconf 87' lang='lat' dir='ltr'>quod</span> <span class='ocrx_word' id='word_1_448' title='bbox 1549 3615 1802 3659; x_wconf 84' lang='lat' dir='ltr'>sciscitatus</span> <span class='ocrx_word' id='word_1_449' title='bbox 1835 3620 1900 3659; x_wconf 85' lang='lat' dir='ltr'>est</span> <span class='ocrx_word' id='word_1_450' title='bbox 1931 3614 1988 3657; x_wconf 86' lang='lat' dir='ltr'>ab</span> <span class='ocrx_word' id='word_1_451' title='bbox 2023 3614 2084 3658; x_wconf 86' lang='lat' dir='ltr'>eis</span> <span class='ocrx_word' id='word_1_452' title='bbox 2118 3628 2217 3671; x_wconf 74' lang='lat' dir='ltr'>rex,</span> 
     </span>
    </p>
   </div>
  </div>
 </body>
</html>
