2423 3861
158 677 184 704 3.
202 674 363 703 Parabola

155 717 369 746 talentorum.

175 2285 207 2311 40
223 2281 343 2312 Ultimi

199 2325 320 2361 judicii

161 2369 355 2403 descriptio.

453 140 561 183 1124
1080 138 1266 180 MATTH.
1302 139 1444 192 XXV,
1483 139 1642 181 10-43.

451 310 646 354 sufficiat
679 308 804 351 nobis
838 314 881 350 et
914 306 1060 362 vobis,
1086 307 1147 349 ite
1172 307 1318 363 potius
1343 307 1400 350 ad
1431 307 1674 352 vendentes
1703 313 1746 352 et
1775 309 1907 352 emite
1932 311 2071 355 vobis.
2101 311 2138 338 ¹0
2159 313 2276 355 Dum

448 374 597 412 autem
623 369 736 410 irent
762 380 924 421 emere,
951 365 1074 408 venit
1099 379 1284 422 sponsus
1305 383 1313 420 3
1339 370 1382 409 et
1408 380 1505 421 quae
1530 372 1698 422 paratae
1725 373 1850 410 erant-
1874 367 2153 414 intraverunt
2173 386 2275 414 cum

448 443 498 472 eo
528 428 583 470 ad
614 425 812 481 nuptias,
839 430 882 467 et
908 424 1059 467 clausa
1081 432 1146 467 est
1171 424 1323 480 janua.
1357 424 1388 450 11
1409 425 1662 470 Novissime
1687 440 1790 470 vero
1813 426 2000 470 veniunt
2030 432 2074 471 et
2095 429 2277 486 reliquae

448 487 663 542 virgines,
691 484 889 527 dicentes
923 500 931 527 :
968 483 1176 539 Domine,
1209 483 1420 540 Domine,
1447 484 1567 541 aperi
1590 485 1731 529 nobis.
1759 485 1795 512 19
1812 486 1875 529 Αῖ
1904 485 1979 529 ille
2011 489 2277 544 respondens

447 547 509 588 ait
537 561 545 588 :
573 544 718 586 Amen
750 543 849 585 dico
874 542 1019 599 vobis,
1048 543 1196 586 nescio
1219 557 1310 586 vos.
1343 542 1379 569 13
1396 543 1595 599 Vigilate
1620 544 1790 600 itaque,
1819 545 1922 600 quia
1951 545 2132 589 nescitis
2162 547 2275 591 diem

448 617 588 658 neque
613 603 781 645 horam.

507 662 542 688 ¹4
560 663 684 706 Sicut
709 663 826 704 enim
852 663 983 705 homo
1009 676 1190 718 peregre
1213 663 1494 720 proficiscens
1517 664 1694 707 vocavit
1716 679 1863 708 servos
1889 679 2004 720 suos,
2028 670 2071 708 et
2095 665 2279 710 tradidit

446 722 535 765 illis
560 722 678 765 bona
707 735 800 764 sua.
828 721 864 748 15
883 721 941 763 Et
966 721 1042 763 uni
1070 721 1192 764 dedit
1218 722 1411 778 quinque
1441 722 1631 780 talenta,
1662 723 1739 766 alii
1765 728 1915 767 autem
1940 724 2047 780 duo,
2073 724 2152 766 alii
2176 739 2278 769 vero

447 796 604 836 unum,
631 780 870 836 unicuique
902 780 1147 824 secundum
1180 781 1404 838 propriam
1434 782 1666 839 virtutem,
1694 787 1737 826 et
1765 783 1994 840 profectus
2025 790 2092 827 est
2113 784 2278 828 statim.

448 841 483 867 16
502 840 630 883 Abiit
658 845 809 883 autem
834 839 908 896 qui
936 840 1129 896 quinque
1158 840 1329 883 talenta
1361 847 1614 899 acceperat,
1652 847 1696 885 et
1728 848 1934 899 operatus
1963 848 2029 886 est
2060 842 2107 885 in
2133 843 2215 899 eis,
2238 850 2281 887 et

446 901 643 944 lucratus
669 904 736 942 est
761 899 849 942 alia
879 899 1085 955 quinque.
1114 899 1148 925 1⁷
1166 899 1382 943 Similiter
1411 905 1453 944 et
1490 901 1563 957 qui
1597 901 1684 945 duo
1709 907 1962 958 acceperat,
1990 903 2186 945 lucratus
2217 908 2282 946 est

445 960 533 1003 alia
556 960 656 1003 duo.
683 958 715 985 ¹8
733 959 816 1010 Qui
838 964 988 1001 autem
1010 973 1149 1001 unum
1171 964 1416 1016 acceperat,
1442 960 1598 1004 abiens
1622 961 1740 1004 fodit
1761 961 1807 1003 in
1829 966 2005 1017 terram,
2033 967 2075 1005 et
2098 962 2281 1005 abscon-

446 1019 512 1063 dit
536 1018 773 1076 pecuniam
799 1018 967 1061 domini
993 1018 1074 1062 sui.

507 1078 543 1104 19
569 1079 673 1121 Ροεῖ
707 1078 897 1120 multum
931 1092 1033 1121 vero
1072 1078 1302 1135 temporis,
1335 1079 1458 1122 venit
1497 1080 1702 1123 dominus
1738 1094 1965 1123 servorum
2005 1081 2204 1136 illorum,
2239 1086 2282 1124 et

445 1138 592 1197 posuit
617 1137 835 1181 rationem
861 1151 961 1179 cum
996 1137 1071 1180 eis.
1107 1136 1219 1179 9οἘῖ
1244 1138 1461 1182 accedens
1495 1139 1569 1195 qui
1600 1139 1793 1195 quinque
1825 1139 1995 1182 talenta
2027 1147 2281 1197 acceperat,

446 1197 607 1241 obtulit
631 1197 719 1239 alia
745 1196 940 1252 quinque
965 1196 1156 1252 talenta,
1189 1197 1342 1241 dicens
1371 1215 1379 1242 :
1407 1198 1620 1254 Domine,
1644 1199 1837 1255 quinque
1863 1199 2033 1242 talenta
2059 1199 2282 1243 tradidisti

445 1256 576 1312 mihi,
611 1271 712 1300 ecce
744 1256 834 1298 alia
867 1256 1060 1312 quinque
1093 1256 1423 1313 superlucratus
1466 1272 1578 1302 sum.
1617 1257 1650 1284 91
1678 1258 1757 1301 Ait
1792 1258 1859 1301 illi
1898 1258 2102 1301 dominus
2136 1259 2234 1315 ejus
2274 1275 2283 1302 z

445 1317 584 1373 Euge,
609 1330 732 1359 serve
756 1315 871 1359 bone
898 1320 942 1359 et
967 1315 1124 1371 fidelis,
1153 1316 1255 1372 quia
1278 1331 1407 1373 super
1432 1332 1575 1374 pauca
1601 1317 1729 1360 fuisti
1755 1318 1910 1374 fidelis,
1930 1332 2061 1375 super
2079 1318 2219 1361 multa
2241 1323 2284 1361 te

444 1376 741 1430 constituam3
777 1375 894 1418 intra
927 1375 974 1418 in
999 1375 1214 1431 gaudium
1242 1375 1411 1419 domini
1438 1377 1517 1420 tui.
1545 1375 1581 1402 99
1599 1377 1803 1421 Accessit
1832 1384 1982 1421 autem
2013 1382 2057 1420 et
2089 1377 2164 1434 qui
2198 1377 2284 1421 duo

443 1435 615 1479 talenta
637 1439 890 1492 acceperat,
918 1440 963 1478 et
987 1434 1051 1477 ait
1084 1452 1092 1479 :
1122 1435 1333 1491 Domine,
1361 1435 1449 1479 duo
1476 1436 1647 1480 talenta
1668 1436 1891 1480 tradidisti
1914 1437 2044 1493 mihi,
2068 1452 2171 1481 ecce
2195 1436 2284 1480 alia

444 1495 530 1539 duo
564 1495 761 1537 lucratus
787 1509 897 1537 sum.
926 1493 963 1521 93
982 1494 1059 1538 Ait
1083 1494 1149 1537 illi
1177 1494 1382 1538 dominus
1414 1496 1510 1552 ejus
1540 1512 1549 1540 t
1577 1497 1721 1553 Euge,
1756 1511 1881 1540 serve
1907 1496 2021 1540 bone
2051 1502 2095 1540 et
2119 1496 2282 1553 fidelis,

445 1555 548 1611 quia
573 1569 703 1611 super
724 1568 866 1611 pauca
891 1554 1021 1597 fuisti
1052 1554 1216 1610 fidelis,
1249 1569 1379 1611 super
1405 1555 1545 1598 multa
1576 1561 1619 1599 te
1645 1556 1942 1611 constituam3
1967 1556 2084 1598 intra
2104 1556 2151 1599 in
2177 1570 2284 1612 gau·

445 1614 568 1658 dium
601 1614 769 1657 domini
802 1613 881 1658 tui.
918 1612 954 1639 91
980 1613 1213 1657 Accedens
1248 1619 1398 1657 autem
1430 1620 1473 1657 et
1506 1614 1580 1671 qui
1615 1630 1751 1658 unum
1784 1615 2005 1658 talentum
2029 1622 2279 1672 acceperat,

444 1674 507 1717 ait
537 1690 546 1717 z
574 1673 778 1729 Domine,
806 1673 896 1716 scio
924 1673 1026 1728 quia
1052 1673 1184 1716 homo
1213 1673 1347 1716 durus
1370 1688 1445 1727 es;
1479 1674 1608 1717 metis
1631 1673 1706 1717 ubi
1733 1688 1821 1717 non
1847 1674 2091 1731 seminasti,
2116 1679 2161 1718 et
2183 1688 2282 1718 con-

445 1747 603 1790 gregas
629 1732 705 1775 ubi
731 1746 820 1775 non
846 1732 1045 1789 sparsisti
1066 1749 1074 1787 3
1105 1731 1141 1758 95
1161 1737 1204 1776 θῖ
1225 1733 1387 1776 timens
1414 1733 1517 1789 abii,
1543 1739 1585 1776 et
1610 1733 1823 1789 abscondi
1846 1734 2065 1777 talentum
2091 1739 2217 1777 tuum
2237 1733 2282 1776 in

445 1797 561 1836 terra
594 1805 603 1832 ε
641 1806 743 1835 ecce
776 1792 913 1835 habes
943 1791 1061 1847 quod
1096 1797 1221 1834 tuum
1253 1799 1333 1836 est.
1365 1791 1402 1819 96
1430 1793 1717 1850 Respondens
1746 1798 1896 1836 autem
1927 1793 2132 1836 dominus
2166 1793 2281 1850 ejus,

445 1851 559 1896 dixit
589 1852 627 1895 ei
667 1869 676 1896 ε
711 1852 846 1895 Serve
879 1851 995 1894 male
1030 1857 1073 1894 et
1109 1851 1246 1908 piger,
1282 1851 1453 1895 sciebas
1489 1852 1591 1908 quia
1629 1858 1746 1895 meto
1784 1852 1859 1894 ubi
1897 1866 1984 1895 non
2017 1853 2206 1908 semine,
2241 1859 2283 1896 et

444 1923 665 1967 congrego
692 1910 767 1953 ubi
794 1925 881 1954 non
904 1910 1073 1967 sparsi3
1105 1910 1139 1936 97
1159 1911 1352 1967 oportuit
1379 1925 1482 1967 ergo
1508 1917 1551 1954 te
1577 1911 1854 1955 committere
1880 1911 2114 1968 pecuniam
2139 1926 2284 1955 meam

444 1970 726 2025 numulariis,
751 1974 793 2013 et
819 1969 1002 2013 veniens
1032 1984 1114 2026 ego
1135 1970 1399 2026 recepissem
1425 1970 1578 2027 utique
1604 1971 1722 2026 quod
1748 1985 1896 2014 meum
1919 1976 1985 2014 est
2012 1985 2113 2014 cum
2137 1985 2283 2014 usura.

445 2029 482 2057 98
507 2030 669 2073 Tollite
701 2029 850 2085 itaque
883 2030 939 2072 ab
978 2043 1028 2072 eo
1067 2029 1307 2086 talentum,
1342 2034 1385 2073 et
1414 2029 1518 2073 date
1547 2030 1586 2073 ei
1621 2030 1694 2085 qui
1727 2029 1862 2073 habet
1892 2030 2046 2073 decem
2079 2030 2283 2074 talenta:

446 2088 482 2115 99
501 2089 620 2132 omni
643 2088 759 2132 enim
786 2088 970 2132 habenti
1003 2088 1193 2144 dabitur,
1223 2093 1265 2132 et
1290 2088 1567 2144 abundabit3
1597 2089 1636 2133 ei
1661 2094 1811 2133 autem
1839 2089 1912 2145 qui
1942 2104 2030 2133 non
2056 2090 2213 2145 habet,
2241 2094 2284 2133 et

445 2148 561 2206 quod
595 2148 771 2191 videtur
804 2148 967 2191 habere
998 2148 1228 2192 auferetur
1262 2148 1318 2191 ab
1352 2162 1415 2193 eo.
1451 2148 1488 2175 30
1513 2149 1572 2192 Et
1603 2149 1810 2192 inutilem
1845 2163 2020 2192 servum
2056 2149 2205 2206 ejicite
2237 2149 2284 2191 in

445 2208 649 2252 tenebras
677 2208 914 2251 exteriores
933 2225 942 2262 3
970 2207 1064 2251 illic
1087 2208 1170 2251 erit
1192 2207 1322 2251 fletus
1347 2214 1391 2252 et
1411 2208 1572 2252 stridor
1594 2209 1808 2252 dentium.

504 2267 538 2294 31
560 2268 671 2312 Cum
696 2272 847 2311 autem
870 2268 1044 2310 venerit
1068 2266 1209 2310 Filius
1232 2267 1424 2310 hominis
1448 2268 1495 2310 in
1516 2269 1754 2325 majestate
1781 2283 1873 2323 sua,
1898 2273 1942 2312 et
1964 2283 2117 2312 omnes
2134 2267 2283 2325 angeli

446 2343 543 2373 cum
568 2342 638 2384 ee,
669 2333 774 2370 tunc
800 2326 974 2370 sedebit
1007 2341 1136 2384 super
1162 2327 1311 2370 sedem
1345 2328 1598 2385 majestatis
1623 2342 1729 2371 suae.
1753 2327 1789 2355 39
1812 2329 1871 2371 Εῖ
1896 2327 2286 2385 congregabuntur

444 2392 549 2431 ante
575 2402 677 2431 eum
705 2401 855 2430 omnes
877 2391 1053 2443 gentes,
1081 2392 1126 2430 et
1155 2386 1380 2444 separabit
1410 2402 1483 2431 eos
1506 2387 1562 2430 ab
1585 2387 1792 2444 invicem,
1821 2387 1936 2431 sicut
1960 2392 2112 2445 pastor
2140 2401 2283 2444 segre-

445 2451 523 2504 gat
541 2461 645 2490 oves
660 2447 717 2490 ab
739 2446 906 2501 haedis3
935 2445 972 2472 33
990 2451 1033 2489 et
1060 2451 1228 2489 statuet
1250 2460 1352 2490 oves
1374 2447 1555 2503 quidem
1575 2462 1601 2490 a
1628 2447 1797 2491 dextris
1823 2447 1934 2504 suis,
1958 2447 2111 2491 haedos
2133 2452 2283 2490 autem

444 2521 470 2550 a
502 2506 705 2550 sinistris.

504 2566 540 2593 34
558 2567 684 2609 Tunc
711 2567 830 2610 dicet
854 2582 932 2611 rex
958 2567 1025 2609 his
1052 2566 1126 2623 qui
1147 2581 1174 2610 a
1201 2567 1367 2611 dextris
1395 2567 1492 2623 ejus
1515 2572 1643 2610 erunt
1663 2585 1671 2612 :
1691 2567 1867 2623 Venite,
1891 2566 2117 2610 benedicti
2139 2566 2282 2609 Patris

445 2626 553 2681 mei,
581 2626 802 2683 possidete
832 2631 1037 2683 paratum
1064 2626 1190 2670 vobis
1223 2641 1411 2683 regnum
1441 2641 1467 2669 a
1493 2626 1812 2670 constitutione
1845 2626 2014 2670 mundi.
2045 2625 2082 2653 3⁵
2107 2625 2283 2670 Esurivi

446 2685 577 2740 enim,
606 2690 650 2728 et
673 2685 858 2729 dedistis
883 2685 992 2729 mihi
1021 2686 1316 2743 manducare3
1342 2685 1476 2742 sitivi,
1504 2691 1549 2729 et
1574 2686 1759 2729 dedistis
1784 2686 1895 2728 mihi
1920 2685 2098 2741 bibere3
2125 2686 2281 2742 hospes

445 2759 586 2801 eram,
614 2750 658 2788 et
691 2745 932 2802 collegistis
958 2760 1055 2801 me;
1084 2745 1121 2772 3⁶
1139 2746 1303 2802 nudus,
1332 2750 1378 2788 et
1411 2745 1699 2802 cooperuistis
1732 2760 1828 2802 me3
1861 2745 2081 2800 infirmus,
2108 2749 2151 2788 et
2179 2743 2282 2787 visi-

445 2804 573 2847 tastis
598 2819 693 2859 me3
725 2805 768 2847 in
806 2819 979 2848 carcere
1014 2819 1155 2859 eram,
1183 2810 1228 2849 et
1253 2804 1438 2850 venistis
1471 2805 1528 2848 ad
1554 2819 1637 2849 me.
1666 2805 1701 2831 37
1727 2806 1852 2848 Tunc
1882 2803 2210 2862 respondebunt
2242 2803 2282 2846 ei

444 2863 573 2920 justi,
601 2863 800 2908 dicentes
823 2881 832 2908 ε
859 2864 1070 2921 Domine,
1100 2865 1276 2921 quando
1302 2870 1346 2908 te
1368 2864 1561 2908 vidimus
1586 2865 1871 2920 esurientem,
1902 2869 1947 2908 et
1971 2862 2174 2921 pavimus
2208 2867 2250 2905 te
2271 2879 2280 2916 ;

445 2922 693 2980 sitientem,
717 2929 762 2967 et
784 2923 987 2967 dedimus
1010 2924 1093 2967 tibi
1115 2925 1300 2981 potum?
1327 2924 1364 2951 38
1383 2923 1566 2975 Quando
1589 2930 1740 2967 autem
1762 2929 1806 2967 te
1824 2923 2017 2966 vidimus
2039 2921 2282 2978 hospitem,

446 2987 490 3024 θῖ
515 2982 775 3039 collegimus
801 2988 869 3039 te3
893 2988 971 3026 aut
1005 2983 1193 3040 nudum,
1218 2989 1262 3027 et
1294 2983 1599 3041 cooperuimus
1625 2983 1700 3027 te?
1727 2983 1764 3010 39
1780 2984 1874 3026 Aut
1898 2980 2073 3038 quando
2102 2984 2145 3023 te
2169 2981 2281 3025 vidi-

445 3055 542 3083 mus
574 3041 820 3100 infirmum,
847 3048 924 3086 aut
955 3043 1002 3086 in
1034 3057 1229 3099 carcere,
1257 3049 1302 3088 et
1322 3043 1526 3087 venimus
1552 3043 1609 3086 ad
1635 3048 1678 3086 te
1698 3043 1719 3085 ¹?
1746 3042 1783 3070 40
1801 3044 1859 3086 Et
1882 3039 2151 3097 respondens
2181 3055 2274 3098 rex,

446 3099 565 3143 dicet
589 3100 677 3144 illis
700 3119 708 3145 :
736 3103 881 3146 Amen
905 3103 1004 3146 dico
1030 3102 1176 3159 vobis,
1201 3103 1413 3160 quamdiu
1439 3102 1613 3146 fecistis
1639 3102 1715 3145 uni
1741 3117 1796 3145 ex
1824 3099 1892 3143 his
1921 3098 2137 3142 fratn'bus
2170 3099 2280 3143 meis

445 3159 661 3216 minimis,
686 3161 795 3204 mihi
820 3162 1006 3205 fecistis.

504 3218 539 3245 4¹
559 3220 684 3263 Tunc
711 3220 827 3264 dicet
853 3227 897 3264 et
919 3222 986 3265 his
1009 3223 1081 3278 qui
1104 3237 1131 3266 a
1156 3223 1345 3266 sinistris
1372 3228 1526 3268 erunt:
1552 3221 1778 3266 Discedite
1799 3235 1825 3263 a
1851 3235 1942 3276 me,
1969 3221 2210 3277 maledicti,
2233 3222 2278 3264 in

445 3277 596 3334 ignem
620 3285 854 3336 aeternum,
882 3281 957 3336 qui
982 3287 1162 3338 paratus
1189 3293 1254 3325 est
1277 3282 1454 3326 diabolo
1478 3287 1522 3326 et
1547 3281 1718 3338 angelis
1744 3280 1855 3336 ejus.
1882 3278 1919 3305 49
1939 3280 2114 3323 Esurivi
2137 3281 2276 3337 enim,

447 3342 492 3380 et
528 3352 615 3381 non
649 3338 836 3382 dedistis
869 3339 978 3383 mihi
1017 3341 1311 3397 manducare3
1348 3342 1490 3397 sitivi,
1530 3347 1572 3385 et
1608 3355 1695 3384 non
1730 3338 1911 3383 dedistis
1946 3339 2054 3382 mihi
2091 3346 2276 3397 potum,-

447 3395 485 3423 43
501 3397 660 3454 hospes
686 3412 828 3455 eram,
863 3404 907 3443 et
937 3413 1023 3443 non
1054 3400 1297 3456 collegistis
1331 3415 1429 3457 me3
1465 3400 1630 3455 nudUS,
1661 3404 1704 3442 et
1737 3412 1823 3442 non
1858 3399 2144 3455 cooperuistis
2176 3413 2274 3457 me;

450 3569 497 3602 13]
517 3570 615 3598 Marc.
642 3572 749 3607 XIII,
765 3577 810 3602 33.
836 3590 871 3594 —
898 3576 944 3608 14]
972 3575 1051 3602 Luc.
1075 3575 1237 3609 X1X,12.
1262 3590 1298 3595 —
1324 3576 1370 3608 29]
1390 3575 1467 3607 Sup.
1490 3574 1657 3608 X111,1·.›.
1687 3573 1786 3600 Marc.
1808 3573 1863 3607 IV,
1888 3576 1932 3602 25.
1954 3574 2031 3602 Luc.
2051 3575 2155 3610 VIII.¹
2181 3577 2215 3604 18
2242 3575 2276 3602 et

449 3613 533 3685 ἓξὲξ
545 3618 675 3688 {emin—0
699 3619 970 3690 33]IIIIs.0I:VIII‚
992 3621 1016 3647 7.
1044 3619 1097 3646 ΕΖ.
1123 3619 1264 3651 XVIII,
1284 3620 1318 3652 7,
1337 3621 1380 3647 16.
1405 3632 1441 3638 —
1469 3618 1517 3650 36]
1541 3615 1641 3645 Eccli.
1663 3616 1748 3651 VII,
1776 3618 1821 3644 39.
1848 3631 1883 3636 —
1907 3618 1955 3651 41]
1983 3618 2034 3646 Ps.
2054 3619 2120 3654 VI,
2143 3621 2169 3648 9.
2199 3618 2276 3652 Sup-
