2423 3861
744 138 892 179 Evcm.
928 135 1007 188 IV,
1045 135 1091 176 11
1129 159 1187 164 -
1219 133 1272 187 V,
1310 132 1346 173 1.
1873 124 1956 168 735

315 312 343 337 ¹¹
369 316 412 354 et
437 311 521 354 eris
547 315 593 352 tu
619 307 740 351 velut
762 306 877 349 filius
903 303 1124 347 Altissiini
1151 302 1378 355 obediens,

431 375 474 413 et
495 366 772 412 miserebitur
797 364 861 406 tui
887 363 1030 418 magis
1056 376 1187 417 quam
1213 364 1367 402 mater.

318 429 349 456 ¹²⁷
372 428 596 486 Sapientia
622 425 723 468 filiis
745 423 834 467 suis
860 423 998 464 vitani
1025 420 1212 476 inspirat
1232 436 1241 473 ;

431 494 474 531 et
498 485 682 542 suscipit
705 483 975 539 inquirentes
1001 494 1066 533 se,

431 553 474 590 et
499 543 743 603 praeibit-in
767 542 838 584 via
862 539 1064 596 justitiae.

320 608 350 632 ¹³'·
379 608 429 649 Et.
455 606 527 662 qui
552 604 676 647 illam
699 600 846 657 diligit
872 598 1020 653 diligit
1045 597 1181 639 vitam
1203 611 1212 649 3

432 671 476 708 et
500 664 573 720 qui
600 659 885 718 vigilaverint
909 657 965 700 ad
990 656 1116 699 illam
1142 653 1492 709 complectentur
1517 653 1738 709 placorem
1762 651 1872 708 ejus.

321 724 351 750 Γ·
374 725 456 775 Qui
483 721 704 766 tenuerint
727 720 851 762 illam
873 717 1013 760 vitam
1038 712 1352 758 hereditabunt
1371 727 1380 765 3

434 788 477 826 et
502 795 587 838 quo
607 778 808 823 introibit
831 775 1066 820 benedicet
1091 775 1225 816 Deus.

322 844 351 868 ¹³·
373 842 455 893 Qui
481 841 679 884 serviunt
703 838 742 881 ei
769 837 1058 892 obsequentes
1083 836 1210 876 erunt
1235 834 1387 873 sancto
1408 845 1416 883 3

435 906 478 944 et
503 914 576 943 eos
602 899 674 955 qui
697 897 892 953 diligunt
915 895 1039 937 illam
1067 891 1221 946 diligit·
1243 890 1374 932 Deus.

323 960 353 987 ¹⁸·
376 961 457 1011 Qui
484 959 609 1002 audit
633 958 756 1000 illam
783 953 1002 1011 judicabit
1026 956 1207 1009 gentes3
1529 985 1535 991 .

435 1024 477 1063 et
503 1019 575 1075 qui
597 1018 793 1060 intuetur
816 1014 940 1057 illam
966 1009 1244 1069 permanebit
1270 1006 1507 1051 confidens.

325 1079 353 1105 ¹⁷
378 1078 420 1122 Si
448 1076 684 1121 crediderit
709 1075 762 1130 ei,
788 1071 1055 1117 hereditabit
1079 1070 1225 1123 illam,
1501 1103 1503 1105 ,

437 1143 480 1181 61
505 1141 631 1180 6111111
655 1136 701 1177 111
729 1131 1060 1177 confirmatione
1086 1133 1298 1172 creaturae
1323 1125 1472 1178 illius3

323 1197 354 1224 ¹⁸
378 1197 586 1253 quoniam
611 1195 656 1237 in
682 1192 927 1237 tentatione
952 1189 1154 1233 ambulat
1179 1201 1279 1230 cum
1305 1199 1375 1240 eo,

437 1261 480 1299 et
503 1255 548 1298 in
572 1253 723 1311 primis
750 1252 876 1308 eligit
900 1265 1014 1294 eum.
1394 1251 1397 1253 “

323 1316 355 1343 ¹⁰
377 1315 620 1369 Timorem,
648 1317 691 1355 et
716 1317 904 1364 metum,
929 1315 971 1352 et
996 1308 1299 1366 probationem
1326 1303 1507 1346 inducet
1532 1317 1659 1357 super
1685 1301 1840 1356 illum3

438 1379 480 1417 et
503 1371 718 1416 cruciabit
743 1371 871 1413 illum
896 1369 941 1411 in
967 1367 1252 1410 tribulatione
1278 1363 1491 1407 doctrina·
1518 1376 1629 1416 rme,

387 1434 525 1476 donec
551 1435 692 1475 tentet
718 1444 818 1472 eum
842 1429 888 1470 in
915 1425 1262 1482 cogitationibus
1288 1424 1399 1478 suis,
1638 1429 1640 1431 ’

440 1498 482 1535 61
507 1490 658 1534 credat
678 1489 842 1532 animae
864 1487 997 1528 1111118.

314 1552 358 1578 “2⁰
380 1553 437 1594 Et
462 1549 656 1592 firmabit
680 1548 827 1601 illum,
855 1552 897 1588 et
922 1546 1005 1587 iter
1029 1544 1222 1587 adducet
1247 1542 1461 1585 directum
1488 1543 1544 1586 ad
1570 1541 1714 1595 illum,

439 1615 482 1653 et
506 1606 755 1651 laetificabit
779 1605 906 1647 illum
927 1622 935 1658 3

322 1669 355 1695 Ψ·
380 1675 422 1713 61
449 1667 692 1712 denudabit
717 1666 932 1708 absconsa
955 1677 1032 1705 sua
1057 1662 1145 1718 illi,

440 1733 483 1771 et
507 1724 825 1770 thesaurizabit
850 1737 979 1779 super
999 1721 1128 1764 illum
1154 1721 1387 1764 scientiam
1411 1725 1454 1764 et
1475 1718 1752 1762 intellectum
1775 1712 1971 1773 justitiae„

323 1788 360 1814 ‘²²²
381 1788 424 1832 Si
449 1792 599 1830 autem
625 1782 915 1837 oberraverit,
942 1781 1217 1836 derelinquet
1243 1795 1363 1835 eum,

441 1852 484 1890 et
509 1845 655 1888 tradet
676 1858 778 1887 eum
801 1842 848 1884 in
875 1854 1030 1884 manus
1052 1839 1224 1882 inimici
1251 1839 1331 1882 sni.

326 1907 362 1933 ²²³
383 1906 490 1961 Fili,
518 1918 730 1950 conserva
749 1908 942 1957 tempus,

444 1970 486 2008 et
511 1963 660 2007 devita
685 1978 711 2005 a
733 1961 864 2004 malo.

324 2025 362 2051 ''22
383 2026 468 2068 Pro
493 2023 642 2066 anima-
667 2027 743 2064 tua
763 2035 818 2064 ne
845 2019 1132 2063 confundaris
1160 2018 1303 2062 dicere
1329 2032 1481 2060 verum
1502 2034 1510 2060 :

386 2085 422 2110 '³5
443 2089 509 2127 est
534 2082 650 2125 enim
679 2079 882 2124 confusio
905 2079 1130 2122 adducens
1152 2082 1384 2135 peccatum
1406 2094 1414 2131 ς

447 2148 489 2185 61
511 2147 577 2185 est
598 2139 802 2184 confusio
823 2139 1049 2181 adducens
1070 2137 1258 2193 gloriam
1284 2141 1327 2179 et
1352 2136 1553 2191 gratiam.

327 2203 365 2229 ‘2⁰
388 2203 454 2245 Ne
479 2200 673 2258 accipias
699 2198 865 2241 faciem
890 2198 1100 2240 adversus
1126 2196 1288 2239 faciem
1312 2200 1455 2250 tuam,

447 2275 528 2304 nec
554 2260 765 2303 adversus
791 2258 989 2300 animam
1013 2261 1138 2298 tuam
1164 2254 1459 2298 mendacium.

328 2321 366 2348 “27
390 2322 456 2364 Ne
477 2318 717 2363 reverearis
739 2316 990 2374 proximum
1012 2320 1138 2358 tuum
1162 2315 1209 2357 in
1236 2328 1340 2357 casu
1364 2328 1462 2368 8110,

390 2380 425 2407 2⁷⁸
448 2394 530 2423 nec
554 2378 744 2422 retineas
770 2376 954 2419 verbum
975 2375 1022 2417 in
1044 2379 1242 2430 tempore
1264 2372 1432 2416 salutis.

390 2440 491 2483 Non
511 2436 757 2481 abscondas
783 2434 1047 2491 sapientiam
1073 2439 1197 2476 tuam
1216 2433 1263 2475 in
1290 2432 1444 2475 decore
1466 2445 1570 2475 suo:

392 2500 428 2524 ²¹³³
448 2499 495 2541 in
516 2498 670 2553 lingua
693 2495 810 2539 enim
836 2492 1053 2550 sapientia
1079 2491 1381 2548 dignoscitur3

392 2564 435 2602 et
456 2571 628 2612 sensus,
652 2561 695 2599 et
720 2553 926 2608 scientia,
953 2558 996 2595 et
1021 2552 1222 2595 doctrina
1246 2551 1293 2593 in
1315 2549 1449 2593 verbo
1471 2547 1655 2598 sensati,

452 2622 494 2660 et
518 2617 847 2659 firmamentum
867 2612 914 2654 in
940 2611 1143 2669 operibus
1168 2609 1366 2667 justitiae.

334 2677 371 2703 3⁴³
391 2677 492 2720 Non
518 2673 796 2718 contradicas
822 2671 955 2715 verbo
977 2670 1178 2713 veritatis
1203 2669 1292 2712 ullo
1319 2668 1468 2723 modo,

451 2741 493 2779 et
516 2735 569 2778 de
591 2732 822 2777 mendacio
846 2729 1156 2773 ineruditionis
1181 2734 1270 2771 tuae
1294 2726 1578 2770 confundere.

336 2796 368 2823 3¹
395 2797 493 2838 Non
521 2791 811 2837 confundaris
837 2789 1034 2832 confiteri
1059 2793 1242 2844 peccata
1265 2791 1362 2841 tua,

455 2860 498 2897 et
523 2868 578 2896 ne
603 2851 816 2907 subjicias
839 2854 882 2892 te
909 2848 1027 2891 omni.
1050 2846 1217 2890 homini
1239 2860 1316 2903 pro
1342 2848 1538 2902 peccato.

337 2914 373 2941 ³²
394 2913 497 2957 Noli
522 2913 724 2956 resistere
746 2914 898 2952 eontra
921 2907 1086 2950 faciem
1109 2905 1322 2963 potentis,

455 2987 536 3016 nec
559 2971 726 3015 coneris
750 2974 901 3012 contra
925 2967 1064 3010 ictum
1089 2965 1226 3008 fluvii.

339 3034 375 3060 33
399 3034 480 3076 Pro
503 3031 676 3088 justitia
701 3028 935 3085 agonizare
959 3041 1035 3083 pro
1058 3025 1209 3068 anima
1230 3031 1325 3076 tua,

457 3098 502 3135 et
526 3104 662 3146 usque
683 3088 739 3131 ad
766 3092 952 3130 mortem
979 3091 1098 3128 certa
1119 3099 1195 3141 pro
1222 3084 1423 3141 justitian,
1483 3078 1485 3081 ’

458 3156 500 3194 61
528 3152 646 3194 Deus
672 3145 947 3204 expugnabit
968 3158 1045 3200 pro
1067 3149 1110 3186 te
1134 3143 1339 3187 inimicos
1365 3150 1475 3187 tuos.

341 3211 377 3238 3'2
399 3210 502 3254 Noli
525 3210 686 3253 citatus
708 3220 802 3250 esse
827 3206 872 3248 in
898 3203 1172 3259 lingua‘tua,

461 3274 505 3314 et
525 3267 716 3322 inutilis,
747 3271 790 3309 et
815 3263 1020 3308 remissus
1042 3262 1089 3319 in
1114 3262 1318 3319 operibus
1344 3262 1444 3307 tuis.

342 3330 379 3356 3³
400 3329 503 3372 Noli
526 3342 619 3372 esse
645 3327 758 3370 sicut
784 3325 851 3367 leo
875 3323 920 3365 in
948 3322 1076 3365 domo
1103 3327 1198 3378 tua,

462 3392 662 3432 evertens
688 3382 951 3428 domesticos
977 3386 1096 3435 tuos,
1124 3386 1166 3424 et
1189 3381 1440 3439 opprimens
1466 3379 1691 3436 subjectos
1714 3376 1809 3420 tibi.

344 3448 380 3474 3⁶
401 3449 501 3491 Non
523 3447 580 3490 sit
605 3450 805 3502 porrecta
828 3455 983 3484 manus
1009 3445 1084 3483 tua
1105 3440 1162 3483 ad
1187 3440 1517 3497 accipiendum,

462 3512 508 3550 et
526 3505 583 3549 ad
610 3503 805 3548 dandum
832 3500 1031 3544 collecta.

213 3569 335 3613 ‘CAR
360 3568 417 3612 V.
443 3592 501 3600 -—
524 3565 538 3591 ¹
558 3563 662 3607 Noli
683 3560 911 3605 attendere
935 3559 992 3602 ad
1015 3559 1522 3616 possessiones-iniquas,

465 3631 509 3668 et
529 3639 584 3668 ne
605 3621 767 3666 dixeris
795 3636 803 3663 :
832 3620 912 3662 Est
936 3618 1045 3661 mihi
1067 3618 1293 3662 sufficiens
1320 3619 1410 3661 vita
1431 3636 1438 3673 3

2056 421 2235 454 Sapienti-ro

2061 463 2230 492 Lcnclicia.

2076 1906 2122 1932 De
2141 1903 2256 1932 confu-

2063 1947 2156 1977 sione
2180 1949 2268 1976 bona

2092 1993 2126 2018 et
2142 1991 2237 2019 mala.

2109 3549 2255 3580 Cautclae

2062 3597 2152 3625 circa
2178 3594 2299 3623 falsam

2099 3639 2265 3670 confiden-

2135 3684 2227 3715 tiam.
