2391 3861
806 77 868 118 lv
905 78 1043 120 ESDR.
1076 77 1165 131 XI,
1199 78 1249 119 21
1288 103 1345 109 —
1376 77 1490 131 XII,
1525 79 1594 121 31.
2172 79 2247 121 23*

147 254 416 295 principatum;
442 257 480 287 et
500 262 543 287 ex
568 253 625 286 1118
649 255 757 286 erant
780 262 864 294 quae
889 254 1084 293 tenebant,
1112 255 1172 286 sed
1195 257 1320 286 tamen
1340 254 1469 286 statim
1495 262 1568 286 non
1594 255 1866 293 comparebant.
1894 247 1922 272 ²¹
1942 255 2035 288 Nam
2061 258 2099 288 ct
2119 256 2253 297 aliqua:

147 314 193 339 ex
216 307 268 339 eis
292 306 544 346 erigebantur,
568 306 630 338 sed
656 313 730 337 non
750 306 927 338 tenebant
958 305 1217 345 principatum.
1239 297 1274 324 ²²
1293 306 1341 338 Et
1364 305 1439 338 vidi
1463 308 1545 346 post
1574 307 1672 346 haec,
1696 309 1735 338 et
1762 314 1843 339 ecce
1868 315 1941 339 non
1965 312 2251 348 comparuerunt

149 358 339 391 duodecim
364 365 515 398 pennoe,
539 360 576 390 et
600 358 674 389 duo
697 359 923 396 pennacula;
945 348 981 375 ²³
998 359 1037 389 et
1061 356 1152 389 nihii
1175 359 1366 397 supererat
1394 358 1431 389 in
1456 366 1608 398 corpore
1637 358 1791 397 aquilae,
1817 357 1885 390 nisi
1911 359 1984 391 duo
2011 360 2132 400 capita
2157 360 2253 400 quie-

147 410 287 442 scentia
308 411 347 442 et
375 418 438 442 sex
466 410 685 449 pennncula.
712 400 745 426 ²⁴
768 409 816 441 Et
841 409 937 447 vidi,
962 410 1002 440 et
1027 417 1108 441 ecce
1131 417 1194 441 sex
1222 409 1434 448 pennaculis
1463 409 1591 442 divisoe
1621 411 1710 442 sunt
1738 410 1842 449 duae,
1870 411 1909 443 et
1941 414 2158 444 manserunt
2185 413 2253 444 sub

147 461 265 501 capite
290 461 390 500 quod
414 463 471 493 est
495 460 540 492 ad
566 461 755 492 dexteram
779 463 939 500 partem.
960 460 1054 492 Nam
1076 464 1239 499 quatuor
1264 463 1480 493 manserunt
1504 461 1542 493 in
1564 462 1642 494 loco
1666 470 1739 493 suo.
1768 452 1804 479 ²5
1824 462 1870 493 Et
1891 461 1976 503 vidi,
1993 464 2031 495 et
2051 471 2130 496 ecce
2148 465 2251 496 suba-

150 514 245 545 lares
266 511 483 551 cogitabant
508 519 544 543 se
568 512 726 551 erigere,
751 514 790 543 et
810 514 936 544 tencre
955 512 1195 551 principatus.
1213 504 1250 529 ²⁶
1268 513 1316 544 Et
1337 512 1432 551 vidi,
1451 516 1489 545 et
1509 521 1590 546 ecce
1612 521 1685 544 una
1699 516 1823 545 erecta
1846 517 1920 554 est,
1945 515 2006 547 sed
2031 515 2158 547 statim
2180 523 2251 547 non

147 563 364 603 comparuit.
391 555 426 581 ²⁷
454 562 502 594 Et
526 563 695 595 secundoe
718 563 877 594 velocius
906 571 1015 601 quam
1045 563 1201 603 prioreS,
1227 571 1300 596 non
1325 566 1624 604 comparuerunt.
1651 557 1687 582 ²⁸
1705 565 1752 597 Et
1777 564 1869 605 vidi,
1893 567 1930 598 et
1954 574 2034 598 ecce
2061 567 2145 600 duae
2171 576 2253 607 quae

145 616 438 654 superaverunt,
463 614 561 653 apud
589 614 799 653 semetipsas
823 614 1037 653 cogitabant
1060 616 1098 646 et
1123 615 1210 653 ipsae
1236 623 1410 654 regnarc;
1434 608 1470 634 ²9
1486 619 1524 648 et
1549 616 1584 648 in
1610 625 1651 648 eo
1675 625 1758 648 cum
1784 617 2009 657 cogitarent,
2033 626 2115 652 ecce
2137 628 2251 651 unuin

148 665 414 706 quiescentium
440 666 601 705 capitum
628 666 725 704 quod
754 668 834 697 erat
859 666 1040 705 medium,
1068 666 1285 706 evigilabat,
1314 667 1383 699 hoc
1406 667 1502 699 enim
1528 671 1608 700 crat
1633 669 1789 700 duorum
1810 669 1971 708 capitum
1999 671 2126 708 majus.
2150 662 2186 689 30
2204 671 2249 702 Et

147 717 222 750 vidi
243 717 417 756 quoniam
445 718 628 757 completa
648 718 737 748 sunt
761 717 834 749 duo
862 718 987 756 capita
1008 725 1142 750 secum.
1168 709 1198 736 ³¹
1218 719 1266 750 Et
1285 726 1366 750 ecce
1387 726 1602 752 conversum
1628 721 1683 752 est
1703 721 1814 759 caput
1838 728 1920 752 cum
1943 720 1999 752 his
2018 721 2080 760 qui
2104 731 2185 754 curn
2211 731 2252 755 eo

145 771 271 809 erant,
296 772 335 802 et
348 768 518 801 *comedit
539 770 629 800 duas
651 768 838 800 subalares
859 776 943 807 quae·
969 769 1183 808 cogitabant
1206 778 1372 809 regnare.
1393 762 1428 788 ³²
1447 771 1523 802 Hoc
1539 774 1663 803 autem
1681 773 1795 810 caput
1816 774 2090 810 pei-conterruit
2107 782 2250 806 omnem

147 823 304 861 terram,
328 822 367 853 et
397 820 659 853 dominabatur
679 820 717 851 in
748 828 791 852 ea
817 819 874 852 his
899 820 962 859 qui
986 820 1161 853 habitant
1187 823 1328 853 terram
1361 830 1443 853 cum
1474 823 1598 855 labore
1624 824 1763 861 mult0;
1797 825 1834 854 et
1866 827 2100 863 potentatum
2130 826 2250 858 tinuit

145 872 243 905 orbis
272 877 460 904 terrarum
484 880 595 912 super
620 880 747 904 omnes
775 873 851 905 alas
871 880 955 911 quae
983 873 1150 904 fuerunt.
1177 865 1213 891 33
1241 874 1287 905 Et
1311 874 1388 906 vidl
1413 876 1496 913 post
1521 875 1618 914 haec,
1643 877 1680 906 et
1703 882 1784 907 ecce
1812 875 1974 907 medium
1999 878 2110 916 caput
2130 877 2252 909 subito

145 933 218 957 non
243 925 475 964 comparuit,
498 928 537 956 et
561 923 629 956 1100
653 923 748 956 sicut
773 928 856 956 alze.
875 916 909 941 34
925 924 1204 964 superaverunt
1225 927 1350 957 autem
1372 926 1445 957 duo
1465 927 1606 966 capita,
1627 934 1709 965 quae
1729 929 1768 958 et
1788 926 1864 965 ipsa
1885 927 2056 961 similiter
2077 936 2252 968 regnave-

144 979 236 1009 runt
261 984 372 1016 super
397 977 558 1015 terram,
579 979 617 1008 et
641 983 750 1015 super
769 984 829 1008 eos
853 975 915 1015 qui
942 976 1116 1008 habitant
1138 977 1176 1008 in
1203 984 1255 1009 ea.
1283 969 1319 995 ³5
1337 978 1385 1009 Et
1410 977 1504 1017 vidi,
1533 980 1569 1010 et
1595 986 1675 1010 ecce
1699 978 1896 1010 devorant
1920 981 2032 1019 caput
2056 988 2078 1012 a
2100 981 2250 1013 dextera

143 1030 249 1068 parte
271 1028 367 1060 illud
391 1029 488 1066 quod
511 1037 533 1060 a
556 1028 661 1060 iaeva.

197 1071 233 1098 3⁶
252 1080 301 1111 Et
327 1079 451 1112 audivi
476 1088 601 1112 vocem
626 1079 811 1112 dicentem
839 1079 957 1112 mihi:
982 1079 1155 1119 conspice
1179 1083 1308 1113 contra
1333 1082 1388 1121 te,
1416 1083 1453 1113 et
1484 1081 1673 1113 considera
1697 1083 1798 1121 quod
1822 1082 1932 1115 vides.
1959 1075 1994 1101 3⁷
2021 1083 2069 1115 Et
2092 1085 2188 1124 vidi,
2212 1093 2250 1117 et

143 1140 223 1165 ecce
241 1133 339 1164 sicut
356 1133 412 1164 leo
434 1133 642 1164 concitatus
662 1132 706 1164 de
726 1132 821 1163 silva
843 1132 992 1170 rugicns
1005 1141 1014 1170 ;
1039 1133 1076 1164 et
1102 1132 1179 1164 vidi
1203 1134 1376 1172 quoniam
1401 1132 1598 1164 emittebat
1614 1141 1740 1165 vocem
1762 1133 1918 1166 hominis
1945 1134 1991 1166 ad
2011 1135 2184 1174 aquilam.
2204 1137 2251 1168 Et

144 1183 259 1222 dixit,
283 1183 433 1216 dicens:
457 1176 493 1203 ³⁸
513 1183 609 1216 Audi
632 1186 694 1223 tu,
714 1185 753 1216 et
778 1184 908 1222 loquan-
932 1184 977 1215 ad
1004 1187 1058 1223 te,
1082 1186 1122 1216 et
1146 1185 1246 1216 dicet
1270 1185 1482 1217 Altissimus
1507 1184 1600 1217 tibi:
1630 1177 1666 1203 39
1690 1186 1823 1217 Nonne
1847 1188 1890 1218 tu
1918 1194 1955 1218 es
1980 1186 2043 1224 qui
2071 1190 2250 1227 superasti

144 1236 188 1268 de
209 1237 371 1275 quatuor
391 1235 632 1276 animalibus,
655 1243 739 1275 quae
762 1236 924 1268 feceram
950 1243 1105 1275 regnare
1130 1235 1167 1268 in
1192 1238 1327 1269 saeculo
1350 1244 1448 1275 meo,
1468 1237 1506 1267 et
1529 1237 1571 1267 ut
1596 1245 1660 1276 per
1681 1245 1740 1269 eos
1764 1239 1910 1270 veniret
1936 1238 2018 1269 finis
2043 1240 2250 1279 temporum

141 1288 297 1320 eorum?
323 1279 361 1306 ‘⁴⁰
384 1288 428 1320 Et
452 1290 606 1327 quartus
630 1287 782 1320 veniens
807 1287 943 1319 devicit
963 1288 1089 1320 omnia
1113 1287 1290 1320 animalia
1314 1296 1398 1328 quae
1426 1288 1678 1325 transierunt,
1699 1290 1737 1320 et
1766 1291 1966 1327 potentatu
1991 1291 2112 1322 tenuit
2141 1300 2251 1323 888811-

144 1341 220 1371 111111
238 1347 322 1371 011111
343 1340 504 1372 tremore
521 1341 660 1379 multo,
684 1341 722 1371 et
745 1347 892 1371 omnem
913 1340 1040 1371 orbem
1065 1347 1149 1371 cum
1172 1340 1295 1372 labore
1314 1339 1487 1380 pessimo,
1507 1342 1545 1372 et
1563 1339 1789 1372 inhabitavit
1808 1344 1862 1372 tot
1880 1342 2108 1380 temporibus
2126 1343 2249 1376 orbem

141 1393 330 1424 terrarum
355 1399 438 1424 cum
471 1392 565 1424 doio.
590 1382 623 1409 ⁴¹
649 1391 697 1423 Et
728 1391 904 1430 judicasti
938 1398 1080 1423 terram
1112 1400 1186 1423 non
1218 1400 1301 1424 cum
1333 1392 1504 1423 veritate.
1531 1383 1568 1408 42
1591 1392 1793 1424 Tribulasti
1822 1393 1919 1424 enim
1951 1396 2181 1433 mansuetos,
2213 1397 2250 1427 et

142 1443 273 1475 laesisti
297 1443 545 1483 quiescentes,
573 1444 610 1475 et
635 1442 797 1475 dilexisti
823 1443 1034 1482 mendaces,
1063 1445 1101 1475 et
1125 1443 1344 1475 destruxisti
1370 1443 1618 1475 habitationes
1649 1452 1777 1476 eorum
1803 1444 1864 1483 qui
1890 1445 2189 1486 fructificabant,
2214 1451 2251 1479 et

142 1495 351 1527 humiliasti
376 1503 501 1527 muros
525 1503 653 1527 eorum
678 1494 740 1535 qui
765 1496 803 1526 te
827 1503 902 1526 non
921 1496 1137 1527 nocuerunt.
1162 1487 1199 1513 43
1216 1496 1265 1527 Et
1286 1496 1450 1527 ascendit
1470 1495 1693 1527 contumelia
1713 1499 1780 1527 tua
1800 1504 1914 1535 usque
1933 1496 1980 1528 ad
1997 1497 2250 1537 Altissimum,

140 1549 179 1580 et
204 1547 376 1586 superbia
400 1550 468 1579 tua
492 1547 538 1579 ad
564 1547 728 1579 Fortem.
753 1538 790 1564 44
809 1546 858 1578 Et
882 1546 1045 1585 respexit
1070 1546 1282 1579 Altissimus
1305 1547 1463 1586 superba
1487 1549 1674 1585 tempora,
1693 1551 1731 1578 et
1756 1555 1839 1579 ecce
1863 1547 1969 1579 finita
1993 1551 2099 1589 sunt,
2118 1551 2155 1582 et
2176 1558 2250 1582 sce-

141 1599 220 1631 lera
243 1599 322 1637 ejus
346 1600 529 1638 completa
552 1600 651 1630 sunt.
669 1589 706 1615 45
725 1599 930 1636 Propterea
950 1606 1024 1629 non
1047 1606 1245 1638 appareas,
1266 1601 1310 1630 tu
1335 1598 1459 1637 aquila
1473 1623 1481 1638 ,
1506 1601 1544 1630 et
1568 1599 1636 1630 alae
1658 1601 1736 1630 tuae
1755 1599 1968 1638 horribileS‚
1990 1602 2028 1632 et
2048 1603 2253 1640 pennacula

140 1652 207 1682 tua
227 1649 403 1690 pessima,
427 1652 466 1682 et
485 1650 612 1689 capita
632 1652 700 1681 tua
720 1648 880 1687 maligna
893 1673 902 1688 ,
923 1651 960 1680 et
980 1657 1121 1688 ungues
1142 1650 1200 1681 tui
1220 1649 1384 1689 pessimi,
1402 1654 1440 1682 et
1457 1658 1566 1681 omne
1583 1658 1716 1689 corpus
1735 1653 1841 1682 tuum
1863 1644 2059 1690 vanum,⁴⁶
2072 1654 2129 1685 uti
2148 1652 2251 1685 refri-

139 1704 291 1741 geretur
308 1701 427 1733 omnis
450 1704 579 1741 terra,
602 1702 641 1733 et
665 1703 881 1733 revertatur
901 1700 1060 1731 liberata
1084 1701 1128 1732 de
1151 1703 1218 1732 tua
1235 1701 1291 1740 vi,
1317 1703 1353 1733 et
1378 1703 1500 1741 speret
1524 1701 1699 1740 judicium
1725 1704 1762 1733 et
1787 1701 2074 1735 misericordiam
2091 1707 2169 1743 ejus
2187 1705 2251 1743 qui

140 1753 230 1786 fecit
253 1757 362 1785 eam.'

193 1805 280 1838 CAP.
306 1805 390 1838 XII.
411 1823 454 1828 —
473 1796 488 1822 ¹
506 1806 554 1837 Et
578 1805 722 1837 factum
744 1806 818 1845 est,
841 1806 930 1837 dum
955 1805 1169 1844 loqueretur
1196 1806 1252 1837 leo
1276 1804 1389 1837 verba
1413 1805 1494 1837 haec
1520 1806 1566 1837 ad
1588 1805 1769 1844 aquilam,
1790 1807 1826 1837 et
1851 1806 1947 1846 vidi,
1966 1799 1983 1825 ²
2000 1809 2037 1839 et
2058 1815 2139 1839 ecce
2155 1809 2248 1846 quod

140 1859 386 1898 superaverat
409 1858 541 1896 caput,
565 1858 603 1889 et
627 1865 701 1888 non
725 1858 1016 1896 comparuerunt
1037 1858 1199 1895 quatuor
1222 1858 1292 1889 alae
1318 1856 1393 1889 illae
1415 1865 1500 1895 quae
1523 1858 1569 1888 ad
1591 1865 1674 1889 eum
1693 1860 1943 1898 transierunt,
1960 1860 1998 1890 et
2015 1860 2147 1891 erectae
2166 1865 2252 1892 sunt

143 1912 185 1942 ut
210 1912 435 1949 regnarent;
459 1911 497 1941 et
517 1913 596 1941 erat
622 1917 779 1948 regnum
803 1916 934 1940 eorum
959 1908 1074 1946 exile,
1098 1910 1136 1940 et
1160 1909 1331 1940 tumultu
1359 1909 1521 1947 plenum.
1549 1901 1565 1927 3
1583 1909 1631 1940 Et
1653 1908 1747 1948 vidi,
1769 1910 1806 1941 et
1831 1918 1912 1942 ecce
1940 1910 2021 1949 ipsa
2045 1918 2119 1942 non
2141 1919 2250 1951 appa—

141 1962 290 1998 rebant,
316 1964 356 1994 et
379 1969 486 1993 omne
517 1969 648 2000 corpus
676 1960 811 1999 aquilae
841 1960 1118 1999 incendebatur,
1142 1963 1180 1992 et
1207 1960 1474 2000 expavescebat
1505 1961 1607 1992 terra
1634 1961 1761 2000 valde;
1789 1963 1826 1993 et
1854 1969 1921 2001 ego
1951 1971 1973 1994 a
2001 1963 2188 2002 tumultu,
2215 1967 2252 1996 et

140 2022 289 2046 excessu
314 2014 466 2051 mentis,
492 2015 530 2045 et
551 2021 573 2044 a
598 2021 730 2052 magno
758 2013 892 2044 timore
914 2011 1087 2051 vigilavi,
1111 2013 1150 2044 et
1175 2011 1250 2044 dixi
1274 2012 1424 2051 spiritui
1448 2020 1529 2044 meo
1547 2023 1554 2045 :
1575 2004 1591 2030 4
1615 2012 1705 2044 Ecce
1726 2014 1769 2044 tu
1797 2014 1979 2052 praestisti
2003 2013 2093 2045 mihi
2122 2014 2189 2046 hoc
2214 2016 2250 2046 in

140 2074 184 2099 eo
207 2066 307 2105 quod
329 2066 509 2098 scrutaris
532 2066 615 2097 vias
636 2064 832 2097 Altissimi.
855 2056 872 2082 5
897 2064 988 2096 Ecce
1011 2064 1132 2096 adhuc
1156 2064 1339 2103 fatigatus
1363 2072 1444 2096 sum
1470 2064 1612 2104 animo,
1636 2066 1674 2096 et
1699 2064 1832 2103 spiritu
1857 2073 1938 2097 meo
1958 2065 2142 2098 invalidus
2170 2075 2249 2098 sum

141 2118 267 2157 valde,
290 2120 329 2150 et
350 2125 417 2149 nec
441 2117 583 2149 modica
607 2119 663 2149 est
687 2117 725 2148 in
749 2124 808 2148 me
832 2116 955 2148 virtus
980 2124 1003 2148 a
1026 2117 1146 2148 multo
1169 2115 1320 2156 timore,
1345 2124 1455 2155 quam
1475 2116 1611 2155 expavi
1636 2119 1744 2148 nocte
1768 2117 1850 2150 hac.
1869 2108 1886 2134 6
1902 2117 2010 2149 Nunc
2031 2126 2118 2157 ergo
2142 2119 2254 2151 orabo

139 2169 394 2210 Altissimum,
415 2171 459 2201 ut
479 2178 537 2202 me
562 2170 749 2201 confortet
775 2177 889 2207 nsque
909 2167 948 2200 in
969 2168 1090 2201 finem.
1120 2159 1136 2185 ⁷
1157 2168 1204 2200 Et
1224 2167 1321 2207 dixi,
1347 2167 1568 2200 Dominator
1586 2168 1760 2207 Domine,
1785 2169 1814 2200 si
1834 2168 1959 2201 inveni
1979 2169 2139 2209 gratiam
2163 2173 2252 2203 ante

140 2222 265 2254 oculos
289 2224 392 2261 tuos,
418 2223 456 2254 et
487 2222 518 2253 si
545 2222 770 2262 justificatus
802 2229 885 2252 sum
913 2220 1012 2259 apud
1040 2223 1078 2252 te
1105 2228 1185 2260 prae
1216 2219 1362 2259 multiS,
1395 2222 1433 2252 et
1460 2220 1490 2252 si
1510 2223 1609 2253 certe
1634 2220 1798 2252 ascendit
1823 2221 2031 2260 deprecatio
2058 2229 2140 2254 mea
2166 2227 2252 2255 ante

139 2273 271 2306 faeiem
293 2277 398 2306 tuam
409 2299 418 2314 ,
444 2266 460 2291 ⁸
477 2276 648 2306 contorta
672 2281 731 2305 me
743 2297 751 2312 ,
772 2276 811 2305 et
835 2273 986 2304 ostende
1003 2279 1109 2304 servo
1126 2275 1192 2304 tuo
1209 2271 1299 2303 mihi
1319 2272 1672 2311 interpretationem
1683 2297 1692 2312 ,
1709 2274 1746 2304 et
1764 2272 2038 2305 distinctionem
2054 2273 2153 2306 visus
2170 2275 2252 2306 hor-

139 2325 258 2358 ribilis
282 2326 411 2366 hujus,
436 2327 480 2358 ut
506 2325 716 2366 plenissime
740 2324 938 2357 consoleris
965 2323 1125 2356 animam
1150 2331 1284 2356 meam.
1311 2315 1328 2341 9
1345 2324 1510 2363 Dignum
1534 2324 1631 2356 enim
1660 2332 1717 2356 me
1745 2324 1910 2357 habuisti
1935 2325 2128 2358 ostendere
2155 2326 2243 2358 mihi

139 2378 350 2417 temporum
373 2377 583 2410 novissima.

192 2430 240 2461 Et
265 2430 360 2462 dixit
384 2430 431 2462 ad
452 2438 510 2462 me
535 2440 543 2462 :
570 2421 604 2447 ¹⁰
629 2430 721 2462 Haec
746 2429 801 2461 est
826 2428 1090 2468 interpretatio
1118 2428 1267 2461 visionis
1298 2428 1418 2467 hujus.
1453 2419 1481 2445 ¹¹
1498 2427 1670 2468 Aquilam
1695 2437 1809 2467 quam
1839 2427 1967 2460 vidisti
1991 2430 2246 2464 ascendentem

140 2481 185 2514 de
209 2481 323 2521 mari,
347 2481 415 2514 hoc
439 2484 495 2514 e>t
522 2490 679 2521 regnum
703 2481 801 2521 quod
826 2480 947 2513 visum
972 2486 1028 2514 est
1051 2480 1090 2513 in
1114 2481 1252 2512 visione
1282 2480 1444 2520 Danieli,
1468 2480 1581 2512 fratri
1606 2483 1683 2512 tuo.
1712 2473 1744 2498 ¹²
1763 2481 1831 2513 sed
1860 2488 1934 2512 non
1962 2482 2019 2512 est
2047 2481 2102 2512 illi
2134 2481 2246 2514 inter-

139 2535 354 2574 pretatum,
379 2534 555 2573 quoniam
580 2542 648 2573 ego
669 2541 771 2566 nnnc
799 2533 867 2565 tibi
887 2532 1127 2572 interpretor.
1153 2524 1186 2551 13
1207 2534 1296 2565 Ecce
1322 2533 1399 2564 dies
1423 2532 1598 2571 veniunt,
1619 2533 1658 2564 et
1681 2535 1838 2572 exurget
1863 2540 2018 2570 regnum
2044 2541 2153 2572 super
2177 2536 2248 2565 ter-

140 2593 244 2625 ram,
272 2588 310 2618 et
334 2585 406 2618 erit
431 2586 544 2617 timor
567 2585 690 2618 acrior
710 2585 875 2617 omnium
902 2593 1102 2624 regnorum
1128 2593 1213 2624 quse
1247 2585 1403 2617 fuerunt
1431 2587 1518 2616 ante
1542 2592 1640 2616 eum.
1672 2575 1706 2602 ¹⁴
1731 2584 1954 2623 Regnabunt
1983 2586 2108 2616 autem
2139 2585 2177 2616 in
2208 2594 2248 2617 ea

138 2645 245 2677 reges
266 2638 386 2671 duode
399 2639 476 2677 1111,
500 2646 597 2670 1111118
621 2640 704 2677 post
725 2646 854 2669 unum.
870 2628 905 2655 15
921 2638 1015 2669 Nam
1033 2637 1217 2669 secundus
1236 2636 1385 2676 incipiet
1410 2644 1582 2676 regnare,
1599 2639 1638 2668 et
1661 2636 1740 2675 ipse
1764 2635 1906 2668 tenebit
1926 2637 2086 2675 amplius
2105 2640 2249 2676 tempus

139 2697 219 2729 prae
245 2689 451 2722 duode1im.
477 2681 510 2707 ¹⁶
530 2690 617 2722 Haec
637 2692 694 2722 est
717 2689 983 2730 interpretatio
1007 2689 1197 2721 duodecim
1221 2690 1366 2721 alarum
1391 2696 1481 2728 quas
1504 2687 1643 2720 vidisti.

191 2732 224 2759 ¹7
243 2741 292 2773 Et
312 2749 422 2781 quam
447 2741 585 2774 audisti
608 2750 733 2774 vocem
758 2750 842 2781 quae
862 2742 986 2773 locuta
1009 2743 1083 2780 est,
1100 2749 1175 2773 non
1200 2742 1244 2773 de
1264 2740 1444 2780 capitibus
1464 2741 1542 2780 ejus
1563 2741 1778 2780 exeuntem,
1798 2741 1861 2772 sed
1881 2740 1925 2772 de
1945 2739 2065 2772 medio
2089 2740 2248 2780 corporis

139 2794 236 2834 ejus,
262 2784 296 2811 ¹⁸
312 2793 392 2826 haec
415 2795 471 2826 est
492 2793 771 2833 interpretatio,
794 2792 968 2833 quoniam
985 2796 1068 2832 post
1088 2796 1232 2832 tempus
1257 2792 1360 2831 regni
1385 2792 1484 2824 illius
1507 2794 1707 2824 nascentur
1723 2793 1975 2824 contentiones
1996 2800 2070 2824 non
2088 2792 2248 2833 modicae,

139 2847 177 2878 et
201 2844 482 2885 periclitabitur,
507 2848 551 2877 ut
574 2846 704 2885 cadat,
728 2848 765 2878 et
785 2854 860 2877 non
883 2845 989 2878 cadet
1014 2848 1121 2884 tunc,
1146 2847 1207 2877 sed
1232 2844 1369 2877 iterum
1390 2844 1640 2877 constituetur
1662 2843 1700 2876 in
1723 2852 1831 2876 suum
1856 2843 2016 2876 initium.

191 2889 226 2915 19
248 2899 291 2929 itt
315 2897 488 2937 quoniam
511 2897 637 2929 vidisti
661 2898 849 2930 subalzires
873 2900 956 2930 octo
980 2897 1207 2929 cohaerentes
1229 2897 1297 2928 alis
1323 2898 1418 2936 ejus,
1443 2888 1481 2915 20
1497 2896 1576 2928 haec
1596 2897 1652 2928 est
1677 2896 1942 2936 interpretatio
1963 2905 1971 2928 ι
1998 2896 2192 2935 Exurgent
2211 2896 2247 2928 in

139 2948 217 2989 ipso
240 2955 324 2981 octo
344 2957 466 2990 reges,
493 2958 653 2989 quorum
677 2952 789 2982 erunt
809 2951 978 2989 tempora
1000 2948 1114 2988 levia,
1135 2953 1174 2982 et
1194 2949 1284 2980 anni
1308 2948 1431 2987 citati,
1452 2950 1490 2980 et
1515 2949 1587 2980 duo
1611 2948 1757 2988 quidem
1778 2956 1824 2980 ex
1845 2947 1933 2986 ipsis
1954 2948 2114 2987 perient.
2133 2939 2165 2966 21
2178 2949 2249 2988 Ap-

139 3008 217 3040 pro.
233 3001 411 3040 inquante
435 3003 562 3035 autem
587 3004 753 3041 tempore
778 3001 915 3041 medio,
940 3003 1104 3040 quatuor
1126 3002 1378 3034 servabuntur
1402 3002 1440 3032 in
1465 3002 1649 3039 tempore,
1672 3007 1756 3032 011111
1775 2999 1924 3039 incipiet
1954 3000 2248 3039 appropinquare

140 3053 285 3091 tempu«
308 3056 386 3093 ejus
409 3058 454 3086 ut
477 3054 653 3093 finiatur;
678 3055 751 3086 duo
775 3062 864 3086 vero
887 3054 927 3085 in
950 3054 1061 3085 finem
1085 3053 1344 3086 servabuntur.

194 3095 231 3122 ²²
248 3105 296 3137 Et
316 3106 490 3145 quoniam
514 3105 642 3138 vidisti
666 3105 740 3138 tria
764 3106 888 3145 capita
912 3105 1155 3145 quiescentia,
1181 3097 1218 3123 ²3
1236 3105 1314 3137 haee
1342 3106 1398 3137 est
1426 3104 1716 3144 interpretatio:
1740 3105 1785 3136 In
1812 3103 2018 3136 novissimis
2042 3105 2122 3144 ejus
2141 3104 2249 3137 susci-

140 3155 238 3189 tabit
258 3156 468 3190 Altissimus
492 3159 567 3190 tria
586 3166 720 3198 regna,
741 3159 779 3190 et
798 3158 986 3190 revocabit
1009 3157 1048 3189 in
1072 3165 1114 3190 ea
1135 3158 1273 3196 multa,
1297 3159 1336 3188 et
1360 3157 1651 3189 dominabuntur
1675 3157 1827 3188 terram.
1856 3148 1892 3174 24
1915 3157 1962 3188 Et
1986 3156 2051 3195 qui
2076 3157 2246 3189 habitant

141 3207 181 3240 in
208 3216 268 3247 ea,
292 3216 374 3241 cum
404 3211 528 3242 labore
553 3210 674 3241 multo
705 3217 816 3249 super
843 3217 969 3242 omnes
999 3208 1063 3248 qui
1087 3209 1242 3241 fuorunt
1277 3211 1364 3241 ante
1387 3209 1470 3248 hos,
1494 3210 1647 3248 propter
1670 3208 1738 3240 hoc
1769 3207 1836 3247 ipsi
1861 3209 1982 3240 vocati
2006 3210 2093 3240 sunt
2126 3208 2248 3248 capita

141 3261 289 3298 aqullae.
307 3251 345 3279 25
363 3261 429 3294 Isti
449 3263 548 3294 enim
569 3264 680 3294 erunt
704 3263 766 3301 qui
791 3261 1095 3300 recapitulabunt
1113 3260 1326 3301 impietates
1349 3261 1445 3300 ejus,
1469 3262 1507 3292 et
1528 3260 1591 3300 qui
1614 3259 1804 3300 perficient
1825 3259 2022 3292 novis—ima
2039 3261 2129 3300 ejus.
2147 3251 2183 3278 ²⁶
2200 3260 2245 3292 Et

141 3312 320 3350 quonlam
346 3313 470 3346 vidisti
495 3315 607 3353 caput
636 3315 757 3353 majus
781 3321 857 3345 non
880 3321 1078 3353 apparenS,
1102 3312 1181 3344 haec
1201 3314 1257 3345 e*t
1277 3312 1540 3352 interpretatio
1564 3313 1662 3351 eins,
1689 3311 1863 3351 quoniam
1884 3319 1980 3344 unus
2004 3320 2048 3344 ex
2068 3312 2118 3344 eis
2138 3320 2247 3352 super

139 3363 280 3395 lectum
297 3372 403 3397 suum
422 3366 612 3404 morietur,
629 3367 667 3398 et
684 3367 808 3397 tamen
825 3373 910 3398 cum
927 3364 1134 3397 tormentis.
1153 3357 1189 3383 ²⁷
1203 3364 1300 3397 Nam
1317 3364 1391 3396 duo
1407 3365 1470 3404 qui
1488 3363 1820 3403 perseveraverint,
1833 3363 1977 3403 gladius
1993 3372 2053 3397 808
2070 3365 2244 3397 comedet.

142 3406 181 3433 ²⁸
202 3414 317 3448 Unius
341 3417 437 3450 enim
461 3417 607 3457 gladius
632 3418 797 3450 comedet
821 3416 884 3457 qui
904 3425 988 3449 cnm
1013 3425 1076 3456 eo;
1100 3417 1163 3449 sed
1188 3418 1314 3448 tamen
1337 3415 1397 3448 hic
1424 3415 1548 3455 gladio
1571 3416 1610 3448 in
1634 3415 1838 3448 novissimis
1863 3416 1980 3448 cadet.

195 3457 233 3485 ²⁹
256 3466 303 3499 Et
326 3469 499 3508 quoniam
523 3469 648 3502 vidisti
671 3469 762 3501 duas
789 3469 978 3501 subalares
997 3467 1222 3508 trajicientes
1251 3476 1362 3508 super
1385 3471 1498 3508 caput
1519 3467 1618 3506 quod
1643 3469 1699 3500 est
1722 3467 1761 3499 in
1785 3467 1939 3500 dextera
1959 3467 2085 3508 parte,
2111 3459 2147 3486 30
2167 3467 2245 3500 haec

140 3518 198 3550 est
217 3519 504 3559 interpretatio:
530 3521 579 3553 Hi
603 3523 690 3554 sunt
715 3529 805 3560 quos
829 3521 1064 3553 conservavit
1084 3519 1296 3552 Altiss-imus
1319 3519 1356 3551 in
1378 3521 1487 3552 finem
1505 3528 1633 3559 suum,
1656 3520 1726 3552 hoc
1746 3521 1802 3552 est
1818 3527 1973 3559 regnum
1995 3519 2088 3553 exile
2105 3522 2143 3552 et
2167 3522 2241 3552 tur-

140 3568 304 3603 bationis
334 3572 494 3611 plenum.
522 3564 553 3591 31
581 3573 682 3606 Sicut
707 3571 831 3606 vidisti
862 3574 901 3606 et
931 3573 1093 3611 leonem,
1119 3580 1228 3612 quem
1252 3571 1378 3604 vidisti
1407 3572 1451 3604 de
1479 3571 1572 3604 silva
1594 3571 1856 3612 evigilantem,
1884 3575 1922 3604 et
1954 3571 2181 3612 rugientem,
2208 3573 2245 3604 et
