2423 3861
577 116 719 156 Pnov.
755 113 986 167 XXVIII,
1023 112 1077 154 18
1108 137 1166 144 -
1195 111 1376 164 XXIX,
1412 110 1478 152 116.
1859 106 1967 150 693·

120 225 211 234 -φ-ψ-
227 225 335 229 Ῐ-κ-ῐ»
347 226 378 228 ἡκ
392 225 440 227 Ᾱᾼᾈ

295 282 330 311 ¹⁸
351 284 433 335 Qui
459 285 660 327 ambulat
681 283 942 341 simpliciter
967 283 1116 325 salvus
1138 282 1246 335 erit;

413 344 486 400 qui
514 343 730 401 perversis
757 343 957 398 graditur
980 342 1064 384 viis
1090 341 1295 385 concidet
1318 339 1455 383 semel

296 403 328 429 ¹⁰
349 403 431 454 Qui
459 408 663 460 operatur
690 408 851 445 terram
877 416 1003 444 suam
1024 400 1262 443 satiabitur
1284 399 1498 456 panibus;

383 463 452 519 qui
478 468 629 506 autern
650 467 848 504 sectatur
870 461 1009 504 otium
1034 459 1278 517 replebitur
1301 463 1515 514 egestate.

294 521 330 547 '2⁰
352 522 431 565 Vir
453 521 595 564 fidelis
619 521 809 563 multum
835 519 1117 573 laudabitur3

413 580 485 638 qui
512 585 662 623 autem
687 580 876 622 festinat
901 579 1033 622 ditari
1058 593 1145 621 non
1167 578 1247 621 erit
1274 578 1500 620 innocens.

294 641 324 667 '2¹
350 641 431 691 Qui
455 639 682 695 cognoscit
703 638 751 680 in
772 638 942 694 judicio
966 637 1134 680 faciem
1155 651 1243 680 non
1270 637 1382 679 benc
1407 635 1546 690 facit;

411 700 494 742 iste
516 703 560 741 et
586 711 661 754 pro
687 697 889 740 buccella
910 696 1038 753 panis
1060 696 1223 739 deserit
1249 695 1495 738 veritatem.

295 758 330 784 ‘2'2
353 758 434 801 Vir
455 757 528 813 qui
552 756 740 800 festinat
764 756 916 810 ditari,
945 763 988 799 et
1008 755 1110 797 aliis
1131 754 1324 808 invidet,

411 817 587 872 ignorat
610 815 725 871 quod
745 820 923 871 ege-itas
949 814 1230 871 superveniet
1252 813 1306 856 ei.

295 878 330 903 '-'·'³
351 876 432 926 Qui
458 875 638 931 corripit
661 875 888 918 hominem
909 873 1101 930 gratiam
1123 879 1276 929 postea
1298 871 1496 914 inveniet
1514 869 1638 927 :apud
1662 884 1782 927 eum,

412 934 556 990 magis
579 948 711 990 quam
733 934 810 977 ille
832 933 904 989 qui
928 947 1005 990 per
1028 933 1196 988 linguae
1219 931 1528 974 biandimenta
1544 927 1727 984 decipit.

295 995 328 1021 2²
351 994 433 1044 Qui
454 993 678 1036 subtrahit
702 993 872 1049 aliquid
888 1007 920 1035 <a
942 997 1068 1049 patre
1089 1006 1166 1035 suo
1188 997 1233 1035 et
1252 1005 1283 1033 a
1307 991 1469 1044 matne,

411 1058 454 1096 et
477 1052 587 1096 dicit
612 1053 695 1096 hoc
719 1067 806 1096 non
826 1066 919 1096 esse
945 1056 1199 1109 peccatum,

411 1115 632 1169 particeps
655 1112 893 1155 homicidae
919 1116 998 1155 est.
1301 1141 1304 1144 -

294 1171 329 1197 '²5
351 1172 433 1223 Qui
456 1186 503 1216 se
528 1172 670 1229 jactat
684 1178 730 1215 et
747 1171 920 1224 dilatat,
941 1171 1090 1227 jurgia
1113 1170 1335 1223 concitatt,

413 1232 487 1286 qui
513 1245 616 1275 vero
638 1236 786 1289 sperat
808 1233 852 1273 in
877 1230 1068 1274 Domino
1090 1229 1330 1272 sanabitur.

294 1291 329 1317 '2⁶
351 1291 433 1341 Qui
461 1291 646 1334 confidit
666 1291 713 1333 in
739 1291 868 1334 corde
891 1304 969 1332 suo
995 1289 1156 1332 stultus
1180 1293 1270 1341 est,

412 1351 485 1406 qui
508 1356 660 1394 autem
680 1350 881 1406 graditur
901 1349 1124 1405 sapienter
1144 1348 1239 1404 ipse
1264 1344 1523 1389 salvabitur.

293 1410 326 1436 ²7
350 1409 432 1460 Qui
455 1409 532 1453 dat
558 1410 742 1466 pauperi
763 1424 850 1452 non
872 1407 1095 1463 indigebit
1120 1424 1128 1451 :

412 1469 486 1525 qui
514 1469 704 1526 despicit
727 1469 1042 1525 deprecantem
1067 1465 1308 1510 sustinebit
1331 1463 1576 1521 penuriam.

293 1530 328 1556 '2'3
351 1528 462 1571 Cum
485 1528 755 1571 surrexerint
775 1527 915 1583 impii,
943 1526 1271 1570 abscondentur
1292 1522 1525 1575 homines3

212 1643 215 1645 Β
412 1602 512 1631 cum
533 1588 600 1630 illi
626 1587 858 1644 perierint,
884 1585 1302 1642 multiplicabuntur
1322 1581 1446 1638 justi.

168 1650 280 1693 CAP.
309 1647 482 1690 XXIX.
503 1673 564 1680 -—
585 1646 599 1672 ‘1
624 1647 732 1690 Viro
757 1646 830 1702 qui
858 1645 1170 1702 corripientem
1191 1643 1300 1686 dura
1323 1640 1493 1684 cervice
1521 1639 1787 1693 contemnit,
2045 1649 2230 1681 proverbia

363 1758 365 1760 ,
411 1707 668 1764 repentinus
690 1706 729 1749 ei
751 1705 1033 1762 superveniet
1053 1703 1278 1757 interitus,
2037 1694 2238 1728 promiscua.

411 1771 456 1809 et
481 1780 581 1809 eum
608 1765 775 1808 sanitas
803 1779 891 1807 non
913 1769 1134 1819 sequetur.

300 1826 328 1861 Γ]
350 1827 404 1868 In
427 1824 800 1882 multiplicatione
819 1824 1039 1880 justorum
1063 1821 1290 1865 laetabitur
1314 1820 1473 1876 vulgus
1494 1836 1503 1873 3

355 1906 358 1908 v
415 1899 514 1927 cum
540 1883 669 1941 impii
692 1883 961 1940 sumpserint
986 1882 1305 1940 principatum,
1334 1884 1484 1935 gemet
1510 1877 1711 1934 populus

314 1945 331 1971 3
352 1944 434 1988 Vir
459 1944 532 2000 qui
556 1949 679 1987 amat
705 1939 972 2000 sapientiam
999 1941 1200 1984 laetificat
1220 1945 1394 1996 patrem
1416 1952 1545 1980 suum
1564 1953 1573 1988 ;

415 2004 488 2060 qui
510 2009 661 2046 autem
682 2003 823 2046 nutrit
848 2008 992 2046 scorta
1015 2001 1168 2058 perdet
1190 1997 1504 2042 substantiam.

313 2064 329 2090 4
355 2065 447 2107 Rex
467 2063 615 2119 justus
638 2063 770 2118 erigit
792 2068 968 2106 terram·
987 2079 996 2106 ε

416 2122 484 2165 vir
508 2136 668 2165 avarus
695 2123 890 2165 destruet
913 2136 1025 2164 eam.

315 2184 332 2207 ὅ
356 2184 503 2226 Homo
529 2181 602 2237 qui
625 2181 802 2224 blandis
827 2181 1030 2237 fictisque
1055 2178 1332 2224 sermonibus
1354 2176 1547 2233 loquitur
1569 2175 1713 2218 amico
1734 2189 1813 2218 suo

414 2247 506 2285 rete
532 2241 746 2298 expandit
769 2241 995 2297 gressibus,
1018 2240 1129 2296 ejus.
1161 2288 1163 2291 ¹

315 2306 332 2327 ‘j
354 2303 625 2344 Peccantem
650 2299 796 2342 virum
817 2300 1020 2356 iniquum
1044 2299 1246 2343 involvet
1270 2297 1475 2352 laqueus,

418 2366 461 2404 et
485 2360 632 2416 justus
658 2359 861 2402 laudabit
886 2365 1018 2416 atque
1040 2357 1269 2415 gaudebit.

319 2421 333 2447 7
356 2420 495 2463 Novit
516 2419 662 2475 justus
687 2432 867 2463 causam
889 2433 1134 2476 pauperum
1154 2435 1163 2474 ;

415 2479 578 2536 impius
601 2479 781 2534 ignorat
806 2477 1054 2521 scientiam.
2079 2502 2099 2522 κ

318 2539 333 2566 8
357 2538 575 2583 Homines
601 2537 860 2595 pestilentes
883 2537 1102 2595 dissipant
1127 2537 1376 2592 civitatem,

416 2597 640 2655 sapientes
668 2611 768 2640 vero
794 2602 1001 2640 avertunt
1022 2598 1233 2641 furorem.

318 2658 335 2684 9
357 2658 438 2701 Vir
459 2657 635 2714 sapiens
657 2657 693 2700 si
722 2671 824 2700 cum
845 2656 982 2699 stulto
1004 2656 1301 2712 contenderit,

417 2718 512 2761 sive
532 2717 760 2771 irascatur,
788 2715 882 2758 sive
903 2715 1067 2772 rideat,
1090 2730 1178 2759 non
1200 2711 1400 2759 inveniet
1423 2715 1634 2770 requiem.

302 2776 337 2803 10
357 2777 456 2820 Viri
477 2776 749 2832 sanguinum
775 2775 961 2818 oderunt
983 2775 1233 2832 simplicem
1254 2792 1263 2831 ;
1561 2797 1563 2799 ·

417 2836 526 2893 justi
548 2842 698 2879 autem
721 2839 926 2891 quaerunt
950 2835 1150 2878 animam
1172 2835 1282 2890 ejus.

301 2895 335 2923 ‘¹¹
357 2896 521 2939 Totum
543 2895 749 2952 spiritum
775 2908 905 2937 suum
926 2894 1096 2951 profert
1120 2894 1282 2937 stultus
1301 2911 1311 2949 ς

421 2956 598 3013 sapiens
622 2955 792 3010 differt,
818 2960 861 2997 et
882 2959 1078 2997 reservat
1100 2954 1148 2996 in
1172 2958 1410 3011 posterum.

302 3014 338 3041 ¹2
359 3016 572 3072 Princeps
595 3015 669 3071 qui
691 3015 882 3058 libenter
903 3013 1030 3056 audit
1051 3013 1188 3057 verba
1213 3011 1435 3058 mendacii

421 3089 572 3118 omnes
600 3073 825 3118 ministros
850 3073 986 3117 habet
1010 3073 1183 3131 impios.

302 3135 338 3162 13
359 3136 534 3192 Pauper
559 3140 602 3178 et
629 3134 819 3178 creditor
841 3133 1134 3176 obviaverunt
1154 3133 1240 3176 sibi
1264 3150 1274 3178 :

419 3195 648 3251 utriusque
669 3194 946 3237 illuminator
971 3199 1038 3237 est
1059 3193 1289 3237 Dominus.

307 3253 340 3280 ¹³¹
363 3255 458 3299 Rex
479 3255 554 3311 qui
577 3254 751 3311 judicat
772 3254 818 3297 in
841 3253 1027 3297 veritate
1053 3268 1287 3310 pauperes,

421 3314 606 3358 thronus
629 3314 725 3370 ejus
747 3315 793 3357 in
818 3320 1028 3357 aeternum
1053 3312 1313 3356 firmabitur.

304 3373 340 3400 ⁴¹5
358 3373 502 3430 Virga
527 3379 659 3430 atque
683 3374 898 3431 correptio
925 3372 1079 3416 tribuit
1101 3373 1392 3430 sapientiam3

421 3448 531 3491 puer
561 3439 713 3478 autem
746 3435 818 3490 qui
850 3433 1091 3476 dimittitur
1121 3433 1342 3476 voluntati
1372 3447 1464 3476 suae
1495 3429 1732 3476 confundit
1766 3433 1956 3472 matrem

305 3493 340 3520 ‘¹⁰
362 3494 416 3538 In
442 3493 816 3552 multiplicatione
836 3493 1074 3550 impiorum
1096 3492 1514 3551 multiplicabuntur
1538 3489 1725 3546 scelera,
1785 3490 1954 3546 [suam.

127 3642 258 3676 12⁴]Sup.
270 3642 401 3677 XII,11.
420 3637 521 3667 Eccli.
538 3639 614 3673 XX,
624 3641 715 3667 30.—
731 3639 779 3671 20]
796 3638 873 3670 Sup.
895 3637 993 3671 XIII,
1006 3639 1037 3664 11
1052 3639 1089 3665 et
1107 3637 1238 3672 XX‚21.
1253 3651 1291 3657 —-
1306 3639 1337 3670 3]
1353 3637 1436 3664 Luc.
1453 3636 1578 3671 XV213.
1592 3652 1628 3657 —
1645 3638 1694 3670 13]
1711 3637 1788 3670 sup.
1801 3636 1913 3674 XXII,
1928 3643 1958 3673 2,
