2423 3861
118 762 260 791 Titulus.

95 833 283 862 Gratiarum

134 877 224 906 actio
237 899 244 913 ‚

99 922 281 955 incipiente

88 967 225 996 exulum
244 974 294 995 re-

151 1011 235 1040 ditu.

132 1303 247 1333 Oratio

96 1349 135 1375 ut
153 1346 288 1375 omnino

137 1396 247 1420 cesset

97 1435 289 1469 captivitas.

124 2012 267 2041 Titulus.

110 2084 187 2113 Sine
209 2086 277 2113 Deo

74 2129 183 2158 omnis
220 2129 316 2157 labor

87 2179 93 2183 “
135 2176 253 2202 noster

137 2218 257 2246 inanis.

92 2502 191 2531 Solus
208 2502 298 2530 Deus

77 2545 132 2573 dat
146 2544 234 2573 filios
249 2543 320 2577 qui-

78 2590 140 2617 bus
170 2587 317 2616 florescit

127 2632 267 2662 familia.

130 3145 274 3175 Titulus.

112 3217 293 3245 Beatitudo

112 3260 299 3290 domestica
324 3274 327 3275 ⁷

134 3304 276 3339 piorum.

379 121 464 165 646
890 119 963 161 Ps:
999 117 1208 172 CXXIV,
1243 116 1271 160 5
1303 122 1360 153 -ι-
1392 115 1633 169 cxxvii,
1665 114 1706 157 3.

673 296 717 334 et
741 290 871 333 rectis
895 289 1038 332 corde.

573 351 589 377 5
611 350 899 393 Declinantes
924 353 1074 391 autem
1098 347 1146 389 in
1169 346 1486 402 obligationes,

671 409 865 452 adducet
891 407 1108 451 Dominus
1135 420 1236 448 cum
1259 404 1543 462 operantibus
1568 402 1865 458 iniquitatem.

614 470 707 512 Pax
733 482 863 525 super
884 466 1047 510 Israel!

1090 567 1304 610 PsALMUS
1338 564 1505 608 CXXV

462 658 726 704 Gratiarum
751 657 864 699 actio
891 661 929 700 et
950 655 1120 712 roqatio
1137 669 1223 710 pro
1247 653 1500 696 liberatione
1521 667 1550 694 a
1576 651 1830 707 captivitate
1851 647 2146 704 Babylonica..

439 744 452 771 ¹
478 743 714 788 Canticum
737 743 971 800 graduum.

612 819 667 862 In
690 818 989 862 convertendo
1013 816 1230 860 Dominus
1253 814 1564 872 captivitatem
1587 811 1711 868 Sion,

672 878 786 921 facti
812 892 964 920 sumus
986 877 1100 919 sicut
1126 875 1355 919 consolati.

575 936 592 963 ‘2
612 937 737 981 Tunc
759 937 979 994 lepletum
1001 942 1066 979 est
1090 934 1251 992 gaudio
1275 948 1321 976 os
1344 938 1465 975 nosti
1470 947 1564 988 um

674 1003 717 1040 et
742 997 897 1053 lingua
920 1002 1069 1038 nostia
1092 993 1383 1037 exultatione.

614 1057 739 1100 Tunc
762 1056 911 1099 dicent
932 1055 1047 1097 111101
1070 1059 1224 1110 gentes
1255 1069 1263 1095 :

672 1114 982 1171 Magnificavit
1005 1113 1223 1156 Dominus
1244 1112 1396 1154 facere
1422 1125 1523 1153 cum
1549 1109 1625 1153 eis.

574 1176 591 1202 3
611 1174 922 1230 Magnificavit
944 1173 1160 1216 Dominus
1186 1171 1338 1214 facere
1363 1169 1622 1223 nobiscum3

674 1234 785 1276 facti
808 1248 961 1277 sumus
986 1232 1207 1275 laetantes,

574 1295 592 1321 4
613 1295 855 1343 Converte,
885 1292 1096 1347 Domine,
1121 1290 1433 1347 captivitatem
1455 1292 1672 1343 nostram,

674 1353 789 1396 sicut
811 1357 980 1395 torrens
1001 1352 1047 1394 in
1072 1356 1235 1393 austro.

577 1414 593 1440 5
615 1413 695 1464 Qui
721 1412 945 1456 seminant
969 1411 1015 1453 in
1038 1409 1269 1467 lacrymis,

673 1472 720 1515 in
743 1470 1017 1515 exultatione
1044 1474 1226 1513 metent.

576 1533 594 1559 6
616 1534 784 1576 Ε1111105
807 1531 932 1573 ibant
956 1536 998 1573 et
1024 1529 1216 1584 fiebant,

677 1591 907 1634 mittentes
934 1589 1104 1632 semina
1130 1602 1223 1631 sua.

618 1651 858 1695 Venientes
884 1655 1035 1692 autem
1061 1648 1240 1691 venient
1260 1661 1361 1690 cum
1384 1645 1675 1698 exultatione,

676 1714 901 1767 portantes
925 1707 1175 1763 manipulos
1201 1720 1316 1750 51105.

1079 1816 1294 1862 PsALMUS
1328 1813 1522 1856 CXXVI

667 1906 783 1949 Vani
803 1905 1026 1947 hominum
1053 1903 1223 1945 labores
1243 1901 1404 1957 quibus
1427 1915 1512 1942 non
1534 1899 1780 1955 opitulatur
1805 1898 1944 1941 Deus.

387 2036 391 2040 .
440 1995 454 2022 1
482 1994 719 2040 Canticum
745 1992 966 2049 graduum
991 1989 1253 2035 Salomonis.

619 2067 717 2110 Nisi
743 2067 960 2110 Dominus
989 2064 1278 2108 aedificaverit
1305 2063 1507 2116 domum,

677 2127 724 2170 in
746 2141 913 2170 vanum
937 2125 1253 2168 laboraverunt
1279 2123 1352 2179 qui
1381 2121 1606 2165 aedificant
1629 2134 1740 2163 eam.

621 2186 720 2230 Nisi
744 2186 959 2229 Dominus
986 2183 1245 2227 custodieiit
1269 2182 1519 2235 civitatem,

680 2246 847 2289 frustia
870 2232 1031 2300 vlgilat
1054 2243 1127 2299 qui
1151 2242 1345 2285 custodit
1371 2256 1483 2284 eam.

580 2306 597 2332 ‘2
617 2307 798 2350 Vanum
825 2310 890 2348 est
912 2320 939 2346 v
919 2279 1038 2347 nobis
1063 2307 1168 2345 ante
1189 2302 1335 2344 lucem
1361 2314 1550 2356 surgere.

681 2365 856 2432 Surgite
880 2368 1116 2430 postquam
1141 2361 1365 2417 sederitis,

681 2425 755 2481 qui
783 2422 1065 2466 manducatis
1089 2436 1251 2488 panem
1275 2419 1452 2463 dolciis.

622 2487 733 2530 Cum
760 2483 932 2527 dedeiit
958 2482 1133 2525 dilectis
1159 2481 1248 2523 suis
1272 2494 1494 2533 somnum,

642 2544 660 2570 3
682 2558 784 2587 0000
812 2542 1036 2586 hereditas
1062 2540 1266 2594 Domini.
1290 2538 1395 2593 filii;

684 2617 872 2655 merces,
898 2602 1071 2644 fructus
1098 2599 1277 2643 ventris

582 2663 599 2690 4
620 2664 743 2707 Sicut
765 2662 943 2718 sagittae
966 2660 1012 2704 111
1039 2675 1174 2702 manu
1198 2657 1412 2715 potentis,

682 2722 745 2765 iia
771 2721 850 2763 filii
875 2734 1083 2764 excussoi
1088 2734 1174 2762 um

586 2781 602 2808 5
625 2783 789 2824 Beatus
816 2780 882 2822 vii
904 2779 976 2835 qui
1002 2779 1168 2834 implex
1172 2778 1208 2820 1t
1231 2776 1501 2820 desiderium
1525 2790 1654 2819 suum
1682 2790 1735 2818 ex
1748 2774 1868 2841 'ipsis
1902 2791 1910 2818 :

683 2854 770 2883 non
794 2838 1094 2882 confundetur
1117 2851 1217 2880 cum
1243 2835 1481 2892 loquetur
1470 2832 1665 2877 inimicis
1692 2834 1782 2876 51115
1808 2833 1854 2875 111
1880 2837 2028 2889 pei-..ta

1073 2946 1289 2988 PsALMUS
1327 2921 1548 2987 CXXVII

871 3035 966 3078 Viri
990 3035 1064 3090 pii
1087 3033 1291 3088 felicitas
1321 3033 1367 3074 in
1392 3032 1484 3074 vita
1505 3029 1754 3073 domestica.

449 3123 463 3150 ¹
491 3123 726 3172 Canticum
752 3122 987 3179 graduum.

626 3197 755 3241 Beati
779 3211 929 3240 omnes
956 3196 1030 3252 qui
1055 3195 1216 3238 timent
1239 3193 1505 3248 Dominum,

688 3256 761 3312 qui
787 3255 1057 3298 ambulant
1047 3269 1093 3296 in
1119 3253 1203 3298 viis
1228 3253 1339 3309 ejus,

587 3315 604 3333 ‘³
626 3316 819 3359 Labores
841 3328 1055 3356 manuum
1081 3319 1257 3357 tuaium
1281 3310 1382 3367 quia
1404 3308 1717 3364 manducabis,

687 3375 844 3419 beatus
867 3387 931 3429 es,
953 3377 996 3416 et
1020 3372 1137 3416 bene
1155 3371 1237 3418 tibi
1265 3371 1361 3416 elit.

589 3434 607 3460 3
628 3434 751 3478 Uxor
772 3439 847 3476 tua
869 3432 984 3476 sicut
1010 3431 1114 3473 vitis
1140 3429 1397 3484 abundans,

686 3493 733 3536 in
753 3491 966 3536 lateribus
994 3490 1148 3533 domus
1174 3494 1278 3531 tuae.

629 3551 734 3594 Filii
756 3552 847 3606 tui,
872 3551 988 3593 sicut
1013 3548 1201 3592 novellae
1225 3548 1464 3601 olivarum,

687 3611 733 3654 in
760 3610 946 3654 circuitu
973 3622 1137 3652 mensae
1159 3611 1260 3649 tuae.
