2423 3861
645 114 789 157 Pnov.
826 114 956 162 XVI,
997 115 1048 155 14
1081 139 1138 144 -
1170 112 1330 164 XVII,
1365 113 1404 154 7.
1752 107 1756 111 ’
1854 111 1936 154 679

406 287 479 343 qni
505 290 626 329 recta
651 285 844 340 loquitur
869 285 1091 338 diligetur.

292 346 323 374 Η
347 345 606 402 Indignatio
627 344 744 399 regis
769 344 914 386 nuntii
942 345 1114 399 mortis,

406 410 449 448 et
474 405 538 447 vir
560 403 737 459 sapiens
759 403 957 459 Inilacabit
980 418 1092 446 eam.

292 463 324 491 ¹5
347 466 398 507 In
424 463 648 506 hilaritate
670 462 819 504 vult-us
841 462 956 517 regis
979 463 1091 516 vita,

406 529 449 566 et
475 520 711 565 clementia
733 521 830 576 ejus
856 522 979 576 quasi
1004 521 1145 564 imber
1165 522 1396 565 serotinus.

291 582 324 608 ¹⁸³
346 581 528 625 Posside
548 580 834 638 sapientiam,
862 580 965 635 quia
991 594 1097 622 auro
1119 581 1274 623 melior
1295 586 1381 633 est,

406 647 449 684 et
474 639 649 696 acquire
671 639 975 696 prudentiam,
1003 639 1105 694 quia
1132 639 1360 695 pretiosior
1384 644 1450 682 est
1475 642 1672 693 argento.

292 701 322 726 ¹7
346 700 513 744 Semita
537 700 755 755 justorum
780 698 977 740 declinat
999 698 1146 751 mala;

407 764 553 802 custos
574 758 738 801 animae
762 771 854 799 suae
878 763 1026 800 servat
1051 757 1171 799 viam
1197 770 1334 799 suam.

293 818 323 844 ¹⁸
347 817 668 862 Contritionem
693 815 907 874 praecedit
927 816 1155 872 superbia,

405 883 449 921 et
469 882 572 920 ante
597 877 773 919 ruinam
795 875 1018 918 exaltatur
1043 875 1241 931 spiritus

291 937 323 963 ¹¹³
346 936 505 980 Melius
527 941 593 979 est
613 934 837 978 humiliari
863 949 965 977 cum
986 934 1170 977 mitibus

406 1010 538 1051 quam
560 994 758 1037 dividere
779 994 920 1051 spolia
944 1008 1045 1037 cum
1070 992 1283 1049 superbis.

289 1053 326 1079 “2⁰
348 1054 558 1097 Eruditus
578 1054 625 1096 in
649 1053 786 1096 verbo
810 1053 999 1110 reperiet
1020 1053 1158 1107 bona,

405 1119 449 1156 et
472 1113 545 1170 qui
570 1118 719 1170 sperat
742 1112 790 1154 111
817 1112 1006 1155 Domino
1032 1112 1188 1155 beatus
1210 1116 1287 1155 est.

287 1170 318 1197 '²¹
344 1173 426 1223 Qui
453 1172 629 1229 sapiens
651 1177 718 1216 est
743 1172 873 1215 corde
894 1171 1192 1228 appellabitur
1213 1169 1426 1227 prudens,

405 1237 449 1274 et
475 1231 547 1287 qui
571 1231 714 1274 dulcis
741 1231 912 1286 eloquio
940 1231 1111 1287 majora
1132 1229 1359 1287 percipiet.

287 1289 324 1315 '2²‘
346 1291 464 1333 Fons
487 1291 591 1333 vitae
618 1291 806 1334 eruditio
832 1290 1128 1347 possidentis3

406 1349 607 1393 doctrina
631 1349 868 1393 stultorum
889 1349 1091 1393 fatuitas.

286 1407 324 1433 '2³³
345 1409 430 1451 Cor
454 1409 668 1465 sapientis
691 1408 862 1451 erudiet
889 1423 934 1451 os
958 1408 1075 1463 ejus,

405 1473 448 1510 et
474 1467 604 1510 labiis
631 1467 729 1522 ejus
752 1467 886 1509 addet
912 1467 1119 1525 gratiam.

287 1526 322 1552 '²¹‘
346 1527 494 1569 Favus
519 1526 665 1568 mellis
693 1526 937 1582 composita
959 1526 1095 1568 verba
1115 1543 1124 1579 3

404 1585 591 1628 dulcedo
612 1585 777 1627 animae
799 1585 966 1627 sanitas
991 1584 1170 1627 ossium.

286 1644 322 1669 ‘²³
344 1646 424 1687 Est
448 1644 522 1686 via
548 1659 646 1699 quae
668 1643 845 1686 videtur
865 1643 1035 1686 homini
1061 1649 1204 1698 rect-a,

359 1740 362 1743 Α
404 1709 448 1746 et
469 1703 710 1746 novissima
737 1703 835 1759 ejus
861 1703 1030 1746 ducunt
1054 1703 1112 1745 ad
1135 1706 1337 1745 mortem.

285 1762 322 1789 ‘2⁶
344 1763 511 1805 Anima
536 1762 780 1805 laborantis
805 1762 980 1805 laborat
1004 1762 1111 1817 sibi,

404 1822 508 1878 quia
534 1822 750 1879 compulit
774 1837 875 1865 eum
897 1836 943 1865 os
969 1836 1110 1864 suum.

286 1880 320 1907 Ἦ
343 1882 425 1923 Vir
444 1881 608 1938 impius
630 1881 749 1924 fodit
774 1883 963 1937 malum,

404 1945 448 1984 et
471 1941 518 1983 in
543 1940 675 1984 labiis
701 1941 797 1996 ejus
822 1941 941 1997 ignis
967 1941 1172 1984 ardescit.

286 2000 322 2026 ‘28
346 2001 493 2043 Homo
519 2015 748 2056 perversus
774 2001 961 2044 suscitat.
986 2000 1106 2056 lites,

405 2064 448 2102 et
472 2059 681 2102 verbosus
707 2065 884 2117 separat
906 2060 1141 2116 principes.

286 2118 323 2144 *29
344 2119 424 2161 Vir
444 2118 623 2174 iniquus
647 2119 788 2162 lactat
812 2120 1008 2162 amicum
1029 2133 1179 2172 suum,

405 2182 448 2220 et
475 2176 724 2221 ducit'eum
750 2193 826 2235 per
846 2179 967 2221 viam
988 2193 1077 2221 non
1102 2178 1278 2220 bonam.

287 2236 324 2262 3⁰
344 2236 427 2286 Qui
453 2237 657 2280 attonitis
680 2237 818 2281 oculis
845 2237 1014 2293 cogitat
1038 2252 1194 2294 prava,

405 2296 612 2340 mordens
634 2297 754 2339 labia
776 2311 854 2340 sua
876 2296 1047 2352 perficit
1073 2296 1254 2339 malum.

286 2355 319 2382 3¹
345 2356 516 2400 Corona
539 2356 773 2412 dignitatis
799 2360 1024 2411 senectus,

406 2430 502 2471 quae
524 2415 570 2457 in
596 2416 681 2458 viis
702 2415 890 2471 justitiae
913 2415 1163 2471 reperietur.

287 2473 324 2500 3⁴2
345 2474 505 2517 Melior
526 2482 592 2518 est
613 2475 788 2531 patiens
810 2475 903 2517 viro
924 2474 1056 2527 forti3

404 2539 448 2577 et
469 2534 543 2590 qni
567 2534 822 2577 dominatur
842 2534 992 2576 animo
1017 2548 1116 2589 suo,
1139 2538 1444 2590 expugnatore
1469 2534 1657 2579 urbium.

288 2593 326 2620 33
344 2594 492 2637 Sortes
520 2594 758 2637 mittuntur
777 2593 824 2636 in
844 2593 1013 2649 sinum,

405 2653 481 2696 sed
507 2668 533 2696 a
559 2653 752 2696 Domino
773 2658 1088 2709 temperantur.

167 2711 276 2757 CAP.
303 2713 456 2756 XVII.
483 2739 542 2743 ——
566 2712 579 2739 ‘¹
603 2713 764 2767 Melior
785 2717 850 2755 est
872 2712 1077 2755 buccella
1102 2711 1220 2754 sicca
1245 2725 1347 2754 cum
1372 2712 1535 2767 gaudio
2043 2715 2226 2763 proverbia

404 2787 538 2828 quam
563 2772 718 2815 domus
744 2772 878 2828 plena
901 2771 1098 2814 victimis
1119 2781 1222 2814 cum
1246 2770 1406 2827 jurgio.
2031 2765 2230 2792 pr0m1seua.

306 2829 324 2856 2
345 2831 504 2874 Servus
531 2831 707 2888 sapiens
730 2831 1034 2874 dominabitur
1059 2829 1161 2872 filiis
1187 2830 1356 2885 stultis,

407 2895 450 2934 et
473 2891 590 2934 iuter
613 2892 776 2934 fiatres
803 2890 1097 2933 hereditatem
1123 2889 1305 2932 dividet.

305 2947 323 2973 3
346 2949 471 2993 Sicut
491 2950 596 3006 igne
621 2951 833 3007 probatur
857 2955 1092 3006 argentum
1117 2954 1162 2992 et
1184 2964 1343 2992 aurum
1368 2949 1564 3006 camino,

406 3009 471 3052 ita
494 3009 627 3053 corda
648 3010 807 3066 probat
831 3008 1060 3052 Dominus.

306 3068 324 3095 4
343 3068 489 3112 Malus
515 3068 667 3112 obedit
688 3069 855 3125 linguae
878 3068 1066 3124 iniquae,

406 3133 451 3171 et
470 3128 617 3171 fallax
642 3128 922 3185 obtemperat
948 3127 1077 3170 labiis
1103 3127 1406 3171 mendacibus.

308 3188 326 3216 5
344 3188 427 3240 Qui
451 3187 640 3245 despicit
660 3203 902 3245 pauperem
927 3187 1164 3243 exprobrat
1188 3187 1351 3230 factori
1378 3187 1496 3244 ejus,

408 3252 453 3290 et
477 3247 552 3303 qui
576 3247 706 3291 ruina
731 3248 911 3290 laetatur
935 3246 1117 3290 alterius
1141 3261 1230 3290 nou
1253 3247 1334 3289 erit
1358 3246 1620 3303 impunitus.

307 3305 326 3334 6
345 3306 518 3350 Corona
543 3321 700 3350 senum
724 3308 803 3350 filii
830 3307 1040 3362 filiorum,

407 3371 451 3409 et
476 3366 620 3422 gloria
644 3367 835 3411 filiorum
858 3371 1008 3423 patres
1030 3380 1192 3410 eorum.

308 3424 325 3451 ⁷
346 3425 448 3468 Non
474 3426 634 3469 decent
654 3427 841 3470 stultum
865 3426 997 3469 verba
1022 3425 1287 3482 composita,

406 3499 488 3528 nec
509 3485 758 3543 principem
784 3485 954 3528 labium
980 3485 1211 3527 mentiens.

111 3631 144 3664 2]
160 3630 263 3659 Eccli.
280 3631 323 3666 X,
340 3634 385 3660 23.
401 3647 437 3650 —
453 3633 483 3665 5]
502 3632 580 3664 Sul).
600 3632 692 3664 XIV,
709 3635 754 3660 31.
