2423 3861
709 139 781 180 Ps.
816 138 957 185 VIII,
990 139 1018 181 3
1051 164 1108 170 —
1139 137 1226 188 IX,
1263 138 1329 180 16.
1844 134 1925 178 551
1979 168 1983 173 .

405 325 536 366 quam
559 309 822 351 admirabile
845 314 909 351 est
933 323 1092 352 nomen
1115 313 1240 351 tuum
1260 307 1305 349 in
1334 307 1537 350 universa
1563 306 1701 349 terra!

404 368 619 420 Quoniam
644 367 816 410 elevata
838 373 903 410 est
929 366 1262 423 magnificentia
1284 371 1360 408 tua
1381 379 1511 421 super
1535 364 1680 407 caelos.

303 428 320 454 3
340 429 407 471 Ex
422 442 493 471 ore
507 425 750 470 infantium
765 430 809 469 et
824 426 1084 469 lactentium
1101 425 1328 482 perfecisti
1344 424 1521 473 laudem
1537 428 1715 480 propter
1728 422 1931 465 inimicos

401 492 449 529 ut
473 486 670 529 dest-ruas
692 484 924 527 inimicum
947 490 990 527 et
1012 485 1211 527 ultorem.
1782 482 1930 538 [tuos,

302 546 318 572 *¹
336 545 551 596 Quoniam
574 543 734 586 videbo
757 543 888 586 caelos
915 549 1033 597 tuos,
1057 558 1187 599 opera
1214 543 1455 597 digitorum
1477 546 1670 596 tuorum,

401 604 550 647 lunam
572 608 615 646 et
639 602 790 645 stellas
817 617 912 658 qnae
940 608 985 644 tu
1010 602 1208 644 fundasti
1228 619 1236 645 :

304 663 444 715 ⁵Quid
463 667 528 707 est
553 662 704 716 homo,
732 661 846 717 quod
870 675 1037 704 memor
1061 675 1106 704 es
1132 661 1264 715 ejus?

400 728 477 765 aut
499 721 614 763 filius
638 720 851 775 hominis,
875 720 1084 775 quoniam
1108 719 1261 762 visitas
1285 734 1384 762 eum
1399 719 1419 760 ἱ)

303 780 320 806 ⁶
337 781 535 823 Minuisti
562 794 662 823 eum
690 779 821 837 paulo
848 779 992 821 minus
1017 779 1074 821 ab
1099 778 1302 834 angelis3

400 839 539 896 gloria
562 844 604 882 et
630 839 793 882 honore
819 838 1037 881 coronasti
1061 852 1161 881 eum
1184 855 1192 892 ;

360 899 375 925 ⁷
394 904 436 942 et
458 897 726 941 constituisti
753 911 853 940 eum
875 911 1006 953 super
1028 911 1159 954 opera
1186 910 1398 938 manuum
1424 901 1612 940 tuarum.

303 958 320 985 ⁸
338 957 496 1001 Omnia
519 956 749 1012 subjecisti
776 956 856 999 sub
878 956 1066 1012 pedibus
1089 956 1205 1012 ejus,

402 1031 503 1060 oves
530 1021 572 1059 et
593 1016 728 1059 boves
751 1015 998 1069 universas,

399 1076 576 1132 insuper
601 1080 644 1118 et
668 1089 827 1131 pecora
851 1075 1017 1131 campi,

301 1134 319 1162 ⁹
344 1137 546 1179 volucres
573 1134 691 1190 caeli,
718 1138 761 1177 et
785 1133 928 1190 pisces
954 1134 1088 1176 maris

399 1194 471 1250 qui
498 1193 808 1251 perambulant
833 1193 1014 1236 semitas
1036 1192 1183 1235 maris.

282 1251 318 1279 ¹⁰
336 1253 545 1308 Domine,
571 1252 788 1295 Dominus
815 1258 974 1307 noster,

402 1326 534 1368 quam
555 1311 821 1354 admirabile
842 1316 908 1354 est
933 1325 1093 1368 nomen
1119 1315 1244 1353 tuum
1268 1311 1316 1354 in
1342 1311 1547 1355 universa
1571 1309 1712 1355 terra!

865 1433 1079 1475 PsALMUS
1113 1433 1181 1474 IX

528 1531 793 1576 Gratiarum
824 1532 938 1574 actio
961 1547 1048 1587 pro
1081 1546 1280 1574 concessa
1311 1532 1509 1575 victoria.

161 1639 176 1668 ¹
195 1641 246 1684 In
272 1640 424 1695 finem,
448 1653 525 1696 pro
547 1638 733 1682 occultis
755 1638 856 1695 filii,
885 1638 1088 1681 Psalmus
1113 1639 1274 1682 David.

300 1719 317 1745 2
334 1719 587 1764 Confitebor
612 1720 715 1777 tibi,
745 1720 957 1775 Domine,
984 1720 1030 1762 in
1056 1724 1147 1763 toto
1175 1720 1305 1763 corde
1333 1735 1458 1776 meo3

396 1779 584 1822 narrabo
610 1780 759 1822 omnia
786 1779 1010 1822 mirabilia
1034 1785 1124 1823 tua.

298 1839 316 1865 3
334 1838 540 1882 Laetabor
561 1844 605 1882 et
628 1838 838 1881 exultabo
863 1839 910 1881 in
936 1843 980 1882 te
1000 1857 1008 1894 3

397 1898 588 1955 psallam
615 1898 784 1941 nomini
808 1904 906 1954 tuo,
930 1898 1177 1942 Altissime.

297 1956 315 1983 4
331 1957 387 2000 In
409 1957 705 2001 convertendo
730 1953 964 2000 inimicum
987 1972 1136 2000 meum
1160 1962 1427 2013 retrorsum3

397 2016 749 2073 infirmabuntur,
773 2022 817 2060 et
842 2016 1050 2074 peribunt
1074 2032 1100 2059 a
1122 2017 1242 2060 facie
1266 2021 1357 2060 tua.

297 2075 316 2102 5
332 2076 550 2126 Quoniam
572 2076 724 2119 fecisti
749 2076 968 2132 judicium
993 2091 1143 2120 meum
1169 2082 1213 2119 et
1235 2090 1417 2119 causam
1443 2090 1617 2130 meam3

397 2135 549 2178 sedisti
575 2149 704 2192 super
725 2136 953 2190 thronum,
981 2136 1055 2191 qui
1078 2135 1251 2192 judicas
1277 2135 1512 2192 justitiam.

296 2194 315 2220 6
332 2194 578 2251 Increpasti
601 2200 776 2250 gentes,
801 2200 844 2238 et
866 2195 996 2252 periit
1017 2194 1195 2252 impius.

398 2254 571 2297 Nomen
598 2268 747 2297 eorum
770 2254 927 2297 delesti
949 2254 996 2296 in
1019 2260 1254 2309 aeternum,
1278 2259 1321 2298 et
1345 2254 1391 2296 in
1412 2252 1627 2297 saeculum
1651 2252 1816 2296 saeculi,

297 2312 313 2339 ⁷
332 2313 514 2356 Inimici
536 2313 800 2356 defecerunt
825 2314 1012 2356 frameae
1039 2314 1085 2356 in
1110 2314 1264 2370 finem,

398 2378 442 2416 et
468 2372 673 2416 civitates
700 2387 851 2416 eorum
879 2372 1150 2416 destruxisti.

339 2431 475 2475 Periit
495 2431 709 2475 memoria
735 2447 886 2475 eorum
914 2446 1014 2475 cum
1039 2432 1214 2487 sonitu,

358 2491 376 2517 8
393 2496 436 2534 et
462 2491 681 2534 Dominus
701 2492 749 2534 in
777 2497 993 2534 aeternum
1018 2497 1262 2548 permanet.

341 2550 522 2593 Paravit
546 2551 593 2593 in
617 2551 788 2607 judicio
814 2551 1024 2594 thronum
1049 2565 1178 2594 suum
1198 2568 1207 2606 ;

358 2608 376 2635 9
396 2615 441 2652 et
465 2610 560 2667 ipse
580 2610 805 2666 judicabit
831 2610 982 2654 orbem
1004 2616 1133 2654 terrae
1157 2610 1205 2652 in
1231 2610 1462 2668 aequitate,

399 2669 622 2725 judicabit
644 2670 830 2728 populos
856 2670 903 2712 in
928 2670 1117 2726 justitia.

282 2727 318 2754 ¹⁰
336 2728 393 2770 Et
412 2729 561 2772 factus
583 2734 649 2772 est
672 2730 890 2773 Dominus
911 2730 1140 2786 refugium
1161 2730 1343 2787 pauperi
1363 2747 1372 2784 ;

399 2787 579 2844 adjutor
600 2789 649 2832 in
676 2789 1100 2847 opportunitatibus,
1122 2789 1170 2831 in
1192 2789 1491 2832 tribulatione,

283 2844 315 2872 ¹¹
336 2847 393 2889 Et
418 2852 595 2904 sperent
615 2848 661 2890 in
683 2854 728 2892 te
749 2849 823 2905 qui
846 2853 1065 2891 noverunt
1086 2862 1248 2895 nomen
1273 2853 1421 2903 tuum,

399 2907 609 2962 quoniam
634 2922 723 2951 non
750 2907 1025 2964 dereliquisti
1051 2913 1298 2963 quaerentes
1324 2908 1616 2963 te,·Domine.

283 2963 318 2990 ¹2
335 2965 521 3009 Psallite
545 2967 736 3010 Domino
759 2968 832 3024 qui
858 2967 1034 3010 habitat
1058 2967 1105 3009 in
1131 2967 1262 3021 Sion;

400 3026 663 3070 annuntiate
686 3027 803 3071 inter
828 3032 982 3084 gentes
1006 3026 1153 3069 studia
1178 3025 1274 3082 ejus
1294 3043 1304 3081 3

282 3081 319 3109 ¹3
334 3084 543 3140 quoniam
569 3086 796 3141 requirens
820 3086 1094 3142 sanguinem*
1110 3099 1260 3129 eorum
1280 3085 1536 3130 recordatus
1561 3091 1639 3141 est;

400 3159 487 3188 non
513 3150 578 3188 est
604 3145 767 3188 oblitus
794 3147 1033 3190 clamorem
1057 3159 1314 3202 pauperum.

282 3201 318 3228 ¹4
333 3203 542 3247 Miserere
569 3206 675 3258 mei,
705 3206 924 3259 Domine3

401 3263 504 3306 vide
528 3264 831 3308 humilitatem
858 3279 1005 3307 meam
1030 3263 1084 3307 de
1108 3264 1304 3308 inimicis
1330 3264 1460 3320 meis,

283 3321 320 3348 ¹5
336 3323 409 3379 qui
437 3323 608 3366 exaltas
630 3339 700 3367 me
727 3324 781 3367 de
807 3324 945 3380 portis
969 3324 1144 3379 mortis,

399 3387 449 3425 ut
473 3384 736 3426 annuntiem
762 3397 912 3426 omnes
938 3382 1216 3426 laudationes
1241 3388 1340 3426 tuas
1365 3383 1411 3425 in
1437 3381 1573 3439 portis
1598 3380 1702 3424 filiae
1726 3380 1846 3424 Sion.

286 3441 322 3467 ¹5
339 3441 563 3484 Exultabo
583 3442 630 3484 in
655 3442 838 3485 salutari
862 3448 951 3485 tuo.
1369 3495 1371 3497 ,
1399 3488 1402 3490 ,

403 3500 562 3543 Infixae
585 3506 688 3543 sunt
709 3508 863 3556 gentes
884 3500 931 3543 in
952 3499 1135 3543 interitu
1161 3514 1291 3557 quem
1315 3500 1547 3555 fecerunt3

108 3645 125 3671 8
137 3662 144 3675 e
158 3643 187 3675 6]
207 3642 309 3670 Hebr.
328 3644 362 3671 11
375 3664 382 3678 ,
400 3645 425 3673 7.
442 3659 478 3664 —
494 3645 523 3678 8]
542 3646 620 3676 Gen.
639 3647 653 3673 Ι
667 3666 674 3680 ‚
691 3648 736 3674 23.
759 3646 775 3673 1
796 3646 868 3673 Cor.
886 3645 958 3679 XV,
975 3647 1019 3673 26.

1997 375 2055 404 Dci
2076 374 2234 410 majesta-

2051 418 2084 446 in
2103 420 2182 447 caelo

2025 463 2205 497 praesertim

2022 506 2211 539 conspicua.

2043 787 2198 821 Dignitas

2052 831 2181 859 homini

2035 882 2201 904 concessa.

2063 1259 2185 1288 Thema

2034 1302 2204 1331 iteratum.

2049 1646 2194 1676 Titulus.

2021 1724 2110 1752 Laus
2140 1724 2222 1760 Dco,

2028 1965 2086 2000 qui
2104 1966 2219 1994 hostes

2071 2009 2176 2038 David

1981 2049 1984 2052 ’
2016 2053 2225 2088 profligavit.

2066 2560 2101 2587 et
2121 2557 2178 2592 qui

2050 2602 2194 2632 afflictos

2035 2654 2206 2680 nunquam

2053 2690 2190 2719 deserit.

2027 3202 2223 3236 Deprecatio

2065 3250 2183 3276 contra

2041 3297 2205 3320 mimicos.
