2391 3861
99 927 290 956 Cavendum
322 934 341 954 a

108 977 326 1003 personarum

117 1013 324 1047 acceptione.

122 2112 221 2142 Fides
240 2113 311 2141 sine

134 2154 303 2189 operibus.

97 3357 184 3386 Mala
204 3357 338 3391 nnguae.

410 153 522 196 1332
1044 150 1143 191 JAC.
1180 150 1223 203 I,
1259 150 1314 191 22
1347 175 1405 182 —-—
1438 150 1534 192 HI.
1568 151 1606 191 2.

467 321 505 347 ‘22
529 322 684 365 Estote
721 325 871 363 autem
907 320 1102 363 factores
1140 319 1287 375 verbi,
1327 326 1370 362 et
1408 334 1495 363 non
1533 320 1755 364 auditores
1796 325 1993 377 tantum,
2034 322 2242 374 fallentes

408 381 712 438 vosmetipsos.
736 379 773 406 23
791 379 901 429 Quia
927 379 963 422 si
990 379 1086 435 quis
1113 379 1288 422 auditor
1313 383 1380 421 est
1405 379 1529 422 verbi
1556 385 1597 422 et
1620 394 1709 423 non
1734 379 1892 436 factor,
1919 380 1992 422 hic
2019 393 2244 439 compara-

406 441 527 484 bitur
550 440 644 484 viro
669 438 968 482 consideranti
995 437 1170 480 vultum
1195 437 1446 480 nativitatis
1473 452 1563 481 suae
1589 438 1635 481 in
1657 439 1836 495 speculo
1859 456 1867 483 ε
1890 438 1926 465 '24
1949 439 2246 484 consideravit

407 501 527 544 enim
560 514 626 555 se,
655 504 699 542 et
727 497 860 554 abiit,
885 503 927 541 et
957 497 1110 540 statim
1144 497 1309 540 oblitus
1347 504 1412 539 est
1443 497 1586 553 qualis
1615 498 1765 541 suerit.
1794 497 1829 524 Ξῖ)
1854 498 1937 549 Qui
1970 506 2122 542 autem
2149 514 2245 555 per-

406 559 602 618 spexerit
621 559 669 600 in
694 557 839 613 legem
866 557 1116 614 perfectam
1145 556 1386 612 libertatis,
1415 562 1457 599 et
1479 557 1771 613 permanserit
1793 557 1838 599 in
1862 572 1932 614 ea,
1960 572 2048 601 non
2070 558 2247 602 auditor

407 618 649 663 obliviosus
674 618 837 673 factus,
862 616 938 659 sed
964 616 1112 659 factor
1137 615 1293 672 operis,
1320 615 1392 658 hic
1415 615 1572 658 beatus
1595 616 1644 658 in
1665 616 1790 659 facto
1813 631 1889 660 suo
1912 617 2009 660 erit.
2029 616 2066 644 '2⁶
2084 617 2127 661 Si
2151 618 2245 674 quis

407 682 558 731 autem
581 681 710 734 putat
737 690 783 719 se
803 675 1064 731 religiosum
1087 689 1201 731 esse,
1233 686 1321 718 non
1356 675 1588 718 refrenans
1614 675 1816 731 linguam
1842 690 1988 733 suam,
2015 677 2093 720 sed
2119 677 2247 720 sedu-

407 752 510 781 cens
543 751 617 779 cor
645 750 795 791 suum,
825 735 960 791 hujus
986 749 1101 777 vana
1128 740 1194 777 est
1224 734 1395 790 religio.
1422 735 1458 761 '2⁷
1479 734 1653 790 Religio
1684 735 1848 778 munda
1881 740 1924 778 et
1955 736 2247 788 immaculata

406 796 524 854 apud
551 797 696 839 Deum
723 800 765 838 et
799 795 1000 851 Patrem,
1027 795 1125 836 haec
1156 798 1250 837 est:
1283 793 1478 836 Visitare
1507 793 1701 850 pupillos
1727 800 1769 837 et
1796 794 1953 837 viduas
1981 794 2028 837 in
2061 795 2247 838 tribula—

405 856 526 899 tione
552 866 723 912 eorum,
748 859 792 898 et
811 853 1152 897 immaculatum
1181 867 1226 896 se
1249 853 1470 896 custodire
1497 853 1552 895 ab
1578 854 1661 896 hoc
1686 854 1866 897 saeculo.

465 916 573 959 C'AP.
607 915 671 958 II.
708 940 769 947 —-
801 914 815 940 1
847 914 1025 956 Fratres
1063 913 1174 968 mei,
1210 913 1347 956 nolite
1382 912 1430 955 in
1463 926 1752 969 11›ersona1·um
1789 913 2049 970 acceptione
2086 912 2248 956 Ira-bere

405 975 539 1019 fidem
563 974 744 1018 Domini
766 973 905 1017 nostri
932 974 960 1016 ‚J
964 987 1039 1016 esu
1064 972 1226 1016 Christi
1253 972 1419 1027 gloriae.
1441 971 1457 997 2
1476 972 1655 1016 Etenim
1681 973 1716 1015 si
1742 973 1964 1016 introierit
1983 972 2030 1015 in
2057 969 2268 1015 6011176114

405 1044 500 1077 turn
522 1038 718 1077 Vestrum
743 1033 811 1076 vir
832 1047 1015 1076 aureum
1037 1031 1254 1081 annulum
1279 1031 1448 1075 habens
1470 1031 1517 1074 in
1535 1038 1658 1075 veste
1685 1032 1900 1088 candida,
1928 1031 2148 1075 introierit
2171 1045 2247 1074 au-

405 1100 496 1138 tem
522 1098 566 1137 et
591 1108 758 1151 pauper
789 1093 835 1135 in
868 1092 1045 1135 sordido
1079 1091 1257 1147 habitu,
1285 1091 1302 1117 3
1320 1097 1363 1134 et
1386 1091 1632 1134 intendatis
1665 1092 1712 1134 in
1738 1106 1840 1135 eum
1866 1091 1940 1148 qui
1968 1091 2152 1135 indutus
2182 1096 2248 1135 est

404 1158 527 1197 veste
553 1153 780 1210 praeclara,
800 1157 843 1195 et
867 1151 1069 1195 dixeritis
1097 1151 1162 1195 ei:
1190 1151 1258 1194 Tu
1283 1151 1388 1209 sede
1413 1151 1485 1194 hic
1511 1151 1648 1206 bene,
1673 1151 1858 1208 pauperi
1880 1156 2033 1195 autem
2059 1151 2246 1195 dica-tis:

404 1214 471 1256 Tu
493 1218 562 1256 sta
582 1213 689 1268 illic,
713 1218 791 1254 aut
817 1211 920 1255 sede
943 1211 1024 1254 sub
1047 1211 1242 1254 scabello
1260 1209 1423 1267 pedum
1444 1225 1669 1266 meorum,
1696 1210 1714 1237 4
1731 1226 1878 1254 norme
1896 1211 2110 1267 judicatis
2129 1210 2249 1268 apud

404 1272 718 1329 vosmetipSOS,
742 1276 785 1315 et
810 1271 924 1314 facti
951 1271 1055 1314 estis
1077 1270 1253 1327 judices
1276 1270 1601 1326 cogitationum
1622 1270 1907 1326 iniquarum?

464 1333 481 1358 5
498 1332 687 1387 Audite,
715 1331 877 1374 fratres
902 1330 991 1374 mei
1019 1329 1300 1373 dilectissimi
1320 1346 1328 1373 :
1353 1343 1500 1373 nonne
1524 1331 1644 1373 Deus
1675 1331 1810 1386 elegit
1836 1340 2053 1388 pauperes
2084 1330 2133 1373 in
2158 1328 2248 1374 'hoe

404 1391 590 1439 mundo,
619 1391 780 1434 divites
805 1390 850 1432 in
877 1390 984 1445 fide,
1012 1395 1056 1433 et
1080 1389 1265 1433 heredes
1297 1390 1423 1446 regni
1451 1389 1567 1446 quod
1596 1390 1846 1447 repromisit
1875 1392 1996 1434 Deus
2022 1390 2249 1447 diligenti·-

403 1451 486 1494 bus
513 1450 588 1494 se?
615 1451 632 1477 6
646 1451 738 1494 Vos
760 1455 910 1493 autem
933 1450 1240 1493 exhonorastis
1262 1464 1514 1506 pauperem.
1536 1450 1695 1492 Nonne
1718 1449 1879 1493 divites
1905 1462 1984 1507 per
1998 1449 2249 1507 potentiam

404 1510 661 1568 opprimunt
686 1524 784 1566 vos,
813 1515 856 1553 et
876 1509 963 1567 ipsi
988 1509 1172 1552 trahunt
1196 1523 1275 1552 vos
1297 1509 1354 1552 ad
1380 1509 1583 1565 judicia?
1607 1509 1621 1534 7
1641 1510 1802 1552 Nonne
1822 1509 1907 1566 ipsi
1933 1503 2249 1567 blasphemant

403 1570 572 1614 bonurn
595 1584 772 1626 nomen,
792 1569 909 1625 quod
935 1569 1194 1612 invocatum
1216 1574 1281 1611 est
1306 1583 1437 1625 super
1455 1568 1564 1612 vos?
1589 1568 1605 1595 8
1623 1569 1669 1612 81
1692 1573 1842 1612 tamen
1865 1569 2011 1626 legem
2037 1568 2247 1627 perficitis

403 1629 601 1686 regalem
634 1629 880 1672 secundum
915 1628 1163 1685 Scripturas
1194 1645 1201 1672 :
1234 1628 1407 1684 Diliges
1441 1628 1695 1686 proximum
1726 1634 1856 1672 tuum
1888 1629 2004 1672 sicut
2033 1629 2246 1686 teipsum,

403 1690 518 1733 bene
546 1689 726 1744 facitis3
757 1688 828 1731 981
860 1694 1010 1732 autem
1036 1702 1246 1745 personas
1280 1688 1505 1744 accipitis,
1536 1695 1771 1745 peccatum
1809 1688 2074 1744 operamini,
2100 1688 2248 1731 redar-

407 1749 500 1806 guti
525 1763 552 1792 a
576 1748 675 1804 lege
703 1749 827 1804 quasi
852 1754 1212 1804 transgressores.
1238 1746 1275 1773 '¹⁰
1291 1746 1566 1803 Quicumque
1591 1752 1742 1790 autem
1768 1747 2078 1804 totam‘legem
2102 1761 2248 1791 serva-

408 1809 538 1866 verit,
566 1808 769 1851 offendat
793 1813 944 1850 autem
969 1807 1016 1850 in
1038 1821 1145 1861 uno,
1172 1807 1322 1850 factus
1346 1812 1410 1848 est
1437 1807 1635 1849 omnium
1661 1821 1772 1850 16118.
1801 1806 1833 1832 11
1855 1807 1937 1857 Qui
1964 1807 2083 1850 enim
2106 1807 2247 1850 dixit:

403 1868 506 1911 Non
531 1867 838 1923 moechaberis,
859 1867 974 1910 dixit
996 1871 1063 1911 et:
1089 1865 1190 1910 Non
1213 1865 1402 1909 occides.
1423 1865 1548 1915 Quod
1570 1867 1606 1908 si
1630 1880 1717 1908 non
1740 1866 2051 1922 mechaberis,
2073 1867 2248 1910 occides

404 1933 568 1984 autem,
596 1927 747 1970 factus
773 1940 819 1970 es
843 1931 1122 1982 trangressor
1144 1924 1273 1980 legis,
1293 1923 1330 1950 49
1344 1925 1415 1968 Sic
1440 1925 1688 1980 loquimini,
1713 1931 1757 1968 et
1779 1925 1842 1968 sic
1863 1925 2017 1982 facite,
2037 1925 2152 1969 sicu't
2170 1940 2248 1983 per

403 1987 549 2044 legem
578 1986 802 2030 libertatis
825 1985 1092 2042 incipientes
1122 1984 1326 2041 judicari.
1355 1983 1391 2010 13
1412 1984 1643 2027 Judicium
1668 1985 1787 2027 enim
1820 1985 1916 2028 sine
1943 1982 2250 2029 misericordia

403 2046 470 2089 illi
485 2046 558 2102 qui
574 2061 662 2089 non
681 2046 792 2089 fecit
810 2044 1162 2088 misericordiam
1179 2061 1187 2099 3
1205 2044 1510 2101 superexaltat
1527 2050 1677 2087 autem
1694 2044 2000 2088 misericordia
2015 2044 2248 2101 judicium.

463 2105 499 2132 '¹4
518 2104 633 2157 Quid
657 2105 874 2162 proderit,
905 2105 1068 2147 fratres
1093 2103 1203 2159 mei,
1235 2104 1270 2146 si
1297 2103 1432 2146 fidem
1457 2104 1555 2159 quis
1581 2098 1701 2147 dicat
1734 2117 1780 2147 se
1806 2104 1990 2162 habere,
2015 2115 2146 2162 opera
2170 2114 2248 2146 au-

403 2172 494 2209 tem
519 2180 608 2209 non
630 2164 824 2208 habeat?
852 2163 1080 2219 Numquid
1107 2163 1270 2221 poterit
1295 2163 1404 2206 fides
1431 2163 1606 2206 salvare
1640 2163 1773 2206 eum‘?
1799 2163 1837 2189 ’15
1859 2163 1904 2207 81
1930 2168 2083 2207 autem
2107 2164 2250 2207 frater

403 2230 448 2269 et
468 2239 589 2269 soror
613 2225 721 2268 nudi
743 2224 844 2281 sint,
869 2228 913 2267 et
933 2223 1169 2279 indigeant
1187 2223 1310 2279 victu
1333 2223 1612 2279 quotidiano,
1643 2223 1678 2279 '¹5
1696 2222 1818 2266 dicat
1836 2228 1991 2266 autem
2015 2222 2176 2280 aliquis
2188 2232 2249 2266 ‘ex

402 2285 535 2328 vobis·
551 2285 667 2329 illis:
691 2285 761 2327 lte
784 2284 832 2326 in
866 2297 996 2340 pace,
1029 2282 1335 2326 calefacimini
1359 2288 1401 2325 et
1428 2282 1716 2339 saturamini,
1748 2292 1837 2326 non
1864 2282 2076 2326 dederitis
2090 2287 2248 2326 ’61116111

403 2344 466 2388 eis
495 2347 610 2400 quaev
628 2344 878 2388 necessaria
911 2348 1014 2386 sunt
1048 2342 1239 2399 corpori,
1275 2342 1382 2398 quid
1415 2341 1653 2398 proderit?
1685 2337 1820 2386 17’816
1848 2347 1898 2385 ‘et
1924 2342 2058 2399 fides,
2094 2338 2131 2386 81
2156 2354 2248 2385 11011

402 2404 566 2448 habeat
593 2418 737 2461 opera,
757 2408 933 2446 mortua
961 2408 1026 2445 est
1051 2402 1098 2444 in
1124 2401 1376 2458 semetipsa.
1396 2401 1435 2428 18
1454 2400 1538 2445 Sed
1566 2401 1683 2445 dicet
1703 2402 1800 2459 quis
1822 2419 1831 2446 ε
1850 2401 1917 2445 Tu
1934 2402 2069 2446 fidem
2093 2401 2248 2457 habes,

403 2469 447 2507 et
471 2473 552 2520 ego
576 2477 708 2521 opera
733 2463 890 2521 habeo.
911 2461 1106 2506 Ostende
1128 2460 1239 2504 mihi
1261 2460 1394 2504 fidem
1417 2466 1544 2504 tuam
1569 2461 1664 2504 sine
1687 2461 1906 2518 operibus,
1930 2466 1974 2504 et
1996 2476 2078 2518 ego
2102 2466 2247 2504 osten-

402 2523 505 2566 dam
539 2523 621 2565 tibi
657 2537 713 2566 ex
738 2522 942 2580 operibus
971 2521 1107 2564 fidem
1133 2535 1293 2564 meam.
1322 2520 1358 2546 ’19
1376 2521 1443 2563 Tu
1470 2520 1611 2564 credis
1638 2521 1846 2577 quoniam
1873 2533 1986 2563 nnus
2012 2525 2078 2564 est
2103 2521 2244 2576 Deus,

401 2583 514 2626 bene
539 2583 681 2638 facis3
709 2587 752 2626 et
778 2581 1006 2625 daemones
1033 2581 1238 2637 credunt,
1267 2586 1310 2624 et
1337 2580 1700 2623 contremiscunt.
1858 2587 1862 2593 '
2091 2609 2095 2612 -
2130 2598 2133 2600 ·

461 2641 498 2668 9⁰
515 2643 591 2686 Vis
620 2648 771 2685 autem
797 2642 927 2697 scire,
957 2655 980 2684 ο
1002 2641 1134 2684 1101110
1159 2639 1327 2696 11161118,
1352 2639 1561 2696 quoniam
1582 2639 1691 2683 fides
1718 2640 1813 2682 sine
1839 2639 2045 2696 operibus
2073 2646 2247 2682 mortua

402 2702 497 2746 es't'?
524 2701 814 2755 ἰ’1Α1116116111,
837 2705 963 2758 pater
988 2706 1150 2755 noster,
1176 2714 1325 2742 nonne
1351 2714 1405 2742 ex
1429 2699 1635 2755 operibus
1659 2698 1930 2755 justificatus
1953 2704 2032 2754 est,
2053 2697 2244 2742 offerens

401 2762 552 2817 Isaac,
587 2761 731 2804 filium
760 2776 909 2817 suum,
944 2774 1074 2816 super
1103 2759 1280 2802 altare?
1315 2757 1352 2784 “2'2
1377 2758 1515 2802 Vides
1545 2759 1757 2814 quoniam
1786 2758 1895 2801 fides
1925 2757 2246 2815 cooperabatur
2272 2771 2274 2773 ·

402 2820 606 2878 operibus
638 2820 780 2877 illius,
808 2825 852 2863 et
879 2834 933 2863 ex
959 2819 1165 2876 operibus
1198 2815 1306 2862 fides
1338 2824 1645 2875 consummata
1676 2817 1771 2862 est‘.>
1799 2817 1836 2843 23
1861 2817 1918 2860 Et
1943 2817 2149 2875 suppleta
2177 2822 2245 2860 est

402 2881 648 2938 Scriptura,
677 2879 830 2923 dicens
856 2897 864 2923 τ
892 2878 1093 2924 Credidit
1120 2877 1489 2937 Abraha·m)eo,
1513 2882 1558 2921 et
1578 2882 1834 2935 reputatum
1857 2882 1923 2920 est
1943 2876 2010 2934 il’li
2035 2871 2242 2932 adjusti-

402 2940 533 2996 tiam,
560 2945 603 2983 et
628 2939 798 2983 amicus
822 2940 903 2982 Dei
925 2939 1178 2995 appellatus
1205 2944 1284 2981 est.
1310 2936 1347 2963 ⁹24
1363 2937 1543 2981 Videtis
1569 2937 1779 2994 quoniam
1805 2951 1859 2980 ex
1881 2936 2085 2993 operibus
2113 2935 2242 2992 jrusti-

401 2999 559 3042 ficatur
589 2998 743 3054 homo,
780 3004 823 3042 e't
856 3013 943 3041 non
977 3013 1033 3041 ex
1065 2997 1152 3041 fide
1185 2996 1401 3041 tantum?
1431 2995 1468 3023 ⁶²5
1498 2996 1712 3041 Similiter
1744 3000 1788 3039 et
1822 2995 1978 3040 Rahab
2008 2993 2236 3052 meretrix,

401 3072 548 3102 nonne
575 3073 630 3102 ex
652 3058 856 3115 operibus
882 3057 1129 3113 justificata
1155 3062 1233 3113 est,
1261 3056 1508 3113 suscipiens
1534 3056 1725 3112 nuntios,
1754 3061 1797 3099 et
1818 3055 1908 3098 alia
1929 3055 2003 3098 via
2024 3048 2239 3110 ejiciens?

402 3116 440 3144 2⁶
464 3118 587 3161 Sicut
614 3118 732 3161 enim
764 3131 920 3175 corpus
946 3116 1040 3160 sine
1066 3116 1224 3174 spiritu
1255 3121 1478 3159 mortuum
1504 3121 1591 3170 est,
1612 3115 1679 3158 ita
1707 3121 1751 3158 et·
1779 3114 1888 3158 fides
1917 3114 2012 3158 sine
2037 3112 2240 3169 operibus

403 3182 575 3220 mortua
599 3189 676 3219 est.

563 3259 590 3313 ’ξ
623 3253 712 3299 ΙΙΙ.
738 3283 797 3288 -
822 3256 892 3301 De
918 3258 1121 3314 cupidine
1145 3257 1328 3300 docendi
1351 3263 1390 3299 et
1413 3258 1465 3300 cle
1489 3272 1595 3299 rera-
1607 3257 1827 3312 falsaque
1847 3230 2075 3310 sapientia.

463 3352 569 3396 CAP.
607 3353 696 3395 III.
722 3379 781 3383 —-
808 3352 818 3378 ¹
841 3352 991 3395 Nolite
1023 3352 1170 3409 plures
1202 3351 1404 3408 magistri
1437 3350 1553 3406 fieri»,
1587 3351 1749 3394 fratres
1777 3347 1884 3404 mei,
1911 3347 2103 3391 scien-tes
2133 3360 2239 3404 quo-

402 3412 523 3454 niam
548 3411 696 3467 majus
716 3411 937 3467 judicium
965 3411 1151 3454 sumitis.
1171 3409 1188 3436 ‘²
1206 3411 1261 3454 In
1281 3410 1434 3454 multis
1456 3410 1574 3454 enim
1595 3407 1865 3453 offendimus
1891 3418 2055 3450 omnes.
2075 3406 2121 3451 Si
2143 3406 2239 3462 quis
2277 3424 2284 3432 ·

404 3543 452 3575 22]
473 3543 595 3570 Matth.
613 3543 689 3576 VII.
706 3546 752 3577 21,
770 3546 815 3570 24.
834 3543 931 3570 Rom.
952 3543 997 3577 II,
1016 3544 1059 3570 13.
1074 3557 1110 3561 —-
1128 3542 1156 3576 1]
1176 3541 1257 3570 Lev.
1274 3541 1371 3568 XIX.
1398 3544 1441 3569 15.
1468 3541 1566 3568 Deur.
1596 3540 1620 3573 Ι,
1639 3541 1671 3567 17
1693 3540 1725 3565 ct
1755 3537 1845 3572 XVI,
1871 3540 1913 3565 19.
1932 3537 2032 3566 Prov.
2050 3537 2176 3570 XXIV,
2193 3538 2237 3564 23.
2295 3542 2298 3546 ·

404 3586 506 3615 Eccli.
525 3587 634 3622 XLII,
653 3590 678 3615 1.
704 3602 739 3606 -
764 3588 794 3621 8]
813 3587 892 3616 Lev.
911 3587 1007 3623 XIX,
1026 3590 1069 3615 18.
1088 3586 1210 3615 Matth.
1229 3586 1344 3621 XXII,
1361 3588 1406 3613 39.
1428 3585 1530 3613 Marc.
1555 3584 1636 3617 XII,
1653 3585 1698 3611 31.
1716 3582 1813 3610 Rom.
1832 3581 1932 3617 XIII,
1949 3585 1975 3610 9.
1997 3582 2067 3611 Gal.
2085 3582 2123 3617 V,
2141 3584 2185 3609 14.
2202 3595 2238 3601 —

406 3631 437 3664 o]
465 3630 542 3660 ιον.
584 3631 684 3665 XIX,
712 3633 758 3659 15.
789 3631 866 3662 sup.
894 3632 920 3658 1.
944 3646 980 3651 -
1007 3633 1053 3664 10]
1072 3627 1194 3659 Matth.
1216 3630 1264 3665 v,
1281 3632 1325 3658 19.
1342 3644 1379 3649 —
1400 3630 1448 3663 15]
1466 3629 1483 3657 1
1502 3625 1604 3657 aean.
1623 3627 1696 3655 ΠΙ.
1715 3629 1758 3655 17.
1779 3641 1816 3646 —
1839 3628 1887 3661 21]
1914 3627 1992 3655 Gen.
2019 3627 2239 3661 XX11‚10.-·
2295 3633 2301 3663 2

406 3672 452 3705 23]
473 3673 550 3702 Gen.
567 3674 638 3707 XV,
658 3679 682 3703 6.
703 3677 797 3704 Rom.
814 3676 871 3709 IV,
888 3679 914 3703 3.
933 3675 1000 3703 Gal.
1020 3675 1086 3709 ΙΙΙ,
1104 3677 1129 3702 6.
1148 3689 1183 3694 -
1203 3675 1251 3708 25]
1271 3674 1341 3702 Jos.
1360 3673 1450 3707 11,÷4.
1472 3672 1574 3701 Hebr.
1594 3671 1654 3704 XI,
1671 3674 1715 3699 31.
1730 3685 1764 3690 —
1784 3671 1812 3703 1]
1834 3671 1954 3699 Matth.
1973 3671 2108 3706 XXI‘II,
2125 3673 2150 3699 8.
