2423 3861
695 99 846 141 Ecca.
880 98 1096 152 xxxiv,
1129 100 1183 142 29
1217 125 1275 130 -
1306 99 1492 152 xxxv,
1526 99 1593 140 22.
1970 97 2058 142 773

414 266 450 292 '²⁰
471 268 597 311 Unus
620 282 766 323 orans,
790 274 834 312 et
859 283 970 311 unus
997 269 1287 312 maledicens:

532 327 658 382 cujus
682 342 834 370 vocem
857 327 1064 371 exaudiet
1092 328 1240 371 Deus?

413 384 450 411 ³³⁰
469 385 550 435 Qui
574 385 824 442 baptizatur
849 401 875 428 a
900 393 1090 442 mortun,
1118 393 1161 430 et
1186 387 1343 430 iterum
1371 385 1517 441 tangit
1541 398 1662 440 eum,

529 444 633 500 quid
662 445 832 501 proficit
854 445 1019 488 lavatio
1041 446 1189 489 illius?

413 502 443 528 ³¹
468 503 539 545 Sic
565 504 694 547 homo
720 504 792 559 qui
819 504 995 560 jejunat
1019 505 1063 547 in
1087 504 1280 561 peccatis
1302 504 1409 559 suis,

529 568 573 605 et
596 562 755 605 iterum
779 563 931 606 eadem
958 563 1150 618 faciens,

529 621 632 677 quid
656 622 827 678 proficit
854 622 1129 664 humiliando
1155 623 1230 665 se?

530 681 770 723 orationem
796 680 914 722 illius
941 680 1037 735 quis
1063 681 1299 724 exaudiet?

294 739 398 782 CAP.
427 740 612 782 XXXV.
641 765 698 770 —
724 739 734 765 ¹
759 739 840 789 Qui
863 744 1094 782 conservat
1119 739 1263 794 legem

528 797 797 853 multiplicat
821 797 1104 840 oblationem.
1588 847 1592 851 ¹

429 855 445 881 ‘²
467 856 739 899 Sacrificium
761 856 954 898 salutare
977 861 1042 899 est
1067 856 1295 900 attendere
1322 857 1564 912 mandatis,

527 920 571 958 et
596 915 821 958 discedere
846 915 903 957 ab
930 915 1049 957 omni
1074 915 1322 970 iniquitate.

430 973 447 999 3
467 974 523 1016 Et
549 974 908 1030 propitiationem
930 973 1057 1017 litare
1079 974 1284 1017 sacrificii
1309 988 1440 1031 super
1459 975 1729 1030 injustitias3

527 1040 570 1076 et
592 1032 843 1090 deprecatio
866 1047 942 1090 pro
969 1033 1185 1090 peccatis,
1208 1033 1411 1077 recedere
1436 1033 1492 1076 ab
1517 1033 1752 1090 injustitia.

428 1090 444 1117 ⁴
468 1091 697 1135 Retribuet
721 1092 912 1147 gratiam
934 1092 1007 1147 qui
1033 1092 1165 1135 offert
1186 1092 1508 1148 similaginem;

525 1157 569 1194 et
594 1150 666 1207 qui
688 1151 802 1193 facit
825 1151 1173 1194 misericordiam
1199 1151 1330 1194 offert
1354 1151 1633 1196 sacrificium.

431 1209 449 1235 ⁵
470 1210 805 1267 Beneplacitum
831 1216 897 1253 est
920 1211 1112 1253 Domino
1133 1211 1335 1254 recedere
1356 1210 1412 1253 ab
1437 1210 1672 1266 iniquitate
1690 1227 1698 1263 ;

525 1275 570 1312 et
595 1268 847 1326 deprecatio
873 1284 950 1326 pro
972 1270 1167 1326 peccatis
1188 1270 1391 1313 recedere
1412 1270 1468 1312 ab
1494 1269 1728 1326 injustitia.

426 1328 443 1354 0
463 1329 562 1371 Non
588 1328 819 1385 apparebis
842 1334 944 1372 ante
967 1335 1252 1386 conspectum
1279 1328 1459 1371 Domini
1484 1343 1671 1383 vacuus3

485 1388 499 1413 ⁷
523 1388 617 1431 liaec
644 1387 763 1431 enim
789 1388 937 1430 omnia
961 1394 1138 1445 propter
1160 1388 1421 1431 mandatum
1445 1388 1526 1431 Dei
1548 1388 1671 1431 fiunt.

427 1448 444 1473 8
464 1447 641 1490 Oblatio
666 1447 774 1502 justi
799 1447 1051 1504 impinguat
1075 1448 1234 1503 altare,

525 1511 568 1548 et
589 1505 696 1548 odor
720 1506 954 1548 suavitatis
980 1512 1046 1549 est
1069 1507 1115 1548 in
1143 1512 1381 1563 conspectu
1408 1506 1641 1550 Altissimi.

428 1563 444 1588 ⁰
465 1564 738 1608 Sacrificium
758 1565 869 1621 justi
894 1571 1129 1622 acceptum
1156 1571 1240 1618 est,

527 1629 569 1666 et
595 1624 854 1667 memoriam
877 1625 973 1680 ejus
1000 1640 1084 1668 non
1113 1625 1399 1669 obliviscetur
1421 1625 1650 1668 Dominus.

407 1681 443 1708 ¹⁰
467 1683 590 1726 Bono
610 1683 759 1727 animo
786 1683 973 1739 gloriam
998 1684 1132 1727 redde
1160 1685 1272 1740 Deo,

525 1748 568 1785 et
592 1757 680 1785 non
706 1743 880 1785 minuas
905 1743 1124 1800 primitias
1154 1758 1366 1787 manuum
1392 1750 1582 1787 tuarum.

407 1801 438 1827 ¹¹
463 1802 516 1844 In
541 1801 659 1844 omni
686 1802 788 1845 dato
812 1803 998 1845 hilarem
1023 1803 1099 1846 fac
1125 1804 1298 1846 vultum
1324 1810 1471 1859 tuum,

524 1866 567 1903 et
589 1861 637 1903 in
663 1861 936 1905 exultatione
959 1862 1190 1906 sanctifica
1215 1863 1411 1906 decimas
1434 1869 1546 1906 tuas.

410 1918 443 1945 ¹*2
465 1920 534 1961 Da
556 1920 787 1964 Altissimo
809 1921 1055 1964 secundum
1081 1921 1234 1965 datum
1260 1923 1375 1979 ejus,

523 1984 566 2022 et
585 1979 632 2022 in
657 1979 773 2023 bono
799 1980 923 2024 oculo
949 1981 1314 2025 adinventionem
1339 1982 1481 2026 facito
1507 1994 1720 2024 manuum
1745 1985 1944 2034 tuarum3

410 2038 442 2064 ¹3
464 2038 672 2094 quoniam
696 2039 913 2083 Dominus
938 2040 1185 2084 retribuens
1212 2047 1298 2097 est,

523 2103 566 2140 et
589 2098 752 2154 septies
777 2104 949 2141 tantum
973 2099 1128 2142 reddet
1153 2099 1247 2144 tibi.

409 2156 443 2182 ¹4
466 2156 567 2198 Noli
591 2156 748 2200 offerre
773 2172 956 2201 munera
981 2173 1138 2214 prava,

523 2229 609 2258 non
636 2216 754 2259 enim
782 2217 993 2273 suscipiet
1017 2217 1108 2261 illa.
1154 2270 1157 2273 .

406 2274 441 2300 ¹5
463 2276 519 2317 Et
540 2275 630 2317 noli
655 2274 873 2332 inspicere
898 2277 1163 2319 sacrificium
1188 2277 1427 2333 injustum,

523 2334 734 2389 quoniam
760 2335 976 2378 Dominus
997 2336 1138 2391 judex
1160 2342 1245 2392 est,

522 2398 565 2435 et
586 2408 673 2436 non
699 2399 766 2437 est
789 2394 907 2450 apud
931 2394 1060 2437 illum
1085 2395 1225 2451 gloria
1250 2410 1461 2452 personae.

405 2451 441 2478 ¹⁰
462 2453 562 2494 Non
586 2452 780 2509 accipiet
806 2453 1022 2497 Dominus
1043 2469 1277 2511 personam
1301 2455 1347 2498 in
1373 2470 1629 2514 pauperem,

521 2516 566 2554 et
591 2512 949 2568 deprecationem
972 2513 1066 2556 laesi
1092 2514 1313 2557 exaudiet.

405 2569 437 2595 ¹7
462 2571 561 2614 Non
588 2571 802 2628 despiciet
826 2586 977 2628 preces
1001 2573 1182 2629 pupilli,

520 2644 600 2673 nec
626 2630 829 2685 viduam,
856 2631 892 2674 si
920 2632 1124 2675 effundat
1149 2633 1370 2689 loquelam
1393 2634 1600 2687 gemitus.

405 2689 439 2715 ¹8
462 2690 620 2732 Nonne
641 2689 851 2746 lacrymae
877 2691 1024 2734 viduae
1048 2692 1104 2734 ad
1132 2692 1361 2735 maxillam
1387 2692 1675 2748 descendunt,

520 2754 564 2791 et
588 2749 855 2792 exclamatio
881 2750 978 2806 ejus
1004 2765 1134 2808 super
1156 2751 1450 2795 deducentem
1477 2751 1582 2795 eas?

404 2807 439 2833 ¹⁰
462 2810 502 2850 A
524 2808 709 2851 maxilla
731 2808 848 2851 enim
871 2810 1120 2853 ascendunt
1144 2825 1282 2867 usque
1308 2811 1363 2854 ad
1388 2811 1568 2866 cae1um‚

521 2872 565 2910 et
587 2867 803 2910 Dominus
827 2868 1057 2912 exauditor
1078 2884 1165 2913 non
1189 2870 1483 2913 delectabitur
1502 2870 1548 2912 in
1573 2869 1676 2913 illis.

404 2925 441 2952 ‘20
461 2926 543 2977 Qui
567 2926 724 2970 adorat
751 2928 894 2970 Deum
918 2927 964 2970 in
991 2929 1286 2972 oblectatione
1312 2929 1587 2986 suscipietur,

521 2990 564 3029 et
585 2985 837 3043 deprecatio
858 2987 977 3030 illius
1003 3002 1140 3044 usque
1164 2988 1221 3031 ad
1247 2989 1387 3032 nubes
1413 2986 1741 3044 propinquabit.

403 3042 435 3069 ‘²¹
461 3045 611 3088 Oratio
637 3046 915 3089 humiliantis
937 3061 982 3090 se
1006 3048 1144 3090 nubes
1170 3047 1444 3104 penetrabit,

520 3109 564 3147 et
586 3104 725 3148 donec
751 3106 1015 3162 propinquet
1036 3121 1122 3150 non
1145 3107 1470 3161 consolabitur,

521 3168 565 3206 et
585 3178 673 3207 non
699 3164 896 3208 discedet
921 3165 1059 3208 donec
1083 3165 1340 3209 Altissimus
1363 3165 1564 3222 aspiciat.

404 3219 441 3246 ²²
462 3221 521 3265 Et
546 3223 762 3267 Dominus
784 3239 871 3268 non
897 3225 1126 3280 elongabit
1145 3243 1153 3280 ;

520 3282 597 3325 sed
621 3282 844 3338 judicabit
868 3283 1032 3340 justos,
1056 3289 1100 3327 et
1119 3286 1259 3329 faciet
1284 3285 1528 3341 judicium3

461 3345 507 3384 et
531 3341 816 3385 Fortissimus
839 3357 927 3385 non
951 3343 1134 3386 habebit
1158 3344 1204 3386 in
1228 3345 1317 3387 illis
1343 3345 1626 3402 patientiam,

225 3477 272 3509 31]
292 3477 326 3504 II
344 3477 433 3505 Petr.
452 3477 506 3512 ΙΙ,
523 3480 568 3506 21.
589 3493 623 3497 —
648 3479 678 3511 2]
698 3478 713 3505 Ι
733 3478 815 3511 Reg.
833 3477 906 3512 XV,
923 3479 968 3506 22.
986 3492 1021 3497 -
1045 3478 1075 3511 5]
1094 3478 1162 3505 Jer.
1182 3478 1268 3512 VII,
1284 3480 1301 3506 3
1325 3479 1360 3505 et
1386 3477 1520 3511 XXVI,
1539 3480 1581 3505 13.
1611 3491 1647 3495 -—
1675 3475 1704 3509 6]
1726 3476 1787 3503 Ex.
1805 3474 1948 3509 XXIII,
1966 3475 1999 3503 15
2017 3474 2051 3501 et

227 3519 386 3556 XXXIV,
402 3523 447 3549 20.
471 3522 566 3550 Deut.
585 3522 678 3557 XVI,
696 3525 739 3551 16.
767 3537 802 3541 --
832 3524 878 3556 11]
900 3523 933 3550 II
952 3522 1023 3549 Cor.
1043 3521 1104 3556 IX,
1122 3524 1147 3550 7.
1173 3537 1208 3541 -—
1227 3523 1273 3556 12]
1292 3522 1370 3550 Tol).
1391 3523 1447 3555 IV,
1464 3526 1490 3550 9.
1519 3536 1555 3540 -
1584 3521 1630 3553 14]
1650 3520 1729 3547 Lev.
1747 3519 1861 3554 XXII,
1878 3521 1922 3546 21.
1952 3518 2050 3545 Deut.

227 3564 298 3599 XV,
314 3567 359 3593 21.
375 3581 412 3584 —
429 3566 476 3599 15]
496 3567 593 3595 Dent.
611 3567 660 3602 x,
679 3570 721 3595 17.
746 3568 780 3595 ῐῐ
807 3568 878 3595 Par.
897 3564 1000 3599 xxx,
1019 3568 1043 3592 7.
1064 3566 1142 3600 ι101),
1155 3561 1318 3601 ΕΞΧΝ,
1337 3568 1380 3593 ιυ.
1403 3565 1476 3597 sap.
1495 3565 1553 3595 VI,
1571 3567 1596 3592 8.
1618 3564 1692 3590 Act.
1711 3562 1751 3595 X,
1768 3565 1813 3591 34.
1828 3563 1923 3590 Rom.
1943 3561 1989 3596 ΙΙ,
2007 3564 2051 3590 11.

226 3607 294 3636 Gal.
313 3608 359 3643 ΙΙ,
376 3611 402 3637 6.
422 3609 488 3638 Col.
508 3610 573 3644 111,
591 3613 635 3638 25.
659 3611 673 3638 I
692 3611 782 3639 Pctr.
802 3611 828 3646 Ι,
848 3613 889 3639 17.
