2423 3861
456 158 542 203 788
968 160 1119 201 Ecom.
1154 158 1327 213 XLVI,
1363 159 1387 202 6
1420 184 1480 192 —-
1510 159 1713 212 XLVII,
1747 159 1786 203 1.

460 270 605 276 -ῥ--μ-
621 271 632 274 .«
647 267 2286 275 ..0.,——-———————————————-—-———-—-—--—-0————.————v

752 337 795 375 et
820 345 908 373 una
934 330 1028 372 dies
1053 330 1179 371 facta
1201 333 1268 372 est
1293 329 1418 384 quasi
1447 329 1563 373 duo?

652 390 669 417 6
691 389 927 433 Invocavit
957 388 1238 431 Altissimum
1262 393 1512 443 potentem,

749 449 792 490 in
821 447 1119 504 oppugnando
1145 446 1348 490 inimicos
1374 447 1595 503 undique,

691 512 732 551 et
758 506 931 549 audivit
952 506 1080 548 illum
1105 520 1294 561 magnus
1320 512 1364 549 et
1389 512 1569 550 sanctus
1597 508 1737 563 Deus,

747 566 793 608 in
818 566 937 608 saxis
963 565 1195 622 grandinis
1220 565 1398 608 virtutis
1425 565 1556 610 valde
1581 565 1725 611 fortis.

651 625 665 652 7
686 626 913 681 Impetum
938 625 1050 668 fecit
1076 630 1227 668 contra
1255 631 1435 680 gentem
1466 625 1694 679 hostilem,

748 690 792 727 et
816 684 862 726 in
885 684 1099 728 descensu
1119 684 1315 741 perdidit
1337 684 1604 739 contrarios3

647 744 664 770 δ’
684 749 732 787 11ῖ
757 749 1028 799 cognoscant
1050 750 1207 800 gentes
1230 744 1477 800 potentiam
1504 743 1622 800 ejus,
1698 785 1702 787 r

751 803 854 859 quia
880 809 1034 846 contra
1058 804 1202 846 Deum
1224 818 1423 860 pugnare
1451 817 1538 846 non
1565 808 1632 846 est
1655 803 1804 848 facile.

689 863 746 906 Et
772 868 948 906 secutus
972 870 1038 906 est
1063 878 1089 905 a
1114 868 1239 918 tergo
1267 863 1493 917 Potentis;
1555 888 1559 893 ·

708 922 725 948 9
746 928 790 965 et
814 923 859 964 in
886 922 1041 965 diebus
1068 922 1212 978 Moysi
1239 921 1590 965 misericordiam
1615 922 1746 977 fecit,

745 981 858 1039 ipse,
886 987 930 1025 et
953 982 1111 1036 Caleb,
1140 981 1256 1025 filius
1279 982 1503 1038 Jephone,

687 1046 804 1084 stare
831 1047 983 1084 contra
1009 1042 1182 1084 hostem
1204 1076 1211 1093 ,
1235 1046 1279 1084 et
1305 1041 1537 1098 prohibere
1563 1045 1743 1096 gentem
1766 1055 1793 1083 a
1817 1041 2037 1098 peccatis,

748 1106 792 1143 et
817 1101 1094 1157 perfringere
1117 1115 1314 1143 murmur
1340 1100 1539 1144 malitiae.

630 1159 665 1186 ¹0
687 1161 744 1203 Et
770 1160 855 1216 ipsi
881 1160 966 1203 duo
993 1159 1224 1203 constituti
1249 1175 1275 1202 a
1301 1160 1497 1216 periculo
1522 1160 1699 1204 liberati
1725 1165 1828 1204 sunt

745 1234 772 1262 a
798 1234 981 1262 numero
1004 1225 1315 1262 sexcentorum
1338 1219 1530 1262 millium
1554 1219 1776 1276 peditum,

686 1278 896 1322 inducere
923 1279 1021 1322 illos
1047 1279 1093 1321 in
1119 1279 1435 1334 hereditatem,

746 1338 791 1380 in
818 1344 981 1381 terram
1007 1353 1105 1394 quae
1127 1343 1283 1382 manat
1305 1339 1374 1382 lac
1400 1344 1444 1382 et
1469 1339 1571 1382 mel.

630 1397 661 1423 11
687 1398 745 1441 Εῖ
771 1397 894 1441 dedit
922 1398 1138 1441 Dominus
1160 1398 1244 1455 ipsi
1272 1398 1408 1443 Caleb
1435 1397 1768 1453 fortitudinem,

746 1463 789 1501 et
811 1472 948 1513 usque
973 1458 1020 1499 in
1044 1463 1319 1501 senectutem
1342 1458 1586 1514 permansit
1612 1457 1678 1500 illi
1703 1457 1863 1513 virtue,

689 1522 737 1559 ut
761 1517 1020 1560 ascenderet
1044 1518 1091 1559 in
1117 1517 1343 1561 excelsum
1364 1522 1494 1561 terrae
1519 1517 1686 1572 locum,

747 1582 789 1619 et
811 1591 961 1619 semen
987 1577 1124 1633 ipsius
1151 1577 1344 1619 obtinuit
1366 1577 1682 1633 hereditatem,

630 1634 665 1661 ¹⁶2
685 1641 734 1678 ut
754 1635 957 1679 viderent
984 1650 1134 1679 omnes
1160 1636 1239 1678 filii
1267 1636 1404 1678 Israel

748 1695 849 1751 quia
873 1696 1037 1738 bonum
1063 1700 1129 1738 est
1154 1695 1335 1751 obsequi
1361 1701 1515 1739 sancto
1543 1697 1650 1740 Deo.

182 1769 339 1806 amices,
631 1754 666 1781 13
687 1755 745 1797 Εῖ
767 1755 794 1797 J
800 1755 949 1798 udices
972 1755 1137 1810 singuli
1159 1769 1236 1797 suo
1260 1755 1459 1806 nomine,
1486 1770 1669 1811 quorum
1688 1770 1776 1799 non
1795 1761 1861 1800 est
1879 1761 2131 1812 corruptum
2151 1769 2240 1810 cor,

747 1814 821 1870 qui
848 1829 935 1857 non
962 1815 1104 1857 aversi
1131 1819 1233 1857 sunt
1255 1829 1281 1856 a
1308 1815 1521 1868 Domino,

634 1873 666 1899 ¹4
688 1880 735 1917 ut
760 1874 817 1916 sit
844 1874 1057 1917 memoria
1079 1873 1257 1917 illorum
1281 1873 1326 1916 in
1354 1874 1684 1929 benedictione,

747 1939 790 1976 et
817 1948 913 1976 ossa
937 1948 1086 1976 eorum
1109 1933 1328 1990 pullulent
1355 1933 1408 1977 de
1435 1934 1531 1976 loco
1553 1949 1654 1988 suo,

634 1992 664 2019 ¹5
687 1998 729 2036 et
755 2008 916 2036 nomen
941 2008 1091 2036 eorum
1118 1998 1379 2049 permaneat
1400 1993 1446 2036 in
1474 1999 1710 2049 aeternum,

748 2067 1012 2109 permanens
1034 2053 1091 2095 ad
1118 2052 1232 2095 filios
1257 2052 1456 2108 illorum,
1485 2058 1739 2096 sanctorum
1765 2053 1959 2097 virorum
1981 2054 2135 2109 gloria.

185 2135 336 2168 samum,
633 2112 664 2137 16
686 2112 887 2155 Dilectus
913 2127 939 2155 a
962 2113 1154 2155 Domino
1183 2112 1275 2154 Deo
1303 2126 1381 2154 suo
1409 2112 1607 2167 Samuel,
1631 2113 1846 2169 propheta
1873 2113 2073 2168 Domini,

745 2172 977 2215 renovavit
1002 2172 1260 2228 imperium,

745 2236 789 2274 et
814 2231 943 2274 unxit
965 2231 1188 2288 principes
1210 2232 1256 2274 in
1284 2237 1417 2288 gente
1444 2247 1536 2275 sua..

632 2290 663 2315 ¹⁷
685 2291 739 2334 In
765 2291 865 2347 lege
893 2290 1075 2334 Domini
1103 2291 1497 2347 congregationem
1524 2291 1771 2347 judicavit,

744 2355 788 2394 et
812 2350 927 2393 vidit
954 2351 1073 2394 Deus
1100 2351 1242 2394 Jacob
1263 2368 1272 2406 3

689 2416 731 2453 et
750 2411 797 2452 in
823 2411 908 2454 fide
934 2426 1013 2454 sua
1038 2411 1248 2467 probatus
1277 2417 1342 2454 est
1368 2412 1612 2468 propheta,

689 2469 724 2496 18
746 2476 788 2513 θῖ
815 2470 1019 2526 cognitus
1047 2475 1111 2513 est
1133 2470 1180 2512 in
1209 2471 1354 2514 verbis
1381 2471 1471 2514 suis
1497 2471 1658 2526 fidelis,

746 2530 848 2586 quia
874 2530 989 2573 vidit
1018 2531 1162 2573 Deum
1187 2530 1313 2574 lucis.

631 2589 665 2616 19
687 2591 745 2633 Εῖ
765 2590 993 2632 invocavit
1021 2590 1264 2633 Dominum
1291 2591 1663 2647 omnipotentem,

745 2649 791 2692 in
815 2649 1112 2706 oppugnando
1139 2650 1286 2693 hostes
1315 2650 1655 2694 circumstantes
1680 2649 1893 2705 undique,

744 2709 791 2751 in
818 2709 1042 2752 oblatione
1073 2709 1178 2765 agni
1206 2709 1424 2753 inviolati.

628 2767 664 2805 ²0
686 2768 745 2811 Et
765 2768 961 2811 intonuit
988 2768 1040 2811 de
1069 2769 1180 2812 caelo
1207 2770 1446 2825 Dominus,

749 2833 792 2870 et
816 2828 862 2870 in
889 2828 1036 2871 sonitu
1062 2843 1225 2885 magno
1252 2829 1455 2872 auditam
1482 2830 1594 2873 fecit
1619 2843 1775 2874 vocem
1798 2842 1921 2871 suani
1943 2845 1952 2882 ;

629 2886 660 2912 2¹
685 2892 730 2930 et
756 2887 966 2929 contrivit
991 2888 1214 2944 principes
1241 2889 1498 2945 Tyriorum,

749 2951 792 2989 et
817 2961 968 2990 omnes
996 2947 1129 2991 duces
1156 2948 1460 3003 Philisthiim,

628 3004 664 3030 Ἐ
686 3012 729 3049 θῖ
755 3012 860 3050 ante
883 3012 1059 3064 tempus
1086 3007 1186 3050 finis
1211 3008 1318 3050 vitae
1341 3022 1434 3051 suae
1456 3014 1500 3052 et
1525 3008 1700 3062 saeculi,

746 3067 1051 3109 testimonium
1078 3067 1271 3123 praebuit
1291 3067 1338 3110 in
1365 3073 1605 3124 conspectu
1629 3065 1810 3111 Domini
1837 3070 1881 3108 et
1905 3065 2094 3120 Christi,

748 3126 958 3180 pecunias
981 3132 1025 3168 et
1046 3141 1182 3182 usque
1200 3126 1257 3169 ad
1277 3127 1582 3170 calceamenta
1600 3126 1656 3170 ab
1676 3124 1797 3168 omni
1823 3138 1952 3167 carne
1976 3137 2063 3166 non
2089 3127 2287 3183 accepit,

749 3190 791 3226 et
817 3200 903 3227 non
925 3187 1154 3230 accusavit
1179 3187 1308 3230 illum
1330 3187 1475 3230 homo.

631 3239 666 3266 23
688 3243 745 3284 Et
766 3251 864 3301 post
889 3247 971 3289 hoc
1000 3246 1209 3289 dormivit
1229 3264 1237 3302 3
1268 3251 1312 3289 et
1333 3252 1489 3289 notum
1514 3245 1627 3288 fecit
1650 3243 1764 3299 regi,

747 3310 791 3347 et
814 3305 1006 3348 ostendit
1030 3305 1096 3348 illi
1122 3306 1256 3348 finem
1278 3306 1383 3348 vitae
1409 3320 1500 3349 suae
1520 3322 1529 3359 3

689 3368 733 3405 et
757 3364 973 3407 exaltavit
999 3378 1153 3407 vocem
1178 3380 1305 3407 suam
1331 3365 1385 3408 de
1410 3370 1526 3407 terra
1551 3363 1596 3405 in
1622 3362 1873 3419 prophetia,

749 3422 894 3466 delere
921 3422 1196 3479 impietatem
1223 3424 1382 3480 gentis.

199 3485 331 3540 Nathan
511 3482 615 3523 GAP.
643 3483 836 3526 XLVII.
861 3508 915 3514 —
943 3482 954 3507 ¹
978 3483 1082 3525 Post
1106 3482 1203 3525 haec
1227 3483 1418 3525 surrexit
1444 3481 1647 3537 Nathan,

176 3530 213 3554 Εὖ
235 3528 350 3562 nanu,
747 3541 962 3598 propheta
987 3541 1033 3582 in
1061 3541 1215 3584 diebus
1243 3542 1400 3584 David.

467 3687 496 3722 9]
514 3686 612 3716 Num.
630 3687 722 3722 xiv,
738 3690 765 3714 6.
781 3701 817 3706 -
836 3686 881 3719 19]
900 3686 915 3712 1
934 3686 1019 3718 neg.
1036 3685 1119 3720 vn,
1136 3687 1162 3714 ο.
1179 3700 1216 3706 -
1232 3686 1314 3718 22]1
1334 3686 1416 3718 neg.
1434 3685 1563 3719 X11‚3.
1582 3698 1618 3703 —
1634 3683 1678 3717 47,
1695 3682 1726 3714 1]
1743 3681 1779 3708 11
1796 3680 1881 3714 neg.
1899 3681 2028 3716 X11,1.
