2456 3861
235 987 325 1014 Deus
343 986 402 1014 im-

197 1030 307 1058 mittit
337 1030 439 1063 pesti-

215 1074 355 1102 lentiam
385 1076 419 1103 in

261 1119 376 1148 Israel.

239 2126 402 2154 Dominus

239 2171 403 2204 placatur,

198 2220 311 2244 erecto
334 2216 362 2242 nl
371 2220 439 2242 tare

255 2260 286 2287 in
308 2267 386 2286 arua

250 2306 391 2332 Areuna.

507 171 592 212 314
1140 168 1187 209 Π
1224 169 1336 210 Bm.
1370 169 1541 223 XXIV,
1577 169 1710 212 6-25.

505 340 622 382 Valle
649 338 767 392 Gad,
796 338 812 364 ⁶
830 344 872 380 et
898 352 974 394 per
999 338 1028 381 J
1031 352 1131 381 azer
1157 338 1426 382 transierunt
1453 338 1501 381 in
1532 338 1727 394 Galaad,
1755 343 1799 382 et
1822 339 1868 381 in
1898 344 2061 383 terram
2085 342 2344 386 inferiorem

505 397 670 449 Hodsi,
706 402 748 439 et
774 402 990 439 venerunt
1017 397 1063 439 in
1099 399 1198 439 Dan
1230 397 1467 441 silvestria.
1495 398 1920 454 Circumeuntesque
1950 398 2082 454 juxta
2112 400 2343 457 Sidonem,

505 456 519 482 7
541 455 806 499 transierunt
840 470 973 512 prope
1007 456 1172 499 moenia
1198 456 1325 513 Tyri,
1349 461 1392 499 et
1422 471 1599 501 omnem
1624 462 1787 501 terram
1818 457 1977 501 Hevaei
2007 463 2051 501 et
2080 458 2345 515 Chananaei,

504 520 806 570 veneruntque
831 515 887 558 ad
914 515 1146 559 meridiem
1172 516 1201 558 J
1205 516 1293 559 uda
1320 515 1368 558 in
1395 516 1640 572 Bersabee3
1668 516 1685 543 8
1704 522 1747 560 et
1771 516 1959 560 lustrata
1980 517 2187 560 universa
2208 522 2344 574 terra,

503 574 730 617 affuerunt
762 580 860 630 post
893 589 1054 618 novem
1087 589 1260 618 menses
1290 580 1333 618 et
1365 575 1528 631 viginti
1559 575 1652 619 dies
1681 575 1727 618 in
1754 576 2018 620 Jerusalem.
2046 576 2063 603 9
2083 576 2218 620 Dedit
2243 591 2349 633 ergo

505 634 532 676 J
537 633 620 676 oab
647 647 878 676 numerum
903 634 1213 691 descriptionis
1238 634 1390 692 populi
1414 634 1534 691 regi3
1563 640 1606 678 et
1630 634 1814 678 inventa
1835 640 1940 678 sunt
1965 635 2019 680 de
2044 635 2184 679 Israel
2207 636 2348 679 octin-

504 698 638 748 genta
664 693 806 735 millia
837 693 1030 736 virorum
1064 694 1252 737 fortium
1282 694 1356 750 qui
1389 694 1627 737 educerent
1659 694 1883 751 gladium,
1911 700 1954 738 et
1987 695 2041 738 de
2070 695 2191 738 Juda
2221 695 2349 751 quin-

503 757 637 807 genta
672 752 813 794 millia
846 758 1157 809 pugnatorum.
1186 753 1221 780 ¹0
1240 753 1464 797 Percussit
1491 758 1642 797 autem
1672 768 1745 797 cor
1779 753 1926 797 David
1959 769 2082 810 eum,
2112 758 2349 811 postquam

503 816 760 854 numeratus
794 818 860 855 est
893 812 1106 869 populus3
1135 818 1177 857 et
1207 813 1322 856 dixit
1352 812 1498 856 David
1528 813 1586 855 ad
1617 813 1889 858 Dominum:
1920 813 2111 857 Peccavi
2137 813 2269 857 valde
2301 813 2349 856 in

503 871 585 913 hoc
616 871 764 926 fact03
789 871 865 914 sed
893 886 1057 929 precor,
1090 872 1302 929 Domine,
1330 878 1379 916 ut
1408 872 1653 916 transferas
1677 872 1962 928 iniquitatem
1991 873 2106 917 servi
2132 872 2218 928 tui,
2246 873 2349 929 quia

503 930 637 973 stulte
663 930 733 986 egi
761 930 906 975 nimis.

564 989 596 1015 ‘¹¹
625 990 824 1033 Surrexit
853 990 1003 1046 itaque
1037 991 1184 1034 David
1214 1006 1366 1042 mane,
1397 996 1440 1035 et
1469 1006 1611 1035 sermo
1646 991 1827 1035 Domini
1861 991 2012 1036 factus
2045 997 2111 1036 est
2139 992 2196 1035 ad
2227 992 2347 1048 Gad,

503 1050 766 1106 prophetam
800 1054 842 1092 et
868 1050 1096 1094 videntem
1126 1051 1295 1106 David,
1330 1050 1513 1094 dicens:
1544 1050 1580 1077 19
1599 1050 1746 1106 Vade,
1782 1056 1825 1095 et
1857 1050 2035 1108 loquere
2067 1051 2124 1095 ad
2160 1051 2307 1095 David
2335 1067 2344 1095 :

505 1109 619 1152 Haec
647 1108 756 1151 dicit
780 1109 997 1152 Dominus
1019 1127 1027 1154 :
1047 1110 1202 1153 Trium
1224 1109 1306 1153 tibi
1329 1110 1459 1153 datur
1476 1111 1621 1167 optio3
1647 1110 1762 1166 elige
1784 1124 1920 1153 unum
1943 1111 2058 1167 quod
2076 1110 2268 1154 volueris
2294 1125 2349 1154 ex

504 1168 571 1210 his
594 1172 642 1210 ut
667 1168 836 1211 faciam
858 1168 954 1211 tibi.
976 1168 1011 1195 13
1029 1169 1228 1225 Cumque
1246 1169 1441 1213 venisset
1464 1170 1564 1214 Gad
1585 1169 1642 1213 ad
1669 1169 1838 1225 David,
1861 1169 2087 1213 nuntiavit
2106 1170 2145 1213 ei
2168 1170 2347 1214 dicens:

503 1228 596 1269 Aut
628 1232 798 1284 septem
831 1228 959 1270 annis
986 1228 1135 1272 veniet
1167 1229 1249 1271 tibi
1283 1229 1428 1272 fames
1461 1229 1507 1271 in
1544 1234 1659 1273 terra
1697 1234 1792 1286 tua,
1830 1234 1908 1272 aut
1944 1229 2085 1272 tribus
2123 1229 2350 1273 mensibus

503 1286 652 1342 fugies
678 1286 954 1330 adversarios
981 1293 1078 1331 tuos
1104 1293 1148 1331 et
1171 1288 1238 1331 illi
1263 1293 1305 1332 te
1328 1293 1657 1345 persequentur,
1681 1293 1759 1331 aut
1782 1294 1899 1332 certe
1925 1288 2065 1332 tribus
2089 1288 2245 1333 diebus
2267 1288 2350 1332 erit

503 1346 758 1403 pestilentia
783 1346 829 1388 in
859 1352 974 1390 terra
999 1353 1089 1391 tua.
1113 1348 1243 1391 Nunc
1271 1362 1375 1404 ergo
1401 1347 1618 1403 delibera,
1642 1353 1685 1391 et
1707 1347 1809 1391 vide
1835 1362 1966 1404 quem
1992 1348 2285 1406 respondeam
2311 1348 2350 1391 ei

504 1405 577 1461 qui
604 1420 674 1448 me
707 1406 829 1448 misit
857 1420 1120 1450 sermonem.
1150 1407 1184 1433 ¹4
1204 1407 1330 1450 Dixit
1357 1413 1508 1450 autem
1536 1407 1682 1450 David
1708 1407 1766 1450 ad
1793 1407 1892 1451 Gad
1915 1424 1924 1452 :
1951 1408 2160 1452 Coarctor
2185 1407 2350 1463 nimis;

503 1465 579 1508 sed
610 1465 768 1508 melius
795 1471 860 1509 est
886 1471 934 1508 ut
965 1466 1165 1510 incidam
1193 1467 1240 1510 in
1270 1482 1427 1510 manus
1462 1467 1643 1511 Domini
1673 1467 1857 1524 (multae
1889 1467 2008 1510 enim
2036 1466 2352 1510 misericordiae

504 1524 601 1580 ejus
627 1526 782 1581 sunt),
818 1540 951 1581 quam
979 1526 1025 1568 in
1059 1541 1217 1569 manus
1246 1527 1492 1570 hominum.
1522 1526 1556 1553 ¹5
1575 1526 1858 1582 Immisitque
1890 1526 2108 1569 Dominus
2142 1526 2353 1583 pestilen-

503 1583 613 1626 tiam
638 1583 686 1626 in
716 1585 854 1628 Israel
882 1584 936 1627 de
963 1600 1092 1628 mane
1122 1600 1259 1642 usque
1283 1586 1340 1629 ad
1372 1590 1546 1643 tempus
1569 1586 1883 1643 constitutum,
1913 1592 1956 1629 et
1981 1586 2142 1629 mortui
2169 1591 2272 1629 sunt
2297 1600 2353 1629 ex

503 1643 686 1700 populo,
709 1658 735 1686 a
762 1645 862 1686 Dan
889 1658 1025 1700 usque
1046 1645 1102 1688 ad
1131 1645 1372 1700 Bersabee,
1395 1645 1681 1702 septuaginta
1704 1644 1846 1687 millia
1866 1645 2076 1689 virorum.
2098 1645 2134 1672 16
2153 1645 2354 1702 Cumque

504 1702 777 1746 extendisset
804 1718 987 1746 manum
1011 1718 1138 1747 suam
1163 1704 1350 1761 angelus
1378 1705 1559 1748 Domini
1582 1719 1711 1762 super
1734 1705 1985 1748 Jerusalem
2008 1710 2056 1747 ut
2079 1704 2354 1762 disperderet

504 1776 623 1817 eam,
659 1762 864 1806 misertus
898 1768 964 1806 est
998 1764 1215 1807 Dominus
1249 1779 1379 1821 super
1411 1764 1671 1819 afflictione,
1708 1768 1750 1807 et
1786 1764 1850 1806 ait
1887 1764 2048 1820 angelo
2085 1763 2351 1822 percutienti

504 1820 716 1878 populum
739 1839 746 1866 :
775 1822 978 1878 Sufficit3
1006 1838 1124 1866 nunc
1151 1823 1329 1867 contine
1355 1839 1537 1866 manum
1560 1829 1697 1866 tuam.
1727 1824 1835 1866 Erat
1864 1829 2014 1866 autem
2040 1823 2228 1880 angelus
2264 1825 2353 1867 Do-

505 1881 613 1923 mini
639 1881 769 1937 ]'uxta
794 1896 944 1925 aream
972 1884 1149 1925 Areuna
1173 1883 1201 1926 J
1206 1883 1384 1926 ebusaei,
1413 1883 1447 1909 ‘¹⁷
1473 1882 1686 1938 Dixitque
1714 1883 1860 1926 David
1888 1883 1944 1926 ad
1977 1883 2221 1926 Dominum
2252 1897 2353 1926 cum

504 1940 689 1984 vidisset
714 1941 924 1997 angelum
952 1941 1201 1985 caedentem
1230 1942 1445 1999 populum
1468 1959 1476 1986 :
1505 1942 1601 1998 Ego
1632 1956 1731 1985 sum
1757 1942 1830 1998 qui
1860 1942 2066 1999 peccavi,
2094 1956 2176 1999 ego
2201 1941 2356 1998 inique

505 1999 599 2054 egi3
635 2000 731 2055 isti,
755 2001 827 2056 qui
859 2015 960 2044 oves
994 2006 1119 2056 sunt,
1155 2001 1260 2057 quid
1301 2001 1540 2045 fecerunt?
1572 2003 1803 2057 Vertatur,
1839 2002 2041 2057 obsecro,
2081 2015 2238 2044 manus
2276 2007 2355 2044 tua

506 2064 658 2101 contra
685 2074 754 2103 me
781 2065 823 2103 et
849 2066 1002 2103 contra
1026 2060 1207 2103 domum
1233 2062 1371 2118 patris
1398 2061 1498 2105 mei.

565 2118 599 2144 18
618 2119 754 2162 Venit
779 2125 930 2163 autem
954 2120 1052 2164 Gad
1074 2120 1131 2163 ad
1160 2120 1307 2164 David
1331 2121 1377 2163 in
1404 2121 1476 2164 die
1499 2121 1599 2177 illa,
1623 2126 1666 2165 et
1694 2121 1808 2164 dixit
1834 2121 1872 2165 ei
1895 2139 1904 2166 t
1933 2122 2157 2178 Ascende,
2182 2126 2226 2166 et
2251 2136 2352 2165 eon-

505 2177 639 2221 stitue
664 2178 804 2222 altare
830 2180 1020 2223 Domino
1041 2179 1088 2222 in
1112 2195 1215 2223 area
1238 2180 1417 2224 Areuna
1444 2181 1657 2224 Jebusaei.
1686 2181 1722 2207 19
1741 2181 1799 2223 Et
1824 2182 2028 2225 ascendit
2054 2181 2202 2225 David
2222 2181 2355 2238 juxta

505 2252 754 2281 sermonem
781 2238 900 2295 Gad,
928 2253 1058 2295 quem
1085 2244 1356 2296 praeceperat
1385 2239 1425 2284 ei
1458 2240 1685 2286 Dominus
1715 2239 1752 2267 90
1771 2241 2147 2298 Conspiciensque
2172 2242 2353 2284 Areuna

505 2297 824 2341 animadvertit
856 2313 1007 2355 regem
1034 2304 1078 2342 et
1106 2313 1254 2342 servos
1280 2300 1376 2356 ejus
1407 2299 1594 2343 transire
1618 2300 1675 2343 ad
1706 2314 1776 2355 se,
1802 2299 1835 2326 91
1857 2306 1900 2344 et
1922 2315 2123 2357 egressus
2149 2299 2355 2343 adoravit

505 2370 655 2412 regem
686 2371 822 2413 prono
847 2358 974 2400 vultu
1000 2358 1045 2400 in
1073 2364 1256 2413 terram,
1284 2364 1327 2402 et
1356 2359 1420 2402 ait
1445 2376 1453 2403 ε
1477 2359 1590 2410 Quid
1617 2374 1762 2403 causae
1796 2365 1863 2403 est
1895 2365 1943 2403 ut
1968 2361 2121 2403 veniat
2147 2359 2353 2404 dominus

507 2430 628 2458 meus
651 2431 727 2459 rex
752 2417 809 2459 ad
835 2431 1011 2460 servum
1033 2419 1191 2462 suum?
1218 2418 1300 2462 Cui
1330 2419 1476 2462 David
1502 2419 1566 2461 ait
1588 2435 1596 2462 :
1622 2420 1684 2463 Ut
1710 2434 1857 2462 emam
1881 2434 1907 2462 a
1926 2424 1969 2463 te
1991 2434 2155 2475 aream,
2179 2424 2222 2463 et
2247 2418 2355 2461 aedi-

505 2475 634 2518 ficem
656 2475 795 2519 altare
827 2477 1038 2531 Domino,
1066 2483 1109 2521 et
1135 2484 1276 2522 cesset
1304 2478 1560 2522 interfectio
1588 2493 1687 2534 quae
1714 2483 1940 2535 grassatur
1964 2478 2011 2521 in
2036 2479 2213 2536 populo.
2240 2477 2277 2504 99
2296 2479 2354 2521 Et

505 2534 569 2577 ait
591 2535 772 2578 Areuna
796 2535 853 2578 ad
878 2536 1025 2579 David
1048 2554 1056 2581 ε
1085 2537 1314 2594 Accipiat,
1341 2544 1384 2581 et
1410 2538 1569 2581 offerat
1592 2537 1797 2581 dominus
1824 2552 1947 2581 meus
1969 2552 2046 2581 rex
2068 2538 2183 2582 sicut
2205 2537 2353 2595 placet

506 2594 559 2637 ei.
598 2594 751 2638 Habes
772 2594 907 2639 boves
929 2596 976 2639 in
1013 2596 1346 2653 holocaustum,
1385 2602 1428 2641 et
1465 2597 1713 2654 plaustrum
1750 2602 1793 2641 et
1828 2597 1939 2654 juga
1971 2597 2107 2641 boum
2139 2597 2186 2640 in
2222 2611 2352 2640 usum

506 2653 741 2709 lignorum.
768 2654 805 2681 93
824 2655 984 2699 Omnia
1015 2656 1139 2699 dedit
1170 2656 1348 2700 Areuna
1378 2671 1456 2700 rex
1484 2657 1604 2713 regi,
1633 2657 1834 2713 dixitque
1860 2658 2040 2700 Areuna
2073 2657 2130 2700 ad
2165 2671 2315 2713 regern
2342 2673 2353 2700 z

507 2713 724 2756 Dominus
762 2715 878 2758 Deus
913 2720 1012 2758 tuus
1045 2715 1260 2772 suscipiat
1303 2721 1455 2760 votum
1489 2721 1628 2759 tuum.
1663 2715 1699 2742 24
1721 2716 1802 2760 Cui
1836 2716 2106 2773 respondens
2144 2731 2221 2760 rex
2253 2716 2354 2760 ait:

507 2773 798 2828 Nequaquam
825 2779 873 2816 ut
897 2774 989 2830 vis3
1018 2775 1094 2818 sed
1121 2789 1267 2818 emam
1301 2775 1442 2832 pretio
1474 2791 1500 2818 a
1526 2781 1588 2831 te,
1614 2780 1657 2819 et
1689 2790 1777 2819 non
1811 2775 1999 2819 offeram
2034 2775 2226 2819 Domino
2258 2776 2355 2818 Deo

508 2845 602 2874 meo
628 2832 888 2876 holocausta
910 2834 1118 2890 gratuita.
1147 2835 1269 2877 Emit
1296 2850 1399 2892 ergo
1431 2835 1577 2878 David
1611 2850 1761 2879 aream
1796 2840 1838 2878 et
1869 2835 2004 2879 boves
2030 2835 2203 2891 argenti
2230 2834 2354 2878 siclis

507 2890 844 2948 quinquaginta.
872 2892 908 2919 95
929 2895 984 2936 Et
1014 2894 1256 2937 aedificavit
1284 2894 1346 2938 ibi
1376 2895 1523 2938 David
1549 2894 1690 2938 altare
1723 2894 1933 2949 Domino,
1966 2900 2009 2938 et
2042 2894 2205 2938 obtulit
2230 2893 2353 2937 holo-

507 2956 660 3051 czuista
683 2958 726 3051 et
747 2952 945 3008 pacifica.
967 2953 1025 2996 Et
1048 2953 1311 3010 propitiatus
1338 2959 1403 2997 est
1431 2954 1648 2997 Dominus
1670 2958 1819 3009 terrae,
1840 2959 1883 2996 et
1906 2953 2101 2996 cohibita
2129 2959 2196 2997 est
2217 2953 2353 3010 plaga

507 3023 532 3051 a
615 3024 709 3052 srae
732 3045 740 3053 .

509 3153 557 3187 14]
576 3153 591 3181 Ι
612 3154 683 3181 Par.
704 3154 796 3188 XXI,
817 3158 858 3183 13.
883 3157 962 3184 Dan.
983 3156 1083 3190 XIII,
1102 3159 1144 3184 23.
