2456 3861
252 1501 357 1530 David

229 1545 388 1574 Rabbath

214 1593 398 1624 expugnat.

230 2452 387 2484 Incestus

234 2498 377 2527 Amnon.

497 141 581 185 298
1025 142 1073 183 Π
1108 143 1219 185 sm.
1254 142 1369 196 ΧΠ,
1409 144 1460 185 19
1492 169 1552 174 -
1582 143 1723 197 xm,
1757 146 1797 188 9.

495 311 608 354 servi
642 309 788 352 David
822 310 1026 352 nuntiare
1059 310 1097 352 ei
1132 311 1248 365 quod
1282 315 1480 354 mortuus
1514 317 1627 355 esset
1659 312 1898 368 parvulus3
1934 314 2142 358 dixerunt
2166 317 2285 360 enim
2313 334 2328 361 t

495 371 610 412 Ecce
635 383 735 411 cum
763 368 972 424 parvulus
997 369 1143 412 adhuc
1169 369 1359 423 viveret,
1387 370 1677 426 loquebamur
1701 371 1757 414 ad
1784 385 1906 427 eum,
1934 377 1976 415 et
2002 387 2091 416 non
2114 376 2328 419 audiebat

493 441 647 470 vocem
682 432 904 481 nostram;
931 433 1094 483 quanto
1121 428 1285 484 magis,
1311 429 1347 471 si
1375 429 1617 473 dixerimus
1641 446 1649 473 :
1677 430 1878 473 Mortuus
1904 436 1970 475 est
2001 446 2121 488 puer,
2147 447 2197 476 se
2217 435 2332 478 affli-

493 486 589 541 get!
622 485 654 511 ¹9
680 485 791 528 Cum
818 500 919 542 ergo
947 486 1094 530 David
1117 487 1302 531 vidisset
1327 502 1476 531 servos
1503 503 1603 532 suos
1628 489 1937 546 mussitanteS,
1962 490 2186 535 intellexit
2211 494 2334 548 quod

493 551 690 587 mortuus
729 549 842 588 esset
878 545 1158 601 infantulus3
1198 546 1399 603 dixitque
1435 548 1491 591 ad
1528 562 1676 592 servos
1709 562 1842 592 suos:
1874 550 1994 592 Num
2030 555 2231 594 mortuus
2263 557 2330 595 est

492 603 627 659 puer?
654 604 738 654 Qui
762 605 1083 661 responderunt
1108 606 1149 649 ei
1171 622 1179 649 :
1207 606 1409 650 Mortuus
1434 612 1513 650 est.
1541 606 1578 633 ‘20
1595 607 1794 651 Surrexit
1820 622 1922 664 ergo
1949 609 2097 652 David
2124 609 2179 654 de
2196 615 2332 665 teria,

492 668 535 705 et
560 661 676 705 lotus
701 668 948 720 unctusque
973 669 1066 719 est;
1102 679 1291 721 cumque
1324 671 1540 710 mutasset
1572 673 1763 722 vestem,
1789 666 2014 723 ingressus
2047 673 2113 711 est
2145 668 2331 713 domum

493 721 694 777 Domini,
723 728 766 765 et
790 722 1007 767 adoravit.
1035 724 1093 767 Et
1117 725 1242 768 venit
1260 725 1307 768 in
1334 726 1516 769 domum
1541 732 1688 781 suam,
1708 726 1960 783 petivitque>
1976 734 2026 770 ut
2050 733 2264 784 ponerent
2287 728 2333 772 ei

491 794 673 837 panem,
701 787 743 824 et
769 782 974 826 comedit.
1002 782 1035 809 ‘2¹
1057 784 1278 827 Dixerunt
1303 790 1451 829 autem
1479 785 1518 828 ei
1543 786 1658 829 servi
1683 786 1750 829 sui
1777 802 1789 829 ε
1813 786 1919 836 Quis
1943 792 2008 830 est
2033 801 2175 831 sermo
2195 801 2332 843 quem

491 839 671 884 fecisti?
698 846 875 898 propter
898 841 1137 898 infantem,
1156 857 1258 887 cum
1283 845 1430 888 adhuc
1456 845 1638 900 viveret,
1658 845 1875 902 jejunasti
1900 851 1943 889 et
1962 845 2129 902 fleba83
2155 851 2337 890 mortuo

491 904 641 941 autem
673 914 828 956 puero,
856 902 1084 946 surrexisti
1119 908 1162 946 et
1195 904 1431 947 comedisti
1461 919 1636 960 panem.
1672 904 1708 931 22
1733 904 1816 955 Qui
1844 905 1940 950 ait:
1968 905 2153 962 Propter
2177 905 2336 948 infan-

491 963 602 1013 tem,
630 958 737 1002 dum
761 960 909 1004 adhuc
943 961 1132 1017 Viveret,
1158 962 1362 1018 jejunavi
1398 969 1441 1007 et
1473 964 1605 1019 flevi;
1642 964 1846 1008 dicebam
1873 965 1993 1008 enim
2016 981 2024 1008 :
2051 964 2159 1015 Quis
2183 965 2267 1008 scit
2291 965 2331 1008 si

490 1017 607 1060 forte
641 1017 775 1062 donet
807 1033 907 1063 eum
941 1021 1050 1064 mihi
1085 1022 1323 1078 Dominus,
1351 1028 1394 1066 et
1426 1023 1552 1065 vivat
1581 1023 1768 1067 infans?
1802 1022 1839 1050 93
1863 1024 1994 1067 Nunc
2026 1030 2198 1079 antem,
2226 1024 2337 1080 quia

492 1083 690 1120 mortuus
725 1084 811 1134 est,
841 1093 972 1135 quare
1005 1080 1241 1136 jejunem?
1276 1082 1491 1137 numquid
1529 1087 1679 1138 potero
1716 1096 1924 1126 revocare
1961 1097 2062 1126 eum
2098 1083 2290 1140 amplius
2305 1083 2334 1126 ⁴?

492 1136 587 1191 Ego
614 1137 776 1179 vadam
803 1139 946 1193 magis
971 1139 1027 1182 ad
1055 1153 1180 1194 eum3
1207 1140 1286 1183 ill-e
1310 1155 1412 1184 vero
1438 1155 1527 1184 non
1550 1147 1794 1185 revertetur
1817 1141 1875 1184 ad
1902 1156 1985 1186 me.

551 1194 587 1221 “24
613 1196 670 1237 Et
697 1197 948 1240 consolatus
975 1203 1040 1241 est
1074 1199 1221 1242 David
1253 1200 1503 1243 Bethsabee
1536 1215 1719 1244 uxorem
1751 1215 1899 1256 suam,
1925 1201 2239 1258 ingressusque
2270 1202 2330 1245 ad

492 1269 590 1297 eam
618 1255 827 1297 dormivit
853 1270 954 1299 cum
988 1271 1051 1300 ea.
1079 1259 1184 1309 Quae
1216 1259 1373 1314 genuit
1405 1260 1568 1315 filium,
1595 1265 1639 1304 et
1670 1260 1850 1304 vocavit
1882 1274 2044 1304 nomen
2077 1260 2174 1317 ejus
2206 1260 2335 1305 Salo-

492 1327 608 1356 mon.
637 1315 694 1356 Et
728 1315 943 1358 Dominus
978 1316 1136 1360 dilexit
1162 1333 1291 1373 eum,
1328 1317 1363 1345 '²5
1385 1319 1593 1375 misitque
1624 1319 1671 1362 in
1705 1335 1839 1363 manu
1873 1321 2054 1363 Nathan
2079 1320 2332 1377 prophetae,

491 1378 535 1416 et
567 1374 746 1416 vocavit
777 1388 939 1418 nomen
972 1376 1101 1432 ejus:
1128 1378 1349 1422 Amabilis
1384 1379 1598 1435 Domino,
1632 1393 1687 1422 eo·
1714 1379 1832 1436 quod
1865 1379 2072 1435 diligeret
2105 1393 2206 1423 eum
2238 1379 2335 1423 Do·-

491 1447 651 1476 minus,

550 1490 586 1518 ⁶2¹³
608 1493 754 1548 Igitur
787 1495 1017 1551 pugnabat
1049 1497 1166 1541 Joab
1199 1503 1353 1541 contra
1388 1498 1595 1543 Rabbath
1628 1499 1820 1543 filiorum
1855 1501 2073 1555 Ammon,
2112 1504 2157 1544 et
2192 1512 2336 1556 expu-

491 1551 660 1607 gnabat
684 1553 838 1596 urbem
863 1554 1044 1609 regiam.
1072 1554 1106 1582 2⁷
1126 1557 1338 1613 Misitque
1358 1558 1477 1601 Joab.
1499 1559 1677 1602 nuntios
1702 1558 1759 1602 ad
1785 1560 1954 1615 David,
1974 1559 2126 1603 dicens
2149 1576 2159 1603 :
2187 1558 2334 1602 Dimi-

493 1611 590 1653 cavi
615 1611 855 1656 adversum
888 1614 1116 1670 Rabbath,
1144 1622 1187 1659 et
1221 1617 1438 1673 capienda
1472 1623 1537 1660 est
1563 1618 1666 1660 urbs
1697 1633 1942 1675 aquarum,
1978 1619 2014 1646 2⁸
2038 1619 2157 1662 nune
2190 1617 2336 1674 igitur

493 1684 714 1726 congrega
737 1672 956 1728 reliquam
980 1679 1154 1730 partem
1179 1676 1352 1732 populi,
1380 1681 1422 1719 et
1448 1677 1601 1721 obsid-e
1627 1677 1877 1734 civitatem,
1906 1685 1950 1722 et
1976 1693 2088 1735 cape
2111 1691 2327 1732 eam,ne‚

493 1743 596 1772 cum
619 1744 646 1772 a
671 1744 741 1774 me
774 1737 951 1774 vastata
983 1734 1121 1777 fuerit
1154 1735 1279 1791 urbs,
1307 1736 1478 1779 nomini
1507 1751 1604 1780 meo
1641 1737 1889 1780 ascribatur
1921 1737 2122 1781 victoria.
2155 1735 2193 1762 29
2215 1737 2334 1780 Con-

491 1789 695 1890 {regavit
719 1790 869 1846 itaque
897 1792 1043 1835 David
1070 1807 1247 1837 omnem
1273 1794 1505 1851 populum,
1533 1801 1577 1839 et
1601 1796 1828 1854 profectus
1854 1803 1921 1840 est
1945 1797 2184 1840 adversum
2211 1795 2334 1838 Bab*

520 1848 627 1904 ath3
671 1863 858 1905 cumque
892 1850 1170 1907 dimicasset,
1205 1854 1323 1910 cepit
1356 1868 1467 1897 eam.
1502 1854 1539 1881 3⁰
1565 1857 1622 1899 Et
1653 1855 1757 1898 tulit
1788 1855 1996 1899 diadema
2026 1856 2144 1912 regis
2178 1869 2334 1898 eorum

492 1906 546 1949 de
572 1908 717 1964 capite
744 1909 858 1965 ejus,
886 1910 1030 1965 pondo
1057 1912 1151 1954 auri
1178 1913 1419 1968 talentum,
1446 1914 1614 1957 habens
1648 1929 1849 1970 gemmas
1882 1915 2252 1972 pretiosissimas3
2284 1919 2333 1957 et

489 1966 749 2023 impositum
785 1973 851 2012 est
887 1983 1016 2025 super
1053 1976 1188 2027 caput
1225 1972 1387 2015 David.
1426 1972 1512 2017 Sed
1547 1979 1590 2016 et
1622 1973 1823 2030 praedam
1855 1975 2056 2018 civitatis
2083 1973 2328 2031 asportavit
2366 2013 2371 2017 ,

489 2025 679 2068 multam
707 2026 849 2071 valde.
884 2027 917 2053 3¹
941 2029 1160 2085 Populum
1187 2045 1358 2086 quoque
1383 2032 1479 2088 ejus
1505 2033 1731 2076 adducens
1763 2034 1969 2090 serravit,
1997 2039 2042 2077 et
2065 2032 2339 2089 circumegit.

490 2099 620 2141 super
652 2100 724 2130 eos
756 2086 924 2130 ferrata
958 2094 1198 2144 carpenta;
1234 2089 1472 2146 divisitque
1507 2092 1682 2148 cultris,
1709 2096 1754 2136 et
1783 2093 1985 2136 traduxit
2008 2093 2056 2136 in
2079 2098 2188 2149 typo
2218 2092 2331 2135 late-

489 2158 614 2199 rum,
657 2145 725 2188 sic
756 2145 870 2189 fecit
904 2146 1122 2190 universis
1159 2148 1418 2192 civitatibus
1455 2151 1649 2195 filiorum,
1683 2153 1892 2196 Ammon.
1931 2154 1991 2196 Et
2023 2165 2225 2195 reversus
2260 2155 2337 2195 est

491 2203 641 2247 David
664 2209 708 2248 et
732 2205 875 2248 omnis
901 2204 1123 2250 exercitus
1149 2204 1196 2248 in
1221 2207 1486 2252 Jerusalem.

710 2327 734 2383 ξ
760 2326 849 2370 III.
868 2351 930 2359 —
950 2326 1167 2382 Flaqitia
1188 2326 1369 2372 Amnon
1390 2337 1431 2374 et
1453 2333 1907 2390 Absalom,filiorum·
1932 2333 2099 2377 David.

555 2444 664 2490 CAP.
690 2446 826 2489 XIII.
848 2472 904 2480 --
930 2447 940 2473 4
965 2447 1156 2492 Factum
1181 2456 1248 2493 est
1274 2455 1427 2494 autem
1446 2456 1548 2507 post
1575 2451 1677 2495 haec
1699 2455 1749 2494 ut
1778 2448 2018 2505 Absalom,
2042 2448 2123 2492 filii
2151 2449 2330 2506 David,

494 2517 691 2547 sororem
725 2505 1121 2564 speciosissimam,
1163 2510 1383 2553 vocabulo
1428 2511 1646 2566 Thamar,
1689 2509 1923 2553 adamaret
1961 2508 2164 2565 Amnon,
2205 2508 2332 2552 filius.

496 2563 665 2620 David,
692 2566 710 2592 2
728 2570 771 2607 et
797 2565 1019 2621 deperiret
1044 2581 1142 2610 eam
1168 2569 1319 2624 valde,
1344 2569 1407 2612 ita
1436 2575 1486 2613 ut
1510 2575 1691 2627 propter
1717 2583 1918 2612 amorem
1938 2568 2035 2624 ejus
2063 2572 2327 2624 aegrotaret,

494 2623 610 2679 quia,
630 2638 731 2666 cum
755 2630 870 2668 esset
890 2625 1029 2682 virgo,
1051 2626 1240 2672 difficile
1264 2628 1304 2672 ei
1327 2629 1563 2673 videbatur
1584 2635 1634 2673 ut
1659 2627 1892 2685 quidpiam
1914 2626 2152 2671 inhoneste
2169 2633 2323 2683 ageret

493 2696 596 2725 cum
629 2697 696 2726 ea.
721 2683 739 2710 3
761 2685 869 2728 Erat
897 2691 1049 2729 autem
1077 2688 1262 2731 Amnon
1291 2689 1462 2732 amicus
1495 2688 1677 2733 nomine
1705 2688 1734 2731 J
1738 2686 1936 2742 medab,
1968 2685 2084 2730 filius
2116 2686 2329 2730 Semmaa,

492 2741 645 2785 fratris
674 2743 844 2799 David,
874 2744 943 2788 vir
974 2745 1174 2801 prudens
1199 2747 1345 2791 valde.
1371 2747 1389 2774 4
1407 2748 1491 2798 Qui
1525 2747 1645 2792 dixit
1673 2747 1731 2791 ad
1763 2761 1865 2791 eum
1890 2762 1904 2790 ι
1933 2746 2077 2797 Quare
2113 2746 2176 2790 sic
2208 2751 2325 2789 atte-

491 2801 640 2844 nuaris
663 2803 818 2856 macie,
838 2803 905 2846 fili
926 2805 1058 2861 regis,
1081 2820 1160 2861 per
1179 2805 1384 2862 singulos
1399 2806 1526 2851 dies?
1546 2821 1624 2850 cur
1639 2821 1730 2850 non
1746 2805 1919 2850 indicas
1940 2805 2083 2849 mihi?
2107 2805 2325 2860 Dixitque

491 2856 529 2899 ei
556 2857 734 2901 Amnon
758 2874 766 2902 :
794 2859 1002 2918 Thamar,
1028 2878 1223 2909 sororem
1249 2864 1402 2908 fratris
1427 2864 1516 2907 mei
1540 2863 1778 2919 Absalom,
1801 2877 1916 2906 amc.
1950 2863 1967 2889 ⁵
1993 2863 2075 2907 Cui
2098 2862 2333 2920 respond-it

490 2914 698 2959 Jonadab
723 2933 731 2960 :
760 2917 884 2962 Cuba
906 2933 1038 2977 super
1069 2922 1235 2966 lectum
1268 2928 1414 2974 tuum,
1443 2928 1487 2966 et
1519 2922 1782 2979 languor-em
1811 2921 1974 2966 simula
1992 2940 2007 2977 ;,
2037 2936 2226 2978 cumque
2250 2936 2331 2966 ve—

491 2974 605 3017 nerit
630 2980 754 3031 pater
786 2982 888 3020 tuus
920 2984 969 3022 ut
1000 2980 1154 3024 visitet
1185 2986 1250 3038 te,
1281 2982 1352 3026 dic
1380 2983 1417 3024 ei
1442 2998 1450 3025 :
1483 2982 1663 3038 Veniat,
1692 2995 1791 3037 oro,¹
1815 2981 2032 3038 Tha-mar,
2051 2995 2172 3026 soror
2203 2995 2339 3037 mea„

491 3038 539 3078 ut
576 3033 651 3076 det
687 3035 796 3078 mihi
834 3037 1003 3093 cibum,
1042 3045 1087 3083 et
1117 3040 1260 3084 faciat
1295 3041 1577 3097 pulmentum
1605 3046 1654 3083 ut
1689 3040 1921 3084 comedam
1955 3040 2019 3085 de
2043 3055 2181 3084 manu
2212 3040 2324 3096 ejus.

490 3092 508 3119 6
528 3092 754 3135 Accubuit
778 3094 927 3150 itaque
952 3098 1152 3153 Amnon,
1176 3105 1219 3142 et
1241 3100 1371 3156 quasi.
1394 3107 1612 3155 aegrotare
1630 3099 1793 3156 coepit3
1816 3114 2012 3156 cumque
2029 3100 2225 3144 venisset
2247 3113 2332 3143 rex

490 3151 547 3194 ad
580 3151 855 3195 visitandum
892 3168 1013 3211 eum,
1046 3157 1110 3199 ait
1143 3160 1321 3202 Amnon
1354 3159 1411 3202 ad
1444 3173 1594 3215 regem
1623 3176 1631 3203 :
1659 3158 1842 3214 Veniat,
1877 3160 2079 3215 obsecro,
2113 3158 2329 3212 Thamar,

490 3224 610 3253 soror
635 3224 757 3266 mea,
781 3218 830 3256 ut
850 3212 994 3256 faciat
1013 3215 1058 3258 in
1080 3217 1224 3259 oculis
1250 3218 1358 3262 meis
1381 3218 1490 3262 duas
1512 3217 1875 3274 sorbitiunculas,
1903 3224 1946 3262 et
1972 3218 2122 3262 cibum
2148 3217 2324 3275 capiam

492 3269 546 3313 de
572 3284 706 3313 manu
733 3270 843 3327 ejus.
877 3271 892 3297 7
920 3273 1042 3316 Misit
1071 3289 1175 3330 ergo
1206 3276 1354 3320 David.
1381 3277 1439 3321 ad
1471 3278 1666 3320 Thamar
1693 3276 1742 3319 in·
1765 3276 1968 3333 domum,
1995 3277 2153 3321 dicens·
2173 3293 2184 3321 2
2208 3275 2326 3319 Veni,

490 3329 536 3371 in
562 3329 744 3373 domum
770 3331 947 3375 Amnon
973 3332 1124 3376 fratris
1154 3335 1243 3389 tui,
1276 3342 1319 3378 et
1344 3336 1420 3380 fac
1445 3336 1484 3380 ei
1510 3335 1804 3393 pulmentum.
1837 3336 1854 3363 ⁸
1879 3336 2106 3392 Venitque
2128 3335 2332 3379 Thamar·

490 3387 535 3430 in
562 3388 744 3432 domum
768 3390 952 3434 Amnon
973 3391 1125 3435 fratris
1159 3394 1255 3447 sui;
1289 3394 1365 3438 ille
1397 3400 1550 3439 autem
1575 3395 1768 3451 jacebat.
1795 3396 1902 3446 Quae
1936 3395 2098 3439 tollens
2126 3394 2325 3438 farinam

491 3448 798 3503 commiscuit,
824 3454 868 3492 et
915 3449 1229 3505 liquefaciens,
1256 3453 1302 3496 in
1334 3454 1474 3497 oculis
1504 3455 1604 3510 ejus
1633 3453 1753 3497 coxit
1784 3454 2146 3498 sorbitiunculas.
2177 3453 2196 3480 ⁹
2219 3451 2323 3496 Tol—

490 3504 671 3562 lensque
704 3507 819 3562 quod
854 3514 1052 3565 coxerat,
1087 3509 1249 3554 effudit
1277 3517 1320 3554 et
1348 3513 1496 3569 posuit
1528 3526 1676 3556 coram
1709 3526 1788 3568 eo;
1825 3519 1871 3556 et
1900 3513 2047 3557 noluit
2069 3511 2342 3567 comedere,

490 3650 538 3683 26]
560 3651 573 3677 1
596 3651 667 3678 Par.
686 3653 760 3685 xx,
778 3656 801 3680 1.
