2423 3861
651 100 710 142 ls.
744 100 964 154 XXXVI,
1001 101 1052 142 17
1085 125 1143 134 ——
1176 101 1421 156 XXXVII,
1454 102 1521 143 21.
1936 105 2020 147 823

204 271 299 313 haec
324 270 441 313 enim
464 269 573 312 dicit
595 284 669 313 rex
696 270 977 326 Assyriorum
1004 287 1011 313 :
1040 271 1193 314 Facite
1220 285 1392 314 mecum
1415 271 1789 327 benedictionem,
1820 279 1863 316 et
1899 288 2020 329 egre-

202 328 360 372 dimini
389 329 445 371 ad
474 343 562 383 me,
597 334 641 371 et
669 329 886 371 comedite
920 329 1215 384 unusquisque
1247 330 1422 373 vineam
1463 346 1608 387 suam,
1649 336 1692 374 et
1724 332 2022 388 unusquisque

202 388 334 430 ficum
359 402 503 436 suam,
527 393 570 430 et
595 387 734 430 bibite
759 388 1055 443 unusquisque
1073 402 1233 443 aquam
1252 388 1453 432 cisternae
1479 405 1591 445 suae,
1617 390 1649 416 17
1672 390 1812 434 (101100
1830 391 2020 445 veniam,

202 452 245 490 et
268 446 422 489 tollam
447 462 522 489 vos
543 446 599 489 ad
623 452 781 489 terram
811 461 907 502 quae
930 452 995 489 est
1017 452 1064 489 ut
1088 452 1202 490 terra
1225 454 1389 502 vestra,
1413 455 1570 492 terram
1599 449 1813 493 frumenti
1846 455 1890 492 et
1915 450 2020 505 vini,

202 511 360 548 terram
396 520 559 561 panum
600 510 642 548 et
678 505 920 547 vincarum.
966 505 998 531 ¹⁸
1041 506 1131 548 Nec
1170 507 1400 549 conturbet
1436 523 1512 550 vos
1555 508 1792 563 Ezechias,
1827 508 1979 552 dicens
2013 525 2020 552 :

203 565 421 607 Dominus
449 563 655 607 liberabit
684 577 775 606 1105.
808 564 1032 619 Numquid
1072 564 1368 608 liberaverunt
1402 567 1461 609 dii
1495 568 1694 622 gentium
1724 568 2022 623 unusquisque

200 630 360 667 terram
386 638 510 666 suam
536 622 590 665 de
615 635 748 663 manu
775 622 890 675 regis
916 623 1229 677 Assyriorum?
1257 623 1288 649 ¹9
1316 624 1403 667 Ubi
1434 632 1499 668 est
1532 626 1637 669 (leus
1673 626 1833 669 Ernath
1866 631 1910 669 et
1938 628 2019 669 Ar-

198 682 357 738 phad?
391 681 464 724 ubi
495 686 561 724 est
602 679 708 722 deus
747 680 1066 736 Sepharvailn?
1101 682 1314 737 numquid
1351 683 1649 727 liberaverunt
1683 685 1927 728 Samariam
1968 685 2022 729 de

198 755 330 783 manu
370 739 499 784 mea?
537 738 573 765 ‘²⁰
597 738 703 788 Quis
737 744 803 781 est
835 753 890 781 ex
926 739 1130 782 omnibus
1167 740 1251 782 diis
1289 747 1501 784 terrarum
1534 743 1717 786 istarum
1751 744 1823 799 qui
1861 745 2022 788 eruerit

197 806 358 843 terram
384 813 506 841 sua-m
530 798 584 840 de
611 812 744 840 manu
771 811 892 853 mea,
920 803 967 840 ut
992 803 1115 840 eruat
1139 799 1355 841 Dominus
1381 801 1627 844 Jerusalem
1655 802 1709 845 dc
1731 817 1865 845 manu
1888 803 2020 846 mea?

256 858 289 884 '2¹
320 860 377 901 Et
401 857 635 912 siluerunt,
663 861 706 900 et
727 870 814 900 non
839 856 1159 913 responderunt
1184 857 1223 900 ei
1250 858 1446 901 verbum.
1474 860 1765 904 Mandaverat
1787 861 1905 904 enim
1931 876 2019 917 rex,

195 917 346 961 dicens
373 933 382 959 ε
418 916 485 959 Νο
513 915 817 972 respondeatis
858 915 910 959 ei.
945 913 981 940 '²2
1004 916 1060 958 Et
1088 915 1312 971 ingressus
1345 923 1411 960 est
1446 918 1661 974 Eliacim,
1683 920 1800 962 filius
1827 920 2020 975 Helciae,

194 976 266 1032 qui
298 982 392 1019 erat
420 988 549 1031 super
575 974 776 1030 domum,
802 980 847 1017 et
869 974 1016 1018 Sobna
1044 975 1209 1030 scriba,
1237 980 1281 1018 et
1305 976 1468 1032 Joahe,
1499 977 1614 1019 filius
1647 979 1822 1034 Asaph,
1853 993 1878 1021 a
1904 993 2020 1021 00111-

194 1034 441 1089 mentariis,
487 1033 543 1077 ad
590 1033 848 1090 Ezechiam,
890 1033 1037 1077 scissis
1079 1034 1304 1090 vestibus,
1355 1040 1397 1078 et
1443 1036 1760 1080 nuntiaverunt
1800 1037 1838 1080 ei
1888 1038 2021 1080 verba

194 1094 420 1138 Rabsacis.

251 1154 360 1198 Cir.
383 1155 626 1197 XXXVII.
651 1181 710 1188 —
732 1154 744 1180 '¹
773 1156 830 1197 Et
861 1155 1036 1197 factum
1058 1160 1135 1211 est,
1160 1169 1260 1198 cum
1285 1155 1482 1198 audisset
1509 1170 1586 1199 rex
1620 1156 1858 1211 Ezechias,
1889 1157 2021 1200 scidit

191 1213 458 1256 vestimenta
488 1228 586 1268 sua,
622 1220 664 1257 et
698 1213 931 1256 obvolutus
961 1219 1028 1257 est
1059 1228 1208 1270 sacco,
1244 1219 1286 1257 et
1318 1215 1502 1263 intravit
1532 1215 1579 1257 111
1610 1216 1789 1259 domum
1825 1215 2019 1258 Domini.

191 1270 209 1297 2
233 1272 291 1314 Et.
321 1272 442 1315 misit
476 1272 685 1328 Eliacim,
713 1272 905 1328 quierat
938 1286 1067 1330 super
1099 1273 1304 1329 domum,
1335 1279 1378 1316 et
1411 1274 1604 1317 Sobnam
1636 1275 1848 1331 scribam,
1880 1280 1922 1317 et
1955 1289 2020 1318 se—

192 1331 333 1374 niores
376 1331 430 1374 de
466 1331 790 1388 sacerdotibus,
830 1337 1001 1389 opertos
1034 1332 1194 1388 saccis,
1233 1333 1290 1376 ad
1331 1333 1516 1389 Isaiam,
1551 1333 1690 1376 filium
1730 1334 1889 1389 Amos,
1923 1348 2020 1390 pro-

191 1390 393 1447 phetam,
420 1391 434 1417 ³
457 1397 499 1434 et
525 1391 733 1434 dixerunt
754 1391 810 1434 ad
834 1404 934 1434 eum
964 1408 972 1434 :
1005 1392 1118 1434 Haec
1149 1392 1257 1434 dicit
1283 1392 1496 1435 Ezechias
1526 1410 1535 1436 :
1571 1393 1676 1436 Dies
1697 1393 2018 1448 tribulationis,

191 1454 235 1492 et
268 1450 575 1506 correptionis,
608 1455 650 1492 et
679 1450 989 1506 blasphemiae,
1021 1450 1115 1493 dies
1144 1451 1265 1505 haec3
1303 1451 1404 1506 quia
1430 1458 1646 1495 venerunt
1678 1452 1757 1494 filii
1790 1466 1926 1508 usque
1963 1453 2018 1495 ad

189 1514 388 1564 parturn,
415 1515 458 1551 et
482 1510 622 1551 virtus
643 1523 731 1551 non
757 1514 823 1551 est
844 1508 1058 1565 pariendi.
1085 1509 1102 1535 4
1129 1509 1172 1552 Si
1199 1524 1282 1565 quo
1309 1510 1439 1552 modo
1472 1511 1624 1553 audiat
1662 1511 1877 1554 Dominus
1900 1512 2019 1554 Deus

189 1572 290 1609 tuus
315 1568 448 1610 verba
474 1567 709 1622 Rabsacis,
736 1581 868 1622 quem
893 1567 1013 1609 misit
1035 1583 1111 1611 rex
1134 1568 1438 1624 Assyriorum,
1462 1569 1666 1612 dominus
1696 1583 1819 1625 suus,
1847 1570 1903 1612 ad
1925 1570 2019 1613 bla-

188 1626 513 1682 sphemandum
532 1627 676 1669 Deum
700 1626 949 1681 viventem,
969 1631 1012 1669 et
1034 1627 1391 1683 exprobrandum
1416 1628 1689 1671 sermonibus
1716 1643 1823 1684 quos
1847 1629 2019 1671 audivit

189 1685 407 1729 Dominus
449 1686 569 1729 Deus
613 1690 744 1742 11111ος
780 1685 881 1729 leva
921 1700 1023 1741 ergo
1062 1686 1306 1729 orationem
1346 1701 1422 1743 pro
1462 1687 1658 1742 reliquiis
1695 1701 1794 1743 quae
1834 1693 2018 1744 repertae

187 1750 303 1787 sunt.
327 1745 344 1772 5
365 1747 423 1788 Et
444 1750 659 1788 venerunt
680 1745 794 1788 servi
816 1745 931 1801 regis
955 1745 1159 1788 Ezechiae
1181 1745 1237 1787 ad
1260 1746 1441 1788 Isaiam.

246 1804 264 1830 6
285 1805 344 1847 Et
366 1804 481 1848 dixit
500 1804 558 1847 ad
583 1818 656 1847 eos
679 1804 821 1846 Isaias
856 1821 864 1848 :
888 1805 1003 1847 Haec
1030 1804 1185 1847 dicetis
1216 1804 1394 1848 domino
1426 1811 1572 1849 vestro
1602 1823 1610 1850 ε
1648 1807 1759 1849 Haec
1790 1807 1897 1849 dicit
1931 1808 2018 1850 Do—

187 1864 333 1907 minus
362 1879 370 1907 :
398 1864 466 1907 Ne
483 1863 641 1907 timeas
659 1878 685 1906 a
706 1863 826 1906 facie
847 1863 1082 1906 verborum
1100 1878 1198 1919 quae
1220 1864 1398 1920 audisti,
1423 1865 1579 1920 quibus
1598 1866 2018 1922 blasphemaverunt

187 1923 309 1980 pueri
332 1923 449 1979 regis
474 1923 758 1979 Assyriorum
784 1937 868 1966 me.
891 1922 906 1948 7
934 1924 1049 1966 Ecce
1075 1937 1156 1978 ego
1186 1922 1299 1966 dabo
1327 1923 1364 1966 ei
1398 1924 1622 1980 spiritum,
1658 1930 1700 1968 et
1728 1925 1879 1968 audiet
1907 1940 2017 1968 nun-

187 1983 319 2038 tium,
344 1988 389 2026 et
415 1986 659 2026 revertetur
690 1982 747 2025 ad
777 1987 940 2026 terram
973 1996 1118 2037 suam,
1158 1987 1201 2026 et
1235 1996 1433 2026 corruere
1467 1997 1566 2026 eum
1600 1984 1769 2027 faciam
1790 1983 1939 2039 gladio
1971 1984 2017 2026 111

187 2047 302 2085 terra
327 2058 418 2086 sua.

247 2102 263 2129 ⁸
287 2103 504 2147 Reversus
527 2107 592 2146 est
612 2108 763 2147 autem
787 2104 1030 2160 Rabsaces,
1057 2109 1100 2147 et
1121 2103 1294 2147 invenit
1325 2118 1472 2160 regem
1504 2103 1788 2160 Assyriorum
1813 2104 2017 2160 praelian-

186 2166 278 2205 tem
306 2162 519 2206 adversus
553 2163 780 2218 Lobnam3
815 2163 1017 2206 audierat
1053 2163 1172 2206 enim
1208 2163 1311 2218 quia
1347 2164 1573 2220 profectus
1603 2168 1717 2206 esset
1750 2163 1804 2206 de
1841 2163 2016 2206 Lachis.

186 2220 205 2246 9
226 2222 284 2264 Et
300 2221 475 2264 audivit
493 2221 546 2265 de
567 2222 789 2278 Tharaca,
811 2237 914 2278 rege
928 2222 1196 2279 AEthiopiae,
1216 2222 1413 2265 dicentes
1438 2238 1446 2265 :
1466 2224 1679 2277 Egressus
1697 2226 1764 2264 est
1784 2227 1833 2264 ut
1849 2226 2017 2278 pugnet

188 2287 341 2323 contra
362 2286 420 2324 te.
444 2281 568 2331 Quod
587 2295 689 2324 cum
709 2281 922 2335 audisset,
944 2281 1066 2323 misit
1087 2281 1266 2324 nuntios
1284 2281 1340 2324 ad
1364 2281 1614 2336 Ezechiam,
1639 2280 1790 2324 dicens
1820 2297 1829 2325 :
1853 2279 1889 2307 10
1904 2282 2016 2324 Haec

187 2339 346 2383 dicetis
376 2340 579 2383 Ezechiae
608 2340 702 2396 regi
725 2340 877 2396 Judae,
906 2340 1134 2396 loquentes
1157 2357 1166 2383 ε
1192 2341 1294 2383 Non
1318 2345 1362 2383 te
1388 2340 1582 2396 decipiat
1604 2341 1722 2383 Deus
1741 2344 1842 2383 tuus
1867 2340 1914 2382 in
1932 2354 2016 2396 quo

186 2403 235 2441 tu
261 2399 467 2455 confidis,
494 2399 645 2443 dicens
675 2416 684 2443 ε
714 2400 814 2442 Νο11
841 2399 1019 2442 dabitur
1044 2399 1294 2442 Jerusalem
1321 2399 1369 2442 in
1401 2413 1536 2441 manu
1572 2399 1689 2454 regis
1718 2398 2015 2455 Assyriorum.

187 2457 220 2483 11
246 2459 362 2502 Εο00
383 2463 431 2501 111
452 2459 616 2502 audisti
650 2459 800 2502 onmia
825 2473 922 2514 quae
944 2459 1148 2501 fecerunt
1175 2473 1300 2514 reges
1330 2458 1613 2514 Assyriorum
1635 2457 1839 2501 omnibus
1868 2458 2015 2506 terris,

187 2532 295 2573 quas
325 2518 658 2572 subverterunt3
691 2522 734 2561 et
766 2522 814 2560 tu
844 2517 1007 2574 poteris
1040 2517 1256 2560 liberari?
1283 2516 1319 2543 12
1345 2517 1572 2573 Numquid
1607 2522 1813 2560 eruerunt
1849 2531 1921 2560 eos
1954 2517 2015 2560 dii

186 2577 389 2632 gentium
411 2591 516 2633 quos
539 2578 849 2620 subverterunt
873 2582 1019 2634 patres
1045 2577 1152 2632 mei,
1177 2577 1365 2632 Gozam,
1394 2581 1437 2620 et
1459 2577 1654 2632 Haram,
1678 2581 1723 2619 et
1753 2576 1946 2632 Reseph,
1973 2582 2016 2619 et

186 2636 299 2680 filios
324 2637 445 2680 Eden
474 2637 546 2692 qui
572 2642 697 2680 erant
720 2636 766 2679 in
788 2635 1062 2678 Thalassar‘?
1083 2635 1119 2662 ¹3
1143 2635 1229 2679 Ubi
1256 2640 1322 2679 est
1342 2650 1420 2679 rex
1442 2636 1626 2691 Emath,
1651 2640 1697 2678 et
1717 2649 1794 2678 rex
1816 2635 2014 2692 Arphad,

187 2700 230 2738 et
254 2710 331 2739 rex
357 2696 477 2738 urbis
501 2696 810 2753 Sepharvaim,
837 2696 958 2751 Ana,
983 2701 1026 2738 et
1051 2694 1186 2737 Ava?

247 2754 281 2780 ¹4
304 2756 362 2797 Et
386 2755 488 2797 tulit
511 2755 724 2798 Ezechias
746 2755 880 2798 libros
904 2754 957 2798 de
980 2769 1114 2797 manu
1137 2755 1412 2812 nuntiorum,
1436 2760 1479 2798 et
1504 2755 1613 2811 legit
1635 2769 1728 2811 eos,
1752 2760 1795 2798 et
1815 2754 2016 2798 ascendit

185 2813 231 2857 in
254 2815 436 2857 domum
460 2815 662 2870 Domini,
686 2819 729 2857 et
751 2813 963 2870 expandit
990 2828 1062 2856 eos
1088 2815 1301 2858 Ezechias
1332 2829 1479 2857 coram
1510 2814 1725 2868 Domino;
1748 2813 1783 2839 15
1808 2819 1853 2856 01
1874 2813 2016 2857 oravit

187 2873 402 2917 Ezechias
427 2874 484 2916 ad
507 2874 775 2929 Dominum,
804 2873 954 2916 dicens
982 2889 990 2916 :
1020 2872 1055 2899 1⁶
1078 2874 1269 2917 Domine
1294 2873 1587 2929 exercituum,
1616 2874 1735 2916 Deus
1757 2873 1918 2929 Israel,
1941 2873 2014 2928 qui

186 2933 311 2976 sedes
333 2947 462 2989 super
484 2933 732 2989 cherubim,
760 2938 808 2975 tu
836 2947 880 2975 es
907 2934 1026 2975 Deus
1049 2932 1166 2975 solus
1195 2933 1394 2976 omnium
1426 2947 1659 2989 regnorum
1694 2937 1842 2987 terrae,
1873 2937 1920 2974 tu
1949 2933 2014 2975 fe-

187 2991 285 3034 cisti
313 2992 473 3034 caelum
499 2997 543 3035 et
564 2998 739 3036 terram.
768 2991 801 3017 17
825 2991 1021 3047 Inclina,
1046 2992 1256 3047 Domine,
1286 3006 1437 3035 aurem
1464 2997 1606 3047 tuam,
1641 2996 1685 3034 et
1717 2991 1846 3044 audi3
1870 2991 2012 3048 aperi,

188 3051 399 3106 Domine,
442 3052 590 3095 oculos
624 3057 741 3108 tuos,
781 3057 823 3095 et
852 3051 977 3105 vide3
1014 3056 1056 3093 et
1088 3051 1192 3093 audi
1223 3051 1371 3094 omnia
1403 3051 1538 3094 verba
1569 3051 1889 3105 Sennacherib,
1917 3065 2014 3106 quae

186 3109 309 3152 misit
336 3110 392 3153 ad
425 3111 827 3168 blasphemandum
858 3111 1000 3153 Deum
1033 3109 1268 3153 viventem.
1306 3109 1339 3137 ¹8
1372 3111 1486 3153 Vere
1520 3110 1659 3166 enim,
1695 3110 1905 3164 Domine,
1941 3109 2014 3152 de-

185 3177 323 3212 sertas
345 3170 549 3213 fecerunt
572 3185 698 3226 reges
731 3169 1014 3225 Assyriorum
1044 3174 1201 3223 terras,
1231 3175 1275 3212 et
1303 3170 1504 3225 regiones
1535 3184 1709 3223 earum3
1744 3168 1778 3194 19
1808 3174 1851 3211 01
1883 3169 2014 3211 dede-

185 3235 288 3271 runt
314 3229 416 3272 deos
439 3243 590 3272 earum
611 3229 733 3285 igni:
756 3243 843 3272 non
870 3228 988 3271 enim
1014 3235 1138 3271 erant
1162 3228 1244 3282 dii,
1271 3229 1348 3272 sed
1370 3243 1501 3285 opera
1527 3243 1739 3271 manuum
1761 3227 2011 3282 hominum,

186 3287 358 3343 lignum
383 3294 428 3331 et
452 3288 585 3345 lapis,
609 3294 651 3331 et
677 3288 1033 3332 comminuerunt
1054 3301 1139 3330 003.
1174 3286 1211 3314 20
1232 3289 1289 3330 Et
1310 3302 1448 3343 nunc,
1483 3288 1672 3331 Domine
1701 3289 1819 3330 Deus
1845 3291 2011 3341 noster,

186 3347 310 3389 salva
342 3361 420 3391 nos
451 3347 504 3390 de
537 3362 672 3390 manu
705 3348 822 3404 ejus,
855 3353 897 3390 et
930 3352 1199 3402 cognoscant
1231 3346 1380 3390 onmia
1412 3361 1549 3402 regna
1582 3352 1735 3401 terrae,
1767 3345 1870 3400 quia
1891 3350 1939 3387 tu
1969 3358 2014 3388 es

188 3405 404 3449 Dominus
430 3406 560 3451 solus.

245 3462 277 3489 ‘²¹
306 3466 364 3507 Et
388 3465 508 3508 misit
533 3465 696 3521 Isaias,
723 3465 838 3508 filius
865 3465 1022 3519 Amos,
1056 3463 1112 3506 ad
1142 3463 1401 3519 Ezechiam,
1429 3463 1580 3506 dicens
1610 3478 1618 3504 :
1654 3463 1767 3504 Haec
1790 3461 1899 3505 dicit
1925 3463 2012 3505 Do—

191 3607 219 3639 1]
237 3607 280 3633 iv
301 3608 381 3640 ius-g.
400 3609 496 3643 xix,
513 3610 534 3637 1.

2132 1159 2291 1189 Ezechias

2135 1203 2283 1232 consulit

2139 1245 2261 1275 Isaiam
2270 1267 2278 1279 ‚

2139 1806 2197 1839 qui
2216 1806 2275 1834 Dei

2117 1849 2290 1884 promittit

2118 1893 2294 1923 auxilium.

2135 2100 2277 2134 Legatio
2304 2103 2310 2115 ³

2152 2145 2259 2173 altera

2087 2187 2322 2217 Sennacherib.

2155 2755 2254 2784 Fides
2287 2777 2289 2780 Α

2125 2798 2285 2828 Ezechiae.

2112 3450 2291 3479 Graculum

2080 3493 2177 3522 Isaiae
2203 3496 2318 3522 contra

2114 3536 2281 3570 Assyrios.
