2423 3861
866 840 1268 896 SANCTUM

214 996 496 1087 JESU
573 997 1057 1086 CHRISTI
1130 998 1912 1089 EVANGELIUM

547 1194 1027 1260 SECUNDUM
1085 1196 1588 1261 MATTHAEUM

1004 1375 1233 1398 wt—ff—

804 1542 1337 1597 PRAELUDIUM

285 1672 532 1712 DOMINI
581 1672 833 1712 NOSTRI
879 1671 1039 1712 JESU
1090 1672 1369 1711 CHRISTI
1419 1673 1860 1715 GENEALOGIA

721 1745 1087 1785 SECUNDUM
1138 1746 1416 1786 CARNEM

465 1908 572 1938 IBER
590 1897 886 1951 generationis
910 1898 938 1940 J
943 1912 1018 1940 esu
1046 1897 1229 1954 Christi,
1257 1899 1337 1940 filii
1362 1899 1530 1954 David,
1554 1899 1633 1941 filii
1658 1899 1900 1944 Abraham.

260 1989 315 2007 ...s
345 1990 366 1996 ,.
555 1954 571 1980 Ξ
589 1955 818 1998 Abraham
843 1956 997 2011 genuit
1019 1957 1160 2001 Isaac.
1194 1957 1322 1999 Isaac
1344 1962 1495 1999 autem
1525 1957 1679 2011 genuit
1712 1958 1868 2002 Jacob.
1903 1959 1980 2001 Ja-

260 1999 352 2030 ΨΘ
414 2069 419 2070 7
496 2014 577 2057 cob
602 2019 752 2057 autem
773 2015 928 2070 genuit
950 2016 978 2058 J
983 2015 1117 2058 udam
1143 2020 1186 2059 et
1207 2015 1367 2058 fratres
1390 2015 1500 2071 ejus.
1534 2015 1593 2058 3J
1599 2016 1707 2059 udas
1731 2022 1877 2060 autem
1905 2032 1980 2073 ge-

286 2088 293 2095 ·
327 2086 338 2094 ·
430 2073 437 2079 ¹
496 2073 592 2115 nuit
619 2074 782 2117 Phares
805 2079 847 2117 et
872 2075 1027 2116 Zaram
1052 2075 1105 2118 de
1131 2076 1338 2117 Thamar.
1360 2075 1524 2117 Phares
1551 2080 1700 2118 autem
1723 2076 1877 2131 genuit
1900 2078 1980 2119 Es-

497 2147 590 2178 ron.
626 2134 765 2175 Ecron
791 2138 939 2176 autem
963 2134 1116 2188 genuit
1142 2133 1293 2176 Aram.
1317 2133 1481 2176 “Aram
1503 2138 1654 2176 autem
1676 2135 1831 2190 genuit
1856 2135 1980 2177 Ami—

151 2194 312 2237 nadab.
338 2191 594 2235 Aminadab
619 2196 768 2234 autem
791 2192 945 2247 genuit
971 2193 1186 2235 Naasson.
1209 2193 1409 2236 Naasson
1431 2198 1580 2235 autem
1605 2193 1760 2248 genuit
1786 2194 1978 2237 Salmon.

153 2253 171 2279 5
189 2253 368 2296 Salmon
391 2256 540 2294 autem
562 2250 715 2306 genuit
735 2251 850 2293 Booz
870 2250 924 2294 de
944 2251 1111 2294 Rahab.
1129 2252 1246 2294 Booz
1268 2256 1418 2294 autem
1444 2251 1598 2306 genuit
1624 2251 1748 2295 Obed
1775 2266 1828 2295 ex
1849 2253 1980 2298 Ruth.

155 2311 282 2355 Obed
316 2317 465 2353 autem
503 2309 658 2364 genuit
689 2310 828 2353 Jesse.
868 2311 994 2353 Jesse
1030 2316 1180 2353 autem
1214 2310 1370 2366 genuit
1409 2309 1556 2352 David
1590 2325 1754 2366 regem.
1789 2310 1806 2337 6
1834 2312 1980 2354 David

153 2376 303 2414 autem
322 2385 398 2413 rex
424 2368 580 2425 genuit
605 2368 885 2412 Salomonem
916 2383 970 2412 ex
1003 2384 1053 2412 ea
1080 2384 1176 2425 quae
1202 2369 1291 2412 fuit
1318 2369 1454 2412 Uriae.
1481 2368 1496 2395 ⁷
1513 2369 1719 2412 Salomon
1737 2375 1885 2413 autem
1908 2385 1982 2426 ge-

158 2430 255 2472 nuit
286 2429 499 2471 Roboam.
538 2427 736 2470 Roboam
769 2434 919 2471 autem
956 2428 1112 2484 genuit
1144 2428 1322 2472 Abiam.
1350 2428 1489 2472 Abias
1522 2434 1671 2471 autem
1696 2429 1851 2483 genuit
1876 2431 1979 2472 Asa.

155 2491 172 2516 ὃ
190 2491 281 2531 Asa
307 2493 456 2531 autem
482 2486 637 2542 genuit
661 2487 893 2544 Josaphat.
921 2488 948 2530 J
953 2488 1138 2544 osaphat
1171 2493 1320 2531 autem
1353 2487 1509 2544 genuit
1531 2488 1699 2530 Joram.
1726 2488 1880 2531 Joram
1906 2503 1982 2531 au-

154 2554 245 2591 tem
263 2547 418 2604 genuit
437 2546 605 2590 Oziam.
632 2545 649 2571 9
667 2546 795 2589 Ozias
821 2551 971 2589 autem
993 2546 1147 2602 genuit
1170 2547 1196 2589 J
1202 2547 1395 2590 oatham.
1415 2547 1442 2589 ,J
1447 2546 1626 2589 catham
1651 2552 1801 2590 autem
1827 2548 1983 2602 genuit

155 2607 321 2650 Achaz.
349 2606 500 2649 Achaz
528 2611 676 2648 autem
700 2606 854 2661 genuit
881 2605 1133 2649 Ezechiam.
1158 2605 1193 2632 ¹⁰
1212 2606 1425 2649 Ezechias
1449 2611 1597 2648 autem
1621 2605 1775 2661 genuit
1800 2607 1979 2649 Manas-

153 2681 245 2709 sen.
274 2667 500 2708 Manasses
527 2669 676 2707 autem
703 2665 857 2719 genuit
876 2666 1036 2708 Amon.
1057 2666 1202 2708 Amon
1228 2669 1377 2708 autem
1402 2664 1557 2721 genuit
1578 2665 1605 2706 J
1610 2664 1762 2708 osiam.
1784 2664 1816 2691 ¹¹
1834 2666 1863 2708 J
1867 2665 1981 2708 osias

154 2731 304 2769 autem
342 2724 497 2781 genuit
530 2723 795 2766 Jechoniam
824 2729 867 2767 et
900 2724 1061 2767 fiatres
1095 2723 1191 2779 ejus
1219 2723 1267 2766 in
1299 2723 1688 2778 transmigratione
1723 2723 1981 2780 Babylonis,

159 2784 192 2810 1'2
213 2786 270 2827 Et
295 2789 395 2841 post
420 2782 858 2838 transmigrationem
887 2782 1143 2838 Babylonis,
1167 2784 1196 2827 J
1200 2783 1407 2826 echonias
1429 2782 1583 2839 genuit
1611 2782 1837 2826 Salathiel.
1859 2783 1981 2827 Sala-

156 2843 265 2886 thiel
298 2848 449 2886 autem
483 2841 637 2899 genuit
669 2841 926 2885 Zorobabel.
964 2841 999 2868 ¹3
1020 2842 1263 2885 Zorobabel
1288 2847 1437 2885 autem
1462 2840 1617 2897 genuit
1639 2841 1803 2884 Abiud.
1830 2841 1982 2885 Abiud

155 2908 305 2946 autem
331 2902 485 2959 genuit
514 2901 715 2944 Eliacim.
740 2900 930 2944 Eliacim
955 2906 1106 2944 autem
1125 2901 1279 2957 genuit
1301 2902 1430 2946 Azor.
1460 2900 1493 2927 ¹¹
1514 2902 1629 2943 Azor
1653 2905 1802 2943 autem
1829 2901 1984 2957 genuit

155 2961 312 3005 Sadoc.
344 2962 484 3005 Sadoc
511 2966 661 3003 autem
687 2960 840 3016 genuit
862 2959 1038 3005 Achim.
1071 2960 1234 3003 Achim
1266 2966 1416 3004 autem
1442 2959 1597 3016 genuit
1622 2959 1767 3003 Eliud.
1796 2960 1831 2986 ¹⁵
1850 2960 1983 3003 Eliud

158 3027 307 3064 autem
333 3021 486 3077 genuit
514 3021 710 3063 Eleazar.
732 3019 916 3062 Eleazar
940 3024 1091 3062 autem
1120 3019 1274 3074 genuit
1299 3019 1498 3062 Mathan.
1524 3019 1711 3061 Mathan
1736 3024 1885 3062 autem
1907 3034 1982 3076 ge-

156 3080 253 3122 nuit
279 3080 435 3123 Jacob.
465 3080 500 3106 ¹⁶
519 3080 660 3122 Jacob
689 3085 839 3121 autem
873 3078 1027 3135 genuit
1056 3078 1243 3134 Joseph,
1274 3077 1419 3121 virum
1447 3077 1622 3134 Mariae,
1658 3077 1712 3121 de
1735 3092 1821 3134 qua
1854 3084 1983 3121 natus

155 3144 222 3183 est
244 3140 272 3182 J
277 3154 397 3194 esus,
424 3140 497 3196 qui
521 3143 704 3182 vocatur
729 3138 939 3181 Christus.

218 3198 251 3224 ¹⁷
272 3199 435 3242 Omnes
464 3199 613 3254 itaque
642 3197 949 3254 generationes
979 3197 1034 3240 ab
1069 3197 1298 3241 Abraham
1331 3212 1467 3254 usque
1499 3198 1556 3241 ad
1592 3197 1760 3253 David,
1795 3212 1983 3254 genera-

157 3257 299 3301 tiones
322 3257 680 3314 quatuordecim3
705 3262 748 3301 et
772 3271 798 3299 a
825 3256 971 3298 David
993 3270 1130 3312 usque
1155 3257 1212 3300 ad
1245 3257 1681 3314 transmigrationem
1720 3257 1983 3314 Babylonis,

156 3317 465 3372 generationes
502 3316 868 3373 quatuordecim;
913 3321 956 3358 et
988 3330 1014 3358 a
1050 3316 1440 3372 transmigratione
1476 3315 1718 3372 Babylonis
1756 3330 1892 3372 usque
1927 3317 1984 3360 ad

157 3375 404 3432 Christum,
434 3376 739 3432 generationes
763 3374 1107 3431 quatuordecim.

160 3507 189 3539 1]
212 3507 292 3534 Luc.
312 3507 383 3542 ΙΙΙ,
407 3510 452 3535 31.
474 3522 508 3527 —-
534 3508 563 3541 2]
581 3508 660 3536 Gen.
678 3506 780 3541 XXI,
798 3509 824 3533 3.
844 3505 948 3540 XXV,
965 3507 1010 3534 25.
1036 3505 1174 3541 XXIX,
1190 3508 1235 3534 35.
1260 3520 1297 3524 ——
1320 3506 1350 3539 3]
1368 3505 1446 3534 Gen.
1469 3505 1674 3538 XXXVIII,
1692 3507 1736 3534 29.
1763 3505 1778 3533 I
1801 3505 1869 3534 Par.
1889 3505 1942 3541 11,
1959 3508 1986 3534 4.

162 3550 268 3585 Ruth,
286 3551 343 3585 IV,
361 3554 404 3580 18.
425 3552 440 3579 I
458 3552 530 3580 Par.
552 3552 596 3586 II,
614 3555 640 3579 5.
655 3566 690 3570 -ψ
708 3552 737 3584 4]
756 3551 852 3578 Num.
873 3550 949 3584 VII,
967 3552 1011 3578 12.
1029 3564 1065 3568 —
1081 3550 1110 3583 5]
1130 3550 1237 3585 Ruth,
1255 3551 1312 3584 IV,
1330 3552 1375 3584 21,
1393 3553 1437 3578 22.
1456 3551 1471 3578 Ι
1491 3551 1573 3582 Reg.
1592 3549 1683 3584 XVI,
1702 3553 1726 3578 1.
1743 3565 1780 3569 —-
1796 3551 1825 3584 6]
1850 3551 1883 3578 II
1902 3551 1986 3583 Reg.

158 3594 243 3629 XII,
260 3597 305 3622 24.
322 3609 358 3614 —
374 3596 403 3629 7]
422 3596 476 3623 ΙΙΙ
495 3597 578 3629 Reg.
596 3595 658 3630 XI,
679 3598 723 3623 43.
744 3595 834 3629 XIV,
851 3597 896 3622 31.
915 3594 988 3628 XV,
1005 3597 1031 3622 8.
1049 3608 1086 3614 -
1101 3595 1130 3628 9]
1152 3595 1186 3622 ΙΙ
1201 3595 1274 3622 Par.
1295 3594 1420 3629 XXVI,
1439 3597 1482 3622 23.
1502 3594 1647 3628 XXVII,
1664 3596 1690 3622 9.
1713 3594 1878 3630 XXVIII,
1896 3597 1986 3623 27.—

163 3638 210 3671 10]
230 3639 263 3665 11
283 3638 355 3668 Par.
376 3639 525 3675 XXXII,
541 3642 585 3668 33.
604 3639 775 3673 ΧΧΧΙΙΙ,
792 3640 837 3673 20,
855 3639 898 3666 25.
916 3653 952 3657 -
970 3638 1017 3672 11]
1038 3638 1072 3666 II
1093 3638 1166 3666 Par.
1187 3638 1346 3672 XXXVI,
1364 3641 1390 3673 1,
1410 3641 1435 3665 2.

2095 1901 2238 1930 Titulus.

2046 1966 2284 1995 Generationoe

2106 2009 2232 2039 Christi

2083 2061 2189 2087 usque
2210 2055 2250 2082 ad

2080 2097 2256 2127 Abraham.

2085 3200 2259 3234 Recapitu-

2123 3243 2226 3272 latur.
