2423 3861
108 701 289 732 Alexandri

144 746 258 775 studia

93 791 217 820 similia
230 789 304 818 feli-

79 835 150 864 cius
184 835 317 863 cedunt.

99 1408 303 1437 sollicitatio

149 1453 255 1480 altera

122 1495 284 1524 Demetrii

118 1549 135 1569 a
156 1542 175 1569 J
181 1539 284 1568 udaeis

132 1584 268 1620 rejecta.

387 157 497 198 loo-2
1051 151 1070 190 l
1104 151 1254 191 Micn.
1290 150 1351 199 X,
1388 150 1548 190 11-42.

386 325 418 352 11
439 327 497 369 Et
530 324 643 368 dixit
673 321 942 366 facientibus
977 334 1108 376 opera
1137 324 1186 362 ut
1220 324 1497 363 exstruerent
1530 333 1698 376 muros,
1725 326 1770 363 et
1801 327 1999 365 montem
2032 323 2135 367 Sion
2165 324 2213 366 in

384 384 572 428 circuitu
602 381 823 438 lapidibus
850 379 1077 434 quadratis
1105 378 1162 421 ad
1194 378 1513 433 munitionem3
1539 383 1582 422 et
1605 379 1669 421 ita
1699 379 1919 423 fecerunt.
1943 379 1980 407 '¹2
2001 380 2060 424 Et
2082 382 2225 439 fuge*

383 449 485 487 runt
510 441 773 495 alienigenae
796 438 870 494 qui
899 442 1024 481 erant
1049 438 1095 480 in
1124 437 1448 480 munitionibus
1471 451 1580 494 quas
1607 438 1856 482 Bacchi-des
1885 439 2208 496 {edificaverat3

385 503 421 530 13
439 507 481 545 et
505 499 682 554 reliquit
713 497 1007 553 unusquisque
1040 497 1186 540 locum
1212 511 1363 553 suum,
1389 502 1434 540 et
1464 497 1578 540 abiit
1605 497 1651 539 in
1685 502 1847 541 terram
1877 511 2017 542 suam.
2045 499 2082 526 ²4
2099 501 2217 544 Τω-

383 567 478 604 tum
499 560 544 602 in
571 558 789 601 Bethsura.
814 561 1121 599 remanserunt
1141 556 1279 612 aliqui
1301 570 1355 599 ex
1377 556 1446 598 his
1475 556 1547 611 qui
1573 556 1845 612 reliquerant
1870 557 2016 614 legem
2042 564 2086 602 et
2105 572 2221 616 121·ae-

384 626 509 676 cepta
535 617 640 671 Dei,
666 621 761 659 erat
785 616 903 658 enim
925 615 1022 658 haec
1045 616 1107 658 eis
1127 615 1185 658 ad
1205 616 1445 672 refugium.

443 678 478 703 15
497 677 555 720 Et
580 675 754 718 audivit
782 675 1040 718 Alexander
1070 689 1149 718 rex
1182 675 1398 732 promissa
1423 690 1521 731 quae
1556 676 1759 734 promisit
1794 677 2047 722 Demetrius
2079 679 2222 722 Jona-

383 739 498 791 thze,
527 740 571 778 et
592 739 885 777 narraverunt
910 734 950 778 ei
975 734 1150 791 praelia,
1177 740 1222 778 et
1243 734 1430 778 virtutes
1453 750 1561 791 quas
1582 736 1676 793 ipse
1704 736 1817 778 fecit
1842 741 1887 779 et
1911 736 2073 780 fratres
2099 737 2218 794 ejus,

384 801 427 839 et
458 795 630 838 labores
661 807 768 850 quos
802 793 1130 837 laboraverunt.
1164 794 1198 820 ¹⁶
1225 795 1281 837 Et
1314 795 1379 837 ait
1405 810 1414 837 τ
1447 795 1676 851 Numquid
1709 795 1991 839 inveniemus
2022 795 2223 851 aliquem

382 856 527 897 virum
548 852 718 897 talem?
745 858 789 896 et
821 868 938 896 nunc
968 853 1188 897 faciemus
1222 869 1323 897 eum
1352 854 1546 897 amicum
1581 861 1625 898 et
1658 854 1826 897 socium
1858 860 2072 898 nostrum.
2104 855 2138 881 ¹⁷
2161 856 2221 899 Et

383 913 559 972 scripsit
599 913 853 970 epistolam,
892 918 936 956 et
976 913 1098 956 misit
1139 914 1177 957 ei
1218 913 1464 957 secundnm
1504 914 1602 956 liaeo
1638 914 1794 970 verba,
1834 914 1987 957 dicens
2010 931 2019 958 :
2062 913 2098 942 18
2124 916 2222 958 Rex

383 973 651 1028 Alexan-der,
683 972 814 1015 fratri
840 973 1073 1029 Jonathae,
1095 973 1301 1018 salutem.
1329 973 1365 998 ¹9
1382 973 1652 1016 Audivimus
1674 973 1729 1016 de
1754 980 1798 1016 te
1828 973 1943 1030 quod
1969 973 2038 1016 vir
2061 979 2221 1030 potens

383 1034 443 1077 sis
465 1033 653 1087 viribus,
680 1038 721 1075 et
748 1037 877 1088 aptus
907 1046 953 1075 es
978 1037 1027 1075 ut
1055 1032 1113 1075 sis
1143 1032 1313 1075 amicus
1337 1038 1509 1088 noster3
1542 1031 1579 1059 2⁰
1603 1038 1648 1076 et
1679 1046 1798 1075 nunc
1831 1033 2144 1077 constituimus
2175 1037 2221 1076 te

384 1092 513 1136 hodie
542 1106 764 1134 summum
798 1091 1075 1135 sacerdotem
1106 1092 1253 1148 gentis
1282 1097 1392 1147 tuae,
1427 1097 1471 1135 et
1504 1097 1553 1136 ut
1583 1092 1755 1135 amicus
1783 1092 1953 1136 voceris
1989 1093 2108 1150 regis
2146 1094 2224 1149 (et

386 1152 505 1195 misit
542 1152 581 1195 ei
619 1165 858 1207 purpuram
897 1159 940 1193 et
978 1166 1186 1194 coronam
1226 1152 1465 1208 auream),
1505 1157 1549 1195 et
1584 1166 1684 1208 quae
1721 1157 1872 1195 nostra
1912 1157 2014 1195 sunt
2041 1151 2237 1196 ⁴sentias-

384 1211 636 1265 nobiscum,
664 1219 707 1253 et
733 1225 965 1254 conserves
997 1211 1219 1254 amicitias
1250 1211 1307 1254 ad
1340 1226 1432 1254 nos.
1461 1211 1493 1237 ²²
1523 1213 1582 1254 Et
1604 1211 1754 1254 induit
1784 1225 1830 1255 se
1860 1212 2082 1255 jonathas
2108 1211 2222 1255 stola

385 1276 537 1314 sancta
562 1270 751 1326 septimo
773 1284 944 1326 mense,
966 1285 1083 1314 anno
1105 1272 1348 1314 centesimo
1371 1271 1670 1327 sexagesimo,
1696 1271 1743 1313 in
1766 1271 1838 1314 die
1859 1270 2048 1327 solemni
2069 1284 2221 1314 sceno-

384 1330 552 1386 pegiae;
580 1334 624 1373 et
648 1329 940 1386 congregavit
961 1330 1226 1386 exereitum,
1254 1336 1297 1373 et
1318 1330 1431 1373 fecit
1455 1345 1580 1374 arma
1601 1330 1791 1387 copiosa.

443 1388 481 1415 Ὦ
506 1390 563 1432 Et
591 1389 765 1432 audivit
793 1390 1045 1433 Demetrius
1075 1390 1211 1433 verba
1235 1390 1341 1446 ista,
1369 1395 1414 1433 et
1439 1390 1726 1433 contristatus
1761 1395 1827 1434 est
1856 1390 2010 1447 nimis,
2047 1396 2091 1434 et
2121 1390 2189 1433 ait
2211 1406 2234 1434 :·

385 1450 422 1475 '23
447 1448 564 1500 Quid
593 1447 673 1492 boc
708 1449 921 1505 fecimus,
961 1450 1076 1505 quod
1112 1449 1444 1506 praeoccupavit
1485 1464 1564 1493 nos
1597 1449 1856 1492 Alexander
1889 1450 2236 1506 apprehendene⁴

385 1508 631 1551 amicitiam
668 1507 928 1551 J'udaeorum
964 1509 1019 1551 ad
1055 1509 1284 1552 munimen
1317 1509 1422 1552 sui‘?
1459 1508 1495 1535 Ἠ
1524 1509 1727 1553 Scribam
1760 1514 1805 1552 et
1841 1522 1923 1564 ego
1959 1508 2050 1551 illis
2086 1509 2225 1553 verba

387 1568 709 1653 deprecatoria,
736 1573 781 1610 et.
807 1568 1069 1621 dignitates,
1094 1574 1137 1610 et
1159 1569 1294 1623 dona,
1322 1574 1370 1611 ut
1391 1569 1482 1611 sint-
1503 1583 1677 1612 mecum
1703 1568 1749 1611 in
1773 1568 2062 1624 adjutorium.

465 1627 482 1654 ὃ
500 1628 557 1670 Et
583 1626 758 1682 scripsit
781 1627 842 1669 eis
864 1627 910 1668 in
931 1627 1028 1669 haze
1058 1628 1187 1670 verba
1210 1645 1218 1671 z
1245 1629 1339 1670 Rex
1363 1628 1636 1684 Demetrius,
1659 1628 1787 1683 genti
1814 1628 2089 1684 Judaeorum,
2108 1628 2231 1671 salu-

386 1694 490 1730 tem.
517 1685 554 1712 2ss
572 1686 788 1736 Quoniam
810 1686 1018 1728 servastis
1040 1687 1096 1729 ad
1122 1702 1200 1729 nos
1222 1692 1424 1743 pactum,
1451 1692 1496 1730 et
1517 1687 1744 1730 mansistis
1764 1687 1811 1729 in
1832 1687 2035 1730 amicitia
2056 1692 2236 1743 nostra,.

387 1751 432 1789 et
456 1760 542 1789 non
567 1745 817 1788 accessistis
846 1745 902 1787 ad
927 1745 1133 1788 inimicos
1157 1751 1349 1802 nostros,
1373 1746 1656 1803 audivimus,
1671 1753 1714 1790 et
1743 1746 1889 1802 gavisi
1914 1760 2079 1790 sumus.
2106 1745 2141 1773 2⁷
2166 1747 2224 1790 Et.

387 1820 505 1848 nunc
534 1809 810 1862 perseverate
840 1805 985 1848 adhuc
1018 1819 1276 1848 conservare
1310 1805 1366 1848 ad
1401 1820 1479 1848 nos
1512 1806 1667 1861 iidem,
1702 1811 1745 1849 et
1774 1806 2070 1850 retribuemus
2095 1806 2230 1849 vobi-s

386 1865 501 1908 bona
525 1878 601 1921 pro
623 1863 692 1906 bis
722 1878 819 1920 quae
852 1864 1025 1907 fecistis
1054 1865 1310 1920 nobiscum3
1334 1864 1371 1890 ⁴2⁸
1389 1871 1432 1907 et
1462 1865 1738 1908 remittemus
1765 1864 1890 1908 vobis
1912 1864 2222 1921 praestationes

387 1923 572 1977 multas,
597 1929 639 1966 et
661 1923 865 1966 dabimus
891 1924 1017 1966 vobis
1043 1924 1317 1967 donationes.

445 1982 482 2009 ⁶29
508 1985 565 2026 Et
597 1997 713 2025 nunc
747 1982 930 2025 absolvo
960 1998 1036 2026 vos
1070 1988 1113 2027 et
1150 1998 1301 2027 omnes
1333 1985 1513 2027 7111111005-
1551 2000 1575 2026 a
1616 1984 1821 2039 tributi&
1858 1991 1900 2027 et
1939 1985 2082 2041 pretia
2117 1984 2232 2027 salis-

386 2043 617 2098 indulgeo,
646 2047 689 2085 et
719 2056 900 2085 coronas
933 2043 1130 2098 remitto,
1159 2048 1201 2086 et
1234 2045 1387 2086 tertias
1421 2044 1627 2098 seminis3
1655 2043 1754 2086 ³⁰et
1784 2043 2018 2087 dimidiam
2051 2048 2224 2102 partem

386 2102 558 2145 fruetus
581 2102 713 2157 ligni,
743 2102 857 2157 quod
880 2108 947 2145 est
969 2102 1181 2159 portionis
1208 2117 1340 2159 meae,
1365 2103 1566 2159 relinquo
1588 2103 1714 2146 vobis
1745 2117 1799 2146 ex
1824 2103 2036 2147 hodierno
2059 2103 2157 2159 die,
2180 2108 2224 2146 et

387 2161 614 2217 deinceps,
642 2174 696 2203 ne
722 2161 969 2218 accipiatur
993 2177 1019 2204 a
1049 2167 1165 2205 terra
1187 2164 1216 2206 J
1221 2163 1327 2219 uda,
1356 2168 1400 2206 et
1428 2177 1455 2205 a
1479 2163 1622 2205 tribus
1645 2162 1907 2206 civitatibus
1933 2177 2030 2219 quae
2054 2162 2224 2206 additae

387 2226 488 2264 sunt
508 2220 575 2263 illi
597 2235 652 2264 ex
677 2220 879 2264 Samaria
901 2227 945 2264 et
972 2222 1176 2278 Galilaea,
1196 2237 1252 2265 ex
1277 2222 1491 2266 hodierna
1514 2222 1587 2265 die
1609 2228 1654 2266 et
1673 2222 1721 2265 in
1743 2227 1887 2265 totum
1908 2227 2109 2279 tempus3
2130 2221 2224 2266 3¹01:

388 2280 634 2324 Jerusalem
655 2280 714 2322 sit
731 2286 885 2323 sancta
909 2286 953 2324 et
974 2280 1114 2324 libera
1133 2296 1234 2324 cum
1256 2282 1419 2325 finibus
1441 2282 1546 2336 suis,
1562 2287 1610 2325 >et
1632 2281 1818 2325 decimae
1837 2286 1882 2325 et
1898 2281 2068 2324 tributa
2085 2281 2224 2338 ipsius

386 2340 487 2383 sint.
511 2339 547 2366 32
566 2339 760 2383 Remitto
787 2340 922 2383 etiam
944 2346 1213 2397 potestatem
1238 2342 1352 2384 arcis
1378 2357 1478 2398 quae
1501 2346 1571 2385 est
1594 2341 1642 2384 in
1664 2341 1937 2397 Jerusalem,
1965 2346 2009 2384 et
2038 2341 2095 2384 do
2124 2355 2224 2384 eam

387 2414 559 2443 summo
595 2399 836 2455 sacerdoti,
871 2406 920 2443 ut
958 2400 1202 2444 constituat
1237 2401 1285 2444 in
1322 2416 1374 2445 ea
1410 2401 1528 2444 viros
1566 2415 1865 2458 quoscumque
1901 2401 2112 2457 elegerit,
2147 2400 2223 2457 qui

389 2459 641 2503 custodiant
673 2473 787 2502 eam.
817 2459 854 2486 33
884 2461 942 2502 Et
979 2474 1155 2504 omnem
1191 2461 1392 2504 animam
1425 2461 1709 2517 Judaeorum,
1749 2475 1847 2516 qnae
1882 2460 2062 2517 captiva
2099 2464 2168 2503 est
2197 2473 2226 2502 a

388 2524 501 2562 terra
527 2519 551 2562 J
560 2519 648 2562 uda
668 2519 716 2561 in
746 2519 867 2562 omni
894 2533 1032 2576 regno
1060 2534 1180 2576 meo,
1209 2521 1410 2577 relinquo
1436 2521 1624 2564 liberam
1653 2519 1814 2576 gratis,
1841 2524 1890 2563 ut
1919 2533 2071 2563 omnes
2094 2533 2124 2562 a
2147 2518 2225 2562 tri-

387 2579 506 2621 butis
535 2579 784 2635 solvantur,
821 2579 958 2622 etiam
987 2594 1197 2636 pecorum
1229 2595 1422 2624 suorum.
1450 2579 1487 2607 34
1513 2581 1571 2623 Et
1603 2594 1755 2623 omnes
1785 2579 1880 2622 dies
1907 2579 2149 2635 solemnes,
2179 2583 2225 2622 et

387 2639 594 2693 sabbata,
619 2644 661 2681 et
690 2638 957 2694 neomeniae,
984 2644 1026 2682 et
1052 2639 1146 2682 dies
1173 2640 1358 2695 decreti,
1387 2646 1429 2683 et
1455 2645 1542 2683 tres
1566 2639 1659 2682 dies
1684 2644 1788 2682 ante
1815 2638 1932 2682 diem
1957 2638 2238 2694 solemnem,

388 2703 432 2740 et
457 2703 543 2740 tres
578 2697 670 2740 dies
695 2703 795 2754 post
821 2697 939 2741 diem
963 2699 1235 2755 solemnem,
1262 2700 1353 2742 sint
1377 2713 1528 2743 omnes
1553 2698 1852 2742 immunitatis
1882 2703 1926 2742 et
1950 2697 2231 2741 remissionis-

389 2757 592 2799 omnibus
622 2757 795 2800 Judaeis
826 2757 898 2813 qui
924 2763 1029 2800 sunt
1053 2759 1099 2801 in
1127 2773 1265 2815 regno
1296 2773 1416 2813 meo3
1446 2759 1482 2785 35
1509 2763 1552 2802 et
1582 2773 1709 2802 nemo
1744 2757 1929 2801 habebit
1957 2761 2223 2814 potestatem

387 2831 518 2873 agere
554 2816 748 2872 aliquid,
786 2822 829 2859 et
866 2831 1043 2861 movere
1078 2819 1259 2874 negotia
1297 2818 1508 2861 adversus
1549 2818 1744 2873 aliquem
1765 2816 1983 2879 ¹illorum,
2019 2815 2067 2859 in
2103 2815 2222 2859 omni

388 2889 532 2919 causa.

447 2934 484 2962 ³⁶
510 2936 566 2978 Et
599 2937 878 2980 ascribantur
903 2951 958 2980 ex
985 2938 1158 2981 Judaeis
1190 2939 1237 2981 in
1271 2938 1469 2982 exercitu
1500 2938 1618 2993 regis
1646 2937 1704 2981 ad
1734 2937 1919 2992 triginta
1945 2933 2088 2977 millia
2109 2934 2225 2979 viro-

390 3008 506 3050 rum,
534 3000 577 3037 et
603 2994 827 3038 dabuntur
854 2996 944 3039 illis
969 2997 1109 3054 copiae
1131 3002 1180 3041 ut
1205 3002 1378 3054 oportet
1404 2996 1608 3040 omnibus
1639 2995 1909 3040 exercitibus
1937 2993 2075 3049 mgis,
2100 2998 2146 3037 et
2169 3008 2225 3039 ex

390 3053 451 3096 eis
473 3053 795 3098 ordinabuntur
816 3055 889 3111 qui
912 3055 1001 3098 sint
1022 3057 1066 3099 in
1089 3056 1412 3100 munitionibus
1437 3056 1554 3112 regis
1580 3055 1757 3112 magui3
1777 3053 1812 3080 3⁷
1828 3058 1872 3097 et
1894 3068 1948 3097 ex
1970 3053 2039 3095 his
2061 3053 2224 3096 consti-

389 3116 570 3155 tuentur
591 3126 721 3169 super
744 3115 923 3170 negotia
949 3116 1074 3172 regni
1100 3130 1199 3173 quae
1221 3121 1416 3172 aguntur
1437 3130 1493 3159 ex
1513 3115 1613 3171 fide,
1636 3119 1681 3158 et
1703 3112 1925 3171 principes
1951 3112 2042 3155 sint
2066 3125 2122 3156 ex
2143 3111 2222 3168 eis,

390 3177 435 3215 et
457 3171 689 3215 ambulent
718 3173 766 3215 in
798 3173 972 3229 legibus
997 3175 1107 3232 suis,
1133 3176 1249 3219 sieut
1270 3175 1485 3233 praecepit
1509 3189 1585 3218 rex
1609 3174 1656 3216 in
1681 3177 1798 3216 terra
1826 3172 1960 3215 duda.
1991 3171 2028 3199 ³⁸
2050 3171 2109 3214 Et
2134 3176 2223 3215 tres

392 3230 596 3274 civitates
621 3245 718 3286 quae
744 3232 911 3274 additae
933 3239 1037 3277 sunt
1058 3235 1230 3279 Judaeae
1254 3249 1308 3278 ex
1327 3235 1509 3291 regione
1531 3232 1755 3286 Samariae,
1781 3245 1887 3275 cnm
1912 3230 2076 3274 Judoea
2096 3245 2222 3287 repu-

391 3295 552 3345 tentur,
580 3295 629 3333 ut
650 3290 739 3333 sint
764 3292 845 3333 sub
875 3306 982 3348 uno,
1007 3300 1050 3336 et
1080 3309 1166 3337 non
1196 3295 1409 3338 obediant
1436 3293 1515 3337 alii
1537 3291 1749 3360 potestati
1778 3290 1863 3333 nisi
1891 3289 2055 3333 summi
2081 3304 2222 3334 saeer-

394 3349 506 3391 dotis
522 3366 531 3404 3
547 3349 585 3376 39
603 3349 881 3393 Ptolemaida
909 3357 950 3394 et
974 3353 1167 3397 confines
1186 3354 1303 3409 ejus,
1324 3367 1432 3409 quas
1455 3351 1557 3395 dedl
1578 3351 1744 3394 donum
1760 3349 1934 3393 *sanctis
1956 3349 2031 3405 qui
2052 3354 2158 3392 sunt
2173 3349 2222 3392 im

394 3408 653 3465 Jerusalem,
677 3409 732 3452 ad
756 3410 1026 3453 necessarios
1049 3418 1251 3469 sumptus
1276 3418 1543 3456 sanctorum.
1562 3409 1600 3437 ‘¹¹⁰
1619 3411 1677 3453 Et
1697 3423 1780 3465 ego
1803 3409 1859 3452 do
1881 3408 2069 3465 singulis
2093 3406 2222 3468 annis

396 3467 647 3520 quindecim
675 3468 816 3511 millia
845 3469 1054 3513 siclorum
1086 3472 1259 3526 argenti
1293 3472 1348 3515 de
1374 3469 1622 3514 rationi-bus
1654 3469 1792 3525 regis,
1816 3482 1921 3524 *quae
1949 3482 2018 3512 me
2051 3467 2223 3512 contin-

396 3530 529 3579 gunt3
556 3526 590 3552 11
610 3533 653 3570 et
683 3542 811 3571 omne
837 3528 952 3584 quod
977 3529 1196 3585 reliquum
1225 3531 1383 3586 suerit,
1411 3529 1526 3586 quod
1550 3542 1641 3571 non
1670 3527 1956 3571 reddiderant
1989 3527 2064 3583 qui
2091 3539 2224 3583 snper

396 3585 571 3637 negotia
596 3592 719 3629 erant
743 3587 871 3630 annis
892 3587 1130 3644 prioribus,
1155 3603 1209 3632 cx
1234 3590 1316 3633 hoc
1340 3589 1511 3633 dabunt
1531 3588 1581 3631 in
1607 3601 1739 3643 opera
1761 3587 1931 3631 domus.
1958 3586 1997 3614 42
2016 3587 2074 3630 Et
2093 3598 2233 3642 supm‘

396 3639 491 3682 haec
529 3643 718 3698 quinquo
755 3646 894 3687 millia
933 3646 1138 3689 siclorum
1185 3649 1383 3702 urgenti,
1419 3662 1518 3703 quae
1554 3645 1837 3702 accipiebant
1877 3646 1931 3690 de
1967 3650 2235 3690 sanctornm-
