2423 3861
1809 175 1918 218 1225

706 177 815 220 Αοτ.
850 176 936 232 rx,
971 176 1022 219 31
1059 202 1116 209 -
1148 177 1209 225 x,
1245 177 1313 219 20.

165 398 187 450 ξ
211 396 298 438 ΙΙΙ.
322 422 380 427 -
409 395 636 440 Conversio
662 397 922 438 centurionis
948 394 1150 440 Cornelii.
1180 395 1340 437 Prima
1366 395 1568 438 Ecclesia
1598 393 1851 438 Gentilium.

158 524 190 550 3¹
213 524 414 567 Ecclesia
445 523 623 579 quidem
655 538 731 579 per
763 529 902 566 totam
931 523 1159 578 Judaeam,
1196 528 1238 565 ct
1273 523 1530 577 Galilmam,
1572 528 1616 566 et
1653 522 1917 577 Samariam,

100 583 292 625 habebat
313 597 467 639 pacem
488 600 496 636 ;
524 588 567 625 et
593 582 907 635 aedificabatur,
931 581 1164 624 ambulans
1186 581 1230 622 in
1255 582 1411 625 timore
1438 581 1629 635 Domini,
1657 588 1700 624 et
1722 580 1918 624 consola-

99 642 216 684 tione
248 641 390 684 sancti
424 641 609 697 Spiritus
642 641 904 697 replebatur.
939 638 975 666 3'2
1002 640 1190 682 Factum
1228 647 1292 682 cst
1328 647 1476 683 autem
1515 647 1562 682 ut
1600 641 1775 695 Petrus,
1814 639 1919 682 dum

100 700 382 755 pertransiret
423 700 670 755 universos,
719 699 948 743 deveniret
990 698 1045 741 ad
1087 704 1264 741 sanctos
1305 700 1377 753 qui
1424 699 1689 741 habitabant
1735 699 1917 755 Lyddae.

99 760 134 783 ²³³³
154 758 332 801 Invenit
353 764 501 802 autem
529 759 587 801 ibi
616 758 839 801 hominem
863 757 1120 813 quemdam,
1148 758 1325 800 nominc
1351 759 1563 811 AEneam,
1586 759 1642 800 ab
1668 758 1795 800 annis
1821 764 1919 801 octo

97 819 320 873 ¹iacentem
353 817 397 859 in
429 817 635 873 grabato,
665 817 738 873 qui
772 822 867 860 erat
896 816 1180 873 paralyticus.
1207 815 1243 842 3⁴
1264 817 1319 858 Et
1348 817 1410 858 ait
1435 816 1500 858 illi
1528 818 1683 859 Petrus
1713 834 1721 860 :
1751 817 1916 871 AEnea,

96 882 225 919 sanat
260 882 304 919 te
340 876 554 919 Dominus
590 878 720 919 <lesus
754 875 982 929 Christus;
1021 890 1171 931 surge,
1210 880 1252 918 et
1293 880 1438 918 sterne
1480 875 1574 918 tibi.
1616 877 1671 918 Et
1710 876 1918 919 continuo

96 935 296 979 surrexit.
332 935 369 961 35
394 935 449 977 Et
478 935 683 978 viderunt
716 949 814 978 eum
845 949 996 977 omnes
1030 935 1102 989 qui
1129 934 1394 977 habitabant
1432 934 1601 990 Lyddae
1631 940 1674 977 et
1709 935 1915 990 Saronae3

97 995 167 1050 qui
195 994 392 1037 convelsi
415 999 517 1036 sunt
539 994 604 1037 ad·
620 994 873 1037 Dominum.

156 1054 192 1079 ³⁶
210 1054 263 1095 In
287 1054 431 1110 Joppe
455 1058 604 1096 autem
629 1053 717 1095 fuit
747 1053 951 1108 quaedam
979 1053 1209 1110 discipula,
1233 1052 1411 1096 nomine
1433 1052 1637 1102 Tabitha,
1666 1067 1763 1107 quie
1787 1053 1919 1096 inter-

97 1117 268 1169 pretata
301 1113 463 1155 dicitur
495 1114 672 1158 Dorcas.
697 1113 809 1155 Haec
847 1117 941 1155 crat
966 1113 1097 1168 plena
1131 1111 1334 1169 operibus
1364 1111 1512 1166 bonis,
1551 1117 1593 1154 et
1627 1111 1918 1167 eleemosynis

96 1186 202 1227 quas
223 1171 434 1214 faciebat..
462 1171 496 1197 3⁷
517 1172 705 1214 Factum
729 1176 794 1214 est
818 1177 968 1214 autem
988 1171 1032 1213 in
1052 1171 1207 1215 diebus
1228 1170 1317 1213 illis
1334 1176 1383 1213 ut
1403 1171 1626 1212 infirmata
1653 1177 1916 1225 moreretur3

97 1245 225 1286 quam
259 1245 356 1273 cum
391 1231 624 1286 lavissent,
654 1236 894 1287 posuerunt
923 1245 1021 1273 eam
1050 1231 1095 1272 in
1126 1230 1366 1273 coenaculo.
1401 1230 1438 1256 38
1463 1230 1574 1272 Cum
1604 1235 1752 1272 autem
1785 1243 1919 1286 prope

96 1296 209 1333 esset
247 1290 403 1346 Lydda
439 1290 496 1333 ad
534 1291 729 1347 Joppen,
770 1289 975 1346 discipuli
1010 1289 1241 1333 audientes
1275 1289 1378 1345 quia
1416 1289 1571 1332 Petrus
1611 1298 1724 1332 esset
1764 1288 1809 1330 in
1847 1303 1917 1343 ea,

97 1350 310 1392 miserunt
339 1349 446 1392 duos
478 1349 593 1391 viros
626 1349 682 1392 ad
713 1363 833 1404 eum,
868 1354 1074 1405 rogantes
1112 1365 1120 1392 :
1154 1350 1221 1392 Ne
1255 1348 1478 1405 pigriteris
1510 1348 1660 1390 venire
1696 1362 1831 1403 usque
1863 1348 1919 1390 ad

95 1423 185 1452 nas.
229 1407 266 1435 39
296 1409 528 1464 Exurgens
567 1414 716 1451 autem
751 1409 926 1462 Petrus,
965 1409 1088 1450 venit
1130 1423 1229 1451 cum
1269 1407 1370 1450 illis.
1410 1408 1467 1449 Et
1504 1421 1604 1450 cum
1644 1407 1918 1463 advenisset,

96 1467 316 1511 duxerunt
352 1467 476 1509 illum
510 1467 554 1509 in
589 1467 896 1519 coenaculum;
933 1473 976 1510 et
1005 1467 1391 1510 circumsteterunt
1422 1466 1550 1508 illum
1587 1480 1738 1509 omnes
1772 1466 1919 1509 viduae

96 1526 272 1581 fientes,
312 1532 354 1569 et
391 1526 673 1569 ostendentes
710 1525 749 1569 ei
782 1526 955 1568 tunicas
989 1531 1032 1568 et
1064 1532 1208 1569 vestes
1242 1540 1349 1581 quas
1382 1525 1582 1568 faciebat
1616 1525 1706 1566 illis
1738 1526 1918 1569 Dorcas.

98 1585 130 1611 ⁴⁰
150 1585 318 1641 Ejectis
340 1590 489 1627 autem
513 1585 717 1627 omnibus
736 1585 868 1639 foras,
891 1585 1045 1627 Petrus
1064 1599 1230 1641 ponens
1249 1599 1414 1640 genua,
1439 1584 1598 1636 oravit;
1624 1590 1666 1626 et
1685 1598 1920 1627 conversus

93 1645 149 1686 ad
184 1658 361 1700 corpus,
397 1644 511 1686 dixit
544 1660 552 1687 :
583 1643 795 1697 Tabitha,
829 1657 971 1699 surge.
1007 1645 1068 1686 At
1098 1644 1177 1686 illa
1211 1644 1384 1700 aperuit
1417 1643 1565 1686 oculos
1597 1657 1724 1696 suos3
1754 1648 1797 1686 et
1826 1644 1920 1686 viso

96 1704 245 1758 Petro,
277 1702 452 1747 resedit.
480 1702 513 1728 4¹
536 1703 659 1745 Dans
684 1707 832 1744 autem
863 1701 929 1744 illi
956 1717 1158 1757 manum,
1195 1703 1335 1745 erexit
1369 1716 1495 1756 eam3
1523 1707 1568 1744 et
1593 1715 1692 1744 cum
1719 1708 1921 1745 vocasset

94 1768 269 1805 sanctos
296 1767 339 1804 et
360 1761 531 1817 viduas,
554 1761 803 1818 assignavit
825 1775 923 1804 eam
947 1762 1110 1805 vivam.
1135 1761 1172 1787 4⁶2
1191 1763 1358 1805 Notum
1383 1766 1533 1803 autem
1559 1761 1733 1803 factum
1756 1767 1820 1803 est
1846 1776 1922 1817 per

93 1821 346 1864 universam
365 1822 562 1878 -Joppen,
586 1826 630 1864 et
652 1820 934 1863 crediderunt
959 1821 1089 1864 multi
1114 1821 1159 1863 in
1184 1821 1388 1864 Domino.
1415 1820 1453 1846 ⁴3
1470 1820 1661 1862 Factum
1679 1826 1745 1862 est
1770 1825 1921 1862 autem

94 1886 142 1923 ut
182 1880 276 1923 dies
314 1880 476 1922 multos
517 1885 762 1923 moraretur
797 1879 843 1921 in
881 1881 1048 1937 Joppe,
1086 1879 1205 1937 apud
1243 1880 1467 1923 Simonem
1509 1878 1747 1934 quemdam
1783 1879 1920 1922 'coria-

94 1939 220 1983 rium.

153 1999 259 2045 CAP.
291 2001 346 2044 X.
380 2026 440 2031 -
468 1998 481 2024 1
502 1999 581 2042 Vir
609 2004 759 2043 autem
789 1999 970 2056 quidam
999 2004 1094 2043 erat
1124 1999 1170 2041 in
1205 1999 1426 2055 Caesarea,
1460 1998 1638 2041 nomine
1671 1998 1918 2054 Cornelius,

95 2059 291 2102 centurio
318 2058 509 2101 cohortis
539 2073 638 2114 quae
669 2059 831 2102 dieitur
860 2059 1042 2113 Italica,
1066 2057 1083 2084 ‘2
1100 2058 1353 2114 religiosus,
1381 2073 1432 2101 ac
1454 2058 1616 2100 timens
1648 2059 1791 2100 Deum
1821 2072 1922 2100 cum

96 2118 215 2160 omni
242 2118 371 2160 domo
397 2132 494 2171 sua,
526 2118 700 2161 faciens
725 2119 1029 2174 eleemosynas
1058 2118 1221 2160 multas
1251 2117 1391 2174 plebi,
1427 2122 1471 2159 et
1504 2117 1744 2173 deprecans
1777 2118 1921 2159 Deum

94 2191 278 2234 semper.
306 2176 324 2203 3
341 2178 386 2220 Is
408 2177 520 2219 vidit
549 2177 595 2219 in
621 2178 717 2219 visu
742 2177 1000 2231 manifeste,
1028 2177 1153 2232 quasi
1182 2177 1290 2219 hora
1321 2177 1407 2219 diei
1433 2190 1570 2231 nona,
1597 2175 1804 2231 angelum
1837 2176 1920 2219 Dei

93 2236 388 2280 introeuntem
423 2236 479 2279 ad
512 2250 577 2291 se,
613 2242 656 2279 et
690 2236 909 2279 dicentem
947 2236 1031 2279 sibi
1069 2253 1077 2279 :
1116 2236 1304 2280 Corneli.
1340 2235 1357 2261 ·'¹
1382 2236 1444 2277 At
1476 2235 1551 2277 ille
1587 2234 1764 2277 intuens
1797 2249 1919 2291 eum,

93 2295 250 2339 timore
273 2301 519 2352 correptus,
544 2295 659 2338 dixit
689 2313 696 2339 :
724 2296 837 2346 Quid
860 2301 945 2352 est,
975 2295 1201 2338 Domine-⁶?
1230 2295 1358 2338 Dixit
1382 2299 1531 2337 autem
1556 2293 1623 2335 illi
1653 2310 1662 2337 ε
1690 2293 1920 2337 Orationes

94 2360 182 2397 tuae
219 2360 264 2398 et
296 2355 589 2411 eleemosynae
622 2360 710 2398 tuae
747 2355 1042 2398 ascenderunt
1080 2354 1126 2397 in
1165 2355 1424 2397 memoriam
1460 2353 1506 2395 in
1544 2359 1782 2409 conspectu
1821 2353 1919 2396 Dei.

94 2413 110 2440 5
137 2415 195 2456 Et
230 2428 347 2456 nunc
380 2413 508 2457 mitte
542 2414 657 2457 viros
694 2415 740 2457 in
777 2415 973 2471 Joppen,
1008 2419 1052 2457 et
1087 2414 1253 2457 accersi
1289 2413 1515 2457 Simonem
1553 2412 1812 2467 quemdam,
1847 2412 1920 2468 qui

95 2474 434 2529 cognominatur
462 2474 631 2517 Petrus.
659 2474 676 2500 ss
704 2474 791 2516 Hic
825 2474 1074 2532 hospitatur
1102 2473 1219 2529 apud
1255 2473 1477 2516 Simonem
1511 2471 1749 2526 quemdam
1782 2471 1919 2514 coria-

93 2533 220 2587 rium,
248 2532 374 2588 cujus
400 2538 465 2576 est
487 2533 642 2576 domus
668 2533 797 2590 juxta
820 2547 939 2576 mare
959 2550 967 2586 ς
994 2532 1066 2576 hic
1093 2533 1211 2575 dicet
1236 2532 1317 2574 tibi
1341 2531 1443 2587 quid
1466 2536 1510 2574 te
1535 2536 1735 2586 oporteat
1756 2530 1920 2575 facere.

97 2589 111 2617 7
131 2592 187 2634 Et
213 2606 313 2634 cum
341 2592 614 2635 discessisset
638 2593 825 2648 angelus
855 2592 928 2648 qui
954 2592 1216 2648 loquebatur
1244 2591 1331 2646 illi,
1360 2590 1537 2632 vocavit
1571 2589 1679 2632 duos
1711 2589 1918 2634 domesti-

97 2664 167 2693 cos
204 2665 326 2706 suos,
367 2656 411 2694 et
447 2651 636 2694 militem
674 2657 944 2695 metuentem
980 2651 1241 2707 Dominum,
1277 2665 1331 2693 ex
1360 2650 1428 2692 his
1463 2649 1536 2704 qui
1569 2648 1636 2691 illi
1674 2649 1918 2705 parebant;

99 2710 115 2735 ὅ
131 2709 289 2765 quibus
311 2725 410 2753 cum
433 2716 655 2754 narrasset
681 2711 849 2766 omnia,
876 2711 999 2753 misit
1018 2711 1118 2753 illos
1141 2710 1187 2753 in
1209 2711 1235 2753 J
1242 2724 1399 2766 oppen.

153 2769 170 2794 9
187 2769 369 2812 Postera
394 2775 544 2812 autem
567 2770 650 2825 die,
670 2770 753 2813 iter
776 2770 866 2813 illis
888 2770 1173 2825 facientibus,
1194 2775 1237 2812 et.
1254 2767 1713 2825 appropinquantibus
1733 2767 1918 2824 civitati,

94 2828 295 2871 ascendit
330 2829 483 2871 Petrus
517 2828 561 2870 in
591 2830 835 2886 superiora,
869 2835 918 2871 ut
951 2835 1094 2872 oraret
1127 2829 1243 2871 circa
1272 2829 1428 2871 horam
1458 2833 1643 2870 sextam.
1674 2826 1708 2853 10
1734 2828 1790 2869 Et
1820 2841 1921 2870 cum

95 2887 290 2943 esuriret,
318 2887 461 2931 voluit
483 2893 675 2944 gustare.
695 2888 962 2931 Parantibus
987 2894 1137 2930 autem
1162 2887 1266 2940 illis,
1295 2886 1457 2930 cecidit
1482 2900 1612 2943 super
1637 2900 1736 2929 eum
1759 2887 1920 2929 mentis

95 2961 326 3003 excessus3
366 2947 396 2973 11
416 2952 459 2990 et
485 2947 598 2989 vidit
631 2947 791 2990 caelum
816 2953 1039 3004 apertum,
1071 2952 1114 2990 et
1144 2946 1416 2990 descendens
1445 2960 1524 2989 vas
1551 2945 1773 3001 quoddam
1799 2946 1922 2989 velut

95 3006 281 3049 linteum
310 3021 544 3062 magnum,
571 3012 759 3062 quatuor
783 3005 922 3049 initiis
947 3006 1164 3049 summitti
1199 3006 1252 3049 de
1281 3005 1391 3049 caelo
1420 3006 1467 3048 in
1496 3010 1679 3057 terram,
1713 3003 1748 3030 ¹⁸2
1766 3004 1812 3046 in
1838 3020 1921 3061 quo

94 3070 220 3108 erant
244 3066 394 3109 omnia
416 3065 729 3122 quadrupedia,
757 3070 800 3108 et
821 3066 1041 3122 serpentia
1067 3074 1208 3121 terrae,
1235 3071 1279 3108 et
1299 3064 1501 3108 volatilia
1528 3064 1640 3106 caeli.
1668 3063 1701 3090 ¹3
1720 3065 1776 3106 Et
1797 3065 1922 3107 facta

95 3131 161 3168 est
205 3139 292 3168 vox
338 3125 395 3168 ad
444 3139 544 3168 eum
581 3142 589 3168 :
625 3126 782 3181 Surge,
828 3125 984 3179 Petre3
1031 3124 1181 3168 occide
1219 3130 1262 3167 et
1310 3124 1544 3167 manduca.
1591 3123 1623 3149 ¹⁴
1652 3122 1731 3165 Ait
1771 3130 1921 3166 autem

96 3184 250 3227 Petrus
283 3201 292 3228 ε
323 3184 474 3240 Absit,
506 3185 716 3240 Domine,
748 3183 850 3239 quia
883 3198 1109 3240 nunqnam
1143 3183 1410 3227 manducavi
1444 3197 1573 3226 omne
1607 3196 1840 3225 commune
1878 3189 1921 3225 et

95 3243 387 3286 immundum.
414 3243 449 3270 ¹5
468 3245 524 3286 Et
546 3259 633 3287 vox
655 3244 814 3286 iterum
836 3243 1028 3286 secundo
1050 3243 1107 3286 ad
1129 3258 1230 3287 eum
1258 3260 1267 3286 :
1290 3242 1415 3293 Quod
1439 3243 1558 3285 Deus
1582 3241 1846 3299 purificavit,
1873 3246 1920 3283 tu

96 3316 328 3346 commune
350 3317 404 3346 ne
430 3303 607 3347 dixeris.
636 3303 671 3330 16
687 3303 785 3345 Hoc
806 3307 954 3345 autem
977 3303 1151 3345 factum
1173 3307 1240 3345 est
1257 3316 1334 3358 per
1355 3308 1432 3357 ter,
1452 3307 1496 3344 et
1518 3301 1670 3344 statim
1694 3305 1920 3356 receptum

95 3366 162 3404 est
186 3376 264 3404 vas
288 3362 335 3404 in
361 3362 532 3406 caelum.
1444 3409 1447 3411 .

157 3419 188 3446 17
209 3421 269 3463 Et
296 3421 402 3464 dum
433 3421 550 3464 intra
575 3436 621 3464 se
653 3421 880 3464 haesitaret
909 3421 1085 3478 Petrus,
1110 3422 1318 3478 quidnam
1347 3426 1461 3464 esset
1487 3419 1598 3462 visio
1624 3433 1755 3474 quam
1785 3417 1919 3461 vidis-

95 3486 181 3536 set,
216 3494 318 3523 ecce
349 3480 430 3523 viri
462 3481 535 3537 qui
566 3480 687 3523 missi
721 3486 847 3523 erant
875 3494 900 3522 a
935 3480 1158 3536 Cornelio,
1188 3480 1460 3536 inquirentes
1495 3478 1673 3521 domum
1705 3477 1917 3532 Simonis,

96 3539 332 3582 astiterunt
362 3539 418 3582 ad
448 3540 647 3596 januam.
682 3539 716 3566 ¹⁸
735 3540 793 3582 Et
815 3553 915 3582 cum
941 3546 1193 3593 vocassent,
1216 3538 1552 3594 interrogabant
1583 3537 1620 3579 si
1649 3536 1821 3592 Simon,
1845 3537 1917 3593 qui

97 3597 435 3653 cognominatur
455 3599 625 3654 Petrus,
643 3598 738 3642 illic
760 3599 942 3642 haberet
959 3599 1214 3656 hospitium.
1246 3597 1279 3624 ¹9
1299 3598 1428 3641 Petro
1449 3602 1598 3639 autem
1619 3596 1844 3652 cogitante
1865 3596 1919 3640 de

96 3656 285 3713 visione,
320 3657 435 3701 dixit
466 3657 652 3714 Spiritus
685 3657 724 3701 ei
762 3674 771 3700 :
813 3657 928 3700 Ecce
961 3657 1043 3700 viri
1077 3664 1164 3700 tres
1195 3665 1398 3712 quaerunt
1427 3661 1483 3699 te.
1515 3654 1552 3682 2⁰
1578 3655 1714 3701 Surge
1747 3655 1917 3712 itaque,

1987 536 2106 564 Petrus
2128 539 2223 564 sanat.

2036 581 2170 607 AEncam

2018 622 2050 651 iu
2070 623 2191 656 Lydda.

2019 1073 2193 1102 Tabitham

2016 1117 2199 1146 resuscitat

2023 1159 2055 1187 in
2073 1161 2092 1188 J
2097 1167 2189 1194 opne.

2060 2005 2154 2034 visio

2030 2047 2185 2078 Cornelii.

2000 2775 2096 2806 visio
2109 2775 2212 2806 Petri.

1986 3431 2107 3459 Petrus
2139 3430 2224 3464 apud

2007 3472 2206 3502 Cornelium.
