2456 3861
190 479 311 507 Abram

131 521 161 549 in
197 523 343 556 AEgypto
360 529 368 557 ;

155 566 237 595 mira
255 567 341 595 Sarae

134 611 358 643 praeseri-atio.

123 1773 241 1799 Abram
252 1771 359 1799 redux

156 1816 185 1843 in
206 1820 329 1843 terram

163 1861 322 1888 (manaan.

123 2124 197 2155 1121e
230 2129 263 2151 et
296 2123 361 2151 Lot

146 2171 343 2200 ,ne-parantur

135 2218 171 2240 at
194 2211 349 2241 invicem.

127 3137 161 3163 Τ(
171 3144 221 3164 rra
250 3142 364 3166 >ancta

125 3182 224 3208 datur
247 3181 364 3209 semini

181 3225 312 3253 Αἶα-3η).

438 127 492 168 12
1007 129 1122 171 GEN.
1158 129 1272 184 xri,
1310 131 1335 172 9
1360 155 1419 160 —
1450 131 1592 185 xm,
1630 133 1696 174 17.

435 298 663 341 occidente
689 299 860 342 habens
888 299 1065 354 Bethel,
1087 303 1131 341 et
1152 299 1208 341 ab
1236 299 1402 341 oriente
1430 300 1519 341 Hai
1541 317 1550 354 3
1578 300 1818 343 aedificavit
1844 315 2015 356 quoque
2038 303 2100 345 ibi
2125 303 2266 347 altare

436 357 646 412 Domino,
675 364 719 401 et
744 358 971 401 invocavit
999 372 1160 400 nomen
1187 357 1297 412 ejus.
1326 357 1343 383 9
1362 358 1649 414 Peri-exitque
1672 359 1842 401 Abram
1867 361 2056 417 vadens,
2083 367 2129 405 et
2151 362 2267 405 ultra

432 417 718 472 progrediens
743 417 799 460 ad
826 417 1068 459 meridiem.

496 475 529 501 ¹⁰
552 477 692 518 Facta
717 482 782 519 est
804 482 953 518 autem
979 476 1124 517 fames
1149 475 1195 517 in
1220 480 1360 529 terra3
1389 475 1705 532 descenditque
1729 477 1899 520 Abram
1926 478 1971 520 in
1993 480 2264 536 AEgvptum,

432 539 481 577 ut
504 534 858 591 peregrinaretur
880 534 968 588 ibi;
994 534 1290 589 praevaluerat
1314 534 1434 577 enim
1459 535 1605 578 fames
1627 535 1672 578 in
1697 540 1827 580 terra.
1856 536 1887 563 ’11
1909 527 2107 594 Cumque
2132 553 2267 595 prope

432 599 547 637 esset
572 600 619 636 ut
644 594 948 649 ingrederetur
973 594 1244 649 AEgyptum,
1271 593 1385 636 dixit
1412 594 1536 638 Sarai
1569 595 1695 638 uxori
1724 609 1815 638 suae
1843 612 1852 639 :
1880 596 1998 639 Novi
2031 597 2147 652 quod
2171 598 2268 654 pul-

432 653 536 695 chra
573 653 631 695 sis
657 652 826 707 mulier,
863 651 898 677 ‘¹²2
931 657 975 694 et
1011 651 1127 707 quod
1161 665 1262 694 cum
1284 650 1478 694 viderint
1499 657 1543 695 te
1560 652 1684 708 AEgy
1718 652 1790 706 tii,
1812 652 1972 695 dicturi
1998 660 2101 696 sunt
2119 670 2128 697 :
2146 655 2270 697 Uxor

432 712 567 768 ipsius
595 718 687 766 est3
716 716 761 753 et
785 711 1056 754 interficient
1080 725 1173 767 me,
1200 716 1245 754 et
1269 715 1312 754 te
1338 711 1644 754 reservabunt.
1671 711 1685 737 ⁴>
1732 711 1816 755 Dic
1843 725 1968 767 ergo,
1998 710 2179 754 obsecro
2208 716 2265 766 te,

431 770 546 826 quod
572 784 691 812 soror
715 784 816 813 mea
840 770 920 826 sis,
948 775 996 812 ut
1020 770 1134 813 bene
1160 770 1218 813 sit
1243 769 1353 812 mihi
1382 774 1562 826 propter
1591 775 1655 826 te,
1683 775 1728 813 et
1757 770 1883 812 vivat
1912 770 2063 812 anima
2088 784 2189 813 mea
2215 770 2270 812 ob

430 829 622 885 gratiam
651 829 729 873 tui.
766 829 800 856 ¹4
823 829 934 873 Cum
964 830 1113 885 itaque
1147 829 1370 885 ingressus
1404 835 1520 872 esset
1553 829 1723 872 Abram
1752 830 2026 886 AEgyptum,
2061 829 2271 872 viderunt

430 889 636 945 AEgyptii
659 888 889 932 mulierem
914 889 1030 945 quod
1053 894 1169 932 esset
1192 888 1379 944 pulchra
1405 888 1558 944 nimis,
1578 888 1614 914 15
1632 894 1677 931 θῖ
1701 889 2021 932 nuntiaverunt
2046 888 2270 945 principes

431 948 676 1004 Pharaoni,
710 954 755 991 et
786 948 1082 991 laudaverunt
1107 962 1206 991 eam
1232 947 1349 1004 apud
1373 947 1500 990 illum
1522 965 1531 1003 ;
1554 951 1599 990 et
1628 947 1804 991 sublata
1837 953 1904 991 est
1929 947 2088 991 mulier
2121 947 2167 990 in
2193 947 2269 991 do·

430 1022 551 1050 mum
578 1007 834 1051 Pharaonis.
859 1007 895 1034 ¹⁶
917 1007 1085 1050 Abram
1112 1021 1216 1050 vero
1238 1006 1351 1050 bene
1387 1007 1450 1049 usi
1477 1011 1581 1050 sunt
1610 1014 1789 1064 propter
1818 1007 1971 1060 illam;
1997 1007 2268 1063 fueruntque

429 1066 469 1110 ei
491 1081 607 1123 oveS,
632 1073 677 1110 et
698 1067 848 1121 boveS,
868 1072 911 1110 et
936 1067 1063 1122 asini,
1084 1071 1129 1109 et
1152 1066 1283 1123 servi,
1312 1071 1358 1109 et
1378 1066 1578 1121 famulae,
1607 1071 1651 1110 et
1674 1066 1821 1122 asinae,
1847 1072 1892 1110 et
1917 1066 2090 1110 cameli.
2112 1066 2144 1093 ¹7
2166 1067 2269 1110 Fla-

429 1126 617 1181 gellavit
653 1133 803 1169 autem
839 1125 1055 1169 Dominus
1090 1125 1368 1168 Pharaonem
1404 1125 1549 1182 plagis
1582 1124 1812 1178 maximis,
1847 1130 1892 1168 et
1931 1125 2111 1168 domum
2148 1126 2265 1183 ejus,

429 1191 607 1242 propter
634 1185 756 1229 Sarai
782 1199 961 1228 uxorem
990 1185 1173 1228 Abram.
1198 1184 1232 1211 18
1259 1185 1536 1240 Vocavitque
1565 1184 1738 1227 Pharao
1765 1185 1957 1241 Abram,
1984 1190 2030 1227 et
2055 1184 2170 1228 dixit
2195 1185 2267 1231 ei:

429 1245 649 1296 Quidnam
674 1250 742 1287 est
765 1245 848 1287 hoc
881 1244 997 1300 quod
1030 1243 1182 1286 fecisti
1207 1243 1351 1287 mihi?
1377 1258 1510 1299 quare
1544 1258 1634 1287 non
1667 1243 1875 1287 indicasti
1908 1243 2024 1300 quod
2057 1258 2167 1287 uxor
2192 1249 2269 1288 tua

427 1304 577 1347 esset?
614 1303 650 1329 ¹9
676 1305 817 1354 Quam
852 1303 906 1346 ob
939 1317 1119 1346 causam
1153 1303 1306 1346 dixisti
1332 1317 1427 1346 esse
1465 1317 1659 1346 sororem
1686 1308 1830 1359 tuam,
1858 1309 1907 1347 ut
1939 1302 2144 1346 tollerem
2169 1318 2269 1347 eam

427 1363 536 1405 mihi
575 1362 620 1405 in
658 1362 873 1407 uxorem?
908 1363 1038 1405 Nunc
1075 1361 1212 1419 igitur
1243 1376 1346 1405 ecce
1381 1362 1546 1418 conjux
1581 1367 1682 1418 tua3
1719 1362 1871 1419 accipe
1906 1377 2024 1418 eam,
2059 1368 2104 1406 et
2141 1363 2267 1407 vade.

427 1421 464 1447 '20
487 1422 790 1478 Praecepitque
818 1422 989 1465 Pharao
1021 1436 1151 1478 super
1177 1421 1348 1464 Abram
1377 1422 1483 1464 viris
1515 1437 1524 1465 :
1560 1426 1605 1464 et
1630 1421 1910 1465 deduxerunt
1937 1436 2059 1476 eum,
2086 1428 2131 1465 et
2156 1436 2269 1466 uxo-

426 1495 517 1524 rem
544 1480 682 1537 illius,
710 1487 755 1524 et
780 1482 929 1524 omnia
954 1496 1052 1536 quae
1079 1480 1287 1526 habebat.

733 1630 756 1687 ξ
791 1630 853 1673 ΙΙ.
880 1656 938 1662 -
971 1631 1058 1672 Lot
1088 1631 1344 1673 eliminatur
1375 1645 1396 1673 e
1414 1630 1610 1686 familia
1636 1632 1956 1686 promissionis.

486 1766 592 1809 CAP.
620 1767 755 1810 XIII.
784 1793 839 1799 --
873 1766 885 1791 1
914 1766 1132 1809 Ascendit
1157 1780 1261 1822 ergo
1287 1766 1456 1809 Abram
1484 1766 1538 1809 de
1572 1767 1798 1822 AEgypto,
1825 1765 1917 1822 ipse
1944 1771 1988 1808 et
2015 1781 2123 1808 uxor
2149 1766 2263 1824 ejus,

426 1830 471 1869 et
492 1826 643 1868 omnia
664 1840 761 1881 quae
789 1825 1005 1881 habebat,
1034 1831 1078 1868 et
1112 1826 1198 1868 Lot
1221 1840 1321 1868 cum
1347 1839 1418 1881 eo,
1447 1825 1503 1868 ad
1531 1826 1775 1868 australem
1800 1825 1997 1881 plagam.
2027 1824 2044 1850 ‘2
2062 1827 2171 1869 Erat
2193 1840 2268 1868 au-

426 1890 517 1928 tem
544 1885 666 1928 dives
691 1884 822 1927 valde
848 1885 893 1927 in
918 1885 1197 1941 possessione
1223 1885 1318 1927 auri
1345 1890 1390 1927 et
1415 1884 1602 1940 argenti.
1631 1884 1648 1911 3
1669 1885 1975 1939 Reversusque
2001 1889 2068 1928 est
2085 1899 2165 1941 per
2185 1885 2270 1928 iter

425 1959 510 2000 quo
535 1950 739 2000 venerat,
767 1960 793 1987 a
818 1944 1001 1987 meridie
1027 1943 1072 1986 in
1102 1944 1281 1999 Bethel,
1312 1957 1450 1999 usque
1480 1944 1537 1987 ad
1571 1944 1719 1987 locum
1745 1943 1821 1986 ubi
1854 1943 1975 1999 prius
2009 1944 2170 1987 fixerat
2201 1949 2268 1987 ta-

426 2003 714 2046 bernaculum
740 2003 856 2046 inter
890 2003 1048 2046 Bethel
1075 2009 1120 2047 et
1145 2003 1260 2059 Hai,
1293 2003 1310 2029 4
1337 2002 1383 2045 in
1414 2003 1511 2045 loco
1540 2003 1694 2046 altaris
1718 2002 1834 2058 quod
1859 2003 2031 2046 fecerat
2056 2003 2197 2059 prius,
2223 2007 2268 2047 et

424 2063 654 2106 invocavit
681 2063 740 2105 ibi
766 2077 929 2106 nomen
956 2062 1152 2107 Domini.

485 2123 502 2148 5
526 2122 609 2166 Sed
636 2128 681 2166 et
703 2124 788 2165 Lot
813 2123 886 2178 qui
911 2128 1007 2165 erat
1032 2136 1133 2165 cum
1160 2122 1354 2180 Abram,
1380 2122 1566 2165 fuerunt
1592 2136 1749 2178 greges
1777 2122 1946 2172 ovium,
1971 2127 2015 2164 et
2042 2127 2265 2179 armenta,

427 2186 471 2225 et
496 2182 798 2225 tabernacula.
824 2183 842 2208 6
861 2183 954 2225 Nec
979 2187 1155 2238 poterat
1180 2196 1253 2225 eos
1280 2196 1438 2238 capere
1465 2187 1602 2237 terra,
1630 2186 1679 2223 ut
1704 2181 1962 2224 habitarent
1988 2181 2144 2236 simul;
2173 2187 2268 2225 erat

427 2241 589 2298 quippe
637 2241 890 2284 substantia
930 2255 1082 2284 eorum
1130 2241 1293 2296 multa,
1335 2248 1380 2284 et
1424 2240 1672 2296 nequibant
1712 2239 1913 2283 habitare
1957 2241 2265 2287 communiter.

427 2301 442 2326 ⁷
463 2301 594 2344 Unde
621 2307 666 2344 et
689 2301 816 2344 tacta
840 2306 906 2344 est
930 2300 1027 2343 rixa
1054 2300 1171 2343 inter
1194 2306 1394 2356 pastores
1421 2314 1605 2356 gregum
1632 2299 1802 2342 Abram
1830 2304 1874 2342 et
1901 2301 1998 2342 Lot.
2028 2301 2090 2342 Eo
2116 2306 2266 2343 autem

430 2365 625 2417 tempore
651 2360 930 2403 Chananaeus
964 2369 1009 2402 et
1036 2360 1296 2402 Pherezaeus
1321 2359 1590 2402 habitabant
1613 2358 1660 2400 in
1685 2364 1803 2402 terra
1837 2359 1926 2402 illa.
1961 2358 1977 2385 8
2005 2358 2132 2401 Dixit.
2164 2373 2266 2414 ergo

428 2420 597 2463 Abram
623 2419 680 2462 ad
706 2421 791 2463 Lot
813 2437 822 2464 ς
850 2420 937 2474 Ne,
966 2433 1134 2474 quaeso,
1162 2417 1220 2461 sit
1244 2418 1442 2474 jurgium
1468 2418 1583 2461 inter
1609 2433 1679 2461 me
1706 2424 1750 2461 et
1776 2423 1840 2468 te,
1860 2423 1904 2460 et
1930 2417 2045 2460 inter
2069 2423 2268 2474 pastores

428 2493 550 2522 meos
575 2484 620 2522 et
644 2484 843 2536 pastores
870 2483 996 2534 tuos,
1024 2478 1189 2521 fratres
1215 2477 1335 2521 enim
1368 2492 1532 2521 sumus.
1559 2477 1577 2503 9
1600 2479 1715 2520 Ecce
1742 2477 1948 2519 universa
1975 2482 2092 2519 terra
2118 2491 2268 2520 coram

428 2543 472 2581 te
505 2543 598 2593 θεῖς
635 2538 790 2582 recede
824 2553 849 2581 a
881 2552 972 2594 me,
1008 2538 1217 2591 obsecro;
1243 2537 1280 2580 si
1314 2537 1371 2580 ad
1404 2537 1629 2580 sinistram
1664 2536 1785 2592 ieris,
1822 2550 1904 2592 ego
1939 2536 2170 2579 dexteram
2203 2542 2270 2580 te-

429 2598 571 2652 neb03
609 2598 645 2641 si
681 2603 729 2641 tu
766 2598 996 2641 dexteram
1032 2597 1241 2653 elegeris,
1283 2611 1366 2653 ego
1403 2596 1460 2639 ad
1505 2595 1731 2638 sinistram
1771 2609 1970 2653 pergam.
2008 2595 2042 2621 ¹⁰
2069 2595 2269 2639 Elevatis

429 2657 578 2712 itaque
601 2658 686 2700 Lot
711 2657 872 2712 oculis,
902 2656 1016 2700 vidit
1049 2671 1226 2700 omnem
1253 2656 1372 2699 circa
1406 2655 1635 2711 regionem
1669 2654 1902 2710 Jordanis‚
1930 2669 2027 2710 quae
2063 2655 2270 2698 universa

429 2716 696 2771 irrigabatur
733 2721 968 2772 antequam
1007 2716 1285 2759 subverteret
1328 2715 1544 2758 Dominus
1585 2714 1821 2758 Sodomam
1862 2720 1905 2756 et
1950 2714 2266 2771 Gomorrham,

429 2775 544 2818 sicut
568 2775 799 2832 paradisus
835 2775 1036 2831 Domini,
1064 2779 1108 2818 et
1137 2775 1251 2817 sicut
1277 2776 1504 2831 AEgyptus
1537 2773 1822 2817 venientibus
1855 2772 1900 2815 in
1930 2774 2079 2829 Segor.
2110 2773 2140 2799 ¹¹
2166 2774 2267 2817 Ele-

430 2834 581 2891 gitque
607 2835 691 2877 sibi
726 2836 810 2878 Lot
842 2834 1068 2891 regionem
1103 2834 1221 2876 circa
1254 2833 1519 2889 dor-danem,
1548 2838 1593 2876 et
1624 2832 1806 2876 recessit
1832 2832 1887 2875 ab
1919 2833 2118 2888 oriente;
2156 2832 2267 2875 divi-

430 2894 553 2950 sique
579 2900 682 2937 sunt
706 2894 968 2936 alterutrum
994 2908 1020 2936 a
1045 2893 1184 2936 fratre
1211 2907 1302 2936 suo.
1330 2891 1365 2918 1'2
1384 2893 1552 2935 Abram
1579 2892 1802 2935 habitavit
1827 2891 1871 2934 in
1893 2896 2009 2934 terra
2027 2892 2265 2948 Chanaan3

432 2954 516 2996 Lot
541 2968 643 2997 vero
669 2959 864 2996 moratus
890 2959 956 2996 est
981 2953 1026 2995 in
1053 2952 1246 3010 oppidis,
1270 2966 1367 3008 quae
1393 2957 1520 2994 erant
1547 2952 1665 2995 circa
1691 2951 1956 3006 Jordanem,
1976 2957 2020 2995 et
2044 2951 2270 2995 habitavit

430 3012 475 3055 in
514 3013 727 3057 Sodomis.
764 3012 799 3039 ¹3
825 3012 1042 3055 Homines
1080 3018 1228 3055 autem
1262 3010 1502 3055 Sodomitae
1540 3011 1721 3067 pessimi
1755 3016 1901 3065 erant,
1935 3016 1980 3054 et
2013 3016 2268 3067 peccatores

430 3086 577 3115 coram
606 3072 796 3115 Domino
823 3071 966 3116 nimis.

490 3130 523 3157 11
544 3130 755 3187 Dixitque
784 3131 999 3174 Dominus
1026 3132 1080 3175 ad
1107 3131 1295 3187 Abram,
1315 3136 1549 3188 postquam
1576 3130 1741 3173 divisus
1767 3135 1833 3173 est
1860 3129 1915 3172 ab
1934 3130 2091 3172 eoLot
2114 3145 2122 3173 :
2147 3130 2269 3172 Leva

431 3190 579 3234 oculos
603 3196 721 3246 tuos,
748 3195 793 3233 et
818 3190 919 3234 vide
945 3206 970 3234 a
995 3191 1111 3243 loco,
1143 3192 1189 3234 in
1215 3205 1299 3246 quo
1326 3203 1443 3233 nunc
1469 3204 1536 3245 es,
1564 3190 1618 3232 ad
1652 3188 1905 3245 aquilonem
1931 3194 1976 3232 et
2014 3188 2265 3243 meridiem,

431 3250 485 3293 ad
512 3249 727 3293 orientem
753 3255 798 3293 et
823 3250 1112 3294 occidentem.
1144 3250 1176 3277 ¹5
1195 3251 1385 3294 Omnem
1410 3255 1593 3305 terram,
1614 3263 1745 3306 quam
1772 3247 2015 3304 conspicis,
2042 3246 2124 3290 tibi
2151 3246 2266 3289 dabo

431 3315 475 3352 et
514 3309 672 3352 semini
711 3314 785 3352 tuo
819 3324 954 3365 usque
987 3310 1032 3352 in
1065 3310 1399 3366 sempiternum.
1438 3307 1471 3333 ¹⁶
1498 3309 1766 3363 Faciamque
1804 3321 1954 3350 semen
1993 3312 2118 3349 tuum
2151 3305 2267 3348 sicut

431 3369 661 3424 pulverem
686 3374 844 3420 terrae;
872 3369 908 3411 si
943 3369 1038 3425 quis
1064 3374 1211 3425 potest
1236 3368 1466 3411 hominum
1493 3381 1724 3411 numerare
1757 3366 1985 3423 pulverem
2011 3371 2163 3420 terrae,
2199 3378 2265 3407 se—

432 3441 532 3470 men
566 3442 736 3483 quoque
771 3433 895 3470 tuum
929 3443 1159 3471 numerare
1193 3428 1368 3484 poterit.
1405 3427 1627 3483 Usarge,
1655 3431 1699 3470 et
1730 3425 1991 3483 perambula
2025 3431 2186 3467 terram
2219 3423 2264 3466 in

435 3591 480 3622 1:³1]
502 3590 564 3617 Inf.
584 3591 664 3624 XX,
684 3594 725 3618 11.
744 3606 778 3610 --
792 3593 821 3624 4]
842 3593 918 3623 51η».
939 3593 1026 3626 ΧΠ,
1049 3595 1072 3620 T.
1087 3607 1121 3611 —-
1140 3593 1168 3625 6]
1191 3592 1254 3619 inf.
1278 3591 1678 3626 xxxvl‚r.—14]Sup.
1702 3590 1789 3624 XII,
1808 3592 1831 3617 7.
1856 3588 1920 3616 lnf.
1946 3589 2016 3620 XV.
2032 3590 2064 3616 IS
2083 3591 2115 3616 et
2138 3587 2263 3623 XXVI,

432 3637 457 3661 4.
484 3634 577 3660 Dcut.
598 3634 755 3661 XXXIV.
772 3638 797 3662 4.
