2423 3861
134 441 288 470 Narratio
307 441 345 469 dc

120 487 196 520 igne
225 484 357 513 caelitus

195 529 281 557 dato,

150 2510 225 2538 Alia
240 2510 328 2545 ejus-

153 2555 225 2582 dcm
246 2554 331 2583 facti

121 2598 285 2632 nam-atio,
319 2606 359 2627 cx

143 2646 343 2671 ‹-‹.m1uenta-

121 2686 179 2714 riis
197 2687 361 2715 aeremia».

427 144 537 186 107ss
1007 142 1052 182 ΙΙ
1086 142 1240 182 MAt‘u.
1280 142 1320 182 1.
1359 142 1410 182 19
1444 167 1501 172 -
1535 142 1603 195 H,
1638 143 1676 183 9.

423 313 539 356 diem
565 310 855 367 scenopegiae,
875 314 918 351 et
941 308 1060 351 diem
1085 307 1201 363 ignis
1224 308 1298 363 qui
1320 308 1451 351 datus
1474 314 1539 352 est
1561 309 1737 364 quando
1758 309 2014 367 Nehemias,
2035 312 2270 355 aedificato·

422 371 610 428 templo,
636 375 680 412 et
705 368 854 422 altari,
883 366 1043 408 obtulit
1067 366 1296 410 sacrificia.

483 428 518 457 ¹9
536 430 653 473 Nam
676 442 776 470 cum
802 426 846 468 in
873 425 1101 468 Persidem
1127 426 1392 470 ducerentur
1416 433 1564 484 patres
1590 428 1741 483 nostri,
1763 429 2030 486 sacerdotes,
2051 431 2127 486 qui
2149 436 2256 476 tunc

423 490 611 533 cultores
647 487 729 529 Dei
767 490 912 540 erant,
948 489 1180 541 acceptum
1215 485 1365 540 ignem
1396 487 1449 529 de
1483 486 1612 528 altari
1647 487 1818 530 occulte
1851 487 2180 533 absconderunt
2210 490 2257 532 in

423 548 558 601 valle,
586 546 660 588 ubi
683 549 777 587 erat
801 549 960 600 puteus
982 543 1099 586 altus
1121 549 1166 586 et
1190 545 1353 598 siccus,
1381 551 1423 588 et
1451 546 1499 588 in
1524 559 1574 588 eo
1597 546 1817 589 contutati
1846 552 1949 589 sunt
1974 561 2095 602 eum,
2121 547 2184 591 ita
2209 554 2257 592 ut

422 606 626 649 omnibus
658 604 837 659 ignotus
871 608 985 646 esset
1018 603 1153 646 locus,
1185 602 1222 629 2⁰
1246 604 1358 646 Cum
1387 610 1537 647 autem
1565 605 1868 661 praeterissent
1896 606 2003 648 anni
2032 607 2183 663 multi,
2214 612 2258 651 et

421 664 590 721 placuit
616 664 710 706 Deo
736 668 785 705 ut
810 663 1062 705 mitt-eretur
1088 663 1329 706 Nehemias
1351 678 1378 705 a
1398 678 1502 719 rege
1530 664 1744 719 Persidis,
1770 670 1955 722 nepotes
1977 666 2259 710 sacerdotum

420 724 596 766 illorum
625 722 700 778 qui
734 722 1081 777 absconderant,
1109 722 1231 766 misit
1256 722 1312 765 ad
1343 723 1657 779 requirendum
1689 724 1864 779 ignem3
1893 730 1938 767 et
1965 725 2082 768 sicut
2109 740 2258 771 narra-

420 788 579 826 verunt
604 781 753 834 nobis,
779 796 868 824 non
888 781 1155 827 invenerunt
1178 782 1352 838 ignem,
1375 782 1451 828 sed
1476 791 1636 839 aquam
1650 797 1868 827 crassam.
1892 783 1927 810 ‘2¹
1948 784 2006 827 Et
2026 784 2162 840 jussit
2186 779 2258 828 eos

419 842 615 897 haurire,
642 846 686 884 et
714 841 875 885 afferre
905 841 1016 895 sibi,
1044 846 1088 884 et
1117 841 1335 884 sacrificia
1366 857 1465 898 quae
1500 843 1709 899 imposita.
1735 848 1860 886 erant
1889 843 2022 899 jusit
2054 843 2258 887 sacerdos

420 901 660 945 Nehemias
682 901 857 957 aspergi
884 900 980 956 ipsa
1004 915 1133 956 aqua,
1163 906 1208 943 et
1230 901 1367 958 ligna,
1396 907 1439 945 et
1465 917 1563 958 quae
1591 907 1717 945 erant
1738 902 2028 959 superposita.
2055 901 2093 928 ‘2⁶⁴‘
2114 904 2259 958 thue

419 962 502 1004 hoc
524 961 698 1004 factum
721 966 807 1016 est,
832 965 876 1003 et
901 964 1076 1016 tempus
1097 960 1230 1004 affuit
1252 975 1337 1016 quo
1358 961 1424 1004 sol
1446 961 1646 1017 refulsit,
1670 961 1743 1017 qui
1766 962 1886 1018 prius
1908 967 2003 1005 erat
2018 962 2066 1004 in
2083 962 2257 1018 nubilo,

420 1035 631 1064 accensus
653 1025 720 1063 est
744 1020 862 1076 ignis
886 1034 1096 1075 magnus,
1122 1020 1186 1062 ita
1212 1026 1261 1063 ut
1287 1035 1439 1064 omnes
1462 1021 1740 1064 mirarentur.
1767 1020 1805 1047 ‘23
1823 1021 2082 1065 Orationem
2108 1026 2260 1065 autem

420 1081 651 1123 faciebant
685 1094 836 1123 omnes
873 1079 1146 1136 sacerdotes,
1183 1080 1289 1123 dum
1323 1086 1704 1123 consummaretur
1737 1081 2025 1137 sacrificium,
2063 1081 2259 1124 Jonatha

420 1140 677 1194 inchoante,
705 1139 863 1182 ceteris
888 1144 1039 1181 autem
1064 1140 1448 1196 respondentibus.

479 1199 515 1225 *²4
549 1201 606 1242 Et
646 1198 879 1241 Nehem'iae
921 1204 1016 1241 erat
1057 1199 1196 1242 oratio
1241 1200 1359 1242 hunc
1399 1200 1570 1243 habens
1615 1200 1797 1243 modum
1832 1217 1841 1244 :
1881 1201 2097 1257 Domine,
2141 1201 2259 1244 Deus

422 1259 618 1302 omnium
651 1263 841 1313 creator,
876 1258 1087 1301 terribilis
1121 1264 1164 1301 et
1197 1259 1349 1315 fortis,
1383 1259 1529 1315 justus
1566 1264 1610 1302 et
1648 1259 1918 1315 misericors,
1955 1260 2030 1316 qui
2063 1260 2182 1302 solus
2215 1274 2260 1303 es

419 1319 559 1361 bonus
585 1333 684 1373 rex,
708 1316 744 1343 25
763 1317 882 1360 solus
904 1323 1143 1374 praestans,
1166 1318 1284 1361 solus
1305 1318 1472 1374 justus,
1499 1323 1544 1361 et
1566 1319 1868 1375 omnipotens,
1892 1324 1935 1363 et
1960 1324 2163 1376 aeternus,
2186 1319 2261 1376 qui

420 1378 581 1421 liberas
603 1377 742 1420 Israel
762 1377 816 1420 de
834 1377 954 1419 omni
974 1377 1104 1433 malo,
1129 1378 1203 1433 qui
1229 1377 1380 1420 fecisti
1404 1380 1553 1435 patres
1575 1378 1753 1434 electos,
1777 1384 1821 1421 et
1842 1378 2134 1422 sanctificasti
2159 1393 2258 1434 eos;

421 1437 457 1465 ²ss
481 1438 634 1494 accipe
667 1436 934 1480 sacrificium
966 1451 1045 1494 pro
1073 1437 1278 1481 universo
1312 1438 1474 1494 populo
1508 1442 1585 1481 tuo
1615 1438 1775 1493 Israel,
1811 1444 1855 1481 et
1888 1438 2060 1482 custodi
2089 1443 2262 1495 part-em

422 1504 564 1552 tuam,
587 1502 631 1540 et
652 1496 895 1539 sanctifica.
915 1495 949 1522 2⁷
969 1497 1204 1553 Congrega
1229 1497 1551 1554 dispersionem
1574 1503 1794 1554 nostram,
1816 1498 1957 1541 libera
1982 1513 2056 1542 eos
2078 1497 2154 1555 qui
2175 1511 2262 1541 ser-

421 1557 549 1600 viunt
570 1556 798 1612 gentibus,
823 1560 867 1598 et
886 1561 1163 1613 contemptos
1181 1562 1226 1599 et
1244 1556 1523 1601 abominatos
1542 1558 1732 1613 respice,
1753 1563 1801 1600 ut
1822 1558 1968 1601 sciant
1985 1562 2143 1614 gentes
2157 1557 2262 1613 quia

422 1623 469 1659 tu
495 1631 540 1660 es
571 1617 691 1659 Deus
724 1619 885 1658 noster.
908 1614 945 1641 28
966 1615 1128 1671 Affiige
1159 1616 1460 1672 opprimentes
1490 1632 1590 1672 nos,
1618 1622 1663 1660 et
1696 1618 2016 1663 contumeliam
2040 1616 2261 1662 facientes

422 1676 468 1723 in
497 1674 727 1733 superbia,
764 1673 800 1699 ‘²⁰
819 1674 1039 1717 constitue
1071 1675 1288 1732 populum
1316 1681 1443 1719 tuum
1471 1677 1519 1718 in
1553 1675 1649 1719 1000
1683 1682 1837 1720 sancto
1868 1683 1966 1732 tuo,
2000 1676 2116 1720 sicut
2148 1675 2262 1719 dixit

424 1737 612 1792 Moyses.

483 1795 519 1822 3⁰
541 1796 799 1838 Sacerdotes
832 1802 982 1839 autem
1017 1795 1270 1852 psallebant
1302 1796 1513 1852 hymnos,
1541 1810 1768 1851 usquequo
1802 1803 2114 1853 consumptum
2147 1802 2260 1839 esset

423 1854 702 1898 sacrificium.
722 1854 756 1880 3²
776 1854 887 1897 Cum
912 1860 1062 1897 autem
1089 1860 1401 1911 consumptum
1424 1860 1540 1898 esset
1563 1855 1853 1910 sacrificium,
1874 1870 1929 1898 ex
1953 1855 2131 1899 residua
2148 1869 2261 1911 aqua

425 1914 665 1958 Nehemias
691 1914 822 1970 jussit
847 1914 1019 1971 lapides
1045 1915 1236 1970 majores
1261 1914 1486 1971 perfundi.
1514 1913 1551 1940 32
1569 1914 1693 1964 Quod
1720 1921 1768 1956 ut
1792 1915 1968 1957 factum
1999 1920 2086 1971 est,
2112 1929 2168 1958 ex
2200 1914 2263 1958 eis

424 1973 605 2016 flamma
627 1988 815 2017 accensa
840 1979 930 2029 est,
955 1974 1031 2017 sed
1058 1988 1112 2017 ex
1138 1973 1306 2017 lumine
1329 1973 1444 2029 quod
1466 1973 1647 2016 refulsit
1670 1974 1726 2016 ab
1745 1973 1874 2016 altari
1898 1979 2163 2031 consumpta
2181 1979 2265 2018 est.

424 2033 461 2060 33
480 2034 542 2077 Ut
571 2048 675 2076 vero
705 2033 997 2076 manifestata
1030 2038 1097 2076 est
1128 2047 1216 2089 res,
1248 2033 1552 2076 renuntiatum
1582 2038 1649 2076 est
1681 2033 1778 2089 regi
1808 2034 2043 2077 Persarum
2073 2033 2189 2091 quod
2217 2033 2264 2076 in

424 2093 520 2136 loco
541 2093 587 2135 in
610 2107 693 2148 quo
717 2093 868 2149 ignem
889 2093 1218 2136 absconderant
1240 2093 1284 2136 hi
1306 2093 1385 2148 qui
1410 2093 1618 2136 translati
1642 2093 1825 2136 fuerant
1850 2093 2122 2149 sacerdOtes,
2149 2107 2263 2149 aqua

424 2152 649 2209 apparuit,
682 2153 735 2195 de
769 2167 854 2208 qua
886 2152 1146 2209 Nehemias,
1178 2157 1222 2195 et
1251 2153 1324 2208 qui
1356 2167 1458 2195 cum
1487 2167 1538 2196 eo
1573 2158 1718 2209 erant,
1750 2153 2098 2210 purificaverunt
2129 2153 2263 2196 sacri-

425 2212 537 2255 ficia.
572 2211 609 2238 34
635 2212 930 2256 Considerans
967 2218 1118 2255 autem
1155 2227 1257 2268 reX,
1292 2218 1337 2255 et
1369 2227 1463 2255 rem
1493 2212 1732 2268 diligenter
1762 2213 2045 2269 examinans,
2079 2213 2192 2256 fecit
2223 2212 2263 2256 ei

424 2272 661 2328 templum,
692 2277 739 2314 ut
769 2272 976 2328 probaret
1002 2272 1119 2328 quod
1147 2272 1323 2315 factum
1352 2277 1458 2315 erat.
1491 2272 1528 2298 35
1553 2272 1613 2315 Et
1646 2287 1748 2315 cum
1777 2273 2031 2329 probasset,
2061 2272 2265 2316 sacerdo-

425 2332 543 2374 tibus
569 2331 753 2374 donavit
778 2331 919 2374 multa
949 2331 1085 2386 bona,
1114 2337 1158 2374 et
1183 2331 1271 2374 alia
1296 2336 1429 2387 atque
1459 2332 1549 2374 alia
1574 2346 1777 2388 munera,
1805 2339 1849 2375 et
1874 2332 2098 2388 accipiens
2128 2346 2264 2375 manu

425 2406 521 2445 sua,
546 2391 772 2434 tribuebat
798 2391 874 2434 eis.
905 2391 942 2417 3⁶
964 2391 1227 2447 Appellavit
1256 2397 1406 2434 autem
1434 2392 1675 2435 Nehemias
1702 2392 1819 2434 hunc
1841 2392 1989 2435 locum
2016 2391 2261 2449 Nephthar,

426 2450 539 2506 quod
566 2451 880 2508 interpretatur
906 2450 1185 2502 Purificati03
1210 2456 1395 2494 vocatur
1417 2456 1568 2494 autem
1590 2451 1709 2508 apud
1730 2451 1878 2507 plures
1901 2451 2062 2508 Nephi.

485 2510 591 2553 CAP.
631 2511 694 2553 Πὸ
716 2537 775 2541 ——
806 2509 815 2535 ¹
846 2510 1082 2553 invenitur
1109 2516 1259 2554 autem
1291 2510 1338 2553 in
1370 2509 1741 2567 descriptionibus
1775 2511 1983 2554 ι1010111130
2014 2511 2261 2568 prophetae,

426 2570 540 2625 quod
566 2570 699 2626 jussit
729 2584 800 2613 eos
826 2570 980 2625 ignem
1005 2570 1208 2626 accipere
1237 2570 1311 2626 qui
1336 2570 1739 2626 transmigrabant,
1771 2575 1819 2612 ut
1847 2570 2151 2627 significatum
2176 2576 2267 2625 est,

428 2637 470 2671 et
506 2635 548 2671 ut
580 2629 811 2672 mandavit
845 2629 1187 2685 transmigratis.
1223 2629 1241 2655 2
1267 2631 1324 2672 Et
1355 2629 1479 2672 dedit
1507 2629 1596 2672 illis
1628 2629 1776 2685 legem
1809 2644 1864 2673 ne
1899 2630 2264 2673 obliviscerentur

427 2694 651 2745 praecepta
693 2690 897 2745 Domini,
935 2694 980 2732 et
1016 2696 1065 2732 ut
1101 2704 1188 2732 non
1226 2695 1480 2732 exerrarent
1519 2689 1744 2732 mentibus
1785 2689 1989 2734 videntes
2027 2689 2262 2732 simulacra

426 2763 558 2793 aurea
580 2754 624 2792 et
649 2754 881 2805 argentea,
910 2754 953 2792 et
978 2754 1238 2792 ornamenta
1261 2763 1438 2804 eorum3
1467 2748 1485 2776 3
1502 2754 1546 2792 et
1570 2749 1660 2792 alia
1690 2749 1947 2805 hujusmodi
1974 2749 2139 2804 dicens,
2165 2749 2264 2792 hor-

426 2808 605 2850 tabatur
630 2823 684 2851 ne
711 2808 857 2864 legem
882 2813 1142 2852 amoverent
1170 2824 1196 2851 a
1219 2809 1350 2852 corde
1375 2823 1466 2852 suo.
1490 2808 1508 2834 4
1526 2810 1635 2851 Erat
1656 2814 1807 2852 autem
1831 2809 1878 2852 in
1903 2808 2001 2866 ipsa
2025 2809 2261 2865 script-ura,

428 2867 646 2922 quomodo
671 2868 1011 2911 tabernaculum
1036 2873 1082 2912 et
1106 2882 1254 2911 arcam
1280 2868 1414 2925 jussit
1443 2869 1682 2925 propheta,
1714 2868 1866 2912 divino
1898 2881 2108 2925 responso
2132 2867 2188 2910 ad
2218 2882 2264 2910 se

428 2927 563 2981 facto,
581 2927 783 2970 comitari
806 2942 969 2984 secum,
990 2941 1215 2983 usquequo
1241 2928 1351 2971 exiit
1376 2927 1422 2970 in
1448 2934 1644 2971 montem
1669 2928 1717 2970 in
1739 2941 1824 2983 quo
1849 2928 2024 2983 Moyses
2046 2926 2267 2982 ascendit,

429 2993 472 3028 et
497 2985 610 3028 vidit
642 2987 724 3029 Dei
754 2987 1064 3030 hereditatem.
1088 2987 1105 3013 ⁵¹
1128 2987 1187 3030 Et
1211 2987 1395 3031 veniens
1427 2987 1491 3030 ibi
1522 2987 1764 3042 Jeremias,
1791 2986 1962 3030 invenit
1992 2986 2135 3029 locum
2167 3000 2264 3043 spe-

428 3044 596 3098 luncae;
634 3050 678 3088 et
709 3046 1069 3103 tabernaculum,
1105 3052 1149 3090 et
1180 3061 1353 3103 arcam,
1391 3052 1436 3090 et
1476 3047 1615 3090 altare
1650 3046 1820 3089 incensi
1860 3045 2014 3088 intulit
2052 3045 2182 3102 illuc,
2221 3053 2264 3089 et

429 3103 591 3146 ostium
627 3105 860 3148 obstruxit.
895 3106 912 3132 ⁶
940 3107 1000 3148 Et
1032 3112 1315 3150 accesserunt
1347 3106 1530 3162 quidam
1566 3105 1720 3161 simul,
1759 3104 1833 3160 qui
1867 3105 2185 3161 sequebantur,
2215 3110 2264 3148 ut

430 3168 633 3206 notarent
654 3163 739 3206 sibi
762 3164 920 3220 locum,
941 3171 985 3208 et
1009 3180 1097 3208 non
1123 3171 1363 3222 potuerunt
1383 3166 1596 3209 invenire.
1616 3164 1631 3192 7
1654 3165 1714 3208 Ut
1735 3168 1885 3207 autem
1908 3163 2119 3220 cognovit
2140 3165 2263 3208 Jere-

430 3222 562 3275 mias,
589 3222 774 3279 culpans
799 3223 899 3266 illos
925 3224 1066 3268 dixit:
1089 3225 1214 3276 Quod
1241 3226 1420 3282 ignotus
1441 3225 1524 3268 erit
1545 3225 1687 3278 100110,
1715 3223 1855 3266 donec
1877 3229 2120 3279 congreget
2142 3224 2262 3267 Deus

430 3282 822 3338 congregationem
858 3283 1030 3339 populi,
1069 3289 1113 3327 et
1149 3285 1367 3341 propitius
1403 3285 1513 3338 fiat3
1548 3282 1566 3310 ⁸
1591 3288 1635 3326 et
1667 3288 1774 3325 tunc
1809 3283 2026 3327 Dominus
2059 3282 2263 3326 ostendet

430 3341 545 3397 haec,
572 3346 617 3384 et
637 3341 870 3398 apparebit
897 3342 1109 3397 majestas
1137 3344 1341 3399 Domini,
1368 3348 1414 3387 et
1437 3343 1576 3386 nubes
1602 3342 1706 3397 erit,
1737 3342 1852 3384 sicut
1876 3348 1921 3384 et
1952 3342 2096 3398 Moysi
2122 3341 2261 3384 mani»

430 3401 695 3455 festabatur,
726 3406 769 3444 et
798 3400 912 3443 sicut
943 3415 1042 3443 cum
1077 3402 1284 3445 Salomon
1317 3403 1449 3460 petiit
1481 3407 1529 3444 ut
1561 3401 1683 3444 locus
1716 3400 2070 3444 sanctificaretur
2098 3414 2263 3457 magun

434 3460 545 3513 Deo,
573 3460 896 3503 manifestabat
921 3460 1030 3502 haec.
1058 3460 1075 3486 9
1104 3461 1342 3517 Magnifice
1369 3461 1537 3505 etenim
1569 3460 1837 3515 sapientiam
1870 3460 2120 3514 tractabat3
2145 3466 2196 3503 et,
2214 3466 2264 3503 ut

431 3519 695 3572 sapientiam
732 3519 922 3574 habens,
963 3519 1124 3561 obtulit
1161 3521 1429 3564 sacrificium
1462 3518 1757 3563 dedicationis
1791 3524 1833 3562 et
1869 3518 2263 3562 consummationis

435 3662 480 3693 29]
502 3663 597 3690 Dout.
617 3663 724 3697 XXX,
745 3668 801 3693 3-5.
826 3665 890 3692 Inf.
910 3664 1017 3699 11,1s.
1035 3679 1071 3683 —
1088 3664 1189 3697 8]111
1213 3665 1292 3696 lte-g.
1320 3664 1412 3697 vlll,
1433 3667 1474 3692 11.
1500 3664 1530 3690 11
1554 3664 1624 3691 Par.
1644 3665 1700 3698 ΥΙ,
1720 3667 1758 3692 11.
