2456 3861
765 116 873 159 Tou.
908 116 987 170 IV,
1024 118 1050 159 8
1083 140 1142 150 —
1172 116 1228 170 V,
1265 117 1332 159 18.
1877 118 1958 159 471

137 292 259 330 tuam
281 286 338 329 ab
365 286 453 329 ullo
476 300 690 343 paupere;
713 285 777 327 ita
799 286 916 328 enim
940 286 1033 339 fiet,
1061 290 1109 328 ut
1135 300 1215 329 nec
1237 301 1261 328 a
1286 291 1328 329 tc
1353 290 1579 329 avertatur
1600 286 1741 328 facies
1769 286 1961 329 Domini.

136 345 153 372 ⁸
178 345 405 395 Quomodo
427 343 630 401 potueris,
653 344 716 386 ita
738 349 831 386 esto
853 344 1111 388 misericors,
1131 345 1149 370 1)
1175 344 1218 388 Si
1243 344 1432 387 multum
1452 344 1533 387 tibi
1559 344 1710 399 fuerit,
1734 344 1963 387 abundan-

135 409 202 447 ter
224 404 392 452 tribue:
418 404 452 446 si
473 404 682 460 exiguum
704 402 786 445 tibi
805 403 965 458 fuerit,
985 403 1119 446 etiam
1143 403 1353 459 exiguum
1373 404 1562 447 libenter
1579 402 1795 459 impertiri
1819 404 1962 447 stude.

139 462 172 489 ¹⁰
196 463 434 505 Praemium
460 463 578 506 enim
603 461 768 504 bonum
790 461 872 504 tibi
899 462 1171 505 thesaurizas
1197 462 1240 504 in
1264 462 1334 505 die
1358 462 1657 512 necessitatis;
1689 461 1720 487 ¹¹
1756 462 1962 517 quoniam

136 521 415 577 eleemosyna
440 521 496 564 ab
522 520 640 564 omni
666 525 851 576 peccato
874 526 918 563 et
942 535 968 562 a
990 526 1128 563 morte
1156 521 1335 575 liberat,
1364 527 1407 564 et
1433 535 1517 564 non
1552 521 1745 577 patietur
1765 520 1963 563 animam

135 580 196 622 ire
221 580 267 622 in
302 581 533 624 tenebras:
569 578 604 606 ¹⁹²
627 579 788 621 fiducia
823 593 986 634 magna
1019 579 1102 621 erit
1142 593 1288 621 coram
1324 594 1495 622 summo
1535 581 1626 622 Deo
1663 579 1959 636 eleemosyna,

136 638 338 681 omnibus
366 638 636 682 facientibus
659 652 771 681 eam.
802 636 834 663 ¹3
859 638 1056 680 Attendc
1084 637 1187 692 tibi,
1215 638 1276 679 fili
1304 639 1385 693 mi,
1412 638 1468 680 ab
1492 638 1610 681 omni
1640 638 1959 694 fornicatione3

135 702 201 752 et,
248 703 408 753 praeter
448 711 628 741 uxorem
668 701 817 752 tuam,
856 710 1082 751 nunquam
1118 696 1300 752 patiaris
1343 697 1508 739 crimen
1549 697 1672 740 scire.
1725 696 1759 723 ¹⁴
1808 698 1962 754 Super-

136 755 256 799 biam
279 771 502 812 nunquam
540 756 586 798 in
620 761 694 799 tuo
725 769 874 811 sensu,
906 760 983 798 aut
1011 755 1056 797 in
1090 760 1166 797 tuo
1192 755 1345 810 verbo,
1385 755 1599 798 dominari
1630 756 1885 811 permittas,
1917 755 1963 799 in

134 814 232 871 ipsa
258 816 376 859 enim
398 816 576 858 initium
598 814 787 871 sumpsit
812 814 954 857 omnis
985 813 1187 870 perditio.
1219 813 1251 840 ¹5
1274 813 1545 869 Quicumque
1567 814 1649 856 tibi
1672 814 1839 869 aliquid
1863 828 1962 871 ope-

134 880 252 917 ratus
275 875 432 929 fuerit,
461 874 613 917 statim
635 873 674 916 ei
700 873 950 917 mercedem
975 872 1178 928 restitue,
1212 877 1255 916 et
1282 886 1447 916 merces
1478 873 1735 915 mercenarii
1759 873 1823 915 tui
1845 873 1962 929 apud

134 938 176 976 te
205 934 382 976 omnino
406 948 492 977 non
513 938 752 976 remaneat.
778 932 813 959 1⁶
835 932 959 982 Quod
981 932 1037 974 ab
1060 931 1148 974 alio
1174 932 1315 975 oderis
1342 931 1434 974 fieri
1470 931 1573 986 tibi,
1597 931 1698 974 vide
1728 946 1782 974 ne
1807 936 1855 974 tu
1881 933 1961 974 ali-

134 993 309 1048 quando
331 993 457 1036 alteri
482 993 639 1035 facias.
668 991 698 1018 ¹⁷
724 992 889 1035 Panem
915 996 1039 1034 tuum
1067 1005 1167 1033 cum
1193 990 1488 1034 esurientibus
1514 995 1557 1033 et
1587 990 1736 1046 egenis
1760 991 1961 1046 comede,

134 1057 177 1094 et
203 1052 255 1094 de
278 1051 555 1095 vestimentis
582 1051 668 1094 tuis
690 1051 830 1094 nudos
852 1055 967 1106 tege.
1006 1050 1038 1076 ¹⁸
1065 1051 1231 1093 Panem
1258 1055 1382 1093 tuum
1419 1054 1463 1092 et
1492 1048 1645 1092 vinum
1677 1054 1803 1092 tuum
1835 1063 1965 1105 super

132 1111 405 1166 sepulturam
426 1111 535 1167 justi
562 1110 801 1166 constitue,
830 1115 874 1153 et
895 1109 985 1152 noli
1017 1123 1070 1152 ex
1101 1123 1150 1152 eo
1180 1108 1447 1151 manducare
1477 1113 1520 1151 et
1549 1107 1700 1152 bibere
1735 1122 1835 1150 cum
1864 1122 1964 1164 pec-

133 1169 369 1213 catoribus,
397 1170 428 1195 ¹⁴³
454 1170 699 1212 Consilium
725 1184 896 1226 semper
918 1183 944 1211 a
977 1168 1176 1224 sapiente
1199 1167 1413 1224 perquire.
1441 1166 1478 1194 2⁰
1504 1166 1636 1211 Omni
1668 1172 1866 1223 tempore
1890 1167 1964 1210 be-

132 1229 261 1271 nedic
286 1230 449 1284 Deum,
476 1234 521 1272 et
541 1234 642 1285 pete
667 1229 722 1271 ab
750 1242 799 1272 eo
823 1234 871 1271 ut
895 1227 990 1271 vias
1016 1232 1114 1270 tuas
1141 1227 1326 1283 dirigat,
1354 1231 1398 1270 et
1428 1226 1576 1269 onmia
1607 1225 1791 1269 consilia
1816 1230 1893 1268 tua
1918 1225 1964 1268 in

131 1287 227 1343 ipso
249 1293 553 1343 permaneant.
1779 1338 1782 1343 Ι

190 1345 223 1371 ‘2¹
253 1346 410 1389 Indico
441 1347 577 1390 etiam
605 1346 709 1400 tibi,
744 1346 805 1389 fili
841 1347 921 1402 mi,
954 1346 1126 1389 dedisse
1155 1360 1225 1388 me
1260 1346 1413 1389 decem
1440 1345 1609 1388 talenta
1642 1344 1835 1400 argenti,
1860 1344 1964 1387 dum

131 1404 275 1447 adhuc
304 1405 555 1449 infantulus
586 1419 721 1461 esseS,
750 1406 940 1459 Gabelo,
976 1405 1021 1446 in
1054 1406 1217 1460 Rages,
1250 1404 1432 1447 civitate
1467 1404 1718 1458 Medorum,
1752 1408 1796 1446 et
1824 1404 1964 1445 chiro-

131 1464 349 1520 graphum
372 1465 469 1521 ejus
494 1464 611 1520 apud
637 1478 706 1506 me
725 1464 881 1507 habeo.
907 1462 944 1489 ⁶²2
970 1464 1028 1505 Et
1049 1463 1150 1506 ideo
1180 1463 1381 1519 perquire
1415 1463 1633 1518 quomodo
1655 1462 1711 1504 ad
1735 1477 1834 1505 eum
1867 1477 1963 1518 per-

131 1523 303 1579 venias,
329 1528 372 1566 et
392 1523 579 1579 recipias
601 1522 658 1564 ab
681 1536 732 1565 eo
762 1537 892 1579 supra
924 1527 1217 1564 memoratum
1250 1521 1421 1577 pondus
1451 1521 1646 1577 argenti,
1682 1526 1726 1563 et-
1757 1521 1964 1563 restituas

131 1581 170 1624 ei
196 1582 538 1638 chirographum
560 1596 701 1624 suum.

189 1639 226 1667 93
252 1642 354 1684 Noli
384 1642 560 1696 timere,
592 1639 655 1682 fili
688 1640 762 1684 mi.
806 1641 1051 1697 Pauperem
1085 1640 1264 1696 quidem
1293 1640 1435 1682 vitam
1463 1639 1679 1695 gerimus,
1717 1637 1795 1682 sed
1825 1639 1964 1682 multa

129 1699 244 1742 bona
266 1700 548 1756 habebimus,
572 1699 610 1742 si
633 1698 911 1742 timuerimus
938 1700 1103 1755 Deum,
1131 1704 1175 1742 et
1195 1698 1505 1742 recesserimus
1532 1698 1588 1741 ab
1612 1698 1732 1742 omni
1757 1703 1961 1754 peccato,

130 1763 173 1801 et
192 1759 431 1802 fecelimus
457 1759 584 1803 bene.

189 1818 297 1862 CAP.
323 1820 377 1863 V.
403 1845 460 1851 —
485 1818 499 1844 1
523 1819 649 1862 Τ11116
670 1818 900 1875 respondit
924 1818 1087 1861 Tobias
1117 1817 1233 1874 patri
1267 1831 1364 1873 suo,
1393 1821 1436 1860 et
1469 1815 1583 1859 dixit
1613 1833 1621 1860 :
1658 1817 1819 1861 Omnia
1844 1830 1963 1872 quae-
1988 1807 1992 1811 ⁵

130 1891 315 1932 cumque
344 1877 598 1934 praecepisti
628 1877 738 1920 mihi
770 1877 958 1933 faciam,
981 1882 1120 1933 pater.
1143 1875 1160 1902 2
1178 1876 1404 1927 Quomodo
1422 1880 1573 1919 autem
1595 1875 1830 1932 pecuniam
1847 1875 1964 1918 hanc

129 1936 370 1992 requiram,
394 1937 564 1993 ignoro.
587 1937 671 1980 Ille
693 1951 764 1980 me
789 1936 952 1993 nescit,
977 1941 1020 1979 et
1043 1950 1123 1992 ego
1151 1950 1252 1979 eum
1286 1935 1468 1991 ignor03
1504 1934 1620 1991 quod
1645 1935 1822 1991 signum
1849 1934 1963 1978 dabo

129 1995 199 2038 ei?
221 1995 307 2038 Sed
333 2010 473 2051 neque
498 1996 619 2038 viam
640 2010 718 2052 per
750 2010 882 2052 quam
909 2000 1121 2052 pergatur
1149 1994 1256 2037 111116
1288 1994 1528 2051 aliquando
1562 1994 1764 2050 cognovi.
1796 1993 1814 2020 3
1839 1994 1963 2036 Tunc

128 2059 254 2110 pater
279 2068 381 2097 suus
403 2055 630 2110 respondit
651 2054 739 2112 illi,
764 2059 808 2098 et
834 2055 948 2098 dixit
974 2072 982 2099 :
1011 2054 1367 2110 Chirographum
1392 2053 1572 2109 quidem
1593 2053 1712 2096 illius
1735 2067 1869 2109 penes
1892 2066 1962 2095 1116

128 2112 296 2169 habe03
323 2113 438 2168 quod
461 2113 567 2156 dum
594 2113 663 2155 illi
696 2114 959 2170 ostenderis,
994 2113 1147 2156 statim
1180 2113 1396 2156 restituet.
1423 2112 1440 2139 4
1460 2112 1547 2156 Sed
1580 2127 1714 2168 perge
1743 2126 1880 2168 nunc,
1920 2116 1964 2154 et

128 2172 298 2227 inquire
320 2172 404 2215 tibi
429 2171 622 2228 aliquem
643 2172 821 2215 fidelem
845 2173 1010 2229 virum,
1034 2172 1109 2228 qui
1131 2177 1203 2215 eat
1228 2177 1377 2215 tecum
1398 2171 1524 2214 salva
1550 2171 1750 2214 mercede
1773 2185 1874 2227 sua,
1898 2175 1959 2226 ut,

129 2231 234 2274 dum
255 2231 400 2274 adhuc
425 2231 552 2287 vivo,
578 2231 766 2287 recipias
793 2245 904 2274 eam.

188 2291 204 2317 5
230 2291 355 2333 Tunc
385 2305 585 2346 egressus
618 2290 806 2344 Tobias,
844 2290 1017 2333 invenit
1047 2289 1260 2345 juvenem
1289 2289 1593 2346 splendidum,
1625 2294 1819 2332 stantem
1851 2303 1961 2345 prae-

128 2349 344 2404 cinctum,
370 2355 414 2393 et
435 2349 559 2405 quasi
582 2355 787 2406 paratum
813 2349 869 2392 ad
903 2349 1236 2393 ambulandum.
1260 2349 1277 2376 ⁰
1299 2350 1357 2392 Et
1384 2348 1594 2404 ignorans
1627 2348 1742 2404 quod
1776 2348 1962 2404 angelus

129 2409 213 2451 Dei
245 2414 380 2465 esset,
423 2408 637 2451 salutavit
667 2422 788 2460 611111,
830 2413 874 2451 et
896 2407 1010 2450 dixit
1041 2425 1049 2452 :
1086 2408 1216 2452 Unde
1252 2413 1296 2451 te
1329 2407 1564 2463 habemus,
1599 2407 1713 2450 bone
1748 2407 1960 2463 juvenis?

127 2467 143 2494 ⁷
165 2468 228 2510 At
251 2468 327 2511 ille
352 2467 579 2524 respondit
612 2484 620 2511 ε
644 2468 714 2510 Ex
735 2467 837 2510 filiis
860 2466 1012 2510 Israel.
1037 2467 1095 2509 Et
1116 2467 1279 2509 Tobias
1301 2466 1417 2508 dixit
1442 2466 1481 2509 ei
1511 2483 1519 2510 z
1549 2464 1678 2509 Nosti
1708 2466 1832 2508 viam
1862 2480 1960 2520 quae

127 2527 250 2570 ducit
279 2527 325 2569 in
357 2527 586 2583 regionem
616 2526 878 2570 Medorum?
913 2525 929 2552 8
955 2525 1036 2568 Cui
1064 2525 1293 2582 respondit
1321 2542 1330 2568 ε
1361 2524 1502 2579 Novi,
1542 2529 1586 2568 et
1619 2527 1766 2568 omnia
1802 2523 1960 2567 itinera

127 2586 223 2642 ejus
244 2586 502 2642 frequenter
522 2585 770 2641 ambulavi,
798 2590 843 2628 et
865 2584 1007 2627 mansi
1032 2584 1149 2641 apud
1177 2583 1417 2639 Gabelum,
1437 2583 1624 2626 fratrem
1642 2588 1862 2638 nostrum,
1885 2583 1959 2638 qui

126 2650 322 2688 moratur
341 2645 388 2688 in
416 2646 581 2701 Rages,
607 2644 789 2687 civitate
818 2644 1066 2699 Medorum,
1091 2658 1188 2699 quae
1211 2643 1356 2700 posita
1374 2646 1441 2685 est
1465 2642 1510 2684 in
1528 2647 1678 2685 monte
1701 2641 1957 2685 Ecbatanis.

126 2703 144 2730 9
165 2704 246 2748 Cui
276 2704 439 2748 Tobias
472 2704 537 2746 ait
566 2721 574 2748 ε
610 2703 785 2747 Sustine
819 2717 909 2759 me,
942 2702 1142 2758 obsecro,
1175 2702 1314 2745 donec
1351 2701 1448 2744 haec
1475 2701 1572 2757 ipsa
1608 2701 1810 2743 nuntiem
1843 2700 1959 2756 patri

126 2777 237 2806 me0.

186 2822 222 2848 10
247 2823 373 2865 Τ11116
397 2822 622 2880 ingressus
647 2822 823 2878 Tobias,
850 2820 1068 2863 indicavit
1090 2820 1295 2864 universa
1316 2820 1413 2862 haec
1439 2820 1555 2876 patri
1576 2834 1680 2875 suo3
1705 2833 1836 2876 super
1860 2833 1958 2875 quae

125 2881 369 2925 admiratus
390 2888 528 2938 pater,
551 2882 727 2938 rogavit
752 2886 802 2924 ut
819 2880 1020 2923 introiret
1044 2879 1100 2922 ad
1127 2894 1239 2923 eum.
1262 2879 1295 2905 11
1320 2879 1551 2935 Ingressus
1573 2878 1722 2935 itaque
1744 2877 1958 2921 salutavit

126 2954 245 2997 eum,
269 2945 314 2984 et
339 2940 454 2984 dixit
483 2958 491 2985 ε
526 2940 750 2985 Gaudium
783 2939 866 2983 tibi
899 2939 957 2982 sit
986 2952 1169 2995 semper.
1206 2937 1241 2964 12
1266 2939 1325 2981 Et
1357 2937 1421 2981 ait
1452 2938 1616 2981 Tobias
1643 2955 1651 2982 :
1682 2937 1818 2988 Quale
1851 2951 1958 2993 gau-

125 2999 248 3042 dium
269 2999 380 3042 mihi
401 3000 504 3055 erit,
535 2999 610 3056 qui
635 3000 681 3042 in
710 2999 904 3043 tenebris
935 2997 1084 3054 sedec,
1118 3002 1163 3041 et
1194 2997 1345 3040 lumen
1378 2997 1476 3040 caeli
1505 3011 1592 3040 non
1624 2996 1784 3040 video?
1812 2995 1848 3022 13
1877 2995 1958 3039 Cui

123 3057 188 3100 ait
211 3058 389 3114 juvenis
423 3076 431 3103 :
458 3059 582 3103 Forti
609 3059 757 3102 animo
779 3063 897 3113 esto3
920 3057 967 3100 in
989 3057 1191 3114 proximo
1213 3062 1279 3100 est
1308 3061 1357 3100 ut
1385 3071 1412 3099 a
1433 3057 1539 3100 Deo
1562 3056 1738 3100 cureris.
1770 3055 1805 3082 ¹4
1831 3055 1957 3098 Dixit

123 3116 273 3172 itaque
294 3117 360 3161 illi
385 3118 547 3161 Tobias
578 3135 586 3163 :
606 3117 833 3174 Numquid
858 3117 1022 3174 poteris
1044 3116 1281 3173 perducere
1312 3115 1452 3159 filium
1476 3130 1625 3159 meum
1653 3115 1710 3158 ad
1737 3114 1957 3159 Gabelum

124 3175 170 3218 in
193 3177 359 3233 Rages,
383 3177 614 3221 civitatem
637 3176 896 3221 Medorum?
921 3180 964 3219 et
989 3190 1090 3218 cum
1111 3175 1314 3232 redieris,
1341 3174 1574 3218 restituam
1598 3174 1681 3217 tibi
1707 3173 1956 3217 mercedem

123 3239 259 3279 tuam.
288 3235 323 3263 ¹⁵
349 3238 407 3280 Et
432 3236 546 3280 dixit
572 3236 612 3280 ei
636 3236 821 3293 angelus
850 3253 858 3280 ε
883 3236 980 3291 Ego
1002 3235 1181 3291 ducam,
1217 3240 1261 3278 et
1281 3234 1491 3278 reducam
1513 3249 1613 3278 eum
1645 3233 1698 3276 ad
1732 3238 1790 3276 te.
1817 3231 1853 3259 1⁶
1875 3231 1955 3275 Cui

124 3293 287 3338 Tobias
312 3296 540 3353 respondit
571 3313 580 3340 :
609 3297 733 3352 Rogo
758 3301 822 3351 te,
845 3294 996 3337 indica
1018 3293 1127 3337 mihi
1150 3294 1204 3337 de
1231 3308 1317 3350 qua
1350 3293 1500 3349 domo,
1531 3298 1608 3336 aut
1639 3293 1692 3336 de
1721 3306 1808 3347 qua
1836 3290 1955 3333 tribu

124 3366 171 3395 es
191 3353 269 3397 tu?
293 3353 327 3380 ¹⁷
352 3355 434 3399 Cui
459 3355 659 3411 Raphael
680 3355 865 3410 angelus
890 3353 1004 3396 dixit
1032 3369 1040 3397 ε
1064 3354 1214 3397 Genus
1240 3352 1400 3409 quaeris
1423 3351 1703 3407 mercenarii,
1727 3365 1784 3393 an
1810 3349 1955 3406 ipsum

125 3413 464 3470 mercenarium,
499 3414 573 3470 qui
607 3428 708 3457 cum
737 3413 828 3457 filio
857 3418 932 3456 tuo
965 3411 1067 3456 eat?
1094 3411 1129 3439 ¹8
1157 3412 1244 3456 Sed
1277 3426 1332 3455 ne
1365 3411 1484 3456 forte
1515 3410 1756 3454 sollicitum
1788 3414 1832 3452 te
1857 3407 1954 3450 red-

124 3572 154 3605 ε]
172 3571 274 3600 sccii.
294 3573 433 3608 xxxv,
452 3575 600 3608 12.—11]
619 3573 722 3603 Eccli.
741 3573 870 3608 xxm,
889 3573 1035 3606 15.—-13]
1055 3574 1069 3600 1
1089 3573 1204 3601 Thess.
1220 3573 1277 3607 1v,
1293 3572 1423 3605 3.-14]
1438 3572 1516 3600 Gen.
1535 3571 1601 3605 111,
1617 3569 1953 3603 5.-15]LeV.X1X,

121 3617 169 3644 13.
191 3616 290 3644 Dent.
310 3617 436 3653 xxw,
453 3621 497 3646 14.
516 3633 551 3639 -
570 3620 616 3652 16]
635 3619 850 3653 Matth.V11‚
873 3620 915 3645 12.
937 3617 1016 3645 Luc.
1036 3617 1094 3652 v1,
1110 3620 1154 3646 31.
1172 3631 1209 3636 —
1226 3618 1273 3652 17]
1292 3617 1372 3645 Luc.
1391 3605 1482 3651 xi’v,
1502 3618 1545 3644 13.
1559 3629 1596 3635 -
1611 3615 1659 3649 23]
1679 3615 1776 3643 Rom.
1792 3614 1890 3649 v111,
1909 3616 1948 3642 17.

2059 1355 2098 1383 Ei
2116 1355 2240 1384 indicat

2048 1401 2177 1429 talenta
2195 1401 2253 1429 Ga-

2045 1445 2119 1472 belo
2136 1448 2255 1472 mutuo

2110 1488 2196 1516 data.

2028 1825 2180 1858 Angelus
2210 1826 2272 1853 Ra-

2028 1869 2126 1902 phael
2159 1876 2270 1898 comes

2084 1912 2217 1941 itineris

2043 1956 2258 1990 suscipiendi.
