2456 3861
763 113 877 154 GEN.
915 112 1055 166 XIII,
1094 113 1145 154 18
1172 138 1230 143 —
1262 112 1386 166 XIV,
1422 114 1489 154 24.
1986 117 2037 157 13

216 281 512 338 longitudine,
540 282 650 324 etin
678 281 914 325 latitudine
949 296 1056 337 sua3
1091 281 1194 337 quia
1220 281 1301 324 tibi
1329 281 1508 324 daturus
1534 295 1630 324 sum
1656 297 1766 325 eam.
1796 283 1829 309 ¹⁸
1857 285 2039 326 Movens

215 341 349 397 igit-ur
382 340 713 384 tabernaculum
752 355 878 383 suum
919 340 1107 394 Abram,
1142 340 1266 383 venit
1297 346 1342 383 et
1373 339 1594 383 habitavit
1626 340 1757 396 juxta
1790 342 2038 385 convallem

214 399 434 455 Mambre,
462 414 558 455 quae
583 406 650 442 est
675 400 719 441 in
744 399 947 454 Hebron,
977 399 1299 455 {edificavitque
1324 398 1386 441 ibi
1412 399 1549 442 altare
1578 399 1779 444 Domino.

687 520 710 576 ξ
746 520 832 564 ΙΙΙ.
868 545 925 551 -
959 519 1131 562 Abram
1165 525 1204 562 et
1236 519 1564 563 Melchisedech.

270 636 376 678 GAP.
404 634 529 677 XIV.
555 660 613 666 —
649 632 658 658 ¹
687 633 874 675 Factum
908 631 983 675 est*
1007 637 1154 675 autem
1188 633 1232 675 in
1267 632 1342 675 illo
1376 638 1592 690 tempore,
1622 639 1669 677 ut
1695 635 1938 691 Amraphel
1964 629 2042 679 rex

212 693 420 748 sennaar,
459 698 504 735 et
540 691 705 735 Arioch
742 705 818 734 rex
857 690 1008 746 Ponti,
1036 698 1081 734 et
1117 691 1493 734 Chodorlahomor
1532 707 1608 735 rex
1647 693 1958 749 Elamitarum,
1997 699 2042 737 et

211 752 383 795 Thndal
410 765 486 794 rex
514 749 747 804 Gentium,
781 748 799 775 ²
824 749 988 793 inirent
1014 749 1180 792 bellum
1206 759 1361 792 contra
1388 751 1521 804 Bara,
1548 765 1696 806 regem
1731 752 2039 808 Sodomorum,

210 817 253 854 et
280 815 433 853 contra
460 811 616 864 Bersa,
642 822 792 864 regem
825 809 1104 864 Gomorrhae,
1132 813 1177 851 et
1209 813 1362 851 contra
1396 809 1620 862 Sennaab,
1647 825 1796 865 regem
1831 811 2038 867 Adamae,

210 875 255 912 et
280 875 435 912 contra
460 867 678 922 Semeber,
697 882 848 923 regem
875 867 1073 922 Seboim‚
1093 873 1333 922 contraque
1360 881 1509 923 regem
1530 868 1672 923 Balae,
1693 869 1788 924 ipsa
1805 875 1871 912 est
1890 871 2039 926 Segor.

210 928 228 954 3
252 928 415 971 Omnes
448 927 492 970 hi
519 932 823 969 convenerunt
848 926 892 968 in
918 926 1082 969 vallem
1110 925 1390 981 Silvestrem,
1418 940 1515 981 quae
1542 940 1659 969 nunc
1685 935 1751 969 est
1777 942 1895 971 mare
1921 929 2038 973 salis.

210 986 227 1013 ⁴
253 986 498 1029 Duodecim
524 985 642 1028 enim
668 985 796 1028 annis
829 985 1075 1028 servierant
1106 984 1495 1040 Chodorlahomor,
1523 992 1567 1028 et
1593 985 1900 1029 tertiodecimo
1926 1002 2041 1030 anno

209 1052 483 1088 recesserunt
517 1044 571 1087 ab
597 1058 659 1087 eo.
695 1044 712 1070 ⁵
738 1045 883 1100 Igitur
914 1043 1244 1100 quartodecimo
1278 1058 1394 1086 anno
1429 1043 1551 1086 venit
1584 1044 1970 1101 Chodorlahomor,
1998 1052 2041 1089 et

208 1118 334 1160 reges
359 1103 433 1160 qui
459 1109 586 1147 erant
611 1117 710 1146 cum
738 1118 816 1156 e0;
845 1107 1241 1159 percusseruntque
1267 1102 1486 1159 Raphaim
1511 1102 1556 1145 in
1583 1104 2039 1161 Astaroth-carnaim,

208 1169 253 1206 et
278 1163 428 1206 Zuzim
453 1177 553 1206 cum
579 1162 662 1218 eis,
690 1168 735 1205 et
764 1163 910 1205 Emim
929 1161 975 1204 in
993 1161 1438 1217 Save-cariathaim,
1473 1161 1490 1187 6
1514 1168 1559 1205 et
1584 1162 1812 1205 Chorraeos
1847 1162 1892 1205 in
1918 1178 2040 1207 mon-

208 1222 327 1266 tibus
353 1221 460 1276 Seir,
490 1235 625 1277 usque
652 1221 707 1264 ad
736 1221 1002 1278 campestria
1028 1221 1226 1276 Pharan,
1253 1235 1352 1276 quae
1379 1228 1446 1264 est
1478 1220 1524 1262 in
1549 1221 1803 1265 solitudine.
1839 1221 1854 1247 ‘¹
1880 1223 2040 1266 Rever-

208 1281 330 1337 sique
358 1285 480 1335 sunt,
511 1286 555 1323 et
579 1287 798 1324 venerunt
835 1280 890 1323 ad
916 1281 1090 1323 fontem
1118 1280 1334 1336 Misphat,
1362 1281 1458 1336 ipsa
1488 1285 1554 1322 est
1585 1280 1756 1336 Cades3
1792 1285 1836 1324 et
1866 1295 2040 1338 percus-

208 1347 360 1383 serunt
389 1353 564 1382 omnem
590 1339 816 1395 regionem
842 1339 1212 1394 Amalecitarum,
1233 1345 1277 1381 et
1303 1339 1610 1382 Amorrhaeum
1637 1340 1711 1395 qui
1736 1339 1970 1383 habitabat
1995 1341 2040 1383 in

209 1398 619 1442 Asason-Thamar.
655 1398 671 1424 ⁸
699 1399 757 1440 Et
791 1398 956 1454 egressi
989 1403 1092 1440 sunt
1124 1412 1202 1441 rex
1234 1398 1543 1453 Sodomorum,
1575 1405 1618 1441 et
1654 1413 1732 1441 rex
1759 1400 2039 1455 Gomorrhae,

206 1471 371 1513 rexque
398 1457 605 1512 Adam-ae,
634 1461 678 1500 et
702 1471 778 1500 rex
807 1456 1003 1512 Seboim,
1031 1470 1204 1500 necnon
1231 1463 1276 1499 et
1308 1471 1386 1499 rex
1414 1457 1554 1513 Balae,
1583 1472 1680 1513 quae
1714 1464 1780 1501 est
1807 1459 1971 1514 Seg0r3
1997 1464 2040 1502 et

207 1516 464 1559 direxerunt
483 1516 623 1558 aciem
643 1521 798 1559 contra
819 1530 892 1559 eos
911 1515 956 1558 in
979 1515 1097 1559 valle
1124 1515 1322 1559 Silvestri
1342 1533 1350 1570 ;
1380 1515 1398 1541 9
1415 1515 1585 1559 scilicet
1612 1516 1821 1560 adversus
1848 1517 2039 1561 Chodor-

207 1575 406 1618 lahomor
442 1589 593 1630 regem
631 1574 944 1631 Elamitarum,
980 1579 1024 1618 et
1056 1574 1230 1618 Thadal
1265 1589 1415 1631 regem
1453 1575 1685 1631 Gentium,
1720 1581 1764 1619 et
1797 1577 2040 1632 Amraphel

207 1648 358 1690 regem
384 1635 592 1689 Sennaar,
613 1639 657 1676 et
683 1634 847 1677 Arioch
867 1648 1021 1690 regem
1047 1634 1178 1676 Ponti
1201 1650 1211 1677 t
1237 1643 1424 1690 quatuor
1447 1648 1574 1689 reges
1599 1634 1810 1678 adversus
1833 1635 2039 1691 quinque.

208 1692 244 1719 ¹⁰
272 1692 411 1736 Vallis
445 1701 593 1736 autem
629 1693 852 1736 Silvestris
884 1693 1079 1736 habebat
1111 1698 1267 1749 puteos
1300 1693 1463 1736 multos
1497 1692 1742 1737 bituminis.
1771 1695 1928 1750 Itaque
1962 1709 2041 1738 rex

208 1752 517 1807 Sodomorum,
555 1756 599 1795 et
637 1753 915 1807 Gomorrhae,
953 1757 1078 1808 terga
1106 1757 1350 1807 verterunt,
1375 1752 1717 1808 cecideruntque
1754 1752 1846 1808 ibi3
1887 1758 1931 1796 et
1967 1754 2040 1810 qui

206 1816 533 1867 remanserant,
561 1811 778 1867 fugerunt
803 1811 858 1854 ad
891 1817 1103 1854 montem.
1142 1810 1174 1836 ¹¹
1201 1811 1418 1854 Tulerunt
1442 1817 1589 1854 autem
1626 1826 1802 1855 omnem
1836 1812 2039 1855 substan-

206 1870 316 1913 tiam
343 1870 652 1923 Sodomorum,
679 1875 723 1913 et
749 1871 1028 1927 Gomorrhae,
1048 1877 1093 1913 et
1118 1870 1323 1913 universa
1348 1884 1445 1925 quae
1471 1870 1526 1913 ad
1553 1870 1702 1913 cibum
1727 1871 1972 1927 pertinent,
1997 1877 2039 1915 et

205 1928 438 1983 abierunt,
476 1928 511 1955 ¹2
535 1943 708 1973 necnon
743 1935 787 1973 et
821 1931 906 1973 Lot
938 1937 983 1974 et
1019 1929 1317 1973 substantiam
1350 1929 1468 1985 ejus,
1496 1929 1648 1972 filium'
1669 1930 1822 1973 fratris
1850 1930 2037 1987 Abram,

206 1988 279 2044 qui
305 1988 539 2031 habitabat
564 1989 610 2030 in
636 1989 850 2032 Sodomis.

267 2047 302 2074 ¹3
321 2048 378 2090 Et
403 2061 505 2090 ecce
531 2062 643 2090 unus
669 2048 743 2103 qui
769 2053 991 2104 evaserat,
1021 2049 1247 2092 nuntiavit
1273 2048 1444 2091 Abram
1469 2048 1683 2105 Hebraeo,
1708 2049 1782 2105 qui
1807 2049 2039 2092 habitabat

205 2106 251 2149 in
278 2107 478 2149 convalle
508 2107 706 2150 Mambre
740 2108 1011 2163 Amorrhaei,
1038 2108 1193 2151 fratris
1221 2107 1398 2162 Eschol,
1418 2111 1461 2149 et
1484 2108 1638 2151 fratris
1673 2110 1822 2163 Aner3
1850 2108 1895 2150 hi
1921 2108 2039 2152 enim

206 2165 470 2223 pepigerant
504 2166 651 2209 foedus
689 2181 789 2209 cum
822 2168 1004 2210 Abram.
1042 2167 1077 2193 ¹4
1103 2167 1226 2218 Quod
1265 2181 1365 2210 cum
1403 2167 1598 2210 audisset
1635 2168 1824 2223 Abram,
1859 2177 2039 2224 captum

206 2224 418 2268 videlicet
452 2226 537 2268 Lot
573 2225 759 2268 fratrem
796 2241 944 2282 suum,
973 2227 1225 2270 numeravit
1260 2226 1491 2282 expeditos
1524 2227 1785 2269 vernaculos
1819 2241 1919 2269 suos
1952 2232 2038 2270 tre-

206 2290 359 2326 centos
394 2283 547 2326 decem
573 2292 617 2327 et
643 2293 770 2340 octo,
798 2290 842 2328 et
867 2291 1121 2342 persecutus
1155 2294 1222 2328 est
1250 2299 1383 2342 usque
1411 2287 1524 2330 Dan.
1562 2285 1597 2312 ¹⁵
1624 2287 1680 2329 Et
1707 2285 1860 2328 divisis
1887 2286 2036 2342 sociis,

206 2343 332 2385 irruit
372 2357 502 2399 super
542 2357 614 2386 eos
651 2354 808 2398 nocte3
846 2345 1148 2401 percussitque
1187 2359 1280 2388 eos.
1322 2352 1366 2387 et
1402 2350 1658 2401 persecutus
1695 2357 1761 2388 est.
1797 2359 1870 2388 eos
1904 2360 2038 2401 usque

207 2402 359 2458 Hoba,
387 2416 484 2458 quae
509 2411 576 2446 est
603 2402 657 2445 ad
684 2403 844 2446 laevam
880 2405 1101 2447 Damasci.
1138 2403 1174 2430 ¹⁶
1202 2404 1483 2460 Reduxitque
1509 2418 1685 2448 omnem
1719 2404 2036 2460 substantiam,

207 2467 249 2505 et
276 2462 362 2504 Lot
386 2462 573 2505 fratrem
598 2477 725 2504 suum
751 2477 849 2504 cum
876 2463 1126 2506 substantia
1153 2463 1291 2518 illlus,
1311 2463 1517 2506 mulieres
1543 2477 1714 2519 quoque
1742 2468 1786 2506 et
1811 2464 2036 2520 populum.

266 2520 299 2547 ¹⁷
328 2522 543 2576 Egressus
579 2530 647 2564 est
678 2527 828 2564 autem
864 2536 942 2564 rex
975 2522 1262 2565 Sodomorum
1300 2522 1345 2564 in
1382 2536 1611 2565 occursum
1650 2523 1764 2579 ejus,
1805 2534 2039 2578 postquam

206 2594 408 2623 reversus
434 2591 501 2623 est
525 2596 551 2623 a
578 2581 705 2624 caede
724 2580 1110 2636 Chodorlahomor,
1139 2586 1183 2624 et
1207 2595 1361 2637 regum
1387 2582 1460 2637 qui
1487 2595 1587 2623 cum
1617 2595 1667 2624 eo
1691 2586 1836 2637 erant,
1855 2582 1900 2624 in
1921 2581 2037 2624 valle

208 2640 338 2694 Save,
366 2654 464 2695 quae
490 2646 557 2682 est
588 2640 719 2682 vallis
751 2641 881 2695 regis.
921 2639 955 2666 18
983 2641 1044 2683 At
1078 2655 1181 2683 vero
1217 2639 1545 2683 Melchisedech
1582 2654 1660 2683 rex
1693 2640 1859 2688 Salem.
1890 2640 2037 2696 profe-

205 2713 306 2742 rens
332 2713 490 2755 panem
518 2704 562 2742 et
586 2700 760 2754 vinum,
788 2708 881 2742 erat
906 2700 1024 2742 enim
1050 2699 1253 2742 sacerdos
1289 2699 1372 2742 Dei
1400 2699 1624 2755 altissimi,
1658 2699 1694 2725 ¹9
1718 2699 1950 2742 benedixit
1975 2700 2036 2754 ei,

207 2763 250 2801 et
283 2759 381 2802 ait:
418 2758 685 2801 Benedictus
718 2759 886 2801 Abram
922 2760 1017 2802 Deo
1047 2759 1242 2803 excelso.
1273 2760 1346 2814 qui
1384 2759 1552 2801 creavit
1585 2758 1742 2801 caelum
1769 2764 1813 2801 et
1847 2764 2034 2813 terram3

206 2816 244 2843 2⁰
268 2823 312 2860 et
345 2817 606 2860 benedictus
635 2819 754 2861 Deus
792 2817 1012 2874 excelsus,
1041 2832 1126 2874 quo
1163 2823 1445 2875 protegente.
1475 2818 1623 2861 hostes
1649 2818 1694 2860 in
1720 2818 1924 2860 manibus
1951 2820 2037 2860 tuis

207 2885 322 2920 suut.
345 2879 400 2920 Et
425 2877 549 2920 dedit
574 2877 613 2920 ei
639 2877 834 2920 decimas
859 2891 913 2920 ex
941 2877 1158 2920 omnibus.
1182 2877 1216 2903 ”2¹
1239 2877 1365 2920 Dixit
1390 2882 1539 2920 autem
1565 2892 1643 2920 rex
1670 2876 1956 2921 Sodomorum
1983 2877 2036 2920 ad

207 2936 377 2979 Abram
407 2953 415 2980 :
455 2938 524 2979 Da
555 2937 664 2979 mihi
700 2938 888 2991 animas,
925 2942 1071 2980 cetera
1103 2937 1210 2980 tolle
1244 2937 1338 2980 tibi.
1363 2935 1401 2962 Ἡ
1426 2938 1504 2987 Qui
1540 2936 1767 2993 respondit
1800 2937 1839 2979 ei
1871 2952 1879 2979 :
1917 2938 2036 2979 Levo

208 3010 386 3037 manum
413 3010 558 3038 meam
585 2996 639 3039 ad
667 2997 908 3039 Dominum
936 2998 1079 3040 Deum
1114 2996 1336 3039 excelsum
1362 3010 1656 3053 possessorem
1683 2995 1780 3038 caeli
1816 3002 1860 3038 et
1885 3000 2033 3050 terrae,

207 3052 245 3080 ²3
265 3055 380 3110 quod
406 3069 433 3097 a
456 3055 530 3097 filo
563 3055 856 3110 subtegminis
893 3070 1028 3112 usque
1062 3056 1117 3098 ad
1143 3055 1378 3111 corrigiam
1411 3056 1591 3112 caligae,
1621 3069 1707 3098 non
1737 3055 1955 3112 accipiam
1980 3069 2036 3097 ex

211 3113 412 3156 omuibus
445 3128 542 3170 quae
576 3120 652 3157 tua
688 3122 811 3163 sunt,
842 3129 895 3158 ne
928 3115 1051 3158 dicas
1082 3131 1090 3158 ε
1129 3116 1223 3171 Ego
1256 3115 1395 3158 ditavi
1423 3114 1621 3170 Abram3
1657 3113 1694 3140 24
1719 3114 1917 3170 exceptis
1947 3114 2028 3168 his,

216 3185 306 3228 quae
342 3173 630 3216 comederunt
664 3174 873 3230 juvenes,
907 3180 951 3218 et
988 3175 1188 3231 partibus
1221 3175 1436 3229 virorum,
1472 3175 1545 3231 qui
1583 3182 1800 3217 venerunt
1836 3186 2025 3224 mecum,

208 3233 340 3286 Auer,
355 3232 578 3285 EschoLet
592 3233 791 3276 Mambre
812 3251 820 3289 3
849 3234 922 3276 isti
947 3235 1168 3290 accipient
1193 3247 1340 3290 partes
1365 3248 1477 3277 suas.

209 3395 254 3428 18]
275 3396 375 3423 Hebr.
392 3397 474 3425 VII.
496 3400 519 3425 1,

2141 644 2250 676 Reges
2272 643 2311 670 ab

2106 686 2241 716 Oriente
2256 685 2341 715 iuva»

2186 730 2271 758 dunt

2118 774 2334 807 Pentapolim.

2166 2052 2287 2081 Abram

2105 2095 2215 2125 victor
2260 2096 2343 2125 insa

2165 2140 2281 2174 quitur

2135 2184 2314 2213 invasores.

2115 2528 2334 2558 Benedicitur

2122 2582 2140 2602 a
2158 2573 2330 2602 Melchise-

2177 2617 2268 2645 decb.
