2391 3861
873 103 938 145 IV
976 104 1110 145 merui.
1147 101 1232 147 VI.
1272 101 1398 143 1-52.
2119 97 2189 138 17*

137 287 225 319 Cae.
253 287 314 318 VI.
341 300 382 306 -—
409 277 418 303 ¹
440 287 485 318 Et
507 286 603 317 dixit
628 285 674 316 ad
700 292 782 316 me:
815 283 926 315 Initio
951 282 1090 315 terreni
1112 282 1209 314 orbis
1237 284 1276 314 tt
1300 283 1497 320 antequam
1530 281 1675 312 starent
1703 278 1825 311 exitus
1853 276 1999 317 saeouli,
2022 279 2061 309 et
2091 279 2190 308 anto·

87 347 199 378 quam
227 338 414 378 spirarent
445 336 707 369 conventiones
730 338 946 374 ventorum,
976 327 992 352 ²
1016 338 1054 366 et
1087 336 1287 372 ant-quam
1321 335 1496 365 sonarent
1529 338 1635 363 vot-es
1668 331 1898 368 tonitruum,
1925 331 1963 361 et
1992 330 2193 367 antequam

87 391 321 430 splenderent
349 390 486 421 nitores
517 389 902 424 coruscationum,-et
933 388 1136 424 antequam
1163 385 1476 417 comminarentur
1500 382 1749 414 fundamenta
1776 380 1957 420 paradisi,
1985 372 2001 398 3
2019 382 2057 412 et
2090 380 2193 412 ante-

87 450 195 481 quam
226 442 442 473 viderentur
474 440 594 472 det-orl
624 440 746 478 flores,
775 443 812 470 et
844 441 1044 476 antequam
1077 437 1387 469 confirmarentur
1412 437 1524 466 motae
1553 433 1731 472 virtutes,
1760 434 1799 464 et
1826 436 2024 471 antequam
2049 430 2194 470 collige-

86 497 218 526 rentur
242 492 528 523 innumerabilem
561 490 706 522 militnm
739 490 978 528 angelorum,
1003 481 1017 506 4
1036 492 1074 521 et
1106 493 1306 526 antequam
1339 487 1610 519 extollet-entur
1637 483 1857 516 altitudines
1888 486 2002 523 aeris,
2027 485 2064 515 et
2094 484 2195 514 ante-

87 553 196 584 quam
219 544 502 575 nominarentur
520 550 701 573 mensurae
723 542 1062 579 firmamentorum,
1081 542 1120 572 et
1142 544 1340 578 antequam
1360 540 1563 570 aestuarwnt
1580 536 1714 569 camini
1739 535 1777 567 in
1795 534 1892 574 Sion,
1912 527 1928 552 5
1941 537 1978 567 et
1995 540 2193 573 antequam

86 595 403 633 investigarentur
429 598 627 632 praesentes
660 592 768 631 anui,
793 595 830 624 et
855 595 1053 630 antequam
1089 591 1194 623 ebali
1210 593 1393 621 narentur
1417 597 1564 627 eornm,
1591 588 1654 627 qui
1687 594 1787 619 nunc
1815 589 1986 626 peceant,
2021 587 2195 618 adinven-

86 647 222 685 tiones,
240 650 280 677 et
303 645 510 683 consignati
533 646 654 676 essent
675 644 736 682 qui
758 643 866 674 fldem
884 643 1235 674 thesaurizaverunt
1248 666 1256 680 ‚
1279 632 1295 659 ⁶
1315 643 1403 672 tunc
1424 639 1601 679 cogitavi,
1625 641 1660 671 et
1686 639 1787 670 facta
1803 641 1891 669 sunt
1908 646 1972 677 per
1995 645 2051 669 me
2068 638 2197 675 solum,

87 700 125 730 et
149 705 221 729 non
247 704 312 736 per
335 696 471 735 alium;
495 697 533 727 et
559 695 640 726 linis
665 702 731 734 per
755 702 833 731 me,
858 699 896 726 ot,
921 702 993 725 non
1014 701 1079 732 per
1104 694 1226 725 alium.

137 741 153 767 ⁷
175 749 218 780 Et
244 747 435 786 respondi,
457 749 495 779 et
517 747 594 778 dixi
613 756 621 779 :
648 745 736 784 Quae
760 745 832 777 erit
857 744 1041 784 separatio
1065 745 1302 783 temporum?
1325 745 1388 775 aut
1415 743 1564 781 quando
1585 742 1718 782 priorls
1745 742 1848 780 finis,
1866 743 1904 773 et
1924 741 2112 780 sequentis
2133 740 2196 772 ini—

86 801 179 833 tium
192 801 208 832 ‘1’
232 791 249 818 ⁸
268 800 314 831 Et
335 798 428 830 dixit
453 799 502 830 ad
523 805 582 830 me
599 807 608 830 :
630 798 685 829 Ab
708 797 894 828 Abraham
912 804 1027 835 usque
1050 797 1233 834 ndisaac,
1255 795 1404 834 quando
1421 795 1498 826 nati
1518 797 1608 826 sunt
1628 793 1674 825 ab
1693 800 1736 824 eo
1753 793 1868 825 Jacob
1884 796 1922 824 et
1944 793 2052 832 Esau,
2069 800 2198 825 manus

85 852 200 885 Jacob
227 851 378 883 tenebat
401 850 450 882 ab
473 850 581 882 initio
600 850 816 881 calcaneum
841 849 964 887 Esau;
991 839 1006 865 ⁰
1025 848 1108 879 nnis
1133 849 1231 879 enim
1257 847 1368 883 hujus
1394 845 1519 878 t-aeculi
1546 846 1661 884 Esau,
1690 845 1730 876 et
1758 843 1982 884 principium
2009 844 2199 882 sequentis

86 904 214 936 Jacob.
239 894 273 921 ¹⁰
292 901 457 934 Hominis
482 909 613 934 manus
638 901 973 932 intersscalcaumm
996 902 1033 931 et
1058 907 1221 931 manum.
1249 897 1359 930 Aliud
1386 898 1459 928 noll
1486 905 1673 936 (μυεῖ-ονε,
1698 896 1824 928 Esdra.
1843 887 1870 913 ¹¹
1892 897 1939 928 Et
1960 895 2141 935 respondi,
2162 897 2199 928 et

88 955 163 988 dixi
180 965 189 987 z
210 954 238 987 Ο
260 954 473 986 dominator
491 953 664 992 Domine,
680 952 710 983 si
731 951 854 983 inveni
878 951 1040 991 gratiam
1066 955 1151 983 ante
1173 951 1296 982 oculos
1317 952 1420 987 tuus,
1442 940 1474 966 12
1490 957 1554 980 oro
1571 952 1613 981 ut
1631 949 1864 988 demonstres
1879 955 1986 980 servo
2006 950 2073 979 tuo
2090 947 2200 978 finem

86 1007 276 1046 signorum
294 1011 463 1044 tuorum,
482 1013 640 1044 quorum
659 1007 804 1043 partem
829 1003 921 1035 mihi
943 1001 1210 1035 demonstrasti
1235 1003 1342 1033 non-te
1368 1000 1602 1040 praet-ostenti.
1625 991 1657 1018 13
1678 1000 1724 1031 Et
1747 999 1957 1038 respondit,
1976 1001 2016 1031 et
2037 998 2131 1031 dixit
2153 999 2201 1031 ad

89 1067 172 1091 me:
197 1058 311 1097 Surge
342 1065 455 1097 super
478 1057 589 1097 pedes
611 1060 716 1094 tuos,
741 1058 779 1088 et
804 1055 889 1087 audi
918 1062 1044 1086 vocem
1073 1053 1319 1094 plenissimam
1349 1053 1505 1085 sonitus-1.
1537 1043 1568 1069 ¹⁴
1596 1052 1644 1082 Et
1676 1052 1747 1084 erit
1775 1050 1869 1082 sicut
1893 1051 2107 1089 commotio,
2135 1058 2201 1082 nec

87 1109 383 1143 commovebitur
407 1110 527 1148 locus,
554 1109 594 1140 in
621 1117 693 1147 quo
716 1111 790 1140 stes
815 1115 924 1147 supet·
945 1115 1039 1139 eum,
1066 1097 1100 1124 15
1120 1106 1205 1137 Ideo
1231 1113 1314 1138 cum
1342 1105 1524 1143 loquitur,
1551 1106 1592 1135 tu
1617 1111 1693 1134 non
1722 1111 1924 1143 expaveas,
1956 1103 2130 1142 quonlam
2157 1102 2202 1135 de

89 1163 160 1194 fine
182 1162 339 1194 verbum
360 1163 399 1193 et
424 1161 708 1193 tundamentum
730 1162 843 1192 terrae
866 1158 1105 1198 intelligitur,
1124 1148 1157 1176 ¹⁶
1173 1157 1347 1197 quoniam
1369 1156 1413 1189 de
1433 1155 1520 1195 ipsis
1538 1163 1657 1187 sermo
1674 1154 1856 1186 tremiscit
1872 1157 1911 1187 et
1928 1155 2201 1192 commovetur;

87 1214 156 1247 :cit
176 1213 273 1246 enim
299 1212 474 1252 quoniam
500 1213 610 1244 finem
633 1220 762 1244 eorum
786 1215 932 1251 oportet
957 1211 1190 1243 commutari.

141 1256 172 1283 ¹⁷
199 1265 248 1297 Et
271 1266 412 1297 factum
436 1266 505 1303 est,
533 1272 617 1296 cum
641 1263 842 1303 audissem,
873 1264 1018 1295 surrexi
1039 1270 1148 1302 super
1168 1262 1278 1302 pedes
1303 1269 1422 1300 meos,
1447 1261 1484 1293 et
1511 1259 1665 1292 audivi:
1694 1260 1839 1292 et2ecce
1866 1268 1936 1292 vox
1966 1259 2136 1297 loquens,
2163 1259 2199 1291 et

89 1325 200 1350 sonus
220 1318 297 1356 elus
322 1318 419 1348 sicut
443 1325 554 1348 sonus
582 1324 762 1355 aquarum
789 1314 1014 1354 multarum,
1039 1305 1072 1332 ¹⁸
1090 1316 1127 1346 et
1157 1313 1276 1346 dixit:
1303 1314 1392 1345 Ecce
1418 1312 1493 1344 dies
1521 1312 1700 1350 veniunt,
1726 1312 1765 1343 et
1791 1310 1864 1343 erit
1892 1310 2042 1350 quando
2074 1317 2197 1349 appro

89 1369 271 1410 pinquare
290 1368 462 1407 incipiam
474 1393 483 1407 ‚
503 1370 547 1400 ut
568 1367 714 1399 visitem
740 1367 954 1399 habitantes
978 1366 1016 1399 in
1038 1369 1165 1406 terra3
1187 1356 1221 1384 19
1238 1369 1276 1397 et
1295 1365 1442 1405 quando
1460 1364 1648 1403 inquirere
1666 1362 1840 1403 incipiam
1858 1363 1904 1395 ab
1920 1363 1972 1394 eis
1988 1361 2051 1401 qui
2069 1362 2203 1400 injuste

89 1425 296 1453 nocuerunt
317 1419 505 1459 injustitia
528 1428 615 1458 sua,
639 1421 677 1452 et
701 1419 850 1457 quando
875 1420 1047 1459 suppleta
1071 1419 1190 1450 fuerit
1217 1416 1410 1450 humilitas
1436 1416 1532 1448 Sion.
1560 1407 1596 1434 20
1620 1415 1669 1447 Et
1692 1423 1778 1447 cum
1797 1412 2118 1454 supersignabitur
2139 1421 2205 1445 sae-

88 1474 211 1506 culum
236 1472 334 1511 quod
360 1471 514 1511 incipiet
564 1472 810 1511 pertransire,
836 1472 915 1503 haec
936 1470 1039 1510 signa
1064 1469 1201 1502 faciam
1221 1479 1228 1503 :
1252 1469 1356 1501 Libri
1381 1468 1601 1508 aperientur
1621 1468 1708 1499 ante
1733 1467 1868 1499 faciem
1890 1465 2144 1503 firmamenti,
2167 1469 2205 1496 et

90 1532 216 1557 omnes
242 1524 423 1556 videbunt
455 1523 584 1562 simul,
609 1514 639 1540 ²¹
659 1526 698 1555 et
729 1522 893 1555 anniculi
918 1523 1082 1555 infantes
1116 1523 1320 1561 loquentur
1346 1521 1496 1552 vocibus
1526 1518 1621 1557 suis,
1645 1520 1684 1550 et
1713 1520 1950 1558 praegnantes
1983 1519 2205 1549 immaturos

91 1575 234 1617 parient
263 1576 425 1607 infantes
449 1576 567 1606 trium
592 1576 630 1606 et
654 1577 817 1614 quatuor
842 1574 1043 1614 mensium,
1071 1576 1110 1606 et
1130 1573 1278 1612 vivent,
1302 1574 1342 1605 et
1371 1571 1668 1604 suscitabuntur.
1693 1561 1730 1588 22
1751 1571 1798 1602 Et
1819 1571 1944 1603 subito
1973 1569 2207 1609 apparebunt

91 1628 275 1660 seminata
299 1627 381 1658 loca
401 1634 476 1658 non
494 1625 694 1664 seminata,
720 1628 760 1658 et
779 1627 887 1666 plena
912 1624 1165 1665 promptuaria
1189 1626 1312 1657 subito
1336 1623 1580 1656 invenientur
1603 1630 1742 1660 vacua;
1765 1614 1803 1641 23
1819 1626 1857 1655 et
1883 1622 1975 1654 tuba
1995 1622 2102 1653 canet
2122 1627 2207 1652 cum

89 1687 200 1717 sono:
221 1687 334 1718 quam
350 1686 434 1710 cum
459 1686 584 1709 omnes
604 1677 812 1716 audierint,
831 1677 954 1708 subito
975 1679 1230 1715 expavescent.
1250 1668 1286 1694 2⁴
1310 1676 1357 1708 Et
1380 1677 1452 1708 erit
1477 1677 1515 1707 in
1542 1676 1603 1707 illo
1627 1682 1809 1714 tempore,
1835 1674 2071 1706 debellabunt
2096 1673 2205 1704 amici

90 1732 227 1764 amicos
242 1733 287 1762 ut
311 1730 471 1768 inimici,
492 1732 530 1761 et
550 1730 767 1768 expavescet
787 1731 887 1760 terra
908 1735 993 1759 cum
1014 1728 1089 1766 his,
1107 1729 1145 1759 et
1167 1735 1271 1759 venae
1295 1728 1459 1759 fontium
1479 1727 1652 1766 stabunt,
1668 1729 1707 1758 et
1727 1734 1801 1758 non
1821 1727 2019 1758 decurrent
2043 1725 2082 1756 in
2107 1724 2207 1755 horis

89 1783 231 1819 tribus:
249 1774 287 1800 ²5
312 1783 349 1814 et
371 1782 461 1820 erit,
486 1781 606 1812 omnis
626 1781 692 1819 qui
712 1781 909 1812 derelictus
933 1779 1049 1811 fuerit
1073 1787 1119 1811 ex
1142 1778 1315 1810 omnibus
1340 1779 1421 1811 istis
1445 1779 1580 1817 quibus
1601 1779 1759 1817 praedixi
1778 1778 1866 1817 tibi,
1893 1778 1968 1816 ipse
1991 1775 2208 1813 salvabitur,

88 1835 126 1866 et
150 1833 474 1865 videbit-salutare
493 1841 636 1870 meum,
658 1837 696 1864 et
716 1832 827 1863 finem
848 1831 975 1863 saeculi
997 1831 1124 1863 vestri.
1143 1821 1179 1848 ²5
1199 1831 1246 1862 Et
1260 1830 1449 1862 >videbunt
1469 1831 1534 1869 qui
1559 1830 1696 1869 recepti
1717 1831 1805 1862 sunt
1826 1829 2010 1867 homines,
2028 1827 2093 1866 qui
2114 1833 2208 1857 mor-

91 1885 167 1916 tem
191 1891 267 1927 non
291 1883 542 1921 gustaverunt
565 1890 587 1913 a
612 1881 810 1914 nativitate
832 1890 920 1921 sua,
947 1883 986 1914 et
1012 1881 1224 1914 mutabitur
1248 1889 1311 1913 cor
1335 1879 1652 1919 inhabitantium,
1669 1881 1707 1912 et
1732 1882 1977 1913 convertetur
2000 1881 2038 1912 in
2060 1887 2208 1912 sensum

91 1935 218 1967 alium.
242 1926 278 1953 27
298 1933 492 1966 Delebitur
515 1933 612 1965 enim
639 1935 779 1965 malum
795 1957 802 1971 ,
827 1937 865 1966 et
889 1934 1136 1973 extinguetur
1157 1934 1274 1966 dolus.
1301 1924 1336 1951 28
1355 1932 1522 1965 Florebit
1543 1934 1670 1964 autem
1696 1932 1805 1972 fides,
1826 1934 1864 1965 et
1889 1932 2062 1965 vincetur
2087 1939 2210 1964 corru-

91 1987 214 2026 ptela,
237 1988 275 2018 et
295 1987 515 2018 ostendetur
541 1986 684 2018 veritas
711 1993 794 2024 quae
820 1986 898 2017 siue
926 1986 1054 2018 fructu
1076 1985 1150 2017 fuit
1175 1986 1304 2017 diebus
1329 1984 1456 2017 tantis.
1828 1990 1831 1993 ·

144 2029 179 2056 29
198 2037 245 2069 Et
272 2037 413 2069 factum
441 2039 497 2069 est
520 2045 603 2069 cum
628 2038 846 2075 loqueretur
868 2037 959 2069 mihi
973 2061 982 2077 ,
1003 2039 1043 2069 et
1069 2045 1149 2069 ecce
1173 2036 1358 2077 paulatim
1379 2036 1554 2079 intuebar
1574 2044 1684 2076 super
1698 2045 1787 2068 eum
1808 2038 1898 2068 ante
1922 2044 2032 2075 quem
2054 2035 2211 2074 stabam,

95 2080 131 2108 ³⁰
145 2090 183 2121 et
206 2088 304 2121 dixit
328 2089 460 2120 adme
485 2089 591 2121 haec:
617 2089 709 2121 Veni
731 2089 802 2120 tibi
826 2090 1020 2121 ostencit-re
1040 2091 1187 2128 tempus
1211 2093 1384 2121 venturae
1404 2088 1536 2121 noctis.
1559 2079 1591 2107 31
1610 2088 1646 2120 Si
1671 2096 1759 2127 ergo
1783 2089 1922 2120 iterum
1944 2087 2152 2127 rcgaveris,
2171 2088 2211 2120 et

91 2141 228 2173 iterum
253 2140 476 2179 jejunaveris
500 2142 639 2180 septem
666 2141 815 2180 diebus,
840 2141 977 2173 iterum
1005 2141 1073 2172 tibi
1103 2141 1330 2173 renuntiabo
1360 2141 1495 2173 horum
1528 2141 1671 2180 majora
1703 2148 1769 2180 per
1798 2138 1896 2172 'diem
1929 2148 2042 2179 quam
2069 2138 2210 2171 audin.

94 2183 129 2211 ³²
146 2192 285 2224 Audita
309 2194 364 2224 est
384 2192 482 2224 enim
507 2200 580 2224 vox
602 2195 667 2224 tua
689 2193 786 2231 apud
805 2192 1054 2225 Altissimum.
1073 2192 1179 2224 Vidit
1195 2193 1294 2225 enim
1314 2192 1436 2224 Fortis
1455 2192 1696 2224 directionem
1714 2193 1840 2231 tuam,
1860 2193 1900 2224 et
1922 2191 2092 2231 providit
2107 2191 2211 2230 pudi-

92 2244 217 2277 citiam
241 2252 352 2283 quam
376 2252 398 2276 a
421 2246 618 2282 juventute
642 2247 711 2276 tua
736 2244 918 2285 habuisti,
945 2236 981 2263 33
998 2248 1036 2277 et
1060 2248 1216 2284 propter
1231 2245 1309 2276 hoc
1334 2244 1437 2276 misit
1458 2252 1516 2276 me
1538 2244 1794 2276 demonstrare
1820 2244 1889 2276 tibi
1910 2244 1991 2276 haec-
2016 2242 2158 2282 omnia,
2175 2244 2211 2274 et

93 2295 214 2328 dicere
235 2296 304 2328 tibi
322 2305 331 2329 ε
353 2295 521 2335 Confide,
544 2298 584 2327 et
609 2296 684 2328 noli
705 2296 848 2328 timere.
871 2288 909 2315 34
927 2297 975 2329 Et
1000 2295 1076 2329 noli
1097 2296 1276 2329 festinare
1303 2304 1388 2328 cum
1409 2295 1595 2336 prioribus
1616 2296 1846 2335 temporibus
1864 2295 2028 2335 cogitare
2046 2302 2155 2335 vana,
2174 2296 2211 2326 et

94 2355 168 2380 non
189 2355 365 2387 properes
388 2356 411 2380 a.
430 2347 642 2380 novissimis
668 2348 910 2387 temporibus.
2001 2347 2003 2349 ’

876 2439 901 2497 ξ
935 2440 1023 2483 ΙΠ.
1050 2466 1108 2472 -
1147 2441 1267 2483 Visio
1291 2442 1429 2483 tertia.

149 2539 186 2567 35
207 2547 255 2580 Et
274 2548 418 2580 factum
442 2549 498 2581 est
522 2550 604 2588 post
628 2548 706 2580 haec
727 2550 766 2581 et
789 2549 873 2581 flevi
894 2548 1049 2588 iterum,
1070 2550 1108 2580 et
1132 2548 1308 2581 similiter
1332 2549 1496 2589 jejunavi
1520 2551 1662 2589 septem
1684 2548 1832 2585 diebus;
1854 2548 1897 2580 ut
1921 2547 2113 2587 suppleam
2137 2547 2212 2579 tres

95 2598 362 2638 hebdomadas,
380 2608 463 2640 quae
484 2600 594 2632 dictae
610 2602 698 2632 sunt
715 2600 815 2632 mihi.
842 2591 878 2618 3⁶
896 2600 944 2632 Et
967 2602 1108 2633 factum
1125 2602 1182 2632 est
1202 2603 1241 2632 in
1258 2603 1392 2633 octava
1412 2603 1532 2638 noete,
1551 2605 1590 2632 et
1606 2608 1670 2632 cor
1689 2608 1811 2632 meum
1830 2599 2058 2631 turbabatur
2074 2598 2211 2630 iterato

97 2651 137 2682 in
157 2659 234 2690 me,
258 2657 296 2684 et
321 2651 413 2692 coepi
440 2651 540 2691 loqui
565 2660 688 2684 coram
709 2652 913 2685 Altissimo.
939 2644 974 2670 3⁷
993 2652 1305 2685 Invflammabatur
1329 2653 1428 2686 enim
1452 2652 1609 2692 spiritus
1636 2660 1737 2684 meus
1762 2651 1890 2690 valde,
1918 2653 1957 2683 et
1983 2650 2109 2683 anima
2132 2657 2212 2682 mea

97 2703 332 2735 anxiabatur.

151 2746 187 2773 38
207 2755 253 2786 Et
274 2755 375 2788 dixi:
399 2755 427 2788 O
453 2757 632 2795 Domine,
663 2758 816 2795 loquens
841 2757 988 2789 locutus
1012 2764 1050 2788 es
1072 2757 1118 2788 ab
1142 2756 1250 2789 initio
1280 2758 1484 2796 creaturae,
1508 2757 1547 2790 in
1569 2758 1687 2798 primo
1713 2758 1772 2789 die
1797 2756 1918 2789 dicens
1940 2765 1947 2788 ε
1973 2754 2057 2787 Fiat
2082 2754 2212 2786 caelum

99 2807 137 2838 et
161 2808 283 2845 tema:
304 2809 342 2839 et
366 2810 474 2840 ‘tu-um
499 2809 653 2840 verbum
679 2816 769 2847 opus·
794 2809 1011 2848 perfectum.
1034 2799 1071 2826 39
1090 2808 1138 2839 Et
1167 2811 1250 2841 erat
1272 2812 1362 2841 tun·
1392 2809 1564 2848 spiritus,
1589 2813 1627 2842 et
1653 2810 1816 2840 tenebrae
1840 2805 2212 2845 circumferebantur,

96 2860 136 2891 et
162 2858 372 2898 silentium,
408 2868 519 2892 sonus
546 2862 644 2892 vovis
670 2860 830 2892 hominis
860 2861 1026 2892 nondum
1057 2862 1139 2892 erat
1162 2861 1227 2892 abs
1251 2863 1300 2893 te.
1326 2852 1363 2879 ‘⁴⁰
1381 2861 1485 2892 Tunc
1510 2860 1640 2893 dixisti
1672 2861 1716 2893 de
1741 2860 1925 2892 thesauris⁴
1951 2858 2026 2890 tuis
2054 2856 2214 2896 proferri

98 2910 223 2942 lumen
257 2911 502 2952 luminosum,
534 2920 608 2950 quo
631 2914 826 2951 appareret
855 2920 945 2951 opus
975 2915 1095 2944 tuum.
1123 2903 1155 2929 41
1178 2913 1227 2944 Et
1255 2913 1313 2944 die
1342 2913 1502 2945 secundo
1534 2912 1673 2945 creasti
1698 2913 1873 2951 spiritum
1904 2909 2145 2947 firmamenti,
2171 2910 2211 2942 et

99 2961 290 3001 imperasti
315 2964 347 2995 ei
370 2966 413 2995 ut
429 2964 611 2996 dividet-et
632 2967 671 2995 et
692 2963 905 2996 ditisionem
932 2964 1075 2996 faceret
1100 2963 1198 2996 inter
1220 2972 1333 3003 aquas
1347 2989 1355 3003 ,
1376 2969 1421 2997 ut
1438 2973 1521 3004 pars
1543 2965 1712 3003 quaeclam
1737 2971 1884 2996 sursum
1904 2962 2109 3000 recedent,
2125 2969 2212 3000 pars

97 3021 186 3045 uero
214 3015 384 3047 deorsum
413 3019 593 3048 maneret.
620 3007 656 3033 ⁴²
682 3015 731 3047 Et
760 3015 872 3048 tertia
898 3015 954 3048 die
983 3015 1176 3055 imperasti
1206 3017 1313 3055 aquis
1339 3018 1556 3055 congregari
1591 3019 1626 3048 in
1661 3017 1818 3055 septima
1851 3017 1955 3054 parte
1983 3016 2122 3051 terrae;
2149 3020 2213 3044 sex

100 3073 189 3097 vero
215 3070 337 3104 partes
361 3067 506 3100 siccasti
533 3070 572 3100 et
595 3067 843 3104 conservasti,
869 3072 913 3099 ut
937 3075 982 3099 ex
1008 3068 1063 3099 his
1088 3068 1164 3099 sint
1188 3076 1312 3100 cetam
1340 3070 1378 3100 te
1403 3068 1653 3100 ministrantia
1676 3067 1854 3100 seminata
1880 3076 1900 3098 a
1927 3066 2021 3104 Deo,
2043 3067 2081 3096 et
2100 3066 2212 3097 culta.

101 3107 139 3134 ⁴³
161 3117 316 3149 Verbum
349 3118 447 3150 enim
476 3122 582 3151 tuum
608 3120 804 3158 processit,
829 3122 867 3152 et
891 3128 981 3157 opus
1009 3122 1139 3151 statim
1170 3120 1294 3152 fiebat.
1321 3111 1357 3138 44
1386 3120 1569 3152 Processit
1597 3119 1696 3152 enim
1723 3119 1846 3150 subito
1875 3119 2020 3150 fructus
2044 3116 2214 3148 multitu-

103 3167 201 3200 dinis
224 3168 440 3209 immensus,
460 3174 498 3202 et
522 3173 831 3210 concupxstentiae
853 3174 982 3210 gustus
1008 3172 1280 3210 multiformes,
1306 3174 1344 3204 et
1370 3172 1479 3204 flores
1500 3174 1619 3204 colore
1643 3169 1890 3208 immutabili,
1915 3171 1954 3200 et
1978 3169 2106 3200 odores
2130 3168 2214 3200 odo-

104 3220 262 3252 ramenti
282 3221 574 3261 invtvstigabilim
596 3229 634 3254 et
659 3223 719 3254 die
744 3224 859 3254 tertia
880 3223 960 3254 haec
984 3224 1081 3255 facta
1099 3226 1204 3256 sunt.
1232 3215 1270 3241 45
1290 3223 1429 3260 Quarta
1452 3231 1575 3255 aurem
1600 3223 1657 3254 die
1677 3222 1867 3261 imperasti
1889 3220 2075 3253 fierisolis
2095 3227 2213 3259 spen·

103 3272 246 3304 dorem.
273 3273 372 3306 lunae
397 3275 542 3312 lumen,
561 3274 755 3306 stellarum
785 3274 1083 3314 disimsitionen13
1107 3266 1143 3292 ⁴⁶
1164 3281 1202 3307 et
1231 3274 1424 3314 imperasii
1446 3274 1496 3306 eis
1511 3300 1519 3313 ,
1543 3279 1588 3307 ut
1616 3274 1847 3306 deservirent
1872 3274 2005 3305 futu=0
2029 3273 2215 3311 plasmato

103 3323 256 3358 homini.
279 3316 314 3342 47
334 3326 469 3361 Quinto
495 3328 620 3358 autem
650 3326 708 3357 die
737 3325 862 3357 dixisti
891 3326 1060 3365 septimae
1086 3326 1200 3366 parti,
1229 3326 1291 3358 ubi
1316 3332 1399 3358 erat
1427 3334 1524 3365 aqua
1554 3330 1799 3365 congregata,
1830 3327 1873 3357 ut
1902 3326 2112 3364 procrearet
2134 3323 2214 3355 ani-

104 3376 238 3412 malia,
262 3382 300 3407 et
321 3378 502 3418 volatilia,
525 3380 562 3409 et
587 3377 718 3417 pisces;
747 3381 785 3409 et
810 3377 864 3408 ita
894 3378 1014 3410 tiebat.
1032 3369 1069 3396 48
1086 3379 1189 3410 A·.ua
1208 3383 1331 3416 muta,
1352 3381 1390 3410 et
1407 3386 1485 3409 sine
1503 3377 1647 3415 anima,
1666 3385 1750 3417 quae
1772 3377 1836 3409 Dei
1861 3379 1956 3409 nutu
1978 3375 2214 3415 jubebantur,

103 3427 279 3459 animalia
305 3427 483 3468 faciebat,
511 3434 552 3461 ut
576 3438 622 3461 ex
647 3429 716 3461 hoc
743 3429 926 3461 mirabilia
952 3432 1020 3461 tua
1045 3429 1159 3462 natio*
1176 3438 1214 3461 es
1234 3433 1422 3461 enarrent.
1450 3420 1487 3447 49
1506 3430 1553 3461 Et
1573 3433 1665 3462 tunc
1690 3429 1918 3461 conservat-ti
1942 3428 2032 3460 duas
2052 3427 2214 3459 animas:

104 3486 236 3510 nomen
261 3478 326 3510 uni
350 3483 489 3513 measti
514 3481 684 3520 Hennch,
705 3488 741 3513 et.
768 3489 903 3513 nomen
933 3482 1104 3514 secundae
1129 3480 1270 3513 vocasti
1289 3481 1518 3513 <Levium-an-
1544 3472 1583 3499 50
1596 3481 1648 3513 ,Et
1670 3480 1852 3520 separasti
1876 3488 1918 3512 ea
1943 3479 1992 3511 ab
2017 3481 2213 3512 alterutro.

103 3530 185 3562 Non
202 3532 302 3562 enim
330 3535 478 3567 poterat
504 3533 659 3573 septima
685 3541 787 3572 pars,
814 3533 872 3564 ubi
901 3534 982 3564 erat
1009 3541 1106 3571 aqua
1128 3535 1369 3572 congregata,
1393 3540 1523 3571 capere
1544 3540 1606 3565 en.
1638 3523 1669 3552 51
1685 3532 1741 3564 Et
1769 3531 1902 3565 dedisti
1927 3531 2211 3564 Henochssunam

104 3584 268 3623 partem,
301 3591 384 3621 quae
407 3583 541 3617 siccata
565 3588 620 3618 est
645 3584 757 3617 tertio
777 3584 854 3624 die,
879 3586 920 3616 ut
944 3584 1090 3616 habitet
1124 3583 1161 3616 in
1189 3592 1252 3624 ea,
1276 3584 1340 3616 ubi
1366 3585 1454 3617 sunt
1483 3587 1626 3618 montes
1655 3584 1767 3618 mille.
1798 3576 1835 3603 52
1854 3583 2061 3617 Leriathan
2089 3584 2212 3616 autem
