2456 3861
693 150 740 194 11
775 150 887 195 PAR.
921 151 1101 207 xxix,
1135 151 1192 194 29
1226 175 1281 182 -
1314 148 1467 204 xxx,
1503 147 1574 193 16.
1952 143 2039 190 435

209 327 359 366 autem
385 321 515 364 turba
540 319 776 374 adorante,
799 325 1024 374 cantoreS,
1052 325 1094 362 et
1112 319 1144 362 ii
1162 319 1237 375 qui
1262 318 1479 362 tenebant
1504 317 1657 372 tubas,
1681 321 1809 359 erant
1827 316 1871 358 in
1897 314 2042 359 officio

209 395 308 437 suo,
329 381 469 424 donec
495 378 790 436 compleretur
811 378 1133 421 holocaustum.
1160 377 1196 403 '²²'
1217 377 1417 434 Cumque
1452 377 1579 419 finita
1611 381 1726 419 esset
1759 374 1948 430 oblatio,
1975 374 2041 417 in-

210 445 419 484 curvatus
433 444 501 483 est
525 453 602 482 rex
627 443 672 480 et
692 451 846 481 omnes
865 436 938 492 qui
964 442 1092 480 erant
1117 451 1216 480 cum
1242 451 1314 492 co,
1342 441 1387 479 ct
1412 435 1724 479 adoraverunt.
1747 433 1784 460 3⁰
1805 433 2042 490 Praecepit-

210 514 293 556 que
314 498 529 542 Ezechias
548 501 592 554 et
608 496 832 554 principes
851 495 1002 538 levitis
1016 502 1065 538 ut
1083 495 1319 539 laudarent
1340 495 1582 538 Dominum
1597 492 1874 537 sermonibus
1895 491 2042 535 David

210 564 256 602 et
284 558 440 614 Asaph
469 555 688 611 videntis;
725 554 799 612 qui
833 553 1128 598 laudaverunt
1168 568 1269 597 eum
1303 568 1469 610 magna
1506 553 1687 609 laetitia,
1726 557 1770 596 et
1811 552 2044 596 incurvato

209 631 349 674 genu,
373 617 684 660 adoraverunt.

269 676 302 703 ³¹
326 676 543 720 Ezechias
560 679 712 718 autem
728 673 863 717 etiam
882 672 979 716 haec
994 671 1169 716 addidit
1195 689 1203 716 :
1224 671 1451 728 Implestis
1471 686 1628 715 manus
1646 676 1816 714 vestras
1832 669 2043 724 Domin03

210 735 431 791 accedite,
465 740 507 779 et
541 734 699 778 offerte
734 731 963 785 victimas,
999 737 1044 775 et
1073 731 1226 775 laudes
1260 730 1305 773 in
1339 731 1471 775 domo
1507 730 1701 774 Domini.
1731 728 1906 773 Obtulit
1939 741 2045 784 ergo

211 794 417 838 universa
434 793 676 838 multitudo
697 792 864 836 hostias
885 797 929 834 et
947 790 1114 846 laudes,
1134 796 1180 834 et
1195 790 1470 846 holocausta,
1491 797 1640 832 mente
1659 789 1834 833 devota.
1855 787 1891 814 32
1909 787 2045 831 Porro

211 868 420 897 numerus
453 853 812 898 holocaustorum
848 866 947 908 quae
980 850 1143 894 obtulit
1176 849 1419 893 multitudo
1444 848 1517 892 hic
1542 848 1633 891 fuit
1659 865 1667 891 :
1694 853 1843 890 tauros
1869 851 2046 903 septua-

212 913 358 968 ginta,
391 913 553 957 arietes
585 917 785 967 centum,
830 924 971 967 agnos
1006 909 1236 954 ducentos,
1270 909 1308 936 ²³³
1332 907 1818 961 Sanctificaveruntque
1854 904 2047 948 Domino

210 971 346 1016 boves
370 978 625 1028 sexcentos,
649 976 694 1015 et
720 985 824 1015 oves
852 970 938 1013 tria
965 969 1120 1013 millia.
1147 969 1184 996 34
1205 968 1466 1013 Sacerdotes
1496 981 1600 1010 vero
1625 965 1755 1023 pauci
1788 969 1935 1017 crant,
1963 976 2047 1006 nec

210 1037 416 1089 poterant
450 1031 657 1075 sufficere
692 1035 741 1074 ut
766 1030 906 1089 pelles
942 1029 1304 1072 holocaustorum
1331 1026 1642 1080 detraherent;
1669 1023 1787 1067 unde
1809 1027 1853 1066 et
1874 1022 2043 1074 levitae,

210 1091 374 1134 fratres
397 1105 569 1146 eorum,
588 1090 864 1147 adjuverunt
884 1103 980 1142 eos,
1005 1088 1148 1132 donec
1164 1087 1426 1144 impleretur
1443 1099 1572 1142 opus,
1600 1090 1645 1127 et
1661 1082 2048 1126 sanctificarentur

210 1150 469 1205 antistites3
507 1150 657 1194 levitae
691 1149 852 1206 quippe
891 1147 1087 1191 faciliori
1118 1147 1206 1190 ritu
1239 1145 1577 1189 sanctificantur
1608 1157 1741 1199 quarn
1781 1140 2046 1185 sacerdotes.

212 1209 248 1235 35
266 1210 464 1253 Fuerunt
486 1224 589 1265 ergo
607 1209 869 1252 holocausta
888 1207 1101 1264 plurima,
1125 1205 1277 1262 adipes
1300 1203 1606 1262 pacificorum,
1627 1206 1670 1245 et
1689 1201 1905 1243 libamina
1926 1198 2049 1242 holo-

212 1274 497 1322 caustorum3
530 1274 574 1311 et
614 1268 861 1324 completus
896 1272 963 1310 est
999 1265 1145 1308 cultus
1176 1265 1331 1308 domus
1366 1262 1561 1307 Domini.
1599 1261 1636 1287 36
1663 1261 1953 1315 Laetatusque
1982 1262 2050 1301 est

213 1327 450 1383 Ezechias,
482 1333 525 1371 et
559 1326 703 1370 omnis
733 1325 943 1382 populus,
979 1339 1030 1368 eo
1065 1323 1182 1380 quod
1215 1322 1510 1366 ministerium
1547 1319 1727 1364 Domini
1754 1324 1869 1362 esset
1899 1316 2048 1374 exple-

211 1398 329 1440 tum3
359 1386 413 1430 de
435 1393 615 1443 repente
641 1385 802 1441 quippe
827 1384 909 1427 hoc
936 1383 1028 1426 fieri
1056 1384 1298 1440 placuerat.

586 1472 608 1512 S
633 1470 698 1510 II.
725 1493 780 1500 —
805 1468 962 1511 Pietas
987 1469 1102 1522 φορὰς
1127 1469 1172 1510 in
1194 1467 1479 1510 celebratione
1498 1466 1662 1506 Phase..

281 1559 387 1602 GAP.
414 1557 558 1600 XXX.
583 1582 643 1587 -
677 1554 688 1581 ¹
715 1554 839 1597 Misit
871 1568 1042 1610 quoque
1076 1553 1289 1597 Ezechias
1321 1553 1378 1596 ad
1411 1567 1586 1596 omnem
1616 1552 1756 1595 Israel
1785 1559 1828 1595 et
1861 1552 2052 1607 Judam3

219 1616 482 1673 scripsitque
515 1614 722 1671 epistolas
755 1613 812 1656 ad
847 1612 1060 1669 Ephraim
1100 1617 1143 1655 et
1179 1613 1436 1667 Manassen,
1471 1616 1520 1654 ut
1548 1611 1749 1654 venirent
1784 1611 1840 1653 ad
1875 1611 2055 1654 domum

223 1675 402 1720 Domini
426 1674 472 1716 in
504 1672 772 1727 Jerusalem,
799 1677 842 1715 et
863 1671 1065 1715 facerent
1090 1671 1234 1714 Phase
1252 1671 1462 1726 Domino,
1490 1671 1584 1713 Deo
1602 1670 1755 1713 Israel.
1781 1668 1798 1695 2
1814 1670 1933 1713 Inito
1952 1684 2054 1725 ergo

220 1734 405 1778 consilio
431 1733 546 1788 regis
572 1737 615 1776 et
639 1731 911 1789 principum,
938 1736 981 1774 et
1003 1730 1197 1774 universi
1224 1735 1363 1773 coetus
1388 1729 1658 1785 Jerusalem,
1693 1729 1981 1772 decreverunt
2007 1734 2055 1770 ut

222 1795 423 1838 facerent
448 1792 592 1835 Phase
616 1805 767 1834 mense
791 1789 1010 1845 secundo,
1040 1789 1058 1816 3
1079 1804 1167 1833 non
1194 1789 1311 1832 enim
1336 1793 1571 1845 potuerant
1602 1789 1752 1832 facere
1780 1788 1827 1830 in
1859 1794 2055 1844 tempore

221 1867 320 1909 suo,
348 1852 450 1908 quia
474 1850 723 1893 sacerdotes
746 1849 818 1905 qui
845 1854 1023 1905 possent
1047 1849 1253 1892 sufficere
1278 1847 1543 1891 sanctificati
1568 1862 1657 1891 non
1685 1847 1885 1902 fuerant,
1912 1852 1955 1890 et
1979 1861 2055 1903 po-

221 1912 352 1969 pulus
375 1910 573 1953 nondum
594 1913 887 1965 congregatus
912 1909 1061 1952 fuerat
1085 1908 1131 1950 in
1161 1907 1422 1951 Jerusalem.
1453 1906 1470 1933 4
1496 1907 1759 1962 Placuitque
1791 1920 1932 1949 sermo
1962 1905 2054 1961 regi

220 1977 266 2014 et
291 1970 409 2014 omni
436 1968 725 2011 multitudini.
748 1968 765 1994 ⁵
786 1968 844 2010 Et
875 1967 1163 2011 decreverunt
1196 1971 1244 2009 ut
1269 1967 1495 2009 mitterent
1520 1966 1697 2009 nuntios
1729 1966 1774 2007 in
1800 1965 2055 2008 universum

224 2029 384 2084 Israel,
411 2028 465 2071 de
490 2027 706 2070 Bersabee
727 2041 864 2082 usque
887 2027 1007 2082 Dan,
1034 2032 1083 2068 ut
1115 2026 1335 2082 venirent,
1363 2030 1406 2068 et
1438 2025 1640 2068 facerent
1672 2025 1815 2067 Phase
1843 2024 2052 2079 Domino,

226 2089 318 2131 De'o
344 2087 503 2142 Israel,
522 2087 568 2128 in
587 2087 614 2129 J
619 2086 858 2140 erusalem3
879 2086 1008 2128 multi
1031 2086 1147 2128 enim
1166 2099 1255 2128 non
1272 2085 1474 2128 fecerant
1495 2085 1609 2127 sicut
1628 2084 1725 2140 lege
1747 2083 2055 2139 praescriptum

222 2153 302 2191 est.
326 2147 343 2173 6
368 2147 746 2200 Perrexeruntque
772 2159 967 2188 cursores
991 2159 1092 2188 cum
1125 2144 1321 2201 epistolis
1354 2158 1408 2187 ex
1441 2143 1555 2199 regis
1587 2143 1783 2200 imperio,
1820 2148 1862 2185 et
1894 2141 2055 2198 princi-

223 2221 329 2263 pum
355 2205 473 2261 ejus,
506 2204 553 2247 in
586 2204 841 2247 universum
876 2203 1015 2246 Israel
1049 2209 1092 2246 et
1125 2203 1312 2259 Judam,
1347 2203 1476 2258 juxta
1507 2202 1553 2245 id
1587 2202 1703 2258 quod
1735 2216 1812 2245 rex
1842 2201 2052 2257 jusserat,

223 2265 517 2322 praedicantes
551 2280 559 2307 2
586 2263 689 2306 Filii
712 2262 872 2318 Israel,
903 2262 1174 2306 revertimini
1199 2262 1255 2304 ad
1282 2262 1543 2317 Dominum,
1571 2262 1715 2304 Deum
1737 2261 1986 2315 Abraham,
2013 2264 2056 2303 et

223 2325 373 2379 Isaac,
398 2329 441 2366 et
466 2322 628 2375 Israe13
658 2327 700 2365 et
721 2326 963 2365 revertetur
998 2321 1055 2364 ad
1080 2321 1286 2376 reliquias
1316 2335 1414 2376 quae
1443 2320 1698 2376 effugerunt
1727 2334 1908 2362 manum
1940 2318 2055 2374 regis

224 2383 521 2439 Assyriorum.
545 2381 559 2407 7
587 2381 737 2424 Nolite
758 2380 850 2423 fieri
876 2380 991 2423 sicut
1015 2384 1160 2436 patres
1186 2380 1320 2423 vestri
1346 2385 1389 2423 et
1420 2379 1602 2435 fratres,
1632 2379 1711 2435 -qui
1733 2383 2006 2421 recesserunt
2029 2392 2056 2420 a

224 2442 436 2497 Domino,
465 2442 557 2484 Deo
584 2445 759 2497 patrum
784 2453 981 2495 suorum,
1009 2439 1082 2494 qui
1105 2438 1288 2481 tradidit
1313 2453 1385 2482 eos
1414 2438 1461 2480 in
1492 2438 1741 2493 interitum,
1768 2442 1816 2479 ut
1847 2437 1932 2493 ipsi
1966 2450 2056 2479 cer-

222 2501 342 2546 nitis.
369 2501 385 2527 8
412 2499 561 2543 Nolite
581 2499 788 2542 indurare
814 2498 1004 2541 cervices
1030 2502 1222 2553 vestras,
1255 2497 1369 2540 sicut
1402 2502 1547 2553 patres
1580 2496 1738 2551 vestri3
1770 2495 1931 2538 tradite
1964 2510 2056 2538 ma-

225 2575 307 2604 nus
330 2559 542 2615 Domino,
569 2564 612 2602 et
637 2557 784 2602 venite
813 2557 869 2600 ad
899 2557 1199 2600 sanctuarium
1229 2556 1346 2612 ejus,
1382 2556 1496 2611 quod
1525 2555 1821 2598 sanctificavit
1851 2555 1898 2596 in
1931 2559 2057 2598 aeter-

224 2634 355 2673 num3
383 2618 544 2662 servite
577 2617 788 2672 Domino,
823 2617 915 2660 Deo
948 2621 1124 2672 patrum
1157 2620 1421 2670 vestrorum,
1457 2619 1499 2657 et
1530 2618 1754 2657 avertetur
1781 2628 1806 2655 a
1842 2613 1967 2656 vobis
1992 2613 2058 2656 ira

223 2678 388 2721 furoris
413 2677 523 2733 ejus.
546 2676 563 2703 9
589 2677 633 2720 Si
659 2676 777 2720 enim
809 2689 886 2718 vos
919 2675 1080 2718 reversi
1105 2674 1280 2717 fueritis
1305 2673 1361 2716 ad
1388 2673 1649 2728 Dominum,
1672 2673 1833 2716 fratres
1855 2672 1989 2716 vestri
2014 2677 2058 2715 et

224 2737 305 2780 filii
329 2737 557 2780 habebunt
579 2735 924 2779 misericordiam
947 2748 1093 2777 coram
1119 2733 1307 2776 dominis
1328 2733 1431 2788 suis,
1454 2732 1527 2788 qui
1551 2731 1651 2775 illos
1674 2731 1894 2775 duxerunt
1919 2731 2057 2788 capti-

226 2811 324 2853 vos,
351 2801 394 2839 et
419 2800 693 2839 revertentur
727 2794 773 2836 in
798 2799 959 2837 terram
992 2793 1131 2848 hanc3
1164 2792 1263 2849 pius
1292 2792 1409 2835 enim
1442 2796 1485 2835 et
1518 2791 1710 2835 clemens
1743 2796 1808 2834 est
1842 2791 2056 2834 Dominus

227 2857 347 2899 Deus
372 2860 535 2911 vester,
560 2859 602 2898 et
627 2868 715 2897 non
740 2858 908 2896 avertet
933 2853 1097 2896 faciem
1130 2866 1255 2894 suam
1286 2866 1312 2894 a
1344 2851 1489 2906 vobis,
1528 2850 1564 2893 si
1593 2851 1754 2893 reversi
1787 2850 1963 2893 fueritis
2000 2850 2056 2893 ad

224 2930 341 2959 eum.
368 2913 405 2940 ¹⁰
428 2914 574 2970 Igitur
610 2927 805 2956 cursores
839 2912 1082 2969 pergebant
1114 2910 1324 2954 velociter
1356 2910 1410 2953 de
1443 2909 1624 2953 civitate
1652 2909 1698 2951 in
1728 2909 1956 2953 civitatem
1981 2924 2058 2966 per

227 2980 389 3017 terram
414 2973 629 3030 Ephraim
647 2978 690 3016 et
714 2973 939 3023 Manasse,
967 2984 1102 3026 usque
1127 2970 1182 3012 ad
1208 2969 1425 3024 Zabulon,
1451 2969 1540 3012 illis
1561 2968 1867 3025 irridentibus,
1887 2974 1930 3012 et
1954 2968 2056 3012 sub-

227 3033 519 3076 sannantibus
553 3046 639 3075 eos.
667 3031 699 3057 ¹¹
726 3032 939 3074 Attamen
966 3029 1146 3086 quidam
1166 3029 1249 3071 viri
1275 3043 1329 3072 ex
1353 3029 1485 3084 Aser,
1516 3033 1560 3071 et
1587 3028 1814 3085 Manasse,
1846 3033 1888 3071 et
1912 3028 2054 3071 Zabu-

228 3092 323 3147 lon,
353 3091 682 3147 acquiescentes
716 3090 918 3145 consilio,
954 3093 1168 3132 venerunt
1199 3087 1461 3131 Jerusalem.
1497 3086 1533 3113 ‘¹2
1561 3088 1616 3130 In
1648 3087 1768 3131 Juda
1800 3102 1902 3131 vero
1932 3088 2056 3130 facta

227 3155 296 3194 est
321 3165 477 3193 manus
504 3150 705 3206 Domini,
728 3155 776 3192 ut
809 3150 931 3193 daret
958 3148 1018 3192 eis
1041 3162 1114 3191 cor
1145 3162 1282 3190 unum
1310 3152 1360 3190 ut
1383 3147 1604 3203 facerent,
1630 3147 1759 3203 juxta
1784 3151 2056 3204 praeceptum

228 3209 344 3265 regis
370 3215 414 3252 et
438 3209 706 3267 principum,
733 3210 916 3253 verbum
940 3207 1131 3251 Domini.

290 3268 326 3295 ¹3
347 3268 703 3325 Congregatique
727 3274 829 3312 sunt
857 3269 903 3310 in
929 3266 1172 3310 Jerusalem
1200 3267 1350 3324 populi
1372 3267 1523 3322 multi,
1549 3271 1598 3309 ut
1622 3267 1821 3309 facerent
1850 3264 2055 3308 solemni-

229 3333 368 3371 tatem
392 3342 649 3385 azymorum
672 3328 719 3370 in
747 3342 896 3372 mense
925 3325 1141 3381 secund03
1166 3325 1201 3352 ¹4
1222 3331 1265 3369 et
1289 3331 1537 3382 surgentes,
1565 3325 1874 3369 destruxerunt
1898 3323 2056 3366 altaria

233 3401 331 3443 quae
357 3392 482 3430 erant
512 3388 558 3430 in
591 3388 860 3444 Jerusalem,
894 3392 1025 3442 atque
1061 3385 1265 3428 universa
1292 3385 1340 3428 in
1365 3385 1522 3441 quibus
1547 3384 1678 3428 idolis
1703 3383 1963 3426 adolebatur
1986 3382 2054 3425 in-

234 3459 414 3489 censum
437 3447 762 3503 subvertentes,
795 3447 1075 3504 projecerunt
1105 3444 1151 3486 in
1175 3449 1413 3488 torrentem
1439 3444 1623 3488 Cedron.
1648 3443 1682 3470 ¹5
1707 3443 2058 3486 Immolaverunt

235 3510 382 3547 autem
406 3506 550 3549 Phase
575 3512 730 3562 quarta
752 3506 923 3550 decima
949 3505 1019 3548 die
1041 3504 1202 3547 mensis
1227 3503 1423 3547 secundi.
1447 3503 1702 3547 Sacerdotes
1728 3516 1898 3558 quoque
1925 3507 2058 3557 atque

235 3563 404 3619 levitae,
422 3565 604 3608 tandem
628 3565 913 3619 sanctificati,
938 3563 1191 3606 obtulerunt
1206 3563 1464 3606 holocaust-a
1485 3563 1531 3604 in
1550 3562 1678 3605 domo
1702 3562 1895 3604 Domini.
1911 3561 1947 3588 16
1965 3562 2057 3604 Ste-

234 3627 469 3679 teruntque
495 3624 542 3666 in
575 3624 727 3668 ordine
757 3639 856 3681 suo,
890 3624 1017 3680 juxta
1051 3621 1383 3678 dispositionem
1416 3627 1459 3665 et
1491 3622 1634 3676 legem
1669 3621 1827 3677 Moysi,
1868 3620 2058 3664 hominis

2163 1565 2323 1594 Ezechias

2160 1612 2323 1637 convocat

2153 1653 2274 1682 <Iudam
2294 1656 2327 1679 et

2188 1697 2293 1725 Israel

2145 1742 2185 1770 ad
2201 1742 2339 1769 festum.

2146 3278 2275 3306 Pascha
2293 3284 2341 3306 se-

2120 3324 2210 3354 ptem
2243 3322 2363 3349 diebus

2139 3366 2349 3402 celeri-atum
