2456 3861
663 177 683 220 I
720 180 829 221 Bm.
865 179 1004 228 XIII,
1038 179 1092 221 22
1125 204 1182 210 -
1214 179 1339 232 XIV,
1374 179 1442 220 23.
1876 177 1960 220 265

138 346 347 400 dentum,
378 352 423 390 et
451 347 691 401 securium,
727 362 862 403 usque
892 348 947 390 ad
977 348 1206 391 stimulum
1240 348 1560 403 corrigendum.
1599 347 1636 373 '²⁹2
1661 348 1856 402 Cumque
1891 361 1962 390 vc*-

136 406 274 448 nisset
300 405 394 448 dies
421 406 576 462 praelii,
604 421 690 449 non
716 412 782 449 est
808 407 1014 449 inventus
1039 407 1155 450 ensis
1181 413 1226 450 et
1252 407 1407 449 lancea
1431 407 1476 449 111
1502 421 1634 449 11101111
1661 406 1794 449 totius
1813 406 1958 461 populi

135 464 210 519 qui
248 471 343 507 erat
380 479 480 507 cum
513 465 645 508 Saule
681 472 725 508 et
759 466 975 520 Jonatha,
1015 471 1201 522 excepto
1237 466 1362 520 Saul,
1395 472 1440 509 et
1471 465 1688 520 Jonatha,
1718 464 1808 507 filio
1852 464 1960 520 ejus.

132 522 173 549 23
198 525 388 579 Egi-essa
421 530 488 566 est
520 530 669 567 autem
704 524 836 566 statio
872 524 1165 580 philisthiim,
1197 530 1245 567 ut
1274 525 1605 568 transcenderet
1638 524 1683 567 in
1720 523 1961 567 Maclunas.

195 582 301 625 CAP.
330 583 456 626 XIV.
482 609 541 614 -
568 582 655 625 ¹Et
679 583 844 625 accidit
870 583 1060 637 quadam
1088 583 1158 625 die
1184 589 1233 625 ut
1257 583 1423 626 diceret
1449 584 1680 639 Jonathas,
1707 583 1823 626 filius
1843 583 1961 637 Saul,

132 640 191 682 ad
223 641 550 684 adolescentem
585 641 854 696 armigerum
888 655 1015 683 suum
1043 658 1050 684 :
1088 642 1225 695 Veni,
1262 647 1307 684 et
1339 647 1613 685 transeamus
1641 642 1697 685 ad
1727 642 1960 685 stationem

137 699 523 753 Philisthinorum,
551 713 648 754 quae
675 705 741 742 est
766 704 887 741 trans
921 699 1065 742 locum
1097 699 1239 744 illum.
1269 700 1389 742 Patri
1422 705 1569 743 autem
1596 715 1672 744 suo
1705 701 1787 744 1100
1820 701 1962 757 ipsum

135 772 219 800 11011
247 758 479 801 indicavit.
507 757 524 783 2
550 758 682 800 Porro
706 758 811 800 Saul
837 758 1092 800 morabatur
1117 757 1161 799 in
1188 764 1386 801 extrema
1412 764 1535 814 parte
1562 761 1738 814 Grabaa,
1765 760 1844 802 sub
1873 774 1962 802 ma-

135 816 366 872 logranato
392 831 488 872 quae
515 822 610 859 erat
644 816 689 858 in
715 817 923 872 Magrou,
958 822 1003 859 et
1028 822 1122 859 erat
1155 817 1342 872 populus
1367 831 1467 859 cum
1501 832 1551 860 00
1577 819 1702 873 quasi
1735 825 1962 862 sexcento-

134 890 228 918 rum
257 875 465 918 virorum.
493 875 510 901 3
537 876 595 917 Et
622 875 808 931 Achias,
837 875 952 918 filius
979 875 1194 930 Achitob,
1229 875 1382 918 fratris
1406 876 1624 931 Ichabod,
1649 877 1725 919 filii
1754 877 1961 927 Phiuees,

134 934 206 989 qui
234 939 352 977 ortus
377 934 527 977 fuerat
553 948 608 977 ex
635 934 762 989 Heli,
789 934 1016 977 sacerdote
1044 934 1222 977 Domini
1248 934 1295 975 in
1320 934 1432 989 Silo,
1463 936 1669 990 portabat
1696 936 1852 991 ephod.
1881 936 1963 979 Sed

134 1000 177 1036 et.
202 993 388 1049 populus
423 993 659 1049 ignorabat
684 1008 769 1049 quo
803 993 909 1036 isset
933 993 1166 1036 Jonathas.
1200 992 1217 1019 4
1244 992 1384 1035 Erant
1414 998 1585 1048 autem,
1613 993 1726 1036 inter
1758 1008 1964 1037 ascensus

133 1066 209 1108 per
233 1066 340 1107 quos
368 1052 595 1095 nitebatur
620 1053 841 1095 Jonathas
867 1052 1054 1095 transire
1078 1053 1135 1095 ad
1169 1052 1408 1095 stationem
1443 1051 1830 1105 Philisthinorum,
1858 1052 1964 1095 emi-

133 1116 288 1154 nentes
313 1116 451 1167 petrae
479 1126 533 1154 ex
559 1116 743 1167 utraque
768 1116 913 1168 parte,
941 1117 985 1154 et
1010 1111 1136 1167 quasi
1159 1111 1206 1154 in
1237 1111 1417 1154 modum
1443 1110 1644 1154 dentium
1669 1111 1837 1167 scopuli
1863 1111 1965 1153 hinc

133 1176 176 1213 et
201 1169 303 1212 inde
330 1170 568 1226 praerupti;
598 1185 759 1214 nomen
785 1170 861 1213 uni
892 1172 1047 1226 Boses,
1082 1176 1126 1214 et
1155 1184 1318 1213 nomen
1348 1169 1477 1213 alteri
1512 1170 1646 1223 Sene3
1679 1170 1696 1195 5
1729 1184 1839 1212 unus
1874 1184 1965 1213 sco-

132 1229 260 1285 pulus
286 1228 541 1285 prominens
567 1229 624 1272 ad
649 1229 925 1286 aquilonem,
958 1244 1013 1273 ex
1039 1230 1224 1273 adverso
1256 1229 1510 1283 Machmas,
1538 1233 1581 1272 et
1605 1229 1718 1272 alter
1749 1229 1806 1272 ad
1838 1230 1963 1271 meri-

133 1287 271 1343 diem,
296 1294 448 1330 contra
475 1288 646 1332 Gabaa.
673 1289 691 1315 ⁶
709 1288 836 1331 Dixit
860 1294 1011 1332 autem
1037 1289 1257 1332 Jonathas
1275 1288 1331 1331 ad
1349 1287 1679 1330 adolescentem
1697 1288 1965 1343 armigerum

132 1361 287 1390 suum:
318 1347 456 1402 Veni3
484 1352 763 1390 transeamus
788 1347 844 1390 ad
876 1347 1114 1391 stationem
1139 1347 1550 1390 incircumcisorum
1582 1347 1759 1402 horum,
1787 1347 1822 1389 si
1850 1347 1966 1390 forte

132 1405 273 1448 faciat
302 1405 519 1448 Dominus
545 1420 623 1462 pro
649 1406 800 1462 nobis,
831 1407 935 1462 quia
966 1421 1053 1449 non
1082 1411 1150 1450 est
1177 1406 1369 1449 Domino
1399 1405 1584 1448 difficile
1610 1406 1781 1448 salvare
1815 1406 1886 1448 vel
1920 1406 1965 1448 in

133 1465 283 1507 multis
308 1464 381 1507 vel
406 1464 452 1507 in
477 1465 643 1520 paucis.
672 1464 686 1491 ⁷
707 1465 919 1520 Dixitque
948 1465 989 1508 ei
1015 1465 1206 1520 armiger
1227 1479 1330 1507 suus
1353 1482 1361 1508 :
1389 1465 1479 1507 Fac
1499 1464 1647 1507 omnia
1673 1479 1768 1520 quae
1788 1464 1965 1520 placent

130 1523 279 1566 animo
304 1528 405 1577 tuo3
432 1537 565 1579 perge
599 1537 684 1579 quo
714 1524 861 1579 cupis,
889 1528 933 1566 et
958 1538 1031 1567 ero
1056 1528 1205 1567 tecum
1239 1523 1506 1578 ubicumque
1540 1523 1744 1566 volueris.
1771 1523 1787 1549 3
1814 1525 1870 1565 Et
1903 1524 1965 1566 ait

132 1582 349 1625 Jonathas
372 1598 381 1625 ε
409 1583 525 1625 Εο00
551 1596 629 1625 1108
656 1582 896 1625 transimus
921 1583 978 1625 ad
1004 1582 1121 1625 viros
1147 1583 1266 1627 istos.
1299 1582 1498 1637 Cumque
1523 1582 1856 1638 apparuerimus
1882 1582 1963 1635 eis,

129 1641 149 1667 9
172 1641 207 1683 81
229 1640 379 1683 taliter
404 1641 539 1683 locuti
573 1641 745 1684 fuerint
777 1641 835 1684 ad
869 1656 947 1685 nos
972 1658 980 1685 :
1015 1642 1194 1685 Manete
1229 1641 1368 1684 donec
1403 1640 1635 1683 veniamus
1660 1640 1716 1683 ad
1742 1655 1848 1693 vos,
1880 1646 1964 1683 ste-

131 1714 226 1743 mus
252 1699 298 1742 in
324 1699 420 1742 loco
446 1705 614 1756 nostro,
638 1714 719 1744 nec
741 1701 1033 1744 ascendamus
1058 1701 1116 1743 ad
1142 1715 1229 1744 eos.
1258 1699 1294 1726 ¹⁰
1311 1699 1356 1743 Si
1374 1704 1523 1743 autem
1550 1699 1743 1742 dixerint
1767 1716 1774 1742 :
1800 1702 1964 1742 Ascen-

131 1758 221 1802 dite
247 1759 304 1801 ad
331 1772 435 1814 nos3
459 1759 774 1816 ascendamus,
801 1759 904 1816 quia
926 1759 1113 1803 tradidit
1131 1774 1204 1803 eos
1225 1758 1443 1802 Dominus
1469 1758 1515 1800 in
1544 1758 1750 1800 manibus
1777 1759 1962 1813 nostris,

130 1818 213 1860 hoc
239 1817 322 1860 erit
348 1817 474 1860 nobis
500 1818 692 1874 signum.
721 1818 983 1875 1¹Apparuit·
1006 1819 1145 1875 igitur
1162 1823 1344 1873 uterque
1370 1817 1551 1860 stationi
1571 1816 1963 1869 Philisthinorum;

131 1876 423 1932 dixeruntque
450 1876 726 1920 Philisthiim
758 1895 766 1922 :
794 1879 863 1920 En
889 1877 1072 1921 Hebraei
1102 1877 1390 1934 egrediuntur
1416 1877 1470 1920 de
1504 1875 1704 1919 cavernis
1731 1875 1777 1918 in
1807 1875 1964 1931 quibus

130 1935 381 1978 absconditi
406 1936 600 1980 fuerant.
628 1936 664 1962 ¹2
690 1939 748 1980 Et
776 1937 913 1980 locuti
942 1942 1046 1980 sunt
1076 1937 1159 1979 viri
1187 1937 1241 1980 de
1271 1936 1463 1979 statione
1489 1935 1546 1978 ad
1579 1935 1823 1978 Jonatham
1842 1939 1885 1979 et
1910 1935 1965 1978 ad

130 1995 400 2050 armigerum
437 1995 555 2051 ejus,
592 1995 886 2052 dixeruntque
917 2012 926 2040 :
966 1996 1209 2039 Ascendite
1238 1995 1296 2038 ad
1326 2009 1424 2051 nos,
1457 1999 1501 2038 et
1527 1995 1808 2038 ostendemus
1841 1994 1965 2037 vobis

130 2068 235 2097 rem.
267 2055 324 2096 Et
356 2054 421 2096 ait
452 2055 481 2097 J
486 2054 674 2097 onathas
705 2055 763 2098 ad
791 2055 1063 2111 armigerum
1088 2069 1216 2098 suum
1244 2071 1252 2098 :
1289 2053 1621 2109 Ascendamus,
1655 2067 1834 2109 sequere
1869 2067 1963 2107 me,

129 2112 315 2156 tradidit
336 2112 456 2156 enim
486 2113 705 2157 Dominus
726 2128 799 2157 eos
820 2114 867 2156 in
892 2128 1050 2157 manus
1073 2114 1226 2157 Israel.
1255 2113 1291 2140 13
1315 2112 1532 2156 Ascendit
1563 2117 1715 2155 autem
1747 2112 1965 2154 Jonathas

131 2171 336 2214 manibus
358 2177 402 2215 et
423 2171 610 2229 pedibus
630 2177 832 2229 reptans,
863 2178 907 2216 et
934 2173 1128 2229 armiger
1161 2173 1258 2228 ejus
1290 2177 1390 2228 post
1419 2186 1532 2215 eum.
1560 2173 1716 2227 Itaque
1738 2170 1814 2213 alii
1839 2170 1965 2214 cade-

131 2231 240 2273 bant
273 2236 377 2274 ante
407 2232 434 2273 J
439 2231 669 2287 onatham,
694 2231 804 2275 alios
830 2232 1022 2288 armiger
1056 2232 1152 2287 ejus
1184 2231 1482 2275 interficiebat
1503 2245 1688 2286 sequens
1712 2244 1824 2272 eum.
1850 2229 1884 2255 ¹4
1909 2231 1965 2272 Et

130 2289 255 2332 facta
280 2294 346 2333 est
367 2289 503 2346 plaga
524 2290 688 2346 prima,
712 2305 796 2346 qua
819 2291 1034 2346 percussit
1059 2291 1280 2334 Jonathas
1309 2295 1353 2333 et
1377 2290 1570 2345 armiger
1592 2289 1708 2345 ejus,
1744 2288 1867 2344 quasi
1902 2289 1966 2330 vi-

131 2348 244 2405 ginti
278 2348 494 2405 virorum,
527 2349 575 2391 in
597 2349 745 2392 media
770 2355 894 2406 parte
917 2349 1085 2406 jugeri,
1113 2365 1245 2405 quam
1274 2364 1354 2406 par
1377 2348 1511 2392 boum
1545 2349 1590 2391 in
1614 2348 1684 2391 die
1715 2361 1839 2390 arare
1862 2361 1964 2390 con-

131 2407 287 2451 suevit.
327 2407 363 2434 15
389 2409 447 2451 Ε1
478 2408 654 2450 factum
679 2413 745 2452 est
774 2408 1040 2451 miraculum
1071 2409 1117 2451 111
1144 2408 1318 2463 castris,
1354 2422 1430 2464 per
1461 2422 1620 2463 agros3
1648 2406 1725 2450 sed
1759 2410 1801 2449 et
1824 2407 1966 2449 omnis

131 2467 316 2524 populus
342 2467 548 2510 stationis
574 2481 744 2523 eorum,
767 2468 840 2523 qui
861 2467 1007 2511 ierant
1031 2467 1088 2510 ad
1109 2467 1424 2524 praedandum,
1449 2466 1676 2522 obstupuit
1699 2483 1708 2520 ς
1730 2470 1774 2507 et
1792 2471 1965 2508 contur-

131 2526 236 2569 bata
257 2531 324 2569 est
345 2531 482 2581 terra,
512 2531 556 2569 et
575 2527 741 2570 accidit
762 2527 886 2582 quasi
909 2526 1173 2569 miraculum
1195 2541 1220 2568 a
1249 2528 1355 2571 Deo.

191 2584 227 2611 ¹⁴³
249 2586 307 2628 Et
338 2590 627 2642 respexerunt
646 2586 944 2642 speculatores
964 2585 1092 2640 Saul,
1118 2585 1191 2641 qui
1230 2590 1354 2628 erant
1377 2585 1425 2627 in
1448 2585 1603 2629 Gabaa
1630 2583 1890 2639 Benjamin,
1923 2587 1965 2626 et

129 2658 233 2688 0000
258 2644 498 2687 multitudo
524 2650 764 2701 prostrata,
788 2650 832 2688 01
856 2645 940 2687 11110
965 2644 1159 2700 illucque
1182 2643 1438 2699 diffugiens
1463 2643 1496 2669 ¹⁷
1516 2644 1574 2685 Et
1594 2643 1657 2685 ait
1677 2642 1783 2685 Saul
1804 2641 1965 2698 populo

130 2703 204 2759 qui
228 2709 322 2747 erat
343 2718 445 2746 cum
471 2718 521 2748 00
548 2720 557 2747 z
581 2704 827 2760 Requirite,
855 2709 900 2747 et
923 2703 1073 2746 videte
1094 2703 1191 2758 quis
1223 2701 1385 2745 abierit
1417 2717 1472 2745 ex
1501 2701 1641 2744 nobis.
1673 2701 1872 2756 Cumque
1901 2715 1965 2743 re-

132 2762 389 2819 quisissent,
415 2767 639 2819 repertum
664 2768 732 2807 est
757 2777 845 2806 non
878 2763 1033 2806 adesse
1063 2763 1090 2805 J
1096 2761 1305 2804 onatham
1331 2765 1375 2804 et
1402 2760 1672 2816 armigerum
1705 2759 1815 2815 ejus⁴
1854 2759 1885 2786 ¹³
1909 2760 1964 2801 Et

131 2821 195 2865 ait
215 2822 321 2866 Saul
342 2822 399 2865 ad
421 2821 613 2865 Achiam
636 2838 644 2866 :
684 2822 876 2879 Applica
908 2836 1059 2864 arcam
1086 2821 1168 2864 Dei
1204 2821 1329 2878 (erat
1350 2820 1470 2863 enim
1502 2819 1565 2862 ibi
1587 2833 1690 2861 arca
1713 2818 1796 2861 Dei
1817 2818 1863 2860 in
1897 2818 1966 2860 die

131 2880 208 2924 illa
231 2896 333 2924 cum
350 2881 452 2924 filiis
475 2881 661 2939 Israel).
685 2881 721 2908 ¹9
742 2882 940 2936 Cumque
961 2881 1211 2936 loqueretur
1227 2879 1333 2922 Saul
1354 2879 1410 2922 ad
1433 2878 1727 2933 sacerdotem,
1749 2877 1965 2919 tumultus

130 2954 320 2996 magnus
342 2946 519 2983 exortus
541 2945 608 2984 est
631 2941 678 2983 in
708 2940 864 2983 castris
898 2939 1291 2993 Philisthinorum;
1321 2938 1632 2993 crescebatque
1661 2936 1898 2993 paulatim,
1923 2941 1965 2978 et

132 2999 292 3042 clarius
321 3000 569 3043 resonabat.
610 3001 668 3042 Et
703 3000 768 3043 ait
803 2999 908 3042 Saul
943 2999 1000 3041 ad
1031 2997 1337 3041 sacerdotem:
1371 2997 1594 3040 Contrahe
1625 3010 1806 3038 manum
1828 3000 1964 3037 tuam.

131 3057 168 3084 ‘²⁰
193 3058 505 3102 Conclamavit
530 3073 634 3115 ergo
653 3059 780 3114 Saul,
808 3063 852 3101 et
873 3057 1015 3101 omnis
1036 3056 1224 3114 populus
1250 3056 1323 3112 qui
1350 3061 1444 3100 erat
1468 3070 1569 3098 cum
1587 3069 1658 3110 eo,
1686 3059 1730 3097 et
1750 3059 1965 3097 venerunt

131 3131 269 3172 nsque
291 3117 348 3160 ad
372 3117 519 3160 locum
545 3118 830 3172 certaminis3
867 3122 910 3161 et
935 3131 1037 3160 ecce
1062 3130 1213 3159 versus
1241 3115 1391 3158 fuerat
1417 3114 1592 3171 gladius
1621 3113 1966 3168 uniuscujusque

131 3176 187 3219 ad
212 3176 466 3232 proximum
487 3191 636 3232 suum,
663 3182 707 3220 et
731 3177 877 3220 caedes
902 3190 1067 3231 magna
1085 3175 1232 3218 nimis.
1256 3174 1289 3201 ⁹²¹
1311 3174 1399 3218 Sed
1424 3180 1467 3218 et
1490 3173 1674 3216 Hebraei
1696 3172 1770 3227 qui
1787 3172 1965 3214 fuerant

131 3249 233 3277 cum
268 3235 542 3278 Philisthiim
567 3236 660 3279 heri
687 3241 730 3280 et
752 3235 1094 3290 nudiustertius,
1116 3234 1495 3289 ascenderantque
1521 3247 1622 3276 cum
1644 3231 1706 3274 eis
1729 3231 1774 3273 in
1797 3230 1964 3283 castris,

132 3294 293 3337 reversi
318 3300 421 3337 sunt
442 3300 492 3337 ut
513 3301 658 3338 essent
680 3310 780 3338 cum
802 3295 962 3350 Israel,
989 3293 1063 3350 qui
1086 3299 1211 3337 erant
1236 3307 1337 3336 cum
1367 3292 1470 3336 Saul
1496 3298 1540 3336 et
1564 3292 1592 3334 J
1598 3290 1774 3334 onatha.
1802 3288 1838 3314 '2'2
1864 3289 1965 3332 Om-

133 3367 210 3396 nes
235 3367 407 3409 quoque
441 3354 659 3397 Israelitae
682 3354 756 3410 qui
793 3368 839 3397 se
859 3353 1184 3397 absconderant
1211 3352 1257 3394 in
1282 3356 1432 3395 monte
1466 3349 1699 3407 Ephraim,
1737 3347 1966 3390 audientes

135 3411 249 3466 quod
276 3412 498 3469 fugissent
521 3413 792 3468 Philisthaei,
826 3413 1107 3456 sociaverunt
1135 3426 1180 3455 se
1214 3426 1314 3454 cum
1350 3410 1441 3453 suis
1472 3411 1519 3452 in
1552 3408 1729 3465 praeli03
1766 3412 1807 3450 et
1842 3411 1965 3471 erant

135 3483 235 3512 011111
261 3471 367 3514 Saul
392 3471 517 3527 quasi
542 3471 695 3515 decem
718 3472 860 3515 millia
886 3472 1093 3515 virorum.
1117 3470 1154 3497 23
1175 3472 1233 3513 Et-
1255 3469 1448 3512 salvavit
1475 3467 1691 3512 Dominus
1716 3465 1763 3508 in
1795 3464 1866 3508 die
1886 3464 1965 3507 1110

137 3528 299 3585 Israel,
326 3545 477 3587 pugna
502 3536 652 3573 autem
677 3531 879 3587 pervenit
901 3545 1037 3586 usque
1058 3530 1114 3573 ad
1139 3529 1384 3572 Bethaven.

139 3675 168 3707 3]
186 3673 263 3706 sup.
283 3674 340 3708 lv,
356 3677 398 3702 21.
417 3689 453 3694 —
471 3676 516 3708 12]
537 3676 550 3701 1
570 3675 676 3702 Mat-11.
699 3675 752 3702 ιν.
770 3677 814 3702 30.

2071 602 2227 630 Jonathae

2082 645 2216 674 facinus

2056 697 2242 723 egregium.

2050 2595 2260 2624 Philisthaeo-

2029 2647 2102 2668 rum
2128 2640 2213 2673 fuga
2236 2641 2272 2667 et

2092 2683 2208 2712 caedes.
