2423 3861
415 135 498 175 {140
956 128 1029 168 EZ.
1066 126 1254 179 XXIII,
1289 126 1345 167 28
1377 150 1437 157 ——
1469 124 1639 178 XXIV,
1673 126 1713 166 5.

414 305 468 348 de
492 310 608 347 terra
632 299 845 356 AEgypti3
874 311 954 340 nec
983 295 1156 339 levabis
1187 294 1336 338 oculos
1366 300 1463 337 tuos
1489 293 1546 336 ad
1573 307 1666 349 eos,
1695 299 1737 336 et
1763 294 1955 350 Higypti
1987 309 2076 339 non
2109 309 2253 338 recor-

415 363 588 407 daberis
613 359 818 416 amplius.

472 421 507 448 ‘2⁸
526 419 635 471 Quia
656 418 754 460 haec
780 416 890 460 dicit
915 415 1132 459 Dominus
1158 415 1277 458 Deus
1298 430 1306 457 :
1331 415 1447 456 Ecce
1474 427 1556 469 ego
1582 413 1759 456 tradam
1780 418 1824 456 te
1850 413 1896 455 in
1922 428 2080 457 manus
2104 429 2255 458 eorum

413 495 518 537 quos
546 477 697 533 odisti,
723 477 769 519 in
796 490 952 519 manus
979 474 1033 517 de
1055 474 1212 530 quibus
1239 472 1403 516 satiata
1428 478 1494 516 est
1515 472 1668 515 anima
1689 477 1780 515 tua.
1807 471 1845 498 ‘29
1864 474 1921 515 Et
1943 478 2082 528 agent
2105 479 2256 517 tecum

411 542 457 582 in
483 538 604 594 odio,
628 542 672 580 et
700 536 860 580 tollent
889 548 1041 578 omnes
1068 533 1241 576 labores
1267 538 1386 587 tuos,
1412 537 1455 575 et
1480 531 1710 575 dimittent
1730 536 1775 575 te
1800 532 1969 575 nudam
1992 537 2037 575 et
2064 531 2256 588 ignomi-

412 599 486 641 nia
511 597 715 654 plenam,
740 601 785 639 et
804 594 1077 638 revelabitur
1100 591 1350 649 ignominia
1368 592 1720 635 fornicationum
1740 596 1932 647 tuarum,
1952 591 2097 634 scelus
2116 596 2255 648 tuum,

412 664 455 701 et
483 655 803 700 fornicationes
829 660 931 699 tuae.
959 652 996 680 30
1014 653 1236 695 Fecerunt
1259 652 1358 694 haec
1383 650 1487 707 tibi,
1515 651 1619 707 quia
1649 651 1873 694 fornicata
1899 665 1944 695 es
1970 656 2072 708 post
2101 656 2258 707 gentes

412 717 525 760 inter
554 731 662 772 quas
687 715 859 772 polluta
885 728 929 757 es
954 713 1001 755 in
1029 711 1161 755 idolis
1191 726 1355 755 earum.
1383 710 1416 737 3¹
1437 711 1494 753 In
1515 711 1588 754 via
1613 710 1773 754 sororis
1795 716 1883 753 tuae
1916 710 2178 766 ambulasti,
2215 716 2258 754 et

413 776 527 819 dabo
550 775 737 818 calicem
759 774 857 830 ejus
881 773 929 816 in
951 786 1087 815 manu
1109 776 1199 814 tua..

470 834 507 862 3'2
526 836 638 878 Haec
669 834 779 877 dicit
805 832 1021 876 Dominus
1051 832 1198 874 Deus:
1225 830 1422 874 Calicem
1452 829 1611 874 sororis
1636 835 1726 873 tuae
1753 830 1878 874 bibes
1909 829 2185 888 profundum
2216 835 2259 872 et
2283 862 2290 869 .

411 896 580 950 latum3
624 894 708 937 eris
747 893 795 936 in
836 892 1053 947 derisum,
1095 895 1140 934 et
1178 890 1226 933 in
1263 889 1659 933 subsannationem
1699 904 1798 945 quae
1841 895 1909 933 est
1950 888 2258 946 capacissima.

412 955 449 981 33
471 954 701 997 Ebrietate
723 958 765 997 et
793 952 940 996 dolore
965 949 1231 1007 repleberis3
1257 949 1395 992 calice
1419 949 1640 1005 moeroris,
1664 954 1709 992 et
1734 949 1950 1005 tristitiae,
1976 949 2115 992 calice
2142 963 2258 992 soro-

412 1015 470 1057 ris
507 1020 596 1057 tuae
636 1013 862 1057 Samariae.
896 1011 933 1038 34
962 1012 1022 1054 Et
1058 1010 1184 1053 bibes
1226 1009 1377 1065 illum,
1413 1013 1458 1052 et
1498 1008 1699 1066 epotabis
1737 1023 1874 1064 usque
1909 1009 1966 1051 ad
2004 1009 2172 1064 faeces3
2215 1013 2259 1051 et

412 1075 668 1130 fragmenta
695 1073 793 1129 ejus
823 1069 1079 1126 devorabis,
1104 1075 1147 1112 et
1172 1069 1309 1112 ubera
1334 1073 1411 1111 tua
1437 1068 1677 1125 lacerabis,
1707 1068 1810 1124 quia
1832 1082 1915 1124 ego
1942 1068 2115 1111 locutus
2139 1082 2257 1123 sum,

411 1134 476 1177 ait
498 1133 715 1177 Dominus
743 1133 876 1176 Deus.
903 1130 940 1157 35
958 1130 1200 1187 Propterea
1224 1129 1321 1171 haec
1344 1127 1454 1171 dicit
1480 1126 1698 1171 Dominus
1723 1128 1870 1172 Deus:
1901 1127 2012 1179 Quia
2039 1127 2180 1171 oblita
2196 1141 2258 1170 -es

413 1193 521 1248 mei,
548 1198 592 1236 et
620 1191 850 1250 projecisti
880 1205 950 1234 me
983 1194 1083 1247 post
1109 1203 1267 1246 corpus
1292 1193 1440 1244 tuum,
1464 1193 1513 1231 tu
1538 1201 1710 1244 quoque
1740 1191 1869 1244 porta
1895 1187 2038 1231 scelus
2063 1191 2191 1230 tuum
2215 1192 2259 1230 et

411 1251 732 1296 fornicationes
754 1257 867 1294 tuas.

120 1336 215 1365 oona
231 1336 332 1365 simul
471 1313 507 1339 3⁶
538 1314 595 1355 Et
631 1312 695 1355 ait
732 1311 951 1354 Dominus
984 1309 1041 1353 ad
1078 1323 1173 1365 me,
1209 1308 1362 1352 dicens
1394 1324 1403 1352 :
1444 1307 1533 1351 Fili
1570 1307 1790 1364 hominis,
1828 1306 2046 1363 numquid
2081 1305 2259 1362 judicas

135 1384 169 1408 et
187 1380 312 1410 ooliba.
413 1373 589 1417 Oollam
622 1377 666 1415 et
700 1371 927 1425 Oolibam,
955 1374 998 1413 et
1023 1367 1264 1411 annuntias
1289 1367 1351 1411 eis
1381 1367 1549 1411 scelera
1585 1367 1775 1411 earum?
1803 1365 1838 1393 3⁷
1857 1366 1969 1417 Quia
1995 1366 2259 1410 adulteratae

412 1438 535 1488 sunt,
560 1436 603 1475 et
628 1430 811 1487 sanguis
835 1430 882 1472 in
915 1428 1121 1472 manibus
1155 1442 1328 1484 earum,
1361 1433 1404 1471 et
1435 1441 1536 1471 cum
1568 1426 1700 1470 idolis
1729 1426 1820 1469 suis
1853 1425 2092 1470 fornicatae
2125 1430 2256 1481 sunt3

411 1492 592 1549 insuper
614 1496 658 1534 et
679 1490 793 1533 filios
815 1503 915 1533 suos
938 1502 1045 1545 quos
1071 1492 1320 1544 genuerunt
1341 1487 1465 1542 mihi,
1489 1486 1747 1530 obtulerunt
1769 1486 1831 1529 eis
1853 1485 1910 1528 ad
1937 1485 2256 1529 devorandum.

385 1578 388 1581 -
413 1551 448 1578 38
467 1551 552 1595 Sed
577 1556 622 1594 et
646 1551 730 1594 1100
747 1550 956 1593 fecerunt
977 1547 1116 1592 mihi:
1141 1547 1396 1604 polluerunt
1421 1545 1727 1589 sanctuarium
1749 1560 1899 1589 meum
1922 1545 1969 1587 in
1995 1544 2067 1587 die
2092 1544 2190 1601 illa,
2214 1550 2258 1587 et

412 1611 600 1653 sabbata
621 1624 720 1653 mea
745 1609 1111 1665 profanaverunt.
1138 1606 1175 1633 39
1193 1606 1393 1662 Cumque
1415 1605 1699 1648 immolarent
1725 1604 1838 1648 filios
1865 1619 1967 1648 suos
1991 1603 2124 1647 idolis
2146 1603 2257 1660 suis,

413 1679 456 1714 et
478 1669 815 1726 ingrederentur
836 1666 1141 1710 sanctuarium
1167 1680 1318 1709 meum
1339 1665 1385 1707 in
1409 1665 1480 1708 die
1506 1664 1584 1706 illa
1609 1669 1659 1706 ut
1684 1663 1936 1721 polluerent
1960 1662 2094 1720 illud,
2122 1663 2259 1706 etiam

412 1730 509 1773 haec
542 1729 749 1772 fecerunt
781 1728 827 1770 in
863 1726 1010 1770 medio
1044 1726 1201 1769 domus
1235 1739 1362 1769 meae.
1392 1724 1430 1751 40
1446 1724 1666 1767 Miserunt
1698 1723 1755 1766 ad
1789 1723 1907 1767 viros
1940 1722 2171 1766 venientes
2205 1723 2259 1766 de

413 1789 558 1845 longe,
580 1788 636 1831 ad
655 1802 762 1844 quos
785 1786 991 1830 nuntium
1017 1785 1255 1840 miserant3
1282 1785 1432 1840 itaque
1460 1797 1561 1826 ecce
1582 1787 1801 1827 venerunt
1816 1800 1824 1828 :
1841 1782 2001 1839 quibus
2027 1787 2071 1825 te
2092 1781 2257 1837 lavisti,

413 1853 457 1892 et
478 1846 787 1891 circumlinisti
813 1846 945 1889 stibio
971 1845 1122 1889 oculos
1148 1850 1258 1900 11105,
1287 1850 1330 1887 et
1355 1849 1512 1887 ornata
1534 1857 1580 1885 es
1601 1842 1768 1885 mundo
1792 1841 2024 1897 muliebri,
2049 1841 2084 1867 4¹
2104 1841 2259 1885 sedisti

412 1908 459 1950 in
487 1908 601 1951 lecto
631 1906 950 1964 pulcherrimo,
975 1911 1018 1948 et
1047 1919 1202 1947 mensa
1227 1909 1383 1946 ornata
1410 1907 1476 1946 est
1501 1907 1604 1944 ante
1638 1907 1707 1957 te,
1744 1900 1996 1957 thymiama
2032 1915 2182 1944 meum
2215 1907 2260 1944 et

413 1972 689 2023 unguentum
720 1980 869 2008 meum
899 1963 1086 2021 posuisti
1115 1978 1245 2020 super
1267 1977 1391 2017 eam;
1426 1961 1464 1988 42
1489 1967 1533 2005 et
1562 1975 1651 2004 vox
1677 1960 1980 2004 multitudinis
2015 1960 2260 2004 exultantis

413 2034 508 2069 erat
532 2027 578 2068 in
601 2041 676 2079 ea,
707 2030 749 2068 et
774 2025 820 2067 in
842 2023 968 2080 viris,
997 2023 1072 2080 qui
1098 2023 1151 2066 de
1178 2021 1467 2065 multitudine
1488 2020 1721 2064 hominum
1743 2020 2094 2077 adducebantur,
2119 2026 2164 2063 et
2185 2034 2259 2063 ve-

413 2086 597 2129 niebant
631 2085 684 2128 de
720 2084 914 2140 deserto,
952 2087 1201 2140 posuerunt
1227 2081 1427 2124 armillas
1463 2080 1509 2123 in
1547 2080 1754 2123 manibus
1789 2095 1962 2135 eorum,
1999 2084 2042 2123 et
2077 2094 2260 2123 coronas

412 2145 634 2201 speciosas
658 2145 704 2187 in
728 2143 951 2200 capitibus
974 2157 1137 2187 eorum.
1166 2141 1203 2168 43
1222 2141 1281 2184 Ε1
1307 2141 1400 2184 dixi
1428 2140 1488 2197 ei,
1517 2155 1617 2196 quae
1639 2140 1794 2183 attrita
1821 2145 1888 2184 est
1917 2140 1963 2182 in
1992 2139 2226 2183 adulteriis
2249 2156 2258 2183 :

414 2206 542 2247 Nunc
568 2203 865 2247 fornicabitur
889 2203 936 2245 in
961 2201 1260 2245 fornicatione
1290 2215 1370 2243 sua
1400 2200 1536 2244 etiam
1569 2200 1680 2244 haec.
1708 2200 1745 2226 44
1771 2201 1830 2242 Ε1
1855 2198 2043 2255 ingressi
2069 2203 2172 2242 sunt
2201 2198 2258 2241 ad

413 2279 510 2307 eam
545 2263 671 2320 quasi
708 2264 765 2307 ad
802 2262 1035 2306 mulierem
1071 2261 1378 2317 meretricem3
1413 2260 1475 2304 sic
1510 2259 1878 2316 ingrediebantur
1914 2259 1972 2302 ad
2006 2258 2183 2302 Oollam
2215 2263 2260 2301 et

414 2324 639 2380 Oolibam,
663 2323 870 2366 mulieres
895 2322 1107 2366 nefarias.
1131 2321 1167 2348 45
1186 2321 1282 2364 Viri
1306 2335 1410 2377 ergo
1437 2319 1547 2377 justi
1569 2324 1696 2375 sunt,
1721 2319 1769 2362 hi
1792 2318 2063 2376 judicabunt
2089 2332 2162 2361 eas
2187 2318 2259 2374 ju-

414 2383 528 2427 dicio
565 2383 889 2439 adulterarum,
926 2388 969 2426 et
1001 2381 1172 2439 judicio
1211 2380 1540 2424 effundentium
1577 2378 1867 2435 sanguinem,
1906 2377 2012 2434 quia
2044 2377 2259 2421 adulterae

413 2447 535 2499 sunt,
564 2448 607 2486 et
628 2442 810 2499 sanguis
831 2442 879 2484 in
900 2441 1107 2484 manibus
1133 2455 1297 2485 earum.

473 2502 509 2529 45
529 2503 642 2545 Haec
665 2502 784 2546 enim
806 2502 916 2545 dicit
939 2501 1157 2545 Dominus
1180 2502 1300 2544 Deus
1322 2517 1330 2544 :
1349 2499 1512 2543 Adduc
1531 2499 1588 2543 ad
1611 2513 1685 2542 eas
1702 2497 2053 2554 multitudinem,
2074 2502 2119 2541 et
2135 2497 2260 2541 trade

414 2578 488 2607 eas
512 2563 559 2605 in
587 2562 830 2605 tumultum
853 2567 898 2605 et
926 2561 973 2604 in
994 2561 1211 2617 rapinam.
1235 2559 1270 2586 47
1291 2561 1349 2602 Et
1375 2559 1631 2616 lapidentur
1651 2557 1878 2615 lapidibus
1903 2557 2188 2614 populorum,
2217 2562 2260 2600 et

416 2622 734 2666 confodiantur
763 2621 928 2678 gladiis
959 2635 1135 2676 eorum3
1163 2619 1277 2663 filios
1311 2624 1354 2662 et
1383 2618 1498 2662 filias
1528 2632 1679 2662 earum
1710 2616 2001 2673 interficient,
2033 2621 2077 2660 et
2106 2616 2260 2660 domos

415 2697 566 2725 earum
590 2682 696 2738 igne
722 2680 1007 2724 succendent.
1030 2680 1067 2707 48
1086 2681 1145 2722 Et
1173 2679 1379 2722 auferam
1412 2678 1556 2721 scelus
1586 2677 1640 2720 de
1665 2681 1803 2732 terra,
1831 2682 1876 2720 et
1903 2676 2077 2720 discent
2107 2689 2260 2720 omnes

415 2741 622 2785 mulieres
656 2756 710 2784 ne
736 2741 912 2784 faciant
934 2739 1178 2784 secundum
1201 2738 1344 2782 scelus
1370 2752 1535 2781 earum.
1564 2736 1601 2763 49
1619 2739 1676 2780 Ε1
1701 2736 1872 2780 dabunt
1899 2736 2043 2780 scelus
2061 2739 2260 2779 vestrum

415 2815 545 2857 super
574 2815 673 2857 vos,
705 2805 749 2844 et
781 2806 969 2857 peccata
992 2799 1213 2843 idolorum
1236 2803 1483 2842 vestrorum
1513 2796 1772 2854 portabitis3
1801 2800 1845 2840 et
1870 2795 2021 2839 scietis
2046 2794 2151 2851 quia
2177 2807 2260 2850 ego

417 2860 633 2904 Dominus
663 2861 796 2903 Deus,

814 2985 835 3037 ξ
867 2982 949 3027 XI.
983 3007 1043 3014 -——
1075 2981 1192 3024 Daae
1209 2981 1373 3037 fiyuroe
1403 2979 1564 3024 arcidii
1594 2978 1858 3022 Jerusalem.

121 3120 343 3149 introductio.
478 3099 583 3142 CAP.
610 3099 780 3144 XXIV.
805 3124 866 3132 —
891 3098 903 3124 ¹
926 3100 983 3141 Et
1003 3098 1179 3142 factum
1205 3102 1273 3140 est
1294 3096 1480 3139 verbum
1507 3093 1689 3137 Domini
1711 3092 1769 3135 ad
1795 3105 1886 3146 me,
1912 3090 1957 3133 in
1981 3105 2099 3135 anno
2121 3106 2253 3142 nono,

418 3158 463 3201 in
489 3172 638 3200 meuse
666 3158 859 3214 decimo,
884 3157 1057 3201 decima
1083 3157 1154 3201 die
1179 3156 1365 3212 mensis,
1394 3155 1546 3198 dicens
1567 3170 1576 3197 :
1603 3151 1621 3178 2
1639 3151 1727 3195 Fili
1757 3150 1971 3207 hominis,
1999 3151 2143 3194 scribe
2175 3151 2252 3193 tibi

419 3232 578 3261 nomen
610 3217 696 3260 diei
722 3217 877 3273 hujus,
903 3217 950 3259 in
975 3231 1062 3273 qua
1088 3216 1374 3260 confirmatus
1400 3219 1466 3258 est
1491 3227 1568 3256 rex
1596 3210 1841 3267 Babylonis
1866 3210 2103 3253 adversum
2129 3210 2157 3253 J
2163 3224 2257 3253 eru-

120 3317 126 3325 .
419 3278 558 3321 salem
580 3276 724 3320 hodie.

158 3361 320 3390 parabola
479 3337 496 3364 3
514 3338 572 3380 Et
597 3336 717 3380 dices
739 3350 816 3392 per
842 3337 1121 3393 proverbium
1146 3335 1204 3379 ad
1227 3335 1409 3378 domum
1429 3330 1713 3376 irritatricem
1736 3329 2019 3388 parabolam,
2044 3335 2087 3372 et
2108 3329 2258 3385 loque-

114 3405 355 3455 ‹r211aeear1-11nus
419 3398 478 3441 ris
511 3397 568 3440 ad
599 3410 698 3440 eos:
733 3396 846 3438 Haec
882 3396 988 3438 ..nit
1027 3395 1239 3438 Dominus
1273 3395 1422 3438 Deus:
1453 3392 1574 3434 Pone
1609 3390 1768 3446 ollam3
1804 3404 1938 3447 pone,
1973 3389 2179 3445 inquam,
2215 3393 2260 3431 et

116 3450 342 3522 (ξιξῑῖᾒᾞῐέὓ
422 3457 549 3500 mitte
570 3456 617 3499 in
639 3470 738 3500 eam
758 3469 934 3511 aquam.
955 3455 967 3474 ⁵
990 3456 1187 3511 ‘jungere
1210 3454 1356 3497 frusta
1379 3452 1476 3508 ejus
1495 3450 1540 3492 in
1559 3464 1672 3505 eam,
1692 3464 1870 3494 omnem
1887 3453 2061 3506 partem
2079 3448 2256 3502 bonam,

122 3502 134 3525 ⁷¹
204 3502 224 3522 ἀ
247 3501 355 3524 mmae.
421 3517 569 3559 femur
592 3520 634 3558 et
659 3529 850 3571 armum,
879 3514 1021 3558 electa
1047 3520 1087 3556 et
1112 3513 1282 3556 ossibus
1307 3512 1452 3569 plena.
1479 3510 1496 3537 ⁵
1515 3510 1863 3565 Pinguissimum
1899 3522 2033 3565 pecus
2059 3521 2257 3562 assume,

423 3589 635 3631 compone
661 3589 832 3630 quoque
857 3580 998 3617 strues
1022 3588 1078 3617 os.
1098 3587 1187 3615 «um
1216 3571 1298 3615 sub
1325 3584 1401 3626 ea;
1429 3568 1641 3613 efferbuit
1671 3568 1813 3612 coctio
1839 3568 1958 3625 erS,
1989 3572 2035 3610 et
2060 3566 2259 3610 discocta

424 3643 525 3677 sunt
552 3648 647 3677 ossa
671 3634 791 3677 illius
813 3634 858 3676 in
882 3631 1025 3677 medio
1052 3631 1163 3689 ejus.
