2391 3861
73 116 148 160 10*
714 113 790 155 III
825 113 965 155 ESDR.
1003 111 1144 166 VIII,
1179 113 1235 155 62
1268 136 1325 146 —-
1358 112 1446 167 IX,
1484 114 1550 155 10.

69 295 140 327 lem
166 295 204 326 in
228 293 413 331 templum
439 289 600 322 Domini.
627 281 664 307 ⁶2
681 288 729 321 Et
753 289 1003 329 promovimus
1031 298 1052 322 a
1076 289 1191 322 fluvio
1215 289 1326 329 Thia,
1356 290 1413 322 die
1445 289 1663 321 duodecima
1683 288 1816 322 mensis
1841 289 1977 329 primi,
1998 296 2190 331 usquequo

69 345 305 378 introivimus
339 342 377 374 in
409 341 629 374 Jerusalem.
669 332 706 360 63
733 341 782 373 Et
813 349 898 373 cum
934 342 1056 373 factus
1080 341 1213 374 fuisset
1245 342 1380 374 tertius
1408 341 1505 376 dies,
1531 344 1669 380 quarta
1696 346 1825 374 autem
1854 342 1914 374 die
1944 342 2190 381 ponderatum

68 405 201 429 aurum
219 397 257 427 et
280 398 479 433 argentum
499 393 683 426 traditum
707 396 765 425 est
785 394 824 425 in
849 393 958 426 domo
983 393 1135 425 Domini
1157 393 1223 425 Dei
1247 393 1388 433 nostri,
1411 393 1635 433 Marimoth,
1659 393 1735 425 fflio
1759 393 1840 425 Jori
1864 392 2060 426 sacerdoti.
2087 385 2124 412 ⁶⁴
2141 394 2194 427 Et

67 457 149 481 cum
174 447 251 487 ipsi»
273 451 356 479 erat
382 447 545 484 Eleazar,
570 445 667 477 filius
693 445 870 484 PhineeS,
889 450 929 476 et
953 448 1063 477 erant
1088 453 1173 478 cum
1194 445 1281 485 ipsis
1300 446 1479 485 Josadus,
1503 444 1602 477 filius
1622 445 1731 485 Jesu,
1755 449 1794 478 et
1818 445 1975 484 Medias,
1998 446 2037 478 et
2057 444 2200 486 Banni,

67 501 162 532 iilius
188 499 334 531 levitae:
361 498 408 530 ad
433 506 642 536 nnmerum,
660 499 699 529 et
724 498 771 529 ad
796 498 941 536 pondus
961 497 1147 530 universa.
1166 489 1205 515 ⁶5
1224 498 1272 530 Et
1293 498 1473 537 scriptum
1497 498 1554 529 est
1578 497 1722 536 pondus
1746 498 1912 537 ipsorum
1937 497 2066 530 eadem
2091 498 2194 530 hora.

69 543 104 569 ¹⁷²⁶
128 552 197 590 Qui
222 556 346 583 autem
374 551 558 583 venerunt
585 557 632 581 ex
664 548 903 589 captivitate,
936 549 1157 582 obtulerunt
1190 550 1411 582 sacrificium
1438 548 1595 581 Domino
1626 550 1699 581 Deo
1731 549 1866 589 Israel,
1897 551 2029 581 tauros
2059 549 2199 582 duode->

67 604 136 636 cim
155 610 223 643 pro
245 602 344 634 omni
371 602 503 640 Israel,
529 603 662 633 arietes
680 603 872 640 octoginta
897 608 972 641 sex,
993 593 1029 619 ⁶7
1048 609 1162 640 agnos
1187 603 1428 642 septuaginta
1447 601 1557 641 duos,
1582 600 1703 633 hireos
1719 610 1788 641 pro
1810 603 1963 641 peccato
1979 601 2193 640 duodecim,

67 658 103 688 et
126 663 190 694 pro
212 655 332 686 salute
355 662 482 685 vaccas
503 653 715 693 duodecim,
740 653 865 685 omnia
889 651 929 685 in
952 653 1176 686 sacrificium
1200 653 1358 686 Domini.
1389 644 1426 672 ⁶⁸
1445 653 1494 685 Et
1518 653 1734 692 relegerunt
1756 656 1944 693 praecepta
1967 654 2066 692 regis
2088 661 2194 692 rega·

67 706 161 739 libus
183 705 507 747 dispensatoribus
534 708 572 737 et
596 705 807 744 subregulis
826 705 1038 746 Coelesyriae
1063 706 1102 738 et
1124 705 1321 746 Phoenicis,
1345 709 1386 738 et
1409 704 1754 737 honorificaverunt
1771 713 1932 746 gentem,
1946 709 1986 738 et
2013 706 2201 745 templum

66 759 226 792 Domini.

119 906 156 934 69
175 915 223 948 Et
247 915 514 946 consummatis
537 913 605 953 his,
631 915 864 946 accesserunt
889 913 935 945 ad
959 921 1019 944 me
1046 911 1252 952 praepositi,
1277 911 1442 945 dicentes
1474 924 1482 945 ε
1504 913 1588 945 Non
1613 914 1905 953 segregaverunt
1929 920 2046 952 genus
2071 912 2198 952 Israel,

68 970 107 1001 et
124 967 319 1008 principes,
338 970 375 998 et
392 965 610 1004 sacerdotes,
635 971 674 997 et
695 966 835 1005 levitae,
854 957 892 983 7⁰
909 966 947 996 et
975 964 1194 1003 alienigenae
1217 968 1357 1004 gentes,
1382 971 1420 997 et
1444 964 1614 997 nationes
1637 968 1765 1005 terrae,
1783 965 2045 997 immunditias
2067 973 2152 997 suas
2174 974 2197 996 a

67 1019 298 1059 chananaeis,
322 1023 361 1051 et
386 1018 567 1057 Betheem,
588 1020 626 1049 et
652 1017 867 1057 Pherezaeis,
885 1019 924 1048 et
941 1017 1134 1057 Jcbusaeis‚
1155 1020 1196 1048 et
1216 1016 1400 1057 Moabitis,
1419 1024 1455 1049 et
1473 1016 1671 1058 AEgyptiis.
1684 1018 1721 1050 et
1735 1018 1926 1050 Idumaeis.
1950 1008 1983 1035 ⁷¹
2001 1016 2198 1056 conjuncti

66 1073 164 1106 enim
190 1075 278 1103 sunt
302 1071 448 1102 filiabus
469 1078 597 1102 eorum
620 1071 658 1101 et
681 1068 768 1108 ipsi,
793 1073 831 1101 et
851 1068 921 1100 filii
945 1076 1092 1108 eorum,
1109 1071 1149 1100 et
1172 1069 1330 1100 mistum
1355 1071 1411 1101 est
1435 1077 1561 1102 semen
1585 1072 1756 1101 san‹·tum
1782 1069 1999 1109 alienigenis
2022 1069 2197 1109 gentibus

67 1129 203 1164 terrae3
225 1127 264 1156 et
289 1123 491 1162 participes
514 1123 624 1154 erant
645 1122 837 1162 praepositi
863 1124 901 1153 et
917 1123 1163 1160 magistratus
1181 1120 1394 1160 iniquitatis
1411 1123 1489 1161 ejus
1511 1122 1558 1154 ab
1581 1121 1691 1154 initio
1716 1121 1830 1161 ipsius
1853 1121 1970 1161 regni.
1992 1112 2028 1140 72
2044 1122 2094 1154 Et
2110 1129 2198 1153 mox

67 1179 112 1209 ut
133 1176 260 1208 audivi
284 1175 374 1215 ista,
394 1174 539 1207 concidi
566 1174 787 1206 vestimenta
812 1176 850 1206 et
877 1181 1019 1205 sacram
1049 1174 1241 1213 tunicam;
1266 1175 1305 1205 et
1331 1174 1498 1206 lacerans
1521 1174 1673 1213 capillos
1697 1174 1828 1213 eapitis
1860 1176 1898 1206 et
1923 1173 2094 1214 barbam,
2118 1173 2196 1205 sedi

68 1229 196 1261 dolens
228 1229 266 1260 et
298 1228 466 1260 moestus.
493 1219 530 1245 73
557 1227 606 1258 Et
630 1228 887 1258 convenerunt
911 1228 1098 1265 quotquot
1123 1228 1215 1257 tunc
1239 1226 1492 1258 movebantur
1514 1226 1553 1258 in
1578 1226 1693 1258 verbo
1719 1226 1866 1258 Domini
1897 1226 1964 1258 Dei
1992 1226 2127 1266 Israel,
2149 1226 2198 1258 ad

68 1289 126 1314 me
150 1282 339 1319 lugentem
364 1287 475 1319 super
499 1279 742 1318 iniquitatem
766 1279 904 1317 istam;
925 1280 963 1310 et
983 1278 1155 1310 sedebam
1183 1279 1302 1310 tristis
1327 1286 1442 1318 usque
1464 1279 1511 1310 ad
1535 1277 1756 1311 sacrificium
1780 1280 2052 1318 vespertinum.

120 1324 156 1351 74
176 1333 227 1364 Et
249 1339 475 1371 consurgens
507 1340 529 1363 a
559 1330 717 1371 jejunio,
749 1332 937 1363 conscissa
968 1330 1108 1362 habens
1135 1330 1364 1362 vestimenta
1396 1334 1436 1362 et
1467 1339 1610 1363 sacram
1635 1333 1823 1371 tunicam,
1855 1331 2131 1370 ingeniculans,
2157 1332 2198 1363 et

68 1387 273 1418 extendens
296 1392 428 1416 manus
452 1383 499 1416 ad
525 1383 745 1424 Dominum,
771 1375 810 1401 75
827 1383 993 1415 dicebam
1020 1392 1028 1415 ε
1054 1382 1219 1422 Domine,
1245 1383 1420 1415 confusus
1445 1392 1546 1423 suni,
1567 1384 1606 1415 et
1631 1383 1819 1415 reveritus
1843 1391 1926 1415 sum
1951 1385 2039 1415 ante
2062 1382 2197 1414 faciem

67 1441 182 1470 tuam.
208 1428 246 1455 76
265 1436 419 1469 Peccata
444 1435 545 1468 enim
566 1442 695 1467 nostra
717 1434 974 1475 multiplicata
998 1439 1088 1466 sunt
1109 1442 1221 1474 super
1245 1437 1369 1474 capita
1393 1439 1531 1476 nostra,
1553 1439 1590 1467 et
1613 1435 1829 1475 iniquitates
1852 1438 1994 1468 nostrae
2018 1436 2197 1468 exaltatae

68 1492 158 1522 sunt
183 1498 299 1528 usque
324 1490 373 1520 ad
396 1489 541 1520 caelum.
567 1480 603 1506 77
622 1487 801 1526 Quoniam
826 1496 848 1519 a
870 1487 1097 1527 temporibus
1118 1489 1273 1526 patrum
1290 1490 1507 1519 nostrorum
1528 1496 1660 1520 sumus
1683 1487 1723 1520 in
1746 1496 1883 1527 magno
1905 1489 2056 1527 peccato
2079 1493 2203 1526 usque

67 1542 115 1575 ad
145 1542 243 1574 diem
274 1541 386 1573 hune.
413 1533 449 1559 7⁸
474 1541 524 1573 Et
548 1542 702 1580 propter
734 1543 882 1580 peccata
909 1544 1054 1579 nostra,
1086 1541 1124 1572 et
1151 1542 1304 1580 patrum
1328 1542 1561 1580 nostrorum,
1586 1548 1715 1573 sumus
1741 1540 1872 1573 traditi
1905 1548 1991 1572 eum
2015 1538 2198 1572 fratribus

67 1594 225 1634 nostris,
249 1596 288 1625 et
307 1601 392 1625 cum
417 1592 669 1625 sacerdotibus
696 1592 852 1632 nostris,
881 1591 1030 1631 regibus
1053 1595 1169 1624 terrae
1194 1592 1233 1623 in
1257 1591 1423 1631 gladium
1447 1595 1485 1624 et
1513 1593 1775 1632 captivitatem
1800 1595 1839 1625 et
1862 1591 2199 1632 depraedationem,

68 1655 153 1680 cum
177 1647 395 1679 confusione
422 1653 539 1684 usque
566 1645 606 1677 in
629 1644 850 1677 hodiernum
876 1644 985 1677 diem.
1014 1636 1053 1661 ⁷9
1071 1644 1119 1676 Et
1147 1652 1248 1676 nune
1275 1649 1460 1683 quantum
1484 1647 1541 1677 est
1567 1646 1635 1676 hoc
1658 1645 1758 1684 quod
1781 1645 1942 1683 contigit
1965 1643 2070 1676 nobis
2093 1643 2196 1675 mise-

68 1699 232 1731 ricordia
257 1699 321 1730 abs
345 1701 404 1738 te,
429 1697 588 1730 Domine
612 1697 729 1737 Deus,
753 1700 793 1729 et
817 1697 986 1736 relinque
1010 1697 1117 1728 nobis
1141 1697 1307 1728 radicem
1330 1698 1369 1728 et
1392 1704 1529 1728 nomen
1556 1697 1595 1728 in
1624 1697 1744 1729 locum
1769 1696 2074 1728 sanctificationis
2097 1698 2197 1734 tuae,

70 1743 107 1770 ⁸⁰
129 1752 301 1791 detegere
333 1749 518 1782 luminare
544 1751 717 1781 nostrum
751 1749 791 1781 iu
821 1750 930 1781 domo
963 1749 1114 1780 Domini
1149 1748 1217 1780 Dei
1249 1748 1386 1788 nostri,
1420 1749 1509 1780 dare
1540 1748 1645 1780 nobis
1677 1749 1802 1780 cibum
1833 1749 1872 1780 in
1903 1748 2006 1780 omni
2031 1750 2199 1787 tempore

69 1803 264 1837 servitutis
288 1805 440 1835 nostrae.
468 1793 499 1819 81
522 1802 572 1833 Et
595 1810 680 1833 cum
705 1802 940 1840 servilemus,
961 1807 1035 1832 non
1059 1799 1200 1832 fuimus
1223 1800 1393 1832 derelicti
1415 1809 1438 1832 a
1460 1801 1618 1832 Domino
1642 1801 1720 1833 Deo
1741 1805 1894 1837 nostro:
1916 1801 1979 1832 sed
2003 1799 2197 1832 constituit

69 1864 135 1888 nos
166 1856 205 1887 in
237 1854 377 1895 gratia,
409 1862 547 1894 ponens
578 1854 684 1885 nobis
716 1861 822 1893 reges
853 1853 1053 1885 Persarum
1087 1853 1174 1884 dare
1199 1851 1341 1892 eibum,
1372 1844 1408 1871 8²
1425 1856 1464 1884 et
1495 1853 1698 1884 clarificare
1729 1855 1914 1892 templum
1947 1850 2097 1883 Domini
2129 1851 2199 1883 Dei

70 1907 205 1948 nostri,
231 1910 268 1940 et
290 1907 477 1939 aedificare
500 1907 648 1938 deserta
674 1905 777 1945 Sion,
800 1906 890 1936 dare
913 1905 1021 1936 nobis
1045 1904 1288 1937 stabilitatem
1313 1906 1353 1936 in
1376 1905 1513 1937 Judaea
1539 1907 1576 1936 et
1600 1902 1822 1936 Jerusalem.
1849 1896 1886 1922 83
1904 1904 1952 1936 Et
1985 1911 2085 1935 nune
2108 1902 2199 1942 quid

71 1960 244 1999 dicimus,
282 1959 457 1998 Domine,
491 1958 670 1990 habentes
701 1957 815 1989 haec?
849 1956 1086 1995 Transgressi
1116 1954 1216 1987 enim
1248 1965 1377 1988 sumus
1401 1959 1592 1996 praecepta
1625 1961 1711 1997 tua,
1733 1965 1816 1996 quae
1843 1955 1977 1988 dedisti
1999 1955 2039 1987 in
2067 1963 2198 1987 manus

70 2019 271 2053 puerorum
291 2014 446 2042 tuorum
470 2010 749 2050 prophetarum,
775 2001 811 2026 84
830 2009 955 2040 dicens
978 2019 986 2041 ε
1006 2007 1190 2046 Quoniam
1216 2011 1328 2048 terra,
1346 2009 1386 2040 in
1407 2017 1519 2048 quam
1539 2008 1726 2040 introistis
1743 2009 1930 2048 possidere
1948 2007 2197 2040 hereditatem

71 2066 160 2105 ejus,
185 2067 286 2096 terra
309 2063 455 2103 polluta
480 2064 537 2094 est
557 2061 924 2100 coinquinationibus
949 2061 1246 2100 alienigenarum
1270 2062 1408 2101 terrae3
1434 2063 1472 2093 et
1497 2060 1748 2093 immunditiae
1777 2061 1928 2093 illorum
1957 2061 2199 2100 repleverunt

72 2125 153 2149 eam
176 2118 296 2148 totam
320 2114 558 2147 immunditia
582 2121 657 2146 sua.
685 2106 722 2131 ⁸5
739 2114 788 2145 Et
811 2121 912 2145 nune
935 2113 1028 2144 filias
1061 2115 1207 2145 vestras
1231 2121 1307 2145 non
1332 2113 1566 2152 conjungetis
1593 2113 1677 2145 filiis
1700 2122 1848 2154 eorum,
1879 2114 1918 2145 et
1950 2112 2045 2144 filias
2069 2120 2200 2145 eorum

72 2177 147 2201 non
173 2167 359 2207 accipietis
386 2167 470 2199 filiis
501 2166 646 2199 vestris.
673 2157 709 2184 86
729 2166 778 2198 Et
802 2174 878 2197 non
901 2166 1099 2205 inquiretis
1124 2174 1249 2205 pacem
1275 2166 1412 2198 habere
1436 2174 1523 2198 cum
1551 2167 1625 2198 illis
1651 2168 1753 2198 omni
1781 2169 1965 2205 tempore,
1994 2167 2036 2197 ut
2059 2165 2198 2197 invale-

71 2223 213 2253 scentes
236 2219 469 2252 manducetis
486 2219 628 2258 optima
651 2220 778 2258 terrae,
794 2221 833 2250 et
853 2218 1101 2250 hereditatem
1126 2218 1360 2250 distribuatis
1375 2218 1462 2250 filiis
1485 2219 1620 2251 vestris
1641 2226 1758 2258 usque
1778 2218 1817 2250 in
1838 2226 1976 2250 aevum.
1991 2209 2027 2235 ⁸7
2043 2217 2092 2249 Et
2112 2224 2197 2256 quae

71 2274 297 2312 contingunt
331 2273 453 2311 nobis,
489 2271 613 2303 omnia
644 2271 741 2303 fiunt
776 2272 928 2310 propter
960 2279 1071 2309 opera
1105 2273 1238 2302 nostra
1269 2272 1453 2311 maligna,
1486 2274 1525 2303 et
1556 2279 1692 2310 magna
1724 2273 1877 2310 pei-cata
1908 2272 2048 2302 nostra.
2083 2260 2120 2287 ⁸⁸
2148 2268 2196 2300 Et

73 2325 209 2358 dedisti
229 2325 334 2356 nobis
361 2325 472 2356 talem
497 2324 677 2363 radicem,
701 2325 740 2355 et
767 2331 917 2355 rursum
941 2322 1081 2354 reversi
1105 2331 1233 2355 sumus
1257 2324 1470 2363 transgredi
1498 2324 1668 2363 legitima
1694 2326 1777 2363 tua,
1803 2328 1847 2355 ut
1875 2321 2199 2354 commiseercmur

71 2376 323 2410 immunditiae
350 2376 640 2414 alienigenarum
665 2376 835 2414 gentium
861 2379 974 2407 terrae
1000 2375 1124 2414 hujus.
1151 2367 1188 2393 89
1210 2376 1342 2408 Nonne
1366 2377 1536 2408 irasceris
1556 2375 1662 2407 nobis
1682 2376 1838 2415 perdere
1859 2383 1938 2414 1105,
1960 2375 2199 2414 quoadusque

72 2438 149 2462 non
178 2429 419 2468 relinquatur
444 2428 552 2460 radix
577 2429 614 2460 et
645 2436 781 2459 nomen
805 2431 975 2459 nostrum
990 2428 1008 2459 ¹?
1036 2418 1073 2445 9⁰
1098 2427 1254 2460 Domine
1287 2428 1386 2460 Deus
1411 2429 1544 2468 Israel,
1576 2436 1694 2460 verax
1718 2436 1767 2460 es.
1801 2427 1991 2459 Derelicta
2018 2429 2075 2459 est
2098 2426 2199 2458 enim

74 2481 179 2514 radix
204 2489 319 2521 usque
340 2481 378 2513 in
401 2481 622 2513 hodiernum
649 2479 758 2512 diem.
783 2471 815 2498 91
833 2480 934 2520 Eece,
956 2487 1057 2512 nune
1080 2488 1208 2512 sumus
1232 2482 1273 2512 in
1293 2483 1491 2520 conspectu
1509 2486 1576 2512 tuo
1599 2481 1640 2512 in
1658 2479 1924 2520 iniquitatibus
1943 2478 2094 2511 nostris.
2115 2478 2201 2510 Non

73 2537 130 2567 est
154 2533 252 2567 enim
277 2534 397 2565 adhuc
421 2536 521 2565 stare
546 2534 631 2565 ante
652 2535 689 2564 te
709 2533 749 2564 in
773 2533 842 2565 his.

126 2578 163 2605 92
180 2587 229 2618 Et
257 2593 341 2617 cum
367 2586 557 2617 adorando
580 2586 822 2617 confiteretur
847 2586 1001 2625 EsdraS,
1025 2586 1134 2624 flenS,
1159 2584 1265 2617 humi
1291 2587 1502 2624 prostratus
1530 2587 1618 2618 ante
1643 2585 1844 2624 templum,
1869 2582 2088 2622 congregati
2111 2586 2200 2614 sunt

73 2641 160 2671 ante
184 2646 267 2670 eum
289 2645 334 2669 ex
360 2638 569 2670 Sei-malem
590 2640 718 2669 turma
741 2645 877 2676 magna
893 2638 1011 2677 valde,
1039 2637 1119 2677 viri,
1140 2641 1179 2669 et
1199 2638 1384 2678 mulieres,
1405 2640 1443 2669 et
1462 2638 1624 2677 juvenes,
1641 2641 1682 2669 et
1697 2637 1920 2676 juveneuiae.
1950 2636 2077 2667 Fletus
2101 2634 2196 2667 enim

73 2693 156 2724 erat
176 2699 334 2729 magnus
355 2692 393 2722 in
417 2691 493 2730 ipsa
518 2690 775 2722 multitudine.
798 2681 834 2708 93
853 2690 900 2722 Et
921 2698 1004 2721 cnm
1026 2691 1221 2721 clamasset
1243 2690 1444 2722 Jechonias
1464 2690 1587 2721 Jeheli
1607 2697 1652 2721 ex
1669 2689 1754 2721 filiis
1776 2688 1902 2727 Israel,
1923 2687 2020 2719 dixit
2042 2687 2172 2719 Esdrae
2192 2697 2200 2718 :

73 2743 213 2785 Nosin
243 2743 441 2774 Dominum
475 2743 725 2782 peccavimus,
755 2743 853 2781 quod
887 2743 1150 2774 collocavimus
1181 2742 1289 2773 nobis
1321 2742 1358 2773 in
1391 2742 1675 2774 matrimonium
1707 2740 1883 2773 mulieres
1907 2740 2132 2778 alienigenas
2154 2746 2199 2771 ex

74 2795 246 2836 gentibus
272 2798 384 2827 terrae
404 2805 412 2834 ;
438 2786 473 2813 9⁴¹·
491 2797 529 2827 et
552 2803 652 2826 nune
675 2802 713 2826 es
738 2802 847 2833 super
870 2802 1016 2826 omnem
1047 2794 1170 2826 Israel.
1203 2794 1246 2825 In
1270 2794 1328 2826 his
1353 2802 1442 2834 ergo
1466 2794 1516 2826 sit
1539 2794 1803 2833 jusjurandum
1828 2801 1849 2825 a
1874 2791 2050 2832 Domino,
2077 2791 2199 2830 expel-

75 2850 148 2880 lere
174 2855 300 2879 omnes
327 2855 457 2879 uxores
483 2850 628 2879 nostras
654 2855 736 2885 quae
764 2855 807 2878 cx
841 2846 1060 2885 alienigenis
1083 2850 1171 2878 sunt
1196 2854 1280 2878 cum
1313 2847 1401 2878 filiis
1426 2855 1566 2878 earum.
1593 2838 1630 2864 95
1647 2845 1753 2878 Sicut
1776 2845 1848 2877 tibi
1873 2845 2064 2876 decretum
2093 2844 2150 2876 est
2177 2851 2199 2874 a

75 2900 277 2939 majoribus
314 2900 517 2931 secundum
548 2901 665 2938 legem
694 2899 844 2930 Domini
877 2907 1060 2937 exurgens
1096 2898 1247 2938 explica.
1275 2890 1310 2916 96
1343 2899 1402 2930 Ad
1426 2903 1464 2930 te
1496 2898 1594 2931 enim
1628 2900 1773 2938 spectat
1808 2897 2023 2937 negotium,
2056 2897 2093 2929 et
2133 2903 2198 2927 nos

75 2956 196 2984 tecum
223 2960 370 2991 sumus;
400 2953 563 2983 viriliter
587 2952 659 2983 fac.
686 2942 721 2969 97
748 2951 797 2982 Et
828 2959 1011 2990 exurgens
1037 2951 1176 2982 Esdras
1203 2949 1393 2990 adjuravit
1426 2950 1609 2990 principes
1639 2951 1897 2989 sacerdotum,
1925 2952 1964 2982 et
1987 2949 2138 2987 levitas,
2159 2952 2198 2979 et

75 3013 221 3036 omnem
248 3004 379 3044 Israel,
401 3005 523 3036 facere
544 3004 746 3036 secundum
770 3004 876 3040 haec;
901 3006 939 3035 et
962 3005 1198 3043 juraverunt.
1653 3002 1656 3006 ⁴

128 3056 215 3089 CAP.
241 3057 307 3089 IX.
337 3073 380 3078 —
408 3047 421 3073 ¹
444 3057 493 3088 Et
521 3063 705 3095 exurgens
729 3056 866 3088 Esdras
890 3055 935 3087 ab
960 3057 1047 3087 ante
1074 3056 1215 3087 atrium
1243 3057 1395 3096 templi,
1424 3055 1516 3087 abiit
1541 3055 1579 3087 in
1602 3055 1886 3095 pastophorium
1910 3053 2108 3092 Jonathae,
2132 3051 2196 3082 filii

77 3108 234 3147 Nasabi;
254 3102 271 3127 2
288 3112 326 3141 et
350 3109 562 3148 hospitatus
588 3108 665 3140 illic
690 3116 764 3140 non
788 3108 955 3147 gustavit
978 3116 1128 3148 panem,
1153 3115 1220 3139 1100
1244 3117 1377 3146 aquam
1395 3107 1502 3145 bibit,
1527 3115 1638 3147 super
1662 3107 1906 3146 iniquitatem
1931 3103 2199 3137 multitudinis.

79 3154 94 3179 3
113 3161 161 3192 Et
183 3161 284 3192 faeta
315 3163 372 3193 est
401 3160 622 3201 praedicatiO
654 3161 694 3192 in
725 3160 825 3192 omni
857 3160 1011 3199 Judaea‚
1039 3162 1076 3191 et
1107 3160 1147 3191 in
1180 3160 1389 3192 Jerusalem
1414 3160 1584 3192 omnibus
1612 3161 1677 3199 qui
1708 3162 1816 3191 erant
1839 3167 1886 3191 ex
1914 3155 2133 3197 captivitate
2160 3155 2198 3187 in

78 3213 285 3245 Jerusalem
313 3214 550 3253 congregati,
577 3205 593 3230 4
615 3214 659 3245 ut
690 3213 914 3252 quicumque
945 3221 1020 3244 non
1046 3213 1254 3244 occurrerit
1286 3213 1398 3249 biduo
1422 3213 1480 3244 vel
1505 3212 1631 3244 triduo
1662 3211 1754 3252 diei,
1786 3211 1985 3243 seeundum
2017 3207 2199 3246 judicium

79 3266 317 3298 assidentium
339 3266 538 3306 seniorum,
562 3266 790 3297 tollerentur
814 3265 1013 3298 facultates
1034 3273 1124 3304 sua),
1149 3267 1187 3297 et
1209 3265 1287 3304 ipse
1313 3265 1455 3297 alienus
1476 3265 1715 3304 judicaretur
1739 3272 1760 3295 a
1785 3259 2027 3295 multitudiue
2047 3259 2198 3299 captivi-

79 3318 182 3350 tatis.

133 3362 149 3386 5
167 3370 215 3401 Et
239 3370 453 3410 congregati
477 3372 566 3403 sunt
591 3378 717 3403 onmes
738 3369 803 3409 qui
827 3371 935 3402 erant
959 3378 1005 3402 ex
1030 3371 1134 3402 tribu
1152 3370 1254 3402 Juda
1278 3371 1315 3402 et
1342 3370 1537 3409 Benjamin
1558 3370 1597 3401 in
1614 3369 1736 3401 tribus
1757 3367 1883 3400 diebus
1904 3365 1943 3396 in
1963 3364 2171 3396 Jerusalem
2189 3372 2199 3400 ;

79 3419 139 3452 hie
159 3422 292 3453 mensis
315 3425 371 3454 est
395 3430 526 3460 11011115,
552 3422 626 3455 dies
651 3422 785 3455 mensis
811 3421 1020 3460 vigesimus.
1043 3414 1060 3439 ‘3
1084 3422 1131 3453 Et
1154 3423 1252 3454 sedit
1272 3422 1390 3454 omnis
1412 3422 1620 3454 multitudo
1640 3421 1678 3452 in
1703 3427 1789 3452 area
1815 3418 1960 3456 templi,
1985 3419 2198 3452 trementes,

80 3477 232 3512 propter
256 3474 413 3506 hiemem
439 3478 677 3514 praesentem.
697 3467 713 3493 7
734 3475 781 3506 Et
797 3482 981 3513 exurgens
1003 3474 1158 3512 Esdras,
1182 3473 1278 3506 dixit
1301 3474 1374 3506 illis
1403 3485 1411 3507 :
1434 3475 1508 3506 Vos
1530 3475 1657 3513 inique
1681 3470 1831 3510 fecistiS,
1853 3470 2076 3501 collocantes
2093 3467 2197 3499 vobis

81 3525 120 3556 in
140 3525 419 3557 matrimonium
441 3535 574 3559 uxores
598 3527 834 3566 alienigenas,
856 3530 898 3558 ut
923 3526 1110 3558 adderetis
1132 3527 1179 3558 ad
1203 3527 1353 3565 peecata
1377 3527 1503 3558 Israel.
1529 3518 1546 3544 ⁸
1565 3525 1614 3557 Et
1630 3531 1731 3556 nunc
1754 3522 1839 3554 date
1859 3522 2141 3567 confessionem,
2158 3521 2196 3550 et

82 3576 391 3615 magnificentiam
434 3578 594 3611 Domino
631 3580 707 3611 Deo
745 3581 893 3618 patrum
932 3580 1160 3611 nostrorum.
1200 3569 1217 3596 9
1244 3578 1293 3609 Et
1326 3578 1493 3618 perficite
1527 3577 1758 3609 voluntatem
1787 3572 1921 3613 ipsius,
1954 3576 1992 3605 et
2020 3571 2198 3604 discedite

81 3636 103 3660 a
134 3628 306 3666 gentibus
338 3630 471 3669 terrae,
503 3635 541 3662 et
566 3631 613 3662 ab
639 3631 819 3663 uxoribus
851 3630 1076 3669 alienigenis.
1109 3621 1143 3648 10
1164 3630 1212 3662 Et
1238 3629 1413 3662 clamavit
1440 3628 1558 3661 omnis
1586 3626 1808 3667 multitudo,
1837 3629 1875 3658 et
1907 3624 2083 3658 dixerunt
2108 3630 2199 3656 voce
