2423 3861
421 147 505 192 752
926 149 1076 190 ECCLI.
1112 147 1298 201 XVIII,
1333 147 1390 188 25
1422 172 1481 178 —-
1513 147 1646 202 XIX,
1684 149 1750 189 14.

717 322 761 359 et
783 321 957 371 tempus
984 315 1287 358 retributionis
1312 315 1359 357 in
1386 314 1722 358 conversatione
1748 316 1899 360 faciei.

599 376 634 402 *2⁵
656 376 882 418 Memento
907 374 1183 430 paupertatis
1209 374 1254 416 in
1281 380 1479 430 tempore
1505 375 1818 430 abundantiae,

717 438 760 477 et
782 433 1102 476 necessitatum
1126 433 1402 490 paupertatis
1428 434 1474 476 in
1501 434 1571 476 die
1598 433 1870 476 divitiarum.

598 493 633 519 ‘2⁰
656 493 697 536 A
719 507 850 536 mane
876 507 1013 549 usque
1039 493 1095 536 ad
1122 508 1355 549 vesperam
1377 493 1690 536 immutabitur
1711 498 1906 549 tempus,

716 557 759 595 et
785 552 881 595 haeo
907 552 1058 596 omnia
1080 553 1218 595 citata
1243 553 1290 595 in
1314 553 1452 596 oculis
1481 552 1578 595 Dei.

598 611 634 637 2⁷
657 613 806 654 Homo
828 612 1005 668 sapiens
1031 611 1075 653 in
1099 612 1304 655 omnibus
1330 617 1520 667 metuet,

716 677 760 714 et
784 671 830 713 in
857 671 1013 714 diebus
1040 671 1304 715 delictorum
1329 672 1534 715 attendet
1558 672 1614 715 ab
1637 671 1810 714 inertia.

596 729 632 757 ‘²3
655 730 810 775 Omnis
833 735 1007 774 astutus
1031 731 1237 787 agnoscit
1263 731 1551 788 sapientiam,

716 795 760 833 et
785 790 1031 834 invenienti
1058 805 1157 834 eam
1183 791 1309 834 dabit
1334 790 1676 834 confessionem.

597 849 634 876 ‘29
654 850 830 893 Sensati
856 850 903 892 in
928 851 1075 893 verbis
1098 856 1141 894 et
1162 850 1248 907 ipsi
1273 850 1499 907 sapienter
1520 856 1705 906 egerunt
1728 868 1736 904 ;

716 915 760 952 et
786 909 1104 953 intellexerunt
1129 910 1366 953 veritatem
1392 915 1437 953 et
1461 910 1705 966 justitiam,

715 974 758 1012 et
783 969 1057 1026 impluerunt
1082 970 1317 1026 proverbia
1343 975 1387 1012 et
1412 970 1593 1026 judicia.

596 1028 633 1055 30
654 1030 760 1072 Post
783 1028 1167 1085 concupiscentias
1194 1034 1292 1071 tuas
1318 1044 1406 1072 non
1433 1043 1527 1085 eaS,

717 1092 761 1132 et
781 1103 808 1130 a
830 1088 1061 1131 voluntate
1088 1093 1165 1131 tua
1190 1094 1403 1132 avertere.

597 1148 631 1175 3¹
656 1148 700 1193 Si
725 1152 908 1204 praestes
931 1148 1094 1191 animae
1120 1153 1210 1191 tuae
1238 1148 1622 1205 conciqjviscentias
1648 1149 1764 1205 ejus,

717 1207 858 1250 faciet
880 1213 923 1250 te
949 1208 994 1250 in
1017 1208 1232 1264 gaudium
1256 1208 1453 1251 inimicis
1479 1208 1579 1251 tuis.

595 1266 633 1294 3⁹2
656 1267 724 1310 Ne
746 1266 981 1310 oblecteris
1007 1267 1053 1309 in
1079 1267 1239 1322 turbis,
1267 1282 1347 1311 nec
1373 1268 1419 1310 in
1445 1268 1655 1318 modicis;

716 1326 897 1369 assidua
923 1327 1041 1370 enim
1067 1333 1133 1370 est
1161 1327 1414 1370 commissio
1439 1328 1633 1370 illorum.

599 1386 636 1413 33
660 1387 727 1430 Ne
752 1386 892 1429 fueris
916 1387 1151 1430 mediocris
1173 1387 1219 1429 in
1247 1388 1532 1430 contentione
1554 1402 1610 1431 ex
1631 1387 1826 1443 fienme,

718 1451 761 1489 et
787 1451 854 1489 est
880 1446 963 1489 tibi
989 1447 1101 1489 nihil
1126 1446 1173 1489 in
1199 1447 1404 1502 sacculo;

717 1506 801 1549 eris
828 1506 947 1549 enim
972 1506 1152 1549 invidus
1178 1506 1284 1548 vitae
1312 1512 1414 1550 tuae.

160 1582 206 1609 ne
226 1580 305 1608 vino
479 1565 588 1609 CAP.
609 1566 737 1609 XIX.
762 1592 822 1599 —
849 1565 860 1591 ¹
882 1566 1119 1622 Operarius
1145 1566 1342 1609 ebriosus
1369 1580 1457 1609 non
1483 1565 1856 1622 locupletabitur3

129 1628 164 1654 et
188 1624 331 1653 luxuria.
717 1630 760 1669 et
785 1625 859 1681 qui
886 1625 1053 1681 spernit
1080 1625 1253 1668 modica
1280 1625 1497 1682 paulatim
1526 1625 1716 1670 decidet.

619 1683 636 1710 3
657 1685 827 1727 Vinum
854 1690 896 1727 et
922 1685 1128 1728 mulieres
1154 1690 1406 1741 apostatare
1429 1684 1605 1727 faciunt
1628 1685 1870 1742 sapientes,

718 1749 761 1787 et
786 1750 974 1800 arguent
996 1744 1207 1788 sensatos,

618 1804 635 1830 3
656 1805 714 1847 Et
740 1804 812 1860 qui
835 1819 880 1846 se
905 1804 1056 1860 jungit
1077 1804 1331 1847 fornicariis
1358 1805 1439 1847 erit
1465 1819 1654 1859 nequam
1675 1822 1682 1857 ;

718 1863 902 1921 putredo
930 1869 980 1906 etv
998 1878 1170 1907 vermes
1196 1864 1509 1907 hereditabunt
1536 1863 1691 1913 illumq

659 1928 702 1966 et
724 1923 962 1966 extolletur
987 1923 1033 1965 in
1060 1923 1314 1980 exemplum
1340 1923 1506 1979 majus,

721 1988 764 2026 et
786 1983 966 2026 tolletur
993 1983 1046 2026 de
1072 1998 1254 2026 numero
1277 1983 1427 2025 anima
1452 1983 1560 2039 ejus,

162 2061 301 2090 Lex-itas
617 2042 634 2069 4
656 2042 739 2093 Qui
763 2042 903 2085 credit
929 2043 1016 2085 cito
1039 2043 1151 2085 levis
1174 2043 1304 2086 corde
1331 2051 1417 2097 est,
1445 2048 1487 2085 et
1511 2042 1830 2098 minorabitur;

148 2105 315 2178 cffnsslflgss
718 2107 763 2145 et
784 2102 859 2158 qui
882 2102 1101 2158 delinquit
1127 2102 1171 2144 in
1198 2102 1395 2145 animam
1419 2117 1566 2157 suam,
1595 2102 1774 2158 insuper
1799 2101 2057 2147 habebitur.

619 2162 636 2188 5
657 2162 738 2213 Qui
763 2162 930 2218 gaudet
954 2162 1212 2218 iniquitate,
1241 2162 1555 2216 denotabitur3

718 2227 760 2265 et
786 2221 860 2277 qui
886 2221 979 2264 odit
1003 2221 1325 2278 correptionem
1351 2221 1575 2265 minuetur
1600 2222 1692 2264 vita
1715 2239 1723 2275 ;

718 2286 762 2324 et
787 2280 861 2337 qui
886 2281 980 2324 odit
1002 2281 1321 2337 loquacitatem
1348 2281 1569 2337 extinguit
1592 2281 1826 2324 malitiam.

618 2342 636 2367 6
656 2340 739 2391 Qui
765 2346 921 2397 peceat
945 2341 992 2383 in
1014 2341 1212 2383 animam
1238 2355 1384 2397 suam,
1411 2341 1648 2397 poenitebit
1669 2358 1677 2395 ς

716 2406 761 2443 et
787 2400 861 2456 qui
883 2400 1156 2456 jucundatur
1181 2401 1227 2443 in
1254 2400 1447 2456 malitia,
1476 2400 1773 2444 denotabitur.

619 2459 633 2485 7
657 2460 723 2503 Ne
746 2459 878 2503 iteres
905 2460 1090 2503 verbum
1111 2475 1302 2516 nequam
1329 2466 1371 2503 et
1393 2460 1572 2515 durum,

718 2525 761 2563 et
786 2534 875 2562 non
900 2520 1204 2563 minoraberis.

617 2579 634 2605 8
654 2579 814 2622 Amico
842 2585 885 2622 et
911 2579 1092 2622 inimico
1118 2580 1210 2623 noli
1236 2595 1414 2623 narrare
1440 2595 1618 2624 sensum
1640 2585 1793 2633 tuum;

716 2645 759 2682 et
784 2639 820 2681 si
849 2643 915 2682 est
937 2639 1019 2681 tibi
1047 2639 1283 2694 delictum,
1311 2640 1401 2683 noli
1429 2639 1684 2693 denudare3

618 2698 635 2724 9
655 2698 807 2741 audiet
833 2698 952 2741 enim
979 2704 1044 2753 te,
1073 2704 1115 2742 et
1142 2699 1363 2742 custodiet
1388 2704 1452 2753 te,

717 2762 760 2801 et
783 2758 907 2813 quasi
934 2758 1182 2801 defendens
1205 2763 1460 2816 peccatum,
1490 2758 1609 2802 odiet
1636 2765 1697 2814 te,

715 2823 758 2860 et
780 2817 842 2860 sic
868 2817 1011 2860 aderit
1033 2818 1115 2860 tibi
1141 2833 1326 2875 semper.

600 2875 636 2902 ¹⁰
657 2877 838 2919 Audisti
861 2877 1045 2920 verbum
1071 2877 1284 2921 adversus
1311 2879 1563 2938 propimum
1589 2878 1748 2922 tuum?

717 2936 1033 2979 commoriatur
1058 2937 1103 2978 in
1131 2943 1194 2985 te,
1220 2938 1359 2981 fidens
1386 2938 1597 2994 quoniam
1619 2951 1707 2980 non
1729 2942 1772 2979 te
1798 2936 2038 2993 dirumpet,

599 2994 631 3021 1¹
658 2997 698 3038 A
724 2996 844 3038 facie
870 2996 994 3038 verbi
1018 2997 1206 3053 parturit
1233 2998 1410 3048 fatuus,

716 3060 930 3110 tanquam
957 3056 1151 3111 gemitus
1178 3063 1328 3113 partus
1350 3057 1554 3101 infantis.

599 3113 635 3139 ¹2
657 3114 832 3170 Sagitta
857 3114 994 3157 infixa
1021 3115 1181 3158 femori
1209 3116 1373 3172 carnis,

717 3174 780 3216 sic
806 3173 992 3217 verbum
1014 3174 1058 3216 in
1087 3175 1216 3218 corde
1242 3176 1381 3219 stulti.

148 3254 320 3284 correctio
600 3231 636 3259 ¹3
659 3232 837 3289 Corripe
863 3234 1080 3290 amicum,

154 3298 316 3328 fraterna.
718 3306 772 3334 ne
794 3292 911 3335 forte
933 3307 1017 3336 non
1045 3294 1338 3351 intellexerit,
1367 3302 1410 3339 et
1436 3295 1556 3338 dicat
1586 3311 1595 3339 :
1623 3295 1723 3338 Non
1749 3293 1868 3350 feci3

719 3357 815 3406 aut,
845 3352 879 3393 si
906 3352 1086 3408 fecerit,
1113 3369 1168 3398 ne
1193 3355 1355 3398 iterum
1375 3354 1514 3397 addat
1538 3353 1700 3397 facere.

601 3410 636 3436 ¹4
659 3409 838 3466 Corripe
863 3412 1135 3468 proximum,
1162 3428 1218 3457 ne
1243 3414 1360 3457 forte
1385 3427 1472 3456 non
1499 3412 1688 3467 dixerit,

719 3475 761 3512 et
784 3469 820 3511 si
844 3469 1026 3525 dixerit,
1051 3487 1105 3515 ne
1128 3473 1245 3515 forte
1266 3473 1409 3516 iteret.

421 3631 469 3665 25]
488 3631 565 3664 Sul).
583 3631 651 3664 XI,
670 3634 713 3659 27.
731 3646 768 3650 —
787 3632 835 3664 30]
856 3631 952 3658 Rom.
971 3631 1037 3664 VI,
1055 3633 1089 3659 12
1106 3634 1140 3659 ct
1159 3632 1265 3666 XIII,
1283 3634 1377 3659 13-14.
1403 3646 1439 3650 —-
1463 3632 1492 3664 2]
1512 3632 1588 3659 Gen.
1608 3632 1703 3666 XIX,
1721 3635 1765 3661 33.
1790 3633 1844 3662 III
1863 3633 1945 3666 ch.
1964 3631 2025 3666 XI,
2044 3633 2068 3660 1.
2087 3645 2122 3652 —·
2140 3630 2168 3665 4]
2185 3629 2257 3660 Jos'.

422 3675 484 3710 1x,
501 3677 536 3703 15
553 3677 586 3702 et
605 3675 718 3709 XXII,
739 3678 780 3702 11.
800 3689 833 3694 —
854 3675 899 3708 13]
921 3674 1000 3702 ιον.
1018 3675 1113 3709 mx,
1134 3678 1175 3703 ιτ.
1195 3675 1316 3703 Matth.
1336 3676 1465 3710 xvm,
1486 3678 1528 3703 15.
1552 3676 1630 3703 Luc.
1651 3677 1761 3704 XVII.
1779 3680 1804 3706 3.
