2391 3861
77 1580 252 1609 salutatio.

118 2163 215 2192 Pauli

70 2208 258 2243 gratiarum

117 2250 207 2279 actio

83 2708 118 2734 ct
132 2704 249 2733 oratio.

123 3296 225 3323 Jcsus

87 3339 259 3372 Christus,

133 3385 219 3410 Deus

99 3431 132 3454 ct
150 3433 248 3459 caput

91 3471 250 3499 ccclesia-¹

1058 684 1476 739 EPISTULA

456 859 854 956 BEATI
929 860 1317 958 PAULI
1393 858 2066 958 APOSTOLi
2136 793 2140 796 ἢ

861 1063 971 1126 AD
1032 1062 1667 1127 COLOSSENSES

1097 1255 1192 1260 u—rfi
1203 1249 1228 1267 ff„
1234 1247 1274 1268 “x
1284 1249 1327 1267 -13
1333 1255 1432 1259 ⁷7—-

1027 1403 1511 1458 EXORDIUM

671 1578 843 1622 AULUs,
871 1565 1095 1622 apostolus
1123 1566 1150 1608 J
1156 1580 1231 1609 esu
1255 1565 1417 1609 Christi
1442 1579 1519 1621 per
1540 1565 1818 1609 voluntatem
1845 1565 1949 1620 Dei,
1973 1569 2015 1608 et
2037 1564 2200 1609 Timo·

596 1653 608 1662 x
634 1653 650 1684 ¹.
703 1625 831 1668 theus
864 1625 1015 1679 frater,
1052 1623 1068 1649 “2
1094 1624 1155 1667 eis
1192 1625 1266 1680 qui
1301 1631 1403 1666 sunt
1438 1624 1649 1680 Colossis,
1689 1624 1855 1667 sanctis
1895 1629 1938 1667 et
1979 1623 2191 1667 fidelibus-

704 1684 919 1726 fratribus
960 1683 1005 1725 in
1044 1683 1217 1727 Christo
1257 1685 1379 1726 Jesu.
1415 1683 1432 1709 3
1458 1684 1614 1726 Gratia
1656 1683 1781 1726 vobis
1819 1688 1862 1726 et
1899 1697 1986 1739 pax
2023 1698 2048 1725 a
2091 1684 2198 1727 Deo*

706 1743 836 1786 Patre
863 1749 1032 1797 nostro,
1058 1748 1100 1785 et
1127 1742 1318 1785 Domino
1347 1743 1374 1785 ,J
1380 1756 1454 1785 esu
1478 1742 1666 1786 Christo.

713 1904 927 1958 PARS
982 1903 1275 1973 PRIOR,
1332 1903 1826 1958 DOGMATICA

796 2042 817 2095 ξ
851 2040 885 2083 Ι.
919 2066 979 2071 ——
1011 2040 1081 2082 De
1104 2055 1296 2096 *persona
1329 2046 1367 2082 et
1399 2054 1523 2095 opere
1561 2039 1737 2083 Christi.

412 2148 589 2192 Gratias
611 2147 787 2203 agimus
821 2149 936 2204 Deo,
960 2154 1002 2191 et
1037 2148 1159 2190 Patri
1184 2147 1365 2191 Domini
1399 2147 1536 2190 nostri
1564 2148 1672 2190 Jesu
1699 2147 1885 2204 Christi,
1914 2162 2086 2206 semper
2109 2163 2202 2206 pro-

350 2206 477 2250 vobis
504 2214 697 2261 orantes,
729 2207 745 2232 4
764 2206 994 2250 audientes
1024 2207 1157 2250 fidem
1180 2213 1374 2250 vestram
1399 2207 1445 2249 in
1473 2206 1646 2250 Christo
1676 2207 1807 2263 Jesu,
1834 2212 1877 2249 et
1904 2207 2189 2251 dilectionem

353 2281 483 2322 quam
508 2266 682 2309 habetis
707 2267 753 2308 in
775 2272 950 2309 sanctos
974 2281 1146 2321 omnes,
1175 2266 1191 2293 5
1209 2272 1386 2323 propter
1411 2280 1536 2322 spem
1563 2280 1662 2322 quae
1687 2266 1882 2323 reposita
1908 2272 1973 2309 est
1994 2267 2120 2311 vobis
2141 2267 2188 2310 in

354 2325 488 2381 caelis,
513 2339 646 2380 quam
668 2326 855 2368 audistis
880 2326 925 2368 in
953 2326 1086 2369 verbo
1113 2326 1315 2369 veritatis
1341 2325 1579 2381 evangelii,
1607 2325 1624 2352 6
1643 2325 1758 2381 quod
1789 2325 1991 2383 pervenit
2015 2326 2073 2369 ad
2094 2341 2187 2383 vos,

353 2385 467 2428 sicut
497 2390 540 2427 et
567 2384 844 2428 inuniverso
871 2385 1035 2428 mundo
1067 2390 1152 2441 est,
1185 2391 1228 2428 et
1257 2385 1521 2441 fructificat,
1549 2390 1592 2428 et
1619 2385 1798 2441 crescit,
1828 2385 1944 2428 sicut
1967 2385 2014 2428 in
2039 2385 2189 2442 vobis,

354 2460 408 2488 ex
433 2460 484 2488 ea
511 2444 581 2487 die
612 2459 698 2500 qua
727 2445 914 2487 audistis
947 2451 989 2487 et
1016 2444 1288 2500 cognovistis
1310 2445 1502 2501 gratiam
1530 2444 1613 2488 Dei
1638 2445 1683 2487 in
1711 2444 1920 2500 veritate,
1945 2444 2090 2488 ⁷sicut
2123 2445 2188 2489 di-

355 2505 524 2548 dicistis
550 2504 606 2546 ab
632 2504 860 2560 Epaphra,
887 2504 1146 2547 charissimo
1171 2518 1381 2547 conservo
1403 2510 1572 2560 nostro,
1597 2504 1671 2560 qui
1698 2509 1765 2547 est
1789 2504 1933 2547 fidelis
1958 2519 2036 2561 pro
2061 2505 2187 2548 vobis

353 2564 554 2608 minister
573 2563 735 2608 Christi
758 2564 784 2606 J
791 2577 878 2619 esu,
906 2563 923 2590 8
942 2563 1016 2619 qui
1042 2564 1178 2606 etiam
1204 2563 1516 2606 manifestavit
1538 2563 1665 2607 nobis
1689 2563 1976 2607 dilectionem
1996 2569 2188 2607 vestram

352 2623 398 2665 in
423 2624 593 2680 spiritu.
2092 2666 2094 2669 ,

413 2684 429 2709 9
448 2683 554 2727 Ideo
585 2690 629 2728 et
654 2700 732 2729 nos
759 2701 813 2729 ex
838 2701 923 2742 qua
950 2687 1021 2730 die
1046 2686 1318 2742 audivimus,
1354 2699 1440 2728 non
1476 2699 1699 2729 cessamus
1729 2698 1807 2741 pro
1831 2684 1958 2727 vobis
1992 2689 2189 2741 orantes,

354 2750 397 2787 et
422 2744 696 2801 postulantes
722 2751 771 2788 ut
795 2746 1070 2802 impleamini
1096 2745 1325 2802 agnitione
1348 2744 1591 2787 voluntatis
1618 2744 1727 2800 ejus,
1753 2743 1800 2785 in
1828 2743 1946 2786 omni
1969 2743 2189 2800 sapientia

355 2811 398 2846 et
422 2803 652 2847 intellectu
678 2805 866 2862 spiritali
886 2822 894 2858 3
921 2805 956 2831 10
974 2811 1023 2848 ut
1047 2805 1285 2848 ambuletis
1310 2804 1444 2860 digne
1467 2805 1559 2847 Deo
1587 2818 1663 2860 per
1686 2803 1833 2846 omnia
1859 2802 2087 2859 placentes
2108 2802 2189 2860 ;‚in

356 2863 474 2905 omni
502 2877 630 2920 opere
661 2864 777 2907 bono
802 2865 1146 2920 fructificantes,
1177 2870 1220 2907 et
1246 2868 1492 2907 crescentes
1516 2863 1563 2905 in
1588 2862 1775 2906 scientia
1802 2862 1914 2917 Dei3
1945 2861 1976 2888 ¹¹
1997 2862 2042 2904 in
2069 2861 2188 2905 omni

356 2922 520 2966 virtute
549 2923 788 2966 confortati
814 2924 1060 2967 secundum
1086 2924 1333 2980 potentiam
1360 2922 1576 2966 claritatis
1603 2922 1719 2978 ejus,
1749 2922 1794 2964 in
1822 2921 1943 2964 omni
1972 2920 2188 2978 patientia

358 2987 401 3024 et>
430 2981 773 3038 longanimitate
807 2998 908 3026 cum
943 2984 1135 3039 gaudio;
1164 2982 1200 3009 12
1217 2982 1383 3038 gratias
1417 2986 1601 3037 agentes
1635 2982 1730 3024 Deo
1756 2981 1899 3037 Patri,
1928 2981 2002 3037 qui
2029 2979 2187 3036 dignos

357 3055 435 3083 nos
472 3042 582 3084 fecit
618 3042 665 3084 in
703 3048 873 3099 partem
913 3043 1041 3085 sortis
1081 3048 1333 3086 sanctorum
1367 3041 1413 3084 in
1447 3041 1636 3096 lumine,
1673 3040 1708 3067 ¹3
1726 3040 1799 3096 qui
1835 3040 1995 3097 eripuit
2022 3052 2100 3082 nos
2135 3038 2188 3081 de

357 3106 574 3157 potestate
616 3102 918 3157 tenebrarum,
960 3108 1002 3146 et
1046 3102 1274 3145 transtulit
1315 3101 1360 3143 in
1397 3114 1585 3156 regnum
1630 3099 1735 3143 Filii
1777 3098 2029 3143 dilectionis
2071 3112 2183 3154 suae,

358 3160 393 3186 ‘¹4
411 3160 456 3202 in
482 3174 566 3216 quo
592 3161 806 3204 habemus
831 3162 1182 3219 redemptionem
1214 3176 1291 3218 per
1320 3159 1583 3215 sanguinem
1613 3160 1732 3215 ejus,
1757 3158 2062 3202 remiss-ionem
2087 3171 2187 3213 pec-

358 3225 570 3263 catorum.

421 3279 453 3305 ¹⁵
471 3279 552 3330 Qui
580 3285 645 3323 est
666 3280 815 3336 imago
844 3281 925 3324 Dei
952 3281 1209 3335 invisibilis,
1238 3279 1559 3336 primogenitus
1588 3279 1730 3322 omnis
1760 3283 2002 3329 creaturae;
2030 3276 2065 3302 1⁶
2083 3291 2187 3332 quo-

359 3340 478 3381 niam
518 3340 563 3381 in
604 3339 699 3395 ipso
742 3340 921 3383 condita
957 3347 1058 3383 sunt
1092 3340 1297 3382 universa
1334 3340 1379 3382 in
1418 3338 1540 3382 caelis
1578 3345 1621 3382 et
1659 3338 1706 3380 in
1742 3341 1879 3390 terra,
1913 3335 2108 3378 visibilia
2145 3341 2188 3379 et

358 3399 615 3454 invisibilia,
646 3399 738 3442 sive
764 3399 923 3453 throni,
950 3400 1043 3443 sive
1070 3399 1408 3453 dominationes,
1439 3398 1531 3441 sive
1560 3397 1848 3454 principatuS‚
1875 3395 1968 3438 sive
1994 3400 2187 3452 potesta-

360 3462 423 3499 tes
447 3475 455 3501 :
479 3458 627 3501 omnia
650 3472 726 3514 per
750 3459 894 3515 ipsum
918 3468 961 3502 et
986 3459 1030 3501 in
1057 3459 1152 3515 ipso
1179 3464 1324 3502 creata
1349 3462 1472 3513 sunt,
1493 3457 1526 3483 ¹⁷
1547 3462 1590 3500 et
1614 3457 1708 3513 ipse
1734 3460 1799 3499 est
1824 3461 1927 3498 ante
1953 3468 2125 3510 omnes,
2143 3460 2188 3497 et

360 3517 507 3558 omnia
539 3517 583 3558 in
618 3518 712 3573 ipso
747 3524 963 3563 constant.
997 3518 1032 3544 ‘¹⁸
1059 3520 1116 3561 Et
1149 3518 1243 3575 ipse
1276 3523 1342 3560 est
1375 3521 1509 3573 caput
1542 3514 1734 3572 corporis
1763 3513 1987 3570 ecclesiae,
2018 3514 2092 3570 qui
2122 3518 2189 3557 est

362 3661 407 3694 16]
430 3661 526 3688 Joan.
548 3663 572 3696 1,
593 3667 618 3689 3.
638 3677 670 3680 -
696 3663 740 3694 μζ
764 3662 775 3688 l
796 3662 865 3689 Cor.
883 3662 953 3695 XV:
972 3666 1018 3689 20.
1042 3664 1141 3692 Apoc.
1162 3660 1186 3694 Ι,
1204 3663 1229 3687 5.
