2391 3861
707 156 844 197 Aroe.
880 155 940 200 X,
974 156 1000 196 3
1034 181 1091 185 —
1124 155 1210 198 XI.
1251 153 1314 195 18.
1807 152 1917 194 1357

100 330 285 376 terram3
310 324 328 349 3
345 330 387 367 et
414 323 625 366 clamavit
644 337 749 366 voce
775 337 950 378 magua,
974 321 1345 377 quemadmodum
1369 335 1467 363 cum
1495 321 1561 363 leo
1584 321 1726 375 rugit3
1752 327 1795 363 ct
1820 335 1918 363 eum

98 383 356 433 clamasset,
384 382 529 425 locuta
558 387 661 424 suut
686 387 854 437 septem
882 380 1075 423 tonitrua
1101 395 1229 423 voces
1255 395 1369 424 suas,
1394 379 1410 406 ‘⁴
1435 381 1489 422 Et
1511 393 1610 422 61110
1639 379 1783 421 locuta
1809 380 1918 422 fuis-

97 447 193 484 sent
228 447 396 497 septem
424 441 617 483 tonitrua
648 455 776 483 voces
803 454 924 490 suas,
952 454 1033 493 680
1062 439 1302 495 scripturus
1334 453 1478 493 eram3
1514 443 1557 481 et
1585 437 1736 480 audivi
1769 452 1918 480 vocem

97 500 151 542 de
179 500 310 554 eaelo,
338 500 559 542 dicentem
588 499 694 541 milii
720 515 728 541 :
753 499 888 554 Signa
914 513 1009 553 quae
1037 498 1181 540 locuta
1208 504 1309 539 sunt
1335 502 1500 553 septem
1529 497 1741 552 tonitrua,
1768 502 1809 540 et
1832 497 1919 539 noli

97 573 147 601 ea
173 558 377 601 scribere.
404 558 421 583 5’
445 559 495 600 let
517 558 702 613 augelus
725 572 852 613 quem
880 557 969 599 vidi
1001 562 1192 599 stantem
1219 571 1347 612 super
1370 570 1488 598 mare
1514 562 1556 599 et
1586 569 1714 611 super
1739 561 1918 610 terram,

97 616 264 659 levavit
302 631 482 658 manum
516 631 640 658 suam
677 616 733 658 ad
772 615 952 670 caelum,
986 616 1067 658 661
1100 615 1266 670 juravit
1304 629 1378 670 per
1411 615 1637 657 viventem
1674 614 1720 656 in
1757 614 1921 657 saecula

96 676 378 730 saeculorum,
402 675 473 729 qui
502 675 667 718 creavit
690 674 848 716 caelum
875 680 917 717 et
942 688 993 717 ea.
1019 688 1115 728 quw
1142 673 1186 715 iu
1210 688 1260 716 eo
1285 679 1407 728 sunt,
1435 679 1477 715 et
1498 678 1659 716 terram
1683 679 1726 716 et
1751 687 1801 716 ea
1823 687 1921 728 (1066

95 733 139 776 in
164 748 213 776 ea
235 739 350 786 suut,
379 740 422 776 et
448 748 566 776 mare
592 739 633 776 et
660 748 711 776 ea
736 747 832 789 quae
856 733 900 775 in
926 747 974 775 eo
1001 738 1103 774 sunt
1129 749 1137 775 ε
1161 731 1270 781 Quia
1297 737 1470 788 tempus
1492 747 1578 774 non
1602 732 1683 775 erit
1704 731 1918 788 amplius,

96 792 111 818 ⁷
138 792 214 834 sed
246 791 288 833 111
317 792 471 834 dicbus
498 792 617 835 vocis
643 791 818 848 septimi
850 791 1020 846 angeli,
1044 805 1143 833 cum
1167 791 1350 847 coeperit
1376 790 1481 832 tuba
1512 804 1689 846 canere,
1720 805 1921 833 cousum-

96 850 290 893 mabitur
321 851 578 906 mysterium
604 851 706 906 Dei,
730 850 844 893 sicut
870 849 1196 905 evangelizavit
1222 863 1298 906 per
1319 864 1465 892 servos
1492 863 1591 891 suos
1614 850 1862 906 prophetas.

154 910 170 935 8
202 909 258 951 Et
290 910 441 952 audivi
476 924 628 953 vocem
663 909 716 952 de
750 909 858 952 caelo
888 909 1047 951 iterum
1080 907 1333 963 loquentem
1364 922 1558 961 mecum,
1593 915 1636 951 ct
1670 908 1921 952 dicentem:

96 967 235 1022 Vade,
252 974 295 1010 et
313 968 464 1025 accipe
484 968 644 1011 librum
660 975 860 1025 apertum
880 967 933 1010 de
953 982 1084 1009 manu
1103 966 1253 1022 angeli
1271 967 1430 1009 stantis
1452 982 1581 1023 super
1599 982 1717 1010 mare
1736 973 1775 1010 et
1796 981 1924 1023 super

96 1033 269 1070 terram.
297 1028 314 1052 ⁰
335 1027 388 1069 Et
415 1027 504 1069 abii
531 1027 588 1069 ad
617 1027 847 1083 angelum,
879 1026 1030 1069 diceus
1056 1026 1095 1068 ei
1129 1032 1177 1068 ut
1210 1026 1335 1068 daret
1364 1026 1471 1068 mihi
1511 1025 1697 1077 librum;
1734 1031 1777 1068 et
1810 1025 1923 1068 dixit

96 1085 203 1128 mihi
227 1103 234 1129 :
260 1086 425 1142 Accipe
449 1086 623 1142 librum,
648 1092 690 1129 et
715 1086 878 1129 devora
902 1085 1029 1127 illum
1049 1102 1058 1138 ;
1085 1089 1128 1127 et
1149 1084 1289 1128 faciet
1314 1084 1546 1127 amaricari
1566 1090 1764 1127 ventrem
1784 1089 1921 1140 tuum,

95 1145 168 1187 sed
194 1144 237 1186 iu
264 1159 336 1188 ore
358 1150 434 1188 tuo
464 1145 545 1188 erit
571 1145 700 1188 dulce
727 1151 938 1200 tanquam
971 1143 1070 1187 niel.
1102 1143 1134 1169 ¹⁰
1154 1145 1211 1186 Et
1237 1143 1389 1200 accepi
1419 1143 1578 1186 librum
1607 1143 1660 1186 de
1687 1157 1821 1185 manu
1846 1158 1921 1186 an-

94 1203 205 1259 geli,
229 1208 272 1247 et
302 1204 508 1247 devoravi
537 1204 688 1258 illum;
716 1209 759 1246 et
785 1208 878 1246 erat
906 1203 950 1245 in
978 1217 1050 1246 ore
1076 1216 1172 1245 meo
1205 1207 1417 1258 tanquam
1447 1202 1533 1245 mel
1563 1202 1712 1258 dulce,
1745 1208 1788 1245 et
1823 1216 1923 1244 cum

95 1262 374 1306 devorassem
400 1277 520 1317 eum,
552 1263 820 1306 amaricatus
846 1267 911 1305 est
944 1267 1098 1305 venter
1123 1275 1258 1305 meus.
1288 1261 1318 1287 ¹¹
1346 1263 1402 1304 Et
1427 1261 1541 1304 dixit
1568 1261 1675 1303 mihi
1701 1278 1709 1305 :
1741 1261 1924 1318 Oportet

97 1325 138 1364 te
164 1321 324 1365 iterum
350 1322 612 1378 prophetare
637 1321 865 1378 gentibus,
894 1327 936 1364 et
969 1320 1164 1377 populis,
1192 1326 1234 1363 et
1267 1320 1454 1376 linguis,
1482 1325 1524 1363 et
1553 1320 1731 1376 regibus
1756 1320 1921 1363 multis.

155 1381 260 1425 CAP.
288 1381 369 1423 XI.
395 1407 454 1412 —
480 1381 491 1406 ¹
513 1381 570 1423 Et
596 1381 726 1423 datus
755 1386 821 1423 est
849 1379 959 1422 mihi
990 1379 1187 1422 calamus
1216 1379 1374 1422 similis
1400 1379 1559 1435 virgae,
1587 1385 1629 1422 et
1655 1379 1823 1422 dictum
1858 1385 1924 1422 est

95 1439 237 1483 mihi:
273 1440 430 1496 Surge,
465 1445 508 1483 et
544 1439 699 1483 metire
736 1439 952 1496 templum
995 1438 1098 1493 Dei,
1137 1444 1180 1482 et
1220 1439 1378 1494 altare,
1421 1444 1464 1481 et
1501 1438 1735 1482 adorantes
1771 1438 1816 1480 in
1859 1452 1921 1482 eo.

95 1497 112 1523 2
130 1499 305 1541 Atrium
327 1505 489 1551 autem,
514 1498 628 1554 quod
651 1503 718 1541 est
742 1498 851 1541 foris
874 1497 1103 1554 templum,
1131 1497 1244 1553 ejice
1270 1498 1404 1553 foras,
1432 1502 1475 1540 et
1499 1511 1554 1540 ne
1576 1497 1771 1540 metiaris
1796 1496 1921 1553 illud,

95 1557 303 1613 quoniam
330 1558 483 1600 datum
510 1562 575 1599 est
608 1556 836 1612 gentibus,
872 1562 914 1600 et
944 1556 1173 1599 civitatem
1202 1562 1405 1599 sanctam
1435 1555 1673 1599 calcabunt
1699 1555 1923 1599 mensibus

95 1616 390 1671 quadraginta
413 1616 598 1658 duobus.

153 1674 170 1701 3
192 1675 247 1716 Et
270 1674 384 1717 dabo
411 1674 581 1717 duobus
604 1674 790 1717 testibus
817 1674 946 1729 meis,
970 1679 1013 1717 et
1038 1674 1366 1731 prophetabunt
1392 1675 1546 1718 diebus
1571 1675 1694 1718 mille
1721 1675 1922 1718 ducentis

93 1734 348 1789 sexaginta,
371 1733 524 1776 amicti
550 1732 705 1775 866618.
731 1731 748 1758 ‘¹
767 1732 829 1774 Hi
850 1737 953 1775 sunt
978 1732 1076 1775 duae
1103 1733 1246 1788 olivae,
1270 1738 1312 1776 et
1338 1733 1424 1775 duo
1450 1733 1729 1788 candelabra,
1752 1734 1799 1776 in
1823 1748 1923 1777 con-

93 1798 247 1849 speetu
274 1792 453 1834 Domini
476 1798 602 1834 terrae
632 1796 814 1834 stantes.
842 1791 859 1817 5
881 1792 939 1834 Et
964 1791 1000 1834 si
1030 1791 1126 1847 quis
1152 1791 1342 1834 voluerit
1364 1806 1435 1835 608
1461 1806 1644 1847 nocere„
1663 1792 1781 1848 ignis
1807 1793 1923 1836 exiet

94 1851 147 1895 de
169 1865 241 1894 ore
263 1865 427 1906 eorum,
448 1856 490 1894 et
516 1850 747 1894 devorabit
770 1850 976 1893 inimicos
998 1864 1175 1906 e01·u1n;
1198 1856 1240 1893 et
1262 1849 1298 1893 si
1317 1851 1412 1906 quis
1434 1851 1623 1894 voluerit
1649 1865 1721 1894 608
1744 1851 1919 1907 laedere,

94 1911 157 1953 sic
183 1915 354 1966 oportet
375 1924 475 1953 eum
497 1909 653 1953 occidi.
672 1910 690 1936 6
708 1909 769 1952 Η1
791 1909 958 1952 habent
979 1914 1246 1966 potestatem
1272 1909 1508 1952 claudendi
1532 1911 1703 1966 6661010,
1724 1925 1778 1953 06
1799 1910 1923 1967 pluat

94 1969 249 2012 diebus
272 1969 514 2026 prophetiae
540 1968 762 2024 ipsorum3
786 1974 830 2011 et
853 1973 1121 2024 potestatem
1142 1968 1308 2012 habent
1333 1983 1462 2025 super
1482 1983 1618 2024 aquas
1638 1970 1922 2012 convertendi

95 2042 167 2072 eas
197 2028 243 2070 in
268 2027 552 2084 sanguinem,
575 2033 619 2071 et
647 2032 875 2084 percutere
900 2032 1063 2070 terram
1089 2027 1208 2070 omni
1234 2027 1368 2084 plaga
1394 2028 1753 2083 quotiescumque
1775 2028 1921 2072 volue-

93 2088 195 2130 rint.
222 2087 237 2113 7
258 2087 315 2130 Et
340 2102 441 2130 cum
467 2087 662 2130 finierint
687 2086 990 2130 testimonium
1013 2101 1161 2142 suum,
1187 2086 1330 2130 bestia
1356 2101 1451 2142 quae
1473 2086 1675 2130 ascendit
1693 2087 1746 2130 de
1764 2087 1923 2143 abysso

94 2146 233 2190 faciet
259 2145 493 2190 adversum
519 2160 590 2189 608
621 2145 809 2201 bellum,
837 2150 880 2189 et
901 2145 1050 2188 vincet
1083 2145 1202 2202 11108,
1230 2151 1272 2189 61
1307 2146 1478 2189 occidet
1508 2160 1593 2189 608.
1620 2145 1637 2172 8
1659 2147 1717 2188 Et
1743 2161 1923 2203 cor·p01a

94 2220 244 2248 eorum
267 2205 510 2261 jacebunt
498 2220 545 2247 10
570 2205 732 2262 plateis
754 2204 949 2248 civitatis
975 2219 1171 2261 magnae,
1199 2219 1298 2260 quae
1324 2210 1508 2248 vocatur
1532 2205 1820 2262 spiritualiter
1849 2206 1923 2249 So-

97 2265 250 2319 doma,
277 2270 320 2308 et
341 2266 462 2321 AEgy
465 2270 587 2321 ptus,
614 2264 688 2307 0111
719 2269 762 2307 et
792 2264 1009 2307 Dominus
1039 2279 1190 2307 eorum
1223 2264 1458 2307 ciucifixus
1483 2269 1564 2308 est.
1590 2263 1681 2307 9Et
1710 2264 1924 2307 videbunt

97 2323 148 2367 de
174 2323 396 2379 tribubus,
424 2329 466 2367 et
495 2323 689 2380 populis,
721 2328 765 2367 et
797 2323 983 2379 linguis,
1015 2328 1058 2366 et
1087 2323 1315 2379 gentibus,
1350 2337 1531 2380 corpora
1560 2338 1710 2367 eorum
1739 2337 1816 2380 per
1836 2328 1923 2366 tres

100 2383 188 2427 dies
210 2388 254 2426 et
279 2382 534 2438 dimidium,
561 2388 604 2426 et
630 2397 810 2439 corpora
836 2397 987 2425 eorum
1013 2397 1100 2425 non
1122 2382 1267 2426 sinent
1291 2382 1396 2439 poni
1417 2382 1464 2424 in
1485 2382 1797 2426 monumentis.
1818 2382 1854 2408 ¹⁰
1868 2384 1925 2425 Et

100 2441 398 2487 inhabitantes
423 2447 586 2485 terram
614 2442 873 2498 gaudebunt
901 2456 1031 2498 super
1050 2442 1172 2498 illos,
1200 2447 1243 2485 et
1268 2441 1646 2498 jucundabuntur,
1674 2447 1717 2485 et
1741 2456 1925 2485 munera

95 2502 274 2544 mittent
298 2501 513 2557 invicem,
539 2501 750 2557 quoniam
774 2501 821 2543 hi
847 2501 933 2543 duo
958 2501 1184 2557 prophetae
1207 2501 1516 2544 cruciaverunt
1545 2515 1616 2544 608
1647 2501 1720 2556 (101
1751 2500 1922 2543 habita-

93 2560 202 2603 bant
227 2575 356 2617 super
376 2566 552 2604 terram.

156 2619 186 2645 ¹¹
209 2621 266 2662 Et
290 2625 387 2676 post
413 2620 505 2663 dies
531 2625 618 2664 tres
644 2626 686 2664 et
713 2620 947 2664 dimidium
973 2620 1151 2677 spiritus
1178 2620 1283 2663 vitae
1305 2636 1331 2663 a
1359 2622 1452 2664 Deo
1473 2621 1658 2663 intra-vit
1682 2620 1729 2662 10
1750 2634 1837 2663 608.
1868 2621 1924 2662 Et

94 2684 310 2722 steterunt
342 2694 472 2736 super
500 2680 632 2736 pedes
666 2694 788 2736 suos,
816 2685 858 2723 et
879 2680 1012 2723 timor
1041 2694 1230 2735 0168008
1260 2679 1421 2723 cecidit
1450 2694 1580 2736 super
1605 2694 1677 2723 eos
1704 2679 1777 2734 qui
1803 2679 1924 2722 vide-

94 2745 195 2781 runt
221 2752 307 2781 eos.
327 2737 363 2764 ¹2
377 2739 435 2781 Et
452 2739 687 2782 audierunt
704 2753 860 2782 vocem
882 2753 1093 2795 magnam
1112 2739 1165 2782 de
1187 2739 1310 2795 66610,
1331 2738 1552 2782 dicent-em
1574 2739 1636 2782 eis
1655 2756 1663 2783 :
1682 2738 1924 2781 Ascendite

95 2798 193 2840 huc.
226 2798 283 2839 Et.
307 2798 601 2841 ascenderunt
625 2798 671 2840 10
702 2798 862 2841 6661001
890 2798 937 2841 10
962 2798 1098 2854 nube,
1130 2802 1173 2841 et
1198 2797 1408 2841 viderunt
1436 2797 1534 2841 11108
1560 2797 1731 2840 1111111161
1759 2811 1922 2840 eorum.

97 2856 132 2883 13
150 2858 207 2899 Et
227 2857 274 2898 in
300 2856 378 2899 illa
399 2857 505 2899 hora
527 2857 676 2899 factus
699 2861 764 2900 est
787 2859 1063 2900 terraemotus
1109 2871 1319 2912 01680118,
1343 2862 1385 2900 et
1408 2857 1580 2900 decima
1606 2871 1706 2913 pars
1729 2855 1923 2898 civitatis

96 2916 278 2971 cecidit,
301 2920 345 2959 et
369 2915 514 2959 occisa
543 2921 645 2959 sunt
668 2915 715 2958 in
751 2920 1008 2959 terraemotu.
1039 2916 1218 2959 nomina
1240 2915 1467 2959 hominum
1491 2921 1659 2972 septem
1687 2914 1852 2969 millia;
1881 2920 1923 2958 et

95 2975 251 3030 reliqui
277 2975 323 3017 10
348 2974 551 3017 1110016111
573 2979 677 3017 sunt
697 2976 834 3030 missi,
853 2981 896 3018 et
918 2977 1135 3018 dederunt
1155 2974 1344 3030 gloriam
1367 2975 1460 3018 Deo
1483 2975 1596 3018 caeli.
1618 2974 1653 3001 ¹4
1669 2975 1752 3017 Vae
1770 2987 1923 3017 secun-

96 3033 201 3077 dum
222 3034 354 3090 abiit,
380 3039 422 3077 et
444 3047 546 3077 eece
566 3048 634 3076 vae
660 3033 840 3077 tertium
862 3034 1010 3077 veniet
1032 3034 1133 3079 cito,

155 3093 190 3120 ¹5
217 3094 275 3135 Et
303 3093 518 3149 septimus
549 3092 734 3148 angelus
767 3093 874 3135 tuba
907 3094 1096 3147 cecinit3
1129 3098 1172 3137 et
1204 3094 1342 3137 factae
1375 3099 1479 3137 sunt
1510 3107 1640 3137 voces
1669 3107 1844 3149 01681166
1878 3093 1923 3134 in

97 3152 218 3207 66610,
245 3152 469 3196 dicentes:
497 3152 688 3195 Factum
709 3156 774 3194 est
798 3166 985 3208 regnum
1006 3152 1139 3208 hujus
1165 3153 1331 3209 mundi,
1360 3152 1542 3196 Domini
1566 3152 1702 3196 nostri
1729 3158 1773 3195 et
1800 3151 1922 3194 Chri-

97 3210 154 3253 sti
183 3211 300 3267 ejus,
327 3216 371 3255 et
402 3210 608 3267 regnabit
631 3210 679 3253 in
708 3211 869 3254 8666016
895 3212 1171 3255 saeculorum.
1202 3212 1362 3255 Amen.
1394 3211 1430 3238 ¹ss
1456 3213 1513 3254 Et
1541 3211 1702 3267 viginti
1736 3218 1923 3266 quatuor

97 3270 307 3327 seniores,
335 3271 408 3327 qui
431 3270 476 3312 in
499 3275 737 3326 conspectu
764 3270 846 3313 Dei
868 3270 1023 3314 sedent
1043 3270 1088 3313 in
1106 3271 1284 3314 sedibus
1306 3271 1416 3327 suis,
1436 3270 1689 3314 ceciderunt
1710 3270 1755 3312 in
1782 3270 1921 3312 facies

98 3342 220 3384 suas,
254 3335 297 3372 et
329 3330 625 3373 admaterunt
663 3330 827 3384 Deum,
863 3329 1094 3374 dicentes:
1126 3329 1356 3374 ¹7Grat1as
1390 3329 1564 3385 agimus
1597 3329 1700 3384 tibi,
1733 3328 1922 3372 Domine

99 3389 218 3431 Deus
244 3389 540 3446 omnipotens,
568 3387 642 3444 qui
667 3402 732 3443 68,
759 3394 802 3431 61
827 3388 901 3444 qui
930 3403 1046 3444 6168,
1072 3394 1115 3432 61
1144 3389 1217 3445 qui
1247 3393 1457 3432 venturus
1491 3402 1556 3444 es,
1580 3387 1681 3443 quia
1709 3387 1921 3444 accepisti

99 3446 309 3490 viltutem
332 3453 456 3491 tuam
486 3462 717 3504 magnam,
742 3453 785 3490 et
810 3448 1019 3503 16806811.
1047 3447 1082 3475 ¹8
1101 3449 1158 3491 Et
1186 3449 1312 3490 iratae
1333 3453 1436 3490 sunt
1463 3452 1638 3502 gentes,
1665 3451 1708 3490 et
1740 3445 1923 3490 advenit

98 3505 163 3549 116
189 3510 284 3562 tua,
308 3512 352 3550 et
373 3512 546 3564 tempus
577 3512 847 3550 mortuoium
876 3505 1087 3562 judicari,
1114 3512 1158 3550 et
1182 3506 1363 3549 reddere
1387 3519 1480 3548 0161
1483 3505 1635 3549 cedem
1665 3504 1801 3548 servis
1833 3505 1922 3548 tuis

103 3653 148 3686 10,
163 3652 192 3685 5]
209 3652 286 3679 Dan.
307 3652 387 3686 XII,
407 3656 429 3680 .·.
447 3668 482 3672 -
498 3655 527 3687 9]
547 3655 599 3682 ΕΖ.
617 3655 683 3688 111,
701 3656 724 3680 l.

2009 1398 2080 1424 Duo
2098 1398 2214 1425 testes,

2064 3103 2155 3132 'ruba

2032 3146 2184 3180 septima.
