2391 3861
866 668 1276 722 EPISTULA

256 840 649 937 BEATI
725 840 1126 937 PETRI
1201 837 1870 938 APOSTOLI

845 1049 1293 1114 SECUNDA

900 1227 1234 1253 ——-—-⁷»-i<—-«—

381 1398 453 1428 Η*
476 1415 612 1446 ΙΜΟΝ
656 1403 838 1458 Petrus,
880 1416 1030 1446 servus
1072 1407 1116 1445 et
1160 1401 1384 1458 apostolus
1426 1402 1453 1445 J
1458 1416 1534 1445 esu
1574 1401 1766 1457 Christi,
1808 1401 1861 1444 iis
1907 1401 1981 1458 qui

498 1462 767 1517 coaequalem
792 1462 1024 1505 nobiscum
1050 1460 1192 1504 sortiti
1222 1465 1326 1503 sunt
1358 1461 1490 1503 fidem
1522 1460 1567 1503 in
1593 1460 1767 1516 justitia
1794 1460 1876 1504 Dei
1906 1475 1980 1504 no-

495 1521 573 1563 stri
604 1525 646 1563 et
676 1520 908 1564 salvatoris
934 1521 962 1563 J
967 1535 1043 1563 esu
1073 1520 1252 1563 Christi.
1279 1520 1296 1545 '²
1319 1520 1474 1563 Gratia
1502 1519 1628 1562 vobis
1654 1525 1697 1563 et
1726 1535 1814 1576 pax
1840 1519 1980 1563 adim-

321 1589 332 1604 *
366 1594 383 1615 7
434 1631 446 1643 -.
494 1579 668 1635 pleatur
691 1579 737 1621 in
761 1579 1015 1635 cognitione
1042 1579 1145 1634 Dei,
1174 1583 1216 1621 et
1238 1578 1402 1622 Christi
1429 1580 1536 1621 Jesu
1564 1578 1744 1622 Domini
1770 1579 1920 1623 nostri.

476 1715 497 1767 ξ
523 1713 558 1754 Ι.
582 1739 640 1745 —
663 1713 701 1755 A
711 1713 931 1755 dlzortatz’o
956 1713 1019 1755 ad
1040 1714 1349 1756 incrementum
1374 1714 1419 1755 in
1442 1713 1689 1756 virtutibus.

207 1828 225 1853 ³
242 1827 469 1877 Quomodo
491 1827 639 1871 omnia
665 1828 791 1871 nobis
814 1827 978 1870 divinae
1004 1828 1182 1870 virtutis
1207 1843 1311 1884 suae,
1335 1843 1433 1884 quae
1454 1827 1512 1871 ad
1537 1826 1678 1870 vitam
1700 1833 1742 1871 et
1768 1828 1981 1885 pietatem

147 1886 312 1929 donata
334 1891 456 1943 sunt,
484 1901 561 1943 per
587 1887 887 1943 cognitionem
909 1887 1006 1943 ejus
1036 1887 1109 1943 qui
1139 1887 1317 1930 vocavit
1342 1902 1420 1930 nos
1453 1887 1630 1944 propria
1662 1887 1803 1943 gloria
1829 1892 1873 1931 et
1894 1888 1980 1930 vir-

148 1950 262 1999 tute,
289 1945 306 1971 4
328 1960 404 2001 per
429 1960 561 2001 quem
587 1945 783 1988 maxima
810 1950 853 1989 et
873 1946 1066 2002 pretiosa
1090 1946 1217 1989 nobis
1243 1946 1458 2003 promissa
1480 1946 1684 2002 donavit,
1712 1951 1761 1989 ut
1785 1961 1861 2004 per
1885 1947 1979 1990 haec

147 2003 402 2047 efficiamini
432 2004 596 2048 divinae
629 2010 850 2048 consortes
876 2010 1069 2062 naturae,
1092 2006 1319 2061 fugientes
1350 2005 1466 2061 ejus,
1498 2020 1595 2061 quae
1621 2005 1668 2048 in
1698 2006 1863 2049 mundo
1892 2012 1977 2063 est,

148 2063 521 2120 concupiscentiae
553 2064 893 2120 corruptionem.
920 2065 937 2091 5
957 2066 1047 2108 Vos
1068 2070 1219 2107 autem
1250 2079 1400 2107 curam
1426 2079 1602 2108 omnem
1627 2064 1978 2122 subinferentes,

146 2122 396 2166 ministrate
416 2123 463 2165 in
489 2123 574 2167 fide
601 2130 746 2167 vestra
773 2123 1002 2180 virtutem,
1029 2123 1074 2166 in
1097 2124 1262 2167 virtute
1282 2128 1432 2167 autem
1454 2123 1709 2180 scientiam,
1737 2124 1754 2150 6
1772 2124 1817 2166 in
1838 2124 1979 2168 scien-

148 2181 209 2224 tia
234 2188 383 2225 autem
415 2182 754 2237 abstinentiam,
790 2182 835 2224 in
868 2183 1141 2226 abstinentia
1174 2188 1323 2226 autem
1359 2182 1642 2239 patientiam,
1678 2183 1724 2225 in
1761 2183 1979 2240 patientia

145 2245 296 2284 autem
321 2241 548 2299 pietatem,
573 2241 588 2268 7
606 2242 652 2285 in
679 2242 843 2299 pietate
865 2247 1016 2285 autem
1038 2256 1235 2285 amorem
1255 2242 1564 2298 fraternitatis,
1588 2241 1634 2284 in
1659 2257 1808 2286 amore
1828 2248 1980 2286 autem

146 2300 443 2344 fraternitatis
467 2301 744 2345 charitatem.
769 2300 785 2328 8
806 2302 919 2344 Haec
940 2301 1058 2345 enim
1079 2301 1115 2344 si
1139 2301 1367 2345 vobiscum
1393 2301 1554 2357 adsint,
1579 2306 1623 2344 et
1648 2307 1869 2358 superent,
1891 2317 1979 2345 non

146 2373 329 2416 vacuos,
363 2375 445 2403 nec
478 2361 572 2404 sine
609 2361 760 2404 fructu
795 2376 871 2404 vos
907 2361 1178 2405 constituent
1210 2360 1256 2403 in
1292 2361 1473 2404 Domini
1509 2361 1646 2404 nost-ri
1681 2361 1790 2404 0Jesu
1816 2361 1978 2404 Christi

147 2418 424 2475 cognitione3
449 2419 466 2446 9
489 2421 558 2463 cui
581 2420 700 2464 enim
721 2434 809 2463 non
835 2425 998 2477 praesto
1028 2425 1130 2464 sunt.
1158 2420 1274 2477 haec,
1299 2434 1442 2463 caecus
1464 2425 1530 2464 est
1555 2425 1597 2463 et
1623 2434 1758 2463 manu
1778 2425 1976 2477 tentans,

148 2477 418 2521 oblivionem
440 2479 664 2536 accipiens
689 2479 966 2536 purgationis
988 2485 1188 2524 veterum
1214 2494 1392 2523 suorum
1417 2479 1691 2523 delictorum.

210 2536 242 2562 ¹⁰
256 2537 540 2596 Quapropter,
560 2539 735 2595 fratres,
758 2539 901 2595 magis
920 2539 1126 2596 satagite,
1146 2544 1195 2582 ut
1212 2554 1288 2596 per
1305 2539 1423 2582 bona
1445 2553 1577 2596 opera
1600 2543 1767 2581 certam
1784 2544 1978 2582 vestram

147 2596 424 2640 vocationem
458 2603 502 2642 et
535 2598 797 2642 electionem
830 2598 1035 2658 faciatis,
1065 2599 1160 2642 haec
1190 2599 1308 2642 enim
1341 2599 1582 2653 facientes,
1613 2612 1701 2641 non
1734 2598 1978 2655 peccabit-is

146 2654 399 2711 aliquando.
428 2656 459 2683 ¹¹
482 2657 555 2701 Sic
585 2658 703 2701 enim
732 2658 1013 2701 abundanter
1042 2658 1367 2701 ministrabitur
1392 2657 1517 2701 vobis
1546 2656 1753 2700 introitus
1779 2657 1824 2700 in
1852 2662 1977 2702 aeter-

147 2728 254 2757 num
275 2729 458 2771 regnum
485 2717 665 2760 Domini
690 2718 829 2761 nostri
854 2723 897 2761 et
922 2718 1155 2761 salvatoris
1177 2719 1206 2761 J
1209 2732 1286 2761 esu
1311 2717 1488 2761 Christi.

211 2772 244 2799 ¹2
272 2774 456 2830 Propter
491 2776 608 2831 quod
641 2776 853 2834 incipiam
885 2791 963 2820 vos
997 2791 1170 2834 semper
1203 2791 1482 2820 commonere
1519 2777 1572 2820 de
1606 2777 1694 2832 his,
1724 2782 1766 2820 et
1798 2776 1977 2833 quidem

145 2833 336 2876 scientes
369 2838 414 2876 et
447 2835 727 2879 confirmatos
757 2850 833 2879 vos
868 2837 913 2879 in
944 2836 1152 2894 praesenti
1182 2836 1382 2881 veritate.
1413 2836 1448 2863 ¹3
1469 2837 1497 2879 J
1502 2841 1649 2880 ustum
1678 2841 1828 2880 autem
1861 2835 1977 2878 arbi-

146 2897 247 2948 tror,
276 2892 486 2948 quamdiu
518 2908 615 2936 sum
637 2895 683 2937 in
715 2895 797 2938 hoc
833 2896 1139 2952 tabernaculo,
1174 2896 1386 2939 suscitare
1416 2910 1494 2938 vos
1523 2896 1569 2938 in
1604 2895 1974 2950 commonitione3

148 2951 182 2977 ¹⁴¹
204 2956 349 2995 certus
382 2952 496 3008 quod
522 2953 653 2997 velox
689 2958 756 2997 est
793 2955 1010 3011 depositio
1047 2955 1323 2998 tabernaculi
1361 2954 1468 3011 mei,
1507 2955 1750 2998 secundum
1783 2954 1899 3010 quod
1933 2960 1976 2997 et

146 3010 363 3054 Dominus
389 3017 537 3055 noster
562 3013 591 3055 J
595 3026 691 3056 esus
718 3013 917 3057 Christus
943 3014 1213 3070 significavit
1242 3014 1366 3058 mihi.
1394 3014 1429 3040 ¹5
1457 3014 1584 3057 Dabo
1613 3018 1763 3057 autem
1797 3028 1975 3070 operam

145 3075 190 3137 et
221 3069 479 3126 frequenter
507 3071 670 3114 habere
703 3086 780 3115 vos
813 3078 912 3130 post
941 3073 1112 3116 obitum
1144 3088 1312 3129 meum,
1347 3078 1395 3116 ut
1428 3074 1584 3117 horum
1615 3073 1873 3116 memoriam
1906 3072 1974 3114 fa-

145 3139 287 3172 clatls.

210 3188 242 3215 ¹⁶
260 3189 362 3232 Non
387 3189 507 3233 enim
530 3189 682 3233 doctas
703 3190 882 3234 fabulas
909 3193 1068 3248 secuti,
1093 3198 1244 3236 notam
1266 3192 1456 3235 fecimus
1480 3192 1603 3236 vobis
1633 3190 1812 3235 Domini
1837 3189 1974 3233 nostri

145 3246 175 3289 J
179 3261 254 3290 esu
276 3248 440 3291 Christi
458 3249 668 3292 virtutem
694 3255 738 3292 et
760 3250 1067 3306 p1·aesentiam;
1095 3252 1172 3294 sed
1197 3251 1497 3307 speculatores
1522 3250 1635 3294 facti
1660 3249 1779 3292 illius
1801 3248 1973 3305 magni-

146 3305 326 3350 tudinis.
353 3307 387 3334 ¹⁷
403 3307 641 3365 Accipiens
668 3308 787 3351 enim
809 3323 836 3351 a
861 3310 956 3352 Deo
982 3311 1112 3353 Patre
1137 3311 1347 3354 honorem
1374 3316 1417 3353 et
1438 3310 1646 3366 gloriam,
1667 3323 1773 3351 voce
1793 3307 1974 3364 delapsa

145 3364 201 3407 ad
225 3379 325 3408 eum
345 3366 655 3423 hujuscemodi
676 3382 702 3409 a
725 3367 963 3423 magnifica
983 3368 1152 3424 gloria:
1183 3369 1272 3412 Hic
1297 3374 1363 3412 est
1388 3369 1528 3411 Filius
1552 3382 1674 3411 meus
1698 3367 1899 3424 dilectus,
1928 3366 1973 3409 in

145 3437 231 3478 quo
257 3424 366 3467 mihi
390 3426 664 3483 complacui3
696 3426 842 3482 ipsum
868 3427 1028 3470 audite.
1056 3427 1091 3454 '¹3
1118 3430 1174 3471 Et
1206 3429 1321 3470 hanc
1343 3442 1497 3471 vocem
1523 3441 1601 3470 nos
1633 3426 1887 3469 audivimus
1920 3426 1973 3469 de

146 3482 258 3525 caelo
289 3483 493 3541 allatam,
529 3500 629 3528 cum
664 3499 855 3528 essemus
891 3500 990 3528 cum
1022 3486 1117 3543 ipso
1142 3487 1189 3529 in.
1222 3491 1372 3529 monte
1397 3491 1563 3528 sancto.
1611 3485 1643 3511 ¹⁰
1669 3487 1725 3528 Et
1758 3485 1973 3528 habemus

147 3642 194 3674 14]
213 3642 309 3670 man.
327 3642 482 3676 XX1,10.
499 3659 535 3663 —
553 3645 598 3677 16]
620 3645 633 3671 1
653 3644 723 3672 Cor.
743 3643 768 3676 Ι,
789 3645 830 3670 17.
845 3658 880 3662 —
901 3644 1253 3679 1733122tt1·.xv11,5.

2080 1410 2155 1440 salu
2163 1410 2257 1441 tatio.

2055 1834 2286 1863 scandendum

2056 1885 2115 1910 per
2131 1877 2281 1906 virtutes

2061 1920 2273 1950 christianas.

2089 2778 2241 2814 Huiusce

2056 2822 2283 2851 commonitio-

2058 2867 2111 2895 nis
2129 2866 2268 2895 motiva.
