2456 3861
112 321 320 352 distribuun-

149 370 206 394 tur
223 371 280 398 per

132 409 299 439 civitates.

154 801 275 827 Erecto

94 843 211 876 altari,
245 848 337 869 resu-

114 887 217 914 mitur
237 884 318 919 juge

117 930 318 960 sacrificium

125 980 158 1004 ct
176 976 305 1003 festum

114 1022 319 1048 'sabernacu-

115 1066 222 1092 lorum
241 1065 324 1092 cele-

155 1111 282 1137 bratur.

135 1503 312 1530 Ponuntur

110 1545 331 1574 fundamenta

160 1587 286 1621 templi.

144 2982 345 3014 Samaritani

150 3028 338 3060 impediunt

148 3070 339 3101 aedificatio-

204 3122 289 3144 nem.

398 138 484 181 446
1008 135 1145 177 Em.
1181 133 1251 188 11,
1287 133 1343 175 70
1374 158 1434 164 —
1466 133 1547 187 iv,
1580 133 1619 175 5.

460 305 495 332 70
517 303 850 348 Habitaverunt
874 317 977 358 ergo
1010 303 1260 346 sacerdotes
1287 309 1330 346 et
1354 303 1525 358 levitae,
1561 307 1604 346 et
1634 301 1687 345 de
1720 301 1904 358 popuIO,
1938 306 1982 344 et
2011 306 2232 358 cantores,

398 371 441 465 {t
462 363 695 430 jani-tores,
723 367 766 405 et
789 361 1015 405 Nathinaei
1040 361 1086 404 in
1120 361 1302 404 urbibus
1325 361 1435 418 suis,
1464 361 1780 415 universusque
1806 360 1945 402 Israel
1969 360 2016 401 in
2042 360 2233 403 civitati-

431 437 478 465 us
500 436 603 465 suis.

401 573 423 629 ξ
459 573 522 615 Π.
551 597 610 602 -
645 570 914 626 AEclfficatio
954 569 1102 626 templi
1138 572 1287 638 statim
1318 571 1488 671 {pcepta
1528 584 1627 612 mox
1665 584 1695 612 a
1735 568 2038 613 Samaritanis
2073 568 2242 612 invidis

1206 644 1321 685 zmpe
1354 630 1454 672 itur.

459 776 567 819 CAP.
591 774 679 817 ΠΙ.
702 800 761 805 -—
782 773 795 799 1
819 774 1011 830 Jamque
1029 777 1210 816 venerat
1238 773 1400 816 mensis
1434 772 1675 828 septimus,
1703 774 1747 814 et
1779 773 1905 813 erant
1929 769 2009 812 filii
2031 769 2171 813 Israel
2194 770 2242 813 in

401 834 658 879 civitatibus
677 832 780 876 suis.
804 832 1109 888 Congregatus
1127 837 1193 875 est
1215 846 1317 887 ergo
1336 831 1524 888 populus
1543 830 1667 886 quasi
1690 829 1757 872 vir
1774 843 1888 871 1111110
1905 828 1952 870 111
1978 828 2241 872 Jerusalem.

401 894 418 921 “2
440 895 498 937 Et
519 892 710 936 surrexit
731 892 758 936 J
764 906 888 947 osue,
918 892 1036 934 filius
1057 892 1085 934 J
1090 891 1266 945 osedec,
1294 896 1337 933 et
1358 891 1519 933 fratres
1542 890 1638 945 ejus
1672 888 1943 944 sacerdotes,
1979 892 2023 931 et
2054 888 2242 931 Zoroba-

401 954 493 1009 bel,
529 952 644 995 filius
675 951 909 1006 Salathiel,
941 957 983 994 et
1015 951 1176 993 fratres
1210 950 1327 1006 ejus,
1355 954 1398 992 et
1428 949 1763 991 aedificaverunt
1790 947 1931 990 altare
1964 947 2047 990 Dei
2082 947 2242 1002 Israel,

402 1019 449 1057 ut
471 1012 682 1057 offerrent
702 1012 748 1054 in
774 1025 823 1054 eo
845 1011 1226 1064 holocautomata,
1260 1009 1376 1051 sicut
1404 1007 1619 1064 scriptum
1652 1012 1718 1050 est
1749 1007 1795 1049 in
1829 1007 1927 1062 lege
1960 1005 2127 1063 Moysi,
2161 1005 2244 1047 viri

403 1073 499 1117 Dei.
527 1072 545 1099 3
566 1071 906 1114 Collocaverunt
927 1074 1077 1112 autem
1098 1068 1238 1111 altare
1261 1067 1343 1110 Dei
1370 1081 1500 1123 super
1520 1067 1648 1109 bases
1671 1080 1793 1121 suas,
1825 1065 2150 1109 deterrentibus
2172 1079 2245 1108 000

403 1147 479 1190 per
512 1131 748 1174 circuitum
781 1128 956 1186 populis
989 1132 1229 1181 terrarum3
1266 1131 1309 1169 et
1342 1126 1597 1169 obtulerunt
1633 1139 1763 1182 super
1794 1124 1907 1167 illud
1937 1125 2246 1168 holocaustum

405 1191 595 1235 Domino
626 1203 756 1231 mane
786 1193 828 1231 et
858 1201 1051 1244 vespere.
1081 1186 1098 1213 4
1129 1187 1435 1241 Feceruntque
1464 1184 1794 1228 solemnitatem
1817 1183 2245 1239 Tabernaculorum,

405 1252 520 1294 sicut
541 1249 755 1305 scriptum
781 1252 867 1303 est,
891 1252 934 1290 et
959 1246 1269 1289 holocaustum
1303 1245 1458 1288 diebus
1488 1244 1697 1300 singulis,
1731 1258 1808 1300 per
1838 1243 2058 1299 ordinem,
2093 1256 2247 1286 secun-

405 1311 511 1353 dum
533 1312 806 1365 praeceptum
831 1320 939 1363 opus
970 1305 1056 1348 diei
1085 1306 1132 1347 in
1161 1305 1232 1348 die
1262 1319 1353 1348 suo.
1388 1303 1404 1330 5
1430 1304 1489 1346 Et
1521 1308 1620 1360 post
1649 1303 1747 1346 haec
1780 1303 2091 1346 holocaustum
2118 1302 2246 1358 juge,

405 1376 498 1411 tam
522 1368 569 1411 in
592 1366 789 1411 calendis
812 1380 945 1421 quam
965 1364 1011 1407 in
1034 1364 1250 1408 universis
1276 1363 1633 1408 solemnitatibus
1668 1362 1849 1406 Domini
1879 1377 1977 1418 quae
1999 1365 2125 1405 erant
2147 1375 2249 1404 0011-

405 1433 611 1483 secratae,
635 1431 678 1470 et
702 1426 749 1468 in
774 1425 980 1468 omnibus
1004 1424 1051 1467 in
1073 1424 1231 1480 quibus
1257 1423 1371 1466 ultro
1394 1423 1665 1466 offerebatur
1690 1436 1851 1465 munus
1874 1421 2081 1465 Domino.

465 1488 483 1514 6
509 1488 549 1530 Α
571 1486 712 1543 primo
747 1484 818 1527 die
847 1483 1010 1527 mensis
1040 1483 1217 1540 septimi
1248 1487 1476 1539 coeperunt
1509 1482 1669 1525 offerre
1702 1481 2013 1524 holocaustum
2043 1480 2250 1523 Domino.

407 1549 541 1591 Porro
564 1544 781 1602 templum
805 1544 887 1587 Dei
917 1543 1116 1586 nondum
1143 1542 1387 1585 fundatum
1417 1547 1523 1584 erat.
1556 1541 1571 1567 ⁷
1596 1540 1825 1584 Dederunt
1853 1545 2004 1583 autem
2039 1539 2251 1597 pecunias

407 1606 585 1650 latomis
622 1610 665 1648 et
699 1603 1021 1658 oaementariis3
1061 1602 1209 1645 cibum
1250 1615 1441 1657 quoque,
1481 1606 1523 1644 et
1556 1605 1731 1657 potum,
1763 1605 1806 1643 et
1836 1600 2003 1655 oleum,
2037 1598 2250 1653 Sidoniis,

408 1665 660 1722 Tyriisque,
692 1668 740 1706 ut
774 1662 999 1706 deferrent
1032 1661 1154 1717 ligna
1185 1661 1363 1704 cedrina
1394 1660 1447 1703 de
1481 1660 1652 1703 Libano
1682 1659 1738 1701 ad
1769 1673 1891 1702 mare
1923 1659 2088 1715 Joppe,
2122 1657 2252 1714 juxta

410 1724 525 1781 quod
548 1727 819 1781 praeceperat
841 1721 994 1779 Cyrus,
1024 1735 1101 1764 rex
1124 1721 1377 1775 Persarum,
1399 1719 1473 1762 eis.
1501 1719 1518 1746 8
1536 1720 1669 1761 Anno
1691 1723 1841 1761 autem
1867 1717 2060 1761 secundo
2087 1717 2253 1759 adven-

410 1791 480 1827 tus
506 1798 657 1827 eorum
681 1782 738 1824 ad
766 1781 981 1837 templum
1006 1780 1087 1823 Dei
1111 1780 1158 1822 in
1184 1779 1455 1835 Jerusalem,
1486 1792 1636 1821 mense
1665 1777 1880 1833 secundo,
1913 1782 2143 1833 coeperunt
2174 1777 2252 1818 Zo-

410 1843 612 1898 robabel,
636 1841 753 1884 filius
776 1840 1009 1895 Salathiel,
1035 1844 1078 1882 et
1103 1840 1259 1894 Josue,
1291 1838 1407 1880 filius
1441 1837 1651 1893 Josedec,
1687 1842 1730 1879 et
1762 1836 1920 1892 reliqui
1954 1836 2009 1880 de
2037 1835 2252 1878 fratribus

411 1917 582 1958 eorum,
606 1900 856 1944 sacerdotes
883 1904 926 1943 et
951 1899 1121 1954 levitae,
1149 1904 1192 1941 et
1214 1912 1365 1940 omnes
1389 1897 1462 1952 qui
1489 1901 1703 1940 venerant
1739 1895 1793 1938 de
1823 1895 2086 1952 captivitate
2106 1894 2153 1936 in
2179 1894 2205 1936 J
2211 1908 2255 1938 e-

411 1962 623 2017 rusalem,
662 1965 704 2003 et
735 1959 1058 2003 constituerunt
1095 1957 1253 2001 levitas
1287 1972 1312 1999 a
1352 1955 1514 2012 viginti
1547 1955 1675 1998 annis
1709 1960 1751 1998 et
1784 1969 1936 2011 supra,
1972 1959 2021 1996 ut
2049 1957 2256 2008 urgerent

413 2036 521 2078 opus
544 2019 739 2063 Domini.
766 2018 783 2045 9
806 2018 1023 2074 Stetitque
1048 2018 1185 2060 Josue
1207 2022 1250 2060 et
1274 2016 1354 2058 filii
1384 2016 1500 2071 ejus,
1532 2020 1575 2058 et
1607 2014 1770 2057 fratres
1800 2014 1918 2070 ejus,
1953 2012 2184 2056 Cedmihel
2214 2016 2257 2055 et

413 2080 492 2123 filii
515 2080 632 2136 ejus,
656 2084 700 2122 et
720 2077 800 2121 filii
822 2078 850 2120 J
855 2077 962 2134 uda,
987 2076 1110 2132 quasi
1137 2077 1204 2118 vir
1224 2090 1358 2131 unus,
1382 2080 1432 2117 ut
1448 2074 1665 2117 instarent
1687 2088 1817 2130 super
1835 2087 1908 2116 eos
1935 2072 2009 2129 qui
2026 2071 2258 2116 faciebant

414 2154 522 2197 opus
554 2139 600 2181 in
633 2137 799 2194 templo
832 2136 938 2192 Dei;
974 2136 1053 2178 filii
1085 2135 1328 2191 Henadad,
1364 2141 1407 2177 et
1440 2133 1519 2176 filii
1553 2147 1724 2190 eorum,
1761 2137 1804 2175 et
1828 2132 1991 2175 fratres
2017 2145 2167 2175 eorum
2197 2129 2257 2172 le-

415 2200 534 2242 vitae.

476 2258 512 2285 ¹0
533 2257 739 2301 Fundato
773 2257 910 2313 igitur
937 2271 963 2299 a
997 2254 1293 2299 caementariis
1326 2253 1492 2310 templo
1528 2252 1729 2309 Domini,
1761 2255 1980 2295 steterunt
2007 2250 2257 2293 sacerdotes

415 2319 462 2361 in
484 2322 640 2361 ornatu
662 2331 740 2359 suo
764 2331 865 2359 011111
887 2316 1025 2371 tubis,
1054 2320 1097 2358 et
1122 2315 1291 2370 levitae,
1317 2313 1397 2356 filii
1420 2312 1595 2368 Asaph,
1618 2312 1665 2354 in
1689 2310 1928 2367 cymbalis,
1951 2315 2000 2352 ut
2025 2309 2259 2352 laudarent

419 2379 563 2421 Deum
596 2391 672 2433 per
705 2389 862 2418 manus
894 2374 1062 2430 David,
1097 2374 1212 2429 regis
1245 2372 1398 2416 Israel.
1431 2371 1464 2397 11
1501 2371 1559 2413 Et
1597 2370 1894 2414 concinebant
1925 2369 1972 2411 111
2005 2368 2184 2425 hymnis
2217 2372 2260 2410 et

419 2436 699 2481 confessione
725 2435 916 2478 Domino
947 2451 955 2478 :
982 2433 1201 2485 Quoniam
1224 2433 1386 2487 bonus,
1411 2430 1620 2487 quoniam
1644 2430 1691 2472 111
1722 2435 1937 2473 aeternum
1958 2426 2260 2471 misericordia

421 2497 517 2553 ejus
543 2509 671 2552 super
697 2494 848 2537 Israel.
875 2493 1030 2537 Omnis
1060 2506 1232 2549 quoque
1265 2491 1454 2548 populus
1489 2489 1822 2533 vociferabatur
1851 2487 2044 2531 clamore
2073 2500 2258 2541 magno,

419 2556 465 2598 in
486 2554 711 2598 laudando
734 2552 996 2608 Dominum,
1021 2567 1070 2596 eo
1097 2551 1212 2608 quod
1238 2550 1482 2593 fundatum
1504 2554 1618 2592 esset
1644 2547 1860 2604 templum
1886 2546 2082 2589 Domini.
2103 2543 2139 2570 ¹⁶²
2157 2544 2260 2587 Plu-

420 2615 520 2657 rimi
555 2614 691 2657 etiam
720 2613 774 2656 de
803 2612 1106 2655 sacerdotibus
1136 2616 1179 2654 et
1211 2609 1379 2665 levitis,
1414 2614 1457 2652 et
1486 2607 1706 2665 principes
1739 2612 1935 2663 patrum,
1971 2610 2013 2648 et
2046 2604 2258 2659 seniores,

423 2674 495 2730 qui
522 2673 725 2716 viderant
747 2671 963 2728 templum
988 2671 1107 2728 prius
1134 2685 1235 2713 cum
1255 2669 1499 2712 fundatum
1525 2672 1659 2723 esset,
1686 2671 1729 2709 et
1751 2666 1833 2708 1100
1856 2664 2074 2721 templum
2090 2663 2136 2706 in
2160 2677 2259 2706 0011-

423 2734 477 2776 lis
500 2747 670 2788 eorum,
692 2731 861 2775 fiebant
885 2744 994 2774 voce
1014 2744 1201 2785 magna,
1223 2734 1267 2772 et
1285 2728 1414 2771 multi
1435 2727 1736 2771 vociferantes
1757 2725 1803 2767 in
1824 2724 2005 2780 laetitia,
2025 2722 2262 2767 elevabant

423 2806 592 2835 vocem.
621 2791 657 2818 13
679 2790 771 2834 Νο0
797 2794 969 2847 poterat
985 2790 1219 2847 quisquam
1234 2801 1474 2844 agnoscere
1499 2799 1654 2830 vocem
1684 2784 1890 2827 clamoris
1919 2782 2192 2836 laetantium,
2219 2785 2262 2824 et

425 2865 579 2894 vocem
620 2850 747 2894 fietus
781 2849 964 2907 populi3
1005 2850 1284 2892 commixtim
1317 2846 1436 2890 enim
1472 2844 1660 2903 populus
1701 2843 2033 2886 vociferabatur
2070 2841 2263 2884 clamore

427 2924 609 2965 magno,
636 2915 679 2953 et
700 2924 788 2952 vox
812 2908 1077 2952 audiebatur
1098 2907 1266 2964 procul.

487 2969 593 3011 CAr.
625 2970 706 3011 IV.
728 2995 787 3000 -—
812 2968 824 2993 1
849 2968 1100 3010 Audierunt
1121 2972 1271 3009 autem
1296 2967 1444 3010 hostes
1467 2965 1495 3008 J
1500 2964 1601 3008 udae
1627 2968 1670 3006 et
1694 2962 1934 3018 Benjamin
1961 2960 2063 3016 quia
2085 2958 2165 3001 filii
2193 2973 2263 3001 ca-

428 3028 647 3086 ptivitatis
684 3028 955 3070 aedificarent
984 3026 1200 3083 templum
1232 3025 1445 3081 Domino,
1474 3025 1567 3067 Deo
1604 3022 1767 3076 Israel3
1797 3020 1814 3047 ‘⁶‘
1835 3026 1879 3064 et
1913 3018 2177 3063 accedentes
2206 3017 2264 3060 ad

428 3086 670 3131 Zorobabel
697 3092 740 3129 et
763 3086 820 3129 ad
846 3086 1066 3142 principes
1091 3090 1288 3142 patrum,
1324 3084 1532 3128 dixerunt
1557 3083 1618 3126 eis
1651 3099 1659 3125 ε
1689 3080 1981 3124 AEdificemus
2012 3077 2264 3132 vobiscum,

430 3147 532 3204 quia
556 3146 619 3187 ita
641 3150 688 3187 ut
710 3159 787 3188 vos
813 3145 1050 3200 quaerinius
1073 3146 1217 3188 Deum
1238 3150 1458 3198 vestrum3
1483 3156 1585 3185 ecce
1607 3155 1685 3185 nos
1703 3138 2032 3183 immolavimus
2059 3136 2265 3179 victimas

429 3221 456 3250 a
482 3205 636 3249 diebus
661 3204 1031 3259 Asor-Haddan,
1054 3204 1169 3259 regis
1191 3204 1350 3258 Assur,
1377 3203 1451 3259 qui
1484 3201 1673 3244 adduxit
1705 3213 1784 3242 nos
1808 3198 1907 3240 huc.
1931 3196 1948 3223 3
1973 3196 2031 3239 Et
2061 3196 2175 3239 dixit
2203 3194 2266 3238 eis

431 3263 694 3319 Zorobabel,
722 3268 765 3306 et
787 3263 813 3305 J
819 3277 944 3316 osue,
968 3268 1010 3305 et
1036 3263 1191 3318 reliqui
1218 3263 1438 3319 principes
1462 3266 1638 3318 patrum
1661 3257 1800 3302 Israel
1830 3273 1838 3300 :
1862 3258 1962 3300 Non
1985 3260 2050 3299 est
2075 3254 2201 3297 vobis
2223 3258 2266 3296 et

432 3324 559 3368 nobis
589 3329 638 3365 ut
665 3322 935 3365 aedificemus
969 3321 1149 3364 domum
1184 3322 1276 3364 Deo
1309 3327 1481 3375 nostr03
1514 3319 1590 3363 sed
1624 3332 1701 3361 nos
1724 3316 1806 3373 ipsi
1833 3316 1914 3359 soli
1945 3314 2266 3358 aedificabimus

435 3384 626 3428 Domino
653 3383 745 3425 Deo
767 3386 935 3436 nostro,
963 3380 1077 3422 sicut
1101 3380 1313 3436 praecepit
1338 3380 1464 3423 nobis
1490 3379 1649 3435 Cyrus,
1672 3390 1748 3419 rex
1767 3376 2014 3418 Persarum.
2041 3373 2058 3400 4
2077 3374 2267 3416 Factum

436 3449 501 3487 est
522 3443 658 3498 igitur
678 3446 726 3484 ut
747 3440 934 3497 populus
960 3444 1086 3482 terrae
1107 3439 1342 3495 impediret
1368 3452 1525 3481 manus
1546 3435 1695 3494 populi
1721 3435 1749 3478 J
1755 3434 1875 3490 udae,
1903 3439 1946 3477 et
1967 3433 2164 3477 turbaret
2194 3444 2267 3474 eos

436 3502 480 3544 in
516 3500 792 3544 aedificando.
826 3499 843 3525 5
879 3498 1197 3541 Conduxerunt
1225 3503 1373 3541 autem
1406 3498 1617 3540 adversus
1654 3509 1726 3538 eos
1759 3494 2083 3548 consiliatores,
2116 3496 2165 3533 ut
2198 3490 2268 3532 de-

437 3565 655 3603 struerent
677 3558 910 3602 consilium
933 3571 1081 3600 eorum
1107 3556 1310 3598 omnibus
1334 3556 1489 3599 diebus
1512 3554 1634 3610 Cyri,
1657 3553 1773 3609 regis
1796 3553 2050 3608 Persarum,
2070 3555 2113 3594 et
2131 3562 2268 3605 usque

439 3618 495 3662 ad
521 3632 705 3673 regnum
729 3617 872 3674 Darii,
899 3616 1014 3672 regis
1037 3616 1282 3658 Persarum.
