2423 3861
195 669 312 703 spinea

187 720 315 742 corona.

169 1060 331 1087 timorosa.

178 1369 321 1398 Circum-

182 1413 317 1442 stantiae

138 1458 368 1488 crucifixionis

161 1508 195 1530 et
215 1502 336 1532 mortis

181 1546 316 1576 Christi.

213 3277 293 3312 Ejus

162 3321 344 3353 sepultura.

446 132 556 174 1128
1039 132 1226 173 MATTH.
1260 131 1464 185 XXVII,
1499 132 1660 174 ῬΑ-59.

2235 243 2270 254 Ἶ-

499 299 536 326 *²4
568 300 736 343 Videns
774 305 921 341 autem
960 297 1132 340 Pilatus
1170 298 1273 353 quia
1310 298 1421 340 nihil
1459 298 1706 354 proficeret,
1746 299 1821 341 sed
1865 304 2007 355 magis
2051 304 2266 346 tumultus

440 359 582 414 fieret,
609 364 791 414 accepta
825 372 960 412 aqua,
989 357 1100 398 lavit
1133 371 1291 399 manus
1325 371 1473 399 coram
1507 357 1689 413 populo,
1722 357 1906 401 dicens:
1935 359 2154 405 Innocens
2187 376 2265 418 ego

439 433 536 461 sum
564 433 590 460 a
623 416 838 471 sanguine
870 416 979 471 justi
1017 415 1175 471 hujus3
1210 430 1288 458 vos
1321 415 1536 458 videritis.
1576 414 1611 442 25
1643 417 1700 458 Et
1735 417 2005 473 respondens
2039 419 2269 464 universus

439 478 646 534 populus,
678 475 820 517 dixit:
850 474 1038 531 Sanguis
1068 475 1165 530 ejus
1197 489 1327 531 super
1359 489 1459 529 nos,
1490 480 1534 517 et
1563 489 1691 531 super
1716 475 1829 518 filios
1862 481 2048 519 nostros.
2079 476 2116 503 26
2143 479 2268 523 Tunc

439 536 608 579 dimisit
631 533 721 576 illis
749 534 1023 589 Barabbam,
1048 534 1203 576 Jesum
1231 539 1381 577 autem
1406 533 1683 589 flagellatum
1709 534 1897 577 tradidit
1926 535 1987 578 eis
2021 540 2071 578 ut
2101 538 2268 582 crucifi-

438 599 624 650 geretur.

497 652 531 679 ”27
551 654 675 696 Tunc
701 653 866 696 milites
899 652 1122 709 praesidis,
1146 652 1438 709 suscipientes
1465 654 1493 696 ,J
1497 667 1621 696 esum
1646 653 1693 695 in
1726 653 2004 710 praetorium,
2029 668 2272 712 congrega-

437 718 595 755 verunt
616 712 673 755 ad
696 727 797 755 eum
819 711 1072 755 universam
1097 712 1335 755 cohortem.
1356 711 1392 738 ‘²8
1412 713 1470 755 Et
1492 717 1704 756 exuentes
1731 727 1844 767 eum,
1865 712 2148 769 chlamydem
2175 729 2272 758 coc-

437 772 609 815 cineam
633 771 1021 814 circumdederunt
1045 771 1084 814 ei
1105 789 1114 826 3
1143 770 1180 797 29
1197 776 1241 814 et
1266 771 1511 828 plectentes
1534 786 1741 815 coronam
1768 771 1822 815 de
1847 772 2007 828 spinis,
2031 780 2271 829 posuerunt

436 845 565 887 super
587 835 722 887 caput
743 831 862 886 ejus,
886 836 928 874 et
952 830 1216 873 arundinem
1238 831 1285 873 in
1311 831 1494 874 dextera
1519 831 1629 887 ejus.
1658 832 1716 873 Et
1738 845 1856 886 genu
1877 830 1991 874 flexo
2017 837 2122 875 ante
2148 847 2269 889 eum,

434 890 685 934 illudebant
717 890 777 945 ei,
809 890 1031 934 dicentes:
1067 890 1184 946 Ave,
1219 905 1299 933 rex
1332 890 1608 934 Judaeorum.
1640 890 1677 916 30
1703 891 1760 932 Et
1793 896 2035 946 expuentes
2068 891 2116 933 in
2148 906 2248 936 eum

435 954 704 1006 acceperunt
723 949 1006 1005 arundinem,
1030 953 1074 992 et
1095 949 1404 1006 percutiebant
1426 954 1559 1007 caput
1580 950 1689 1006 ejus.

494 1009 527 1036 3¹
557 1011 615 1052 Et
647 1014 879 1065 postquam
910 1008 1144 1051 illuserunt
1177 1009 1236 1065 ei,
1272 1014 1491 1052 exuerunt
1524 1023 1623 1052 eum
1663 1009 1919 1065 chlamyde,
1954 1016 1999 1053 et
2030 1009 2271 1054 induerunt

2260 927 2271 948 7

392 1090 395 1091 ⁷
438 1083 535 1112 eum
558 1069 834 1112 vestimentis
861 1067 978 1123 ejus,
1005 1073 1049 1110 et
1075 1068 1297 1111 duxerunt
1322 1083 1423 1111 eum
1448 1074 1497 1111 ut
1526 1069 1847 1124 crucifigerent.
1875 1068 1912 1095 32
1937 1069 2163 1113 Exeuntes
2192 1083 2270 1112 au-

436 1136 546 1184 tem,
572 1128 837 1171 invenerunt
862 1127 1088 1170 hominem
1119 1127 1402 1184 Cyrenaeum,
1433 1128 1613 1171 nomine
1644 1128 1892 1183 Simonem3
1921 1128 2039 1172 hunc
2063 1129 2269 1185 angaria-

435 1192 594 1231 verunt
619 1192 668 1230 ut
693 1187 868 1230 tolleret
897 1201 1073 1230 crucem
1099 1187 1210 1243 ejus.
1238 1187 1275 1213 33
1298 1188 1355 1229 Et
1376 1193 1595 1231 venerunt
1623 1188 1670 1230 in
1699 1187 1847 1230 locum
1873 1188 1946 1243 qui
1972 1188 2134 1232 dicitur
2164 1188 2269 1232 Gol-

435 1247 592 1303 gotha,
613 1247 729 1303 quod
756 1251 821 1289 est
847 1246 1065 1291 Calvariae
1087 1245 1223 1290 locus.
1247 1246 1283 1273 34
1302 1247 1360 1289 Et
1387 1247 1603 1290 dederunt
1626 1247 1666 1290 ei
1684 1246 1839 1289 vinum
1861 1247 2011 1290 bibere
2034 1262 2135 1290 cum
2160 1247 2271 1290 felle

435 1307 631 1349 mistum.
660 1306 718 1349 Et
744 1321 845 1349 cum
870 1310 1112 1362 gustasset,
1136 1305 1278 1349 noluit
1302 1306 1466 1349 bibere.

494 1365 530 1392 35
556 1367 798 1422 Postquam
827 1369 978 1408 autem
1004 1365 1318 1408 crucifixerunt
1342 1380 1456 1422 eum,
1481 1365 1728 1410 diviserunt
1750 1367 2016 1410 vestimenta
2042 1368 2152 1424 ejus,
2179 1381 2269 1411 sor-

435 1431 526 1469 tem
551 1425 800 1479 mittentes,
830 1430 878 1467 ut
903 1425 1160 1481 impleretur
1182 1425 1297 1481 quod
1324 1425 1495 1468 dictum
1520 1430 1586 1468 est
1611 1441 1687 1482 per
1715 1427 1977 1483 prophetam
2011 1426 2236 1470 dicentem
2259 1444 2268 1471 :

437 1485 695 1529 Diviserunt
720 1485 805 1528 sibi
826 1484 1092 1528 vestimenta
1114 1498 1233 1539 mea,
1261 1490 1306 1527 et
1326 1499 1456 1542 super
1481 1490 1651 1528 vestem
1681 1500 1827 1529 meam
1852 1486 2066 1530 miserunt
2091 1491 2269 1529 sortem.

436 1545 472 1571 36
491 1546 549 1588 Et
575 1545 776 1588 sedentes
799 1543 1037 1587 servabant
1055 1558 1169 1587 eum.
1189 1544 1224 1570 3⁷
1245 1545 1301 1586 Et
1323 1544 1629 1601 imposuerunt
1654 1559 1784 1601 super
1807 1550 1941 1601 caput
1966 1545 2063 1601 ejus
2089 1559 2268 1588 causam

436 1605 572 1662 ipsius
599 1604 811 1661 scriptam
831 1619 839 1646 :
864 1603 953 1646 Hic
976 1608 1042 1646 est
1060 1604 1088 1646 J
1093 1617 1203 1658 esus,
1227 1618 1304 1646 rex
1326 1604 1600 1648 Judaeorum.
1625 1604 1661 1631 3⁸
1679 1605 1803 1647 Tunc
1827 1604 2027 1647 crucifixi
2045 1610 2149 1647 sunt
2166 1619 2268 1647 cum

436 1679 486 1708 eo
513 1664 597 1707 duo
627 1663 818 1706 latrones
841 1679 849 1706 :
876 1677 988 1704 unus
1013 1677 1039 1705 a
1065 1662 1257 1718 dextris,
1289 1668 1332 1705 et
1358 1677 1471 1705 unus
1499 1678 1525 1705 a
1550 1663 1752 1707 sinistris.
1779 1663 1816 1690 39
1835 1664 2160 1707 Praetereuntes
2189 1678 2266 1706 au-

437 1729 527 1766 tem
557 1722 929 1779 blasphemabant
959 1736 1081 1777 eum,
1116 1727 1344 1765 moventes
1375 1722 1522 1778 capita
1555 1737 1654 1778 sua,
1680 1722 1716 1749 40
1734 1728 1778 1766 et
1803 1723 2032 1767 dicentes:
2064 1723 2158 1766 Vah
2193 1723 2267 1779 qui

438 1782 625 1826 destruis
651 1781 865 1838 templum
892 1781 973 1824 Dei
1001 1786 1044 1824 et
1067 1781 1114 1823 in
1140 1781 1284 1824 triduo
1311 1781 1421 1824 illud
1447 1781 1712 1838 reaedificas,
1736 1782 1860 1824 salva
1889 1782 2203 1839 temetipsum,
2231 1783 2268 1825 si

438 1842 580 1885 Filius
612 1842 693 1885 Dei
727 1856 792 1897 eS,
828 1841 1046 1884 descende
1078 1841 1130 1883 de
1165 1855 1307 1883 cruce.
1338 1840 1371 1866 ⁴¹
1393 1841 1605 1884 Similiter
1637 1846 1681 1884 et
1713 1841 1934 1897 principes
1964 1841 2266 1899 sacerdotum,

435 1901 674 1945 illudentes
711 1915 812 1944 cum
847 1900 1004 1943 scribis
1045 1905 1088 1944 et
1128 1900 1394 1955 senioribus,
1437 1900 1645 1943 dicebant
1678 1916 1686 1944 :
1728 1899 1764 1926 43
1782 1900 1907 1942 Alios
1944 1900 2267 1957 salvosvfecit,

437 1961 632 2017 seipsum
657 1975 744 2004 non
766 1964 912 2016 potest
936 1959 1109 2002 salvum
1135 1959 1308 2013 facere;
1341 1959 1377 2001 si
1402 1973 1480 2002 rex
1506 1959 1645 2002 Israel
1675 1964 1762 2014 est,
1789 1959 2030 2003 descendat
2062 1974 2180 2003 nunc
2213 1959 2268 2004 de

437 2034 585 2076 cruce,
614 2024 657 2063 et
683 2019 901 2063 credimus
924 2019 976 2062 ei.
1003 2018 1041 2045 43
1058 2018 1253 2063 Confidit
1277 2018 1323 2060 in
1351 2019 1469 2062 Deo:
1496 2018 1653 2061 liberet
1679 2033 1817 2074 nunc,
1841 2019 1878 2061 si
1895 2019 1992 2062 vult
2010 2033 2133 2074 eum3
2155 2019 2270 2063 dixit

437 2080 555 2124 enim
581 2096 589 2123 z
622 2079 732 2130 Quia
758 2078 899 2121 Filius
926 2077 1009 2121 Dei
1039 2093 1150 2121 sum.
1181 2077 1218 2104 44
1243 2077 1446 2134 Idipsum
1479 2082 1630 2121 autem
1663 2083 1706 2121 et
1739 2078 1931 2121 latrones
1961 2079 2034 2134 qui
2069 2078 2267 2122 crucifixi

437 2144 561 2181 erant
588 2153 689 2182 cum
715 2153 785 2194 eo,
813 2138 1175 2195 improperabant
1197 2139 1249 2182 ei.

494 2198 531 2224 45
556 2200 594 2241 Α
630 2204 754 2241 sexta
784 2203 935 2241 autem
964 2198 1071 2241 hora
1107 2199 1302 2242 tenebrae
1340 2200 1477 2242 factae
1513 2204 1617 2242 sunt
1655 2213 1786 2256 super
1822 2198 2075 2242 universam
2105 2203 2267 2243 terram

436 2272 573 2314 usque
602 2258 659 2300 ad
687 2258 841 2300 horam
874 2272 1050 2300 nonam.
1078 2257 1115 2284 46
1134 2258 1191 2300 Et
1221 2258 1338 2301 circa
1370 2259 1523 2302 horam
1557 2273 1721 2301 nonam
1755 2258 1967 2301 clamavit
1999 2259 2130 2302 Jesus
2160 2272 2268 2302 voce

436 2332 621 2373 magna,
644 2316 795 2360 dicens
819 2334 827 2361 :
852 2317 942 2373 Eli,
972 2317 1063 2373 Eli,
1088 2317 1255 2360 lamma
1277 2317 1572 2361 sabacthani?
1597 2319 1680 2362 hoc
1704 2323 1771 2361 est
1792 2335 1800 2362 :
1830 2319 1948 2360 Deus
1975 2332 2118 2373 meus,
2148 2319 2267 2361 Deus

437 2391 573 2432 meus,
594 2382 642 2419 ut
664 2376 768 2432 quid
791 2377 1064 2433 dereliquisti
1087 2377 1188 2420 me?
1211 2377 1245 2403 47
1265 2377 1454 2428 Quidam
1476 2382 1627 2421 autem
1647 2377 1740 2421 illic
1762 2382 1931 2420 stantes
1955 2382 1998 2420 et
2019 2377 2266 2433 audientes,

437 2435 670 2479 dicebant:
703 2436 850 2478 Eliam
874 2442 1005 2479 vocat
1030 2436 1127 2480 iste.
1154 2436 1190 2463 48
1210 2438 1266 2480 Et
1292 2437 1500 2480 continuo
1527 2452 1705 2480 currens
1724 2451 1836 2480 unus
1858 2451 1913 2480 ex
1939 2437 2012 2492 eis,
2035 2442 2267 2493 acceptam

437 2495 670 2551 spongiam
694 2495 898 2552 implevit
926 2501 1051 2539 aceto
1079 2501 1122 2539 et
1153 2496 1365 2553 imposuit
1390 2497 1618 2552 arundini,
1646 2502 1689 2540 et
1712 2496 1849 2539 dabat
1873 2496 1912 2539 ei
1937 2495 2102 2539 bibere.
2128 2495 2165 2522 49
2188 2495 2267 2539 Ce-

436 2555 518 2597 teri
541 2569 643 2598 vero
666 2555 902 2600 dicebant:
930 2555 1032 2599 Sine
1056 2555 1286 2599 videamus
1311 2571 1368 2598 an
1395 2556 1546 2599 veniat
1571 2556 1694 2599 Elias
1720 2556 1913 2599 liberans
1939 2569 2052 2598 eum.
2081 2553 2118 2582 5⁰
2135 2555 2164 2598 J
2167 2567 2266 2598 esus

436 2619 586 2656 autem
610 2614 771 2657 iterum
797 2614 995 2658 clamans
1021 2629 1128 2659 voce
1155 2630 1339 2672 magna,
1369 2615 1516 2659 emisit
1541 2615 1761 2672 spiritum.

488 2672 529 2698 <5¹
559 2674 615 2715 Et
649 2687 750 2717 ecce
782 2674 931 2717 velum
964 2674 1119 2732 templi
1153 2674 1339 2718 scissum
1372 2681 1438 2718 est
1469 2675 1516 2717 in
1549 2675 1658 2718 duas
1684 2680 1831 2732 partes
1864 2690 1890 2718 a
1924 2689 2096 2718 summo
2129 2688 2268 2730 usque

438 2732 654 2787 deorsum,
682 2738 724 2776 et
750 2738 864 2776 terra
889 2738 1008 2777 mota
1035 2739 1112 2789 est,
1137 2738 1180 2777 et
1205 2739 1342 2791 petrae
1369 2734 1518 2778 scissae
1544 2740 1659 2790 sunt,
1683 2733 1720 2760 ⁵2
1738 2740 1780 2778 et
1806 2739 2093 2778 monumenta
2114 2739 2267 2790 aperta

436 2797 566 2847 sunt3
606 2797 650 2835 et
688 2793 829 2835 multa
871 2808 1051 2850 corpora
1095 2799 1349 2837 sanctorum
1389 2794 1463 2850 qui
1505 2794 1777 2837 dormierant
1816 2798 2112 2837 surrexerunt.
2143 2792 2179 2819 ⁵3
2209 2793 2266 2835 Et

437 2856 647 2894 exeuntes
682 2852 735 2895 de
765 2852 1063 2896 monumentis
1085 2858 1183 2909 post
1215 2853 1580 2897 resurrectionem
1603 2853 1721 2909 ejus,
1749 2858 1966 2896 venerunt
1993 2853 2039 2895 in
2065 2856 2266 2895 sanctam

438 2910 686 2967 civitatem,
715 2916 758 2954 et
786 2917 1085 2969 apparuerunt
1114 2912 1280 2956 multis.
1304 2912 1340 2939 54
1358 2912 1567 2956 Centurio
1589 2918 1739 2956 autem
1766 2918 1810 2956 et
1834 2912 1907 2968 qui
1930 2927 2031 2955 cum
2056 2925 2105 2955 eo
2140 2915 2266 2954 erant

438 2969 736 3013 custodientes
759 2971 786 3014 J
791 2985 934 3027 esum,
954 2971 1048 3014 viso
1073 2976 1330 3016 terraemotu
1367 2977 1411 3015 et
1436 2971 1504 3015 his
1530 2986 1628 3028 quae
1650 2972 1837 3027 fiebant,
1861 2971 2102 3014 timuerunt
2120 2969 2264 3026 valde,

438 3027 633 3072 dicentes
655 3046 663 3073 :
688 3031 801 3073 Vere
827 3030 968 3074 Filius
996 3030 1078 3074 Dei
1109 3035 1204 3074 erat
1228 3032 1323 3074 iste.
1355 3033 1392 3059 5⁵
1410 3032 1550 3074 Erant
1571 3036 1722 3074 autem
1745 3030 1808 3074 ibi
1830 3029 2034 3073 mulieres
2059 3028 2213 3072 multae
2239 3043 2266 3071 a

437 3085 593 3143 longe,
618 3103 715 3143 quae
744 3094 908 3133 secutae
930 3094 1056 3133 erant
1077 3090 1105 3132 J
1110 3104 1233 3133 esum
1254 3104 1280 3132 a
1303 3090 1515 3145 Galilaea,
1543 3091 1848 3133 ministrantes
1875 3089 1911 3132 ei
1935 3105 1943 3132 ε
1967 3088 2004 3114 5⁶
2020 3088 2134 3131 inter
2156 3101 2264 3143 quas

437 3151 531 3189 erat
558 3147 697 3189 Maria
723 3148 1010 3205 Magdalene,
1038 3154 1081 3192 et
1105 3148 1247 3191 Maria
1270 3149 1450 3205 Jacobi,
1479 3155 1523 3193 et
1545 3150 1573 3192 J
1578 3150 1711 3206 oseph
1739 3154 1891 3202 mater,
1920 3152 1963 3190 et
1987 3152 2128 3190 mater
2154 3146 2265 3189 filio-

435 3219 531 3248 rum
557 3206 774 3249 Zebedaei.

495 3264 529 3291 ⁵⁷
550 3266 660 3309 Cum
685 3272 836 3309 aut-em
865 3281 958 3310 sero
984 3267 1156 3311 factum
1180 3274 1314 3323 esset,
1339 3269 1462 3312 venit
1484 3269 1664 3325 quidam
1693 3268 1824 3310 homo
1850 3267 1972 3310 dives
2003 3266 2059 3308 ab
2087 3266 2262 3309 Arima-

436 3325 573 3380 thaea,
597 3325 775 3368 nomine
801 3326 988 3382 Joseph,
1015 3327 1089 3382 qui
1116 3332 1159 3370 et
1184 3328 1278 3384 ipse
1304 3327 1652 3384 discipuluserat
1676 3327 1704 3369 J
1710 3341 1798 3370 esu.
1822 3326 1858 3352 58
1878 3325 1966 3368 Hic
1997 3325 2183 3369 accessit
2207 3325 2263 3368 ad

436 3383 652 3439 Pilatum,
687 3389 730 3427 et
762 3384 890 3441 petiit
923 3398 1078 3442 corpus
1112 3386 1233 3430 Jesu.
1264 3388 1387 3430 Tunc
1423 3387 1592 3430 Pilatus
1625 3385 1757 3442 jussit
1788 3384 1911 3427 reddi
1943 3398 2111 3441 corpus.
2143 3383 2180 3411 ⁵⁹
2208 3385 2261 3428 Et

437 3514 484 3546 27]
510 3514 610 3542 Marc.
637 3515 708 3549 XV,
733 3518 776 3544 16.
804 3516 856 3544 Ps.
878 3516 972 3551 XXI,
992 3519 1034 3545 17.
1061 3532 1094 3536 -
1120 3518 1168 3551 29]
1195 3518 1291 3546 Joan.
1311 3518 1412 3552 XIX,
1437 3520 1462 3546 2.
1489 3532 1524 3537 -
1552 3517 1600 3550 32]
1619 3517 1719 3544 Marc.
1745 3516 1817 3550 XV,
1842 3519 1887 3544 21.
1911 3517 1991 3545 Luc.
2010 3517 2151 3552 XXIII,
2169 3520 2263 3546 26.-

437 3558 485 3590 33]
507 3558 606 3586 Marc.
628 3560 699 3593 XV,
716 3562 760 3588 22.
788 3561 866 3588 Luc.
894 3561 1034 3595 XXIII,
1051 3565 1096 3589 33.
1118 3563 1215 3590 Joan.
1236 3562 1337 3597 XIX,
1360 3565 1402 3590 17.
1424 3576 1457 3581 —
1476 3562 1524 3594 35]
1544 3561 1643 3589 Marc.
1663 3560 1734 3595 XV,
1755 3563 1799 3588 24.
1824 3561 1902 3588 Luc.
1929 3561 2071 3596 XXIII,
2094 3564 2137 3590 34.
2164 3563 2262 3592 Joan.

438 3600 531 3635 XIX,
548 3604 592 3629 23.
612 3604 663 3631 Ps.
686 3604 779 3638 XXI,
798 3607 840 3632 19.
859 3619 895 3623 —
911 3605 959 3638 40]
984 3606 1081 3633 Joau.
1102 3607 1147 3639 II,
1166 3609 1207 3634 19.
1226 3620 1261 3625 ——
1279 3607 1326 3639 42]
1346 3606 1418 3637 Sap.
1438 3606 1484 3639 II,
1503 3608 1545 3633 18.
1563 3619 1599 3623 -
1619 3605 1667 3638 43]
1687 3605 1739 3632 I‘s.
1766 3605 1860 3640 XXI,
1881 3608 1906 3633 9.
1928 3619 1963 3624 —-
1988 3605 2036 3638 46]
2056 3605 2107 3634 Ps.
2123 3605 2261 3643 XX1,2.

438 3658 473 3664 —
493 3645 541 3678 51]
561 3646 591 3672 Il
615 3647 684 3674 Par.
706 3648 769 3681 111,
787 3650 830 3676 14.
848 3662 883 3666 —
900 3649 948 3681 57]
967 3649 1067 3677 Marc.
1086 3649 1157 3684 XV,
1174 3652 1218 3677 42.
1238 3649 1317 3677 Luc.
1338 3649 1471 3684 XXIII,
1487 3651 1532 3676 50.
1550 3649 1645 3678 Joan.
1665 3649 1757 3683 XIX,
1774 3652 1818 3677 39.
