2456 3861
804 127 939 168 Esou.
975 125 1054 179 IV,
1089 125 1114 168 (3
1146 151 1205 156 —
1236 124 1290 178 V,
1324 125 1363 166 5.
1912 122 1997 163 447

233 298 251 325 ⁶
276 298 328 341 In
355 311 488 352 regno
515 302 663 339 autem
687 295 887 349 Assueri,
914 295 958 337 in
985 293 1200 351 principio
1227 292 1350 348 regni
1373 291 1491 347 ejus,
1526 290 1794 346 scripserunt
1818 304 1999 333 accusa·

175 358 339 400 tionem
357 356 567 399 adversus
589 355 859 397 habitatores
877 353 1010 396 «111ὼο
1030 359 1073 396 et
1097 351 1358 395 Jerusalem.
1377 350 1392 377 ⁷
1413 350 1470 392 Et
1491 350 1535 392 in
1555 349 1709 392 diebus
1729 348 2000 404 Artaxerxis,

174 415 351 472 scripsit
375 414 597 469 Beselam,
622 413 921 466 Mithridates,
949 417 991 454 et
1016 411 1232 466 Thabeel‚
1260 415 1304 453 et
1327 409 1482 464 reliqui
1510 408 1726 464 quierant
1746 407 1791 449 in
1819 407 2002 450 consilio

175 488 346 529 eorum,
380 473 436 516 ad
474 473 788 526 Artaxerxem,
823 485 970 525 regem
1008 471 1254 512 Persarum.
1290 468 1491 524 Epistola
1526 472 1675 510 autem
1708 465 2003 509 accusationis

174 533 339 589 scripta
364 537 458 575 erat
477 531 670 588 syriace,
694 536 737 573 et
758 529 987 584 legebatur
1007 541 1206 570 sermone
1227 541 1339 583 syro.

236 592 252 618 ⁸
277 593 414 634 Reum
440 590 682 644 Beelteem,
710 594 753 631 et
778 586 946 630 Samsai
968 586 1132 640 scriba,
1155 586 1424 642 scripserunt
1445 585 1677 641 epistolam
1700 599 1834 627 unam
1856 585 1910 628 de
1932 585 1958 628 J
1964 599 2006 628 e—

176 650 367 693 rusalem
395 647 629 691 Artaxerxi
652 647 757 702 regi,
784 644 1090 700 hujuscemodi
1114 661 1122 687 :
1144 643 1161 669 ⁹
1177 645 1318 686 Reum
1341 643 1577 699 Beelteem,
1597 650 1641 687 et
1653 644 1822 687 Samsai
1849 643 2005 698 scriba,

175 715 221 752 et
257 708 413 764 reliqui
450 706 751 751 consiliatores
784 717 954 757 eorum,
999 702 1166 757 Dinaei,
1201 707 1244 745 et
1281 702 1701 757 Apharsathachaei,
1736 702 2006 759 Terphalaei‚

179 767 432 824 Apharsaei,
465 763 690 818 Erchuaei,
732 761 987 817 Babylonii,
1025 760 1331 815 Susanechaei,
1368 759 1495 802 Dievi
1533 767 1575 803 et
1623 761 1874 816 AElamitae,
1907 760 1942 787 ¹⁰
1966 765 2009 803 et

178 826 313 870 ceteri
340 825 393 869 de
418 823 622 880 gentibus
648 835 755 877 quas
781 819 1008 862 transtulit
1036 819 1298 875 Asenaphar
1322 832 1510 873 magnus
1544 824 1587 861 et
1608 819 1842 874 gloriosus,
1869 826 1912 863 et
1933 820 2009 862 ha-

180 885 321 928 bitare
342 898 414 927 eas
440 882 551 925 fecit
570 880 615 923 in
639 879 896 923 civitatibus
919 877 1150 925 Samariae.
1177 882 1221 920 et
1240 877 1286 919 in
1308 876 1488 932 reliquis
1514 877 1767 931 regionibus
1789 883 1908 920 trans
1930 877 2011 920 fiu-

179 958 279 987 men
312 943 358 985 in
388 954 509 998 pace.
545 939 577 965 ¹¹
604 939 735 996 (Hoc
765 943 830 981 est
860 937 1085 993 exemplar
1114 935 1314 993 epistolae
1348 950 1479 991 quam
1513 935 1726 978 miserunt
1755 936 1810 978 ad
1841 950 1940 979 eum
1969 937 2009 992 z)

178 1000 416 1046 Artaxerxi
453 999 567 1055 regi,
605 997 719 1041 servi
753 997 839 1053 tui,
875 995 959 1039 viri
996 995 1069 1051 qui
1101 1000 1205 1038 sunt
1236 1000 1357 1038 trans
1386 993 1592 1049 fluvium,
1627 994 1815 1037 salutem
1845 994 2010 1037 dicunt.

182 1060 216 1087 ¹⁷2
237 1060 404 1103 Notum
432 1058 490 1101 sit
518 1057 610 1113 regi
641 1056 744 1113 quia
773 1055 923 1099 Judaei
955 1055 1028 1111 qui
1058 1053 1354 1098 ascenderunt
1383 1068 1409 1096 a
1438 1058 1480 1096 te
1513 1053 1570 1096 ad
1599 1067 1698 1109 nOS,
1733 1059 1948 1096 venerunt
1968 1053 2015 1095 in

176 1118 448 1174 Jerusalem,
473 1117 701 1161 civitatem
723 1115 933 1159 rebellem
960 1119 1003 1158 et
1027 1113 1285 1170 pessimam,
1313 1127 1446 1169 quam
1469 1112 1712 1168 aedificant,
1739 1116 2015 1155 exstruentes

180 1192 326 1221 muros
347 1177 464 1233 ejus,
487 1181 530 1219 et
554 1175 743 1233 parietes
766 1178 1092 1230 componentes.
1126 1172 1162 1199 ¹3
1184 1173 1313 1216 Nunc
1341 1172 1477 1227 igitur
1502 1176 1655 1214 notum
1685 1171 1742 1214 sit
1770 1171 1883 1227 regi,
1915 1170 2017 1226 (11113

177 1237 216 1281 si
242 1236 399 1280 civitas
419 1235 498 1278 illa
516 1234 735 1278 aedificata
757 1233 905 1288 fuerit,
926 1237 969 1276 et
988 1231 1102 1274 muri
1121 1232 1218 1288 ejus
1233 1231 1481 1287 instaurati,
1501 1230 1729 1286 tributum,
1749 1235 1792 1273 et
1809 1229 2015 1285 vectigal,

180 1301 225 1340 et
245 1309 415 1338 annuos
441 1294 608 1338 reditus
642 1307 726 1336 non
766 1292 960 1346 dabunt3
1000 1296 1042 1334 et
1079 1305 1216 1346 usque
1252 1290 1309 1333 ad
1339 1304 1463 1346 reges
1496 1290 1591 1332 haec
1629 1303 1745 1332 noxa
1778 1288 2015 1346 perveniet.

184 1354 218 1381 11
241 1356 330 1397 Nos
352 1359 503 1397 autem
535 1366 748 1396 memores
777 1351 882 1394 salis
912 1350 1028 1406 quod
1060 1351 1105 1392 in
1139 1349 1304 1407 palatio
1340 1349 1633 1404 comedimus,
1664 1353 1708 1391 et
1740 1348 1843 1404 quia
1872 1347 2016 1391 laesio-

183 1428 259 1457 nes
288 1413 404 1469 regis
437 1412 586 1455 videre
623 1411 751 1454 nefas
782 1410 1005 1465 ducimus,
1043 1409 1209 1452 idcirco
1243 1408 1444 1451 misimus
1481 1413 1524 1450 et
1558 1407 1862 1449 nuntiavimus
1902 1406 2017 1462 regi,

184 1473 220 1499 15
242 1478 291 1515 ut
311 1485 538 1515 recenseas
562 1470 609 1512 in
631 1469 754 1512 libris
780 1468 1064 1511 historiarum
1086 1473 1263 1524 patrum
1285 1472 1484 1519 tuorum3
1513 1471 1556 1509 et
1584 1466 1783 1509 invenies
1805 1465 2020 1522 scriptum

183 1533 230 1575 in
253 1528 600 1584 commentariis,
624 1534 667 1571 et
695 1528 807 1571 scies
838 1527 1048 1583 quoniam
1077 1526 1180 1569 urbs
1212 1526 1291 1568 illa
1322 1525 1425 1568 urbs
1454 1524 1631 1568 rebellis
1662 1530 1747 1580 est,
1783 1529 1825 1567 et
1857 1537 2019 1567 nocens

184 1590 362 1646 regibus
385 1594 428 1632 et
450 1587 709 1645 provinciis,
729 1592 772 1630 et
792 1586 911 1629 bella
934 1585 1213 1628 concitantur
1232 1585 1277 1626 in
1303 1599 1354 1628 ea
1375 1598 1430 1627 ex
1452 1583 1607 1627 diebus
1629 1583 1847 1639 antiquis3
1869 1597 2020 1638 quam-

181 1650 335 1693 obrem
368 1653 411 1692 et
443 1647 602 1690 civitas
633 1646 730 1703 ipsa
764 1645 989 1689 destructa
1019 1649 1097 1687 est.
1124 1643 1161 1670 1⁶
1191 1643 1460 1687 Nuntiamus
1493 1657 1572 1686 nos
1601 1642 1715 1698 regi,
1748 1642 1956 1698 quoniam
1984 1640 2020 1683 si

185 1707 344 1752 civitas
371 1707 451 1749 illa
482 1705 701 1749 aedificata
734 1704 891 1760 fuerit,
914 1708 958 1747 et
983 1703 1096 1745 muri
1117 1702 1256 1759 ipsius
1277 1701 1533 1757 instaurati,
1558 1701 1879 1758 possessionem
1901 1706 2021 1743 trans

186 1766 375 1809 fluvium
399 1780 486 1809 non
508 1764 706 1807 habebis.

247 1825 279 1852 17
302 1825 501 1869 Verbum
523 1823 644 1866 misit
664 1837 741 1867 rex
766 1823 823 1866 ad
847 1823 988 1866 Reum
1021 1823 1265 1878 Beelteem,
1289 1827 1332 1865 et
1367 1821 1536 1866 Samsai
1565 1821 1777 1876 scribam,
1801 1825 1844 1864 et
1872 1819 1929 1862 ad
1958 1833 2022 1862 re-

184 1886 329 1941 liquos
351 1883 571 1940 quierant
602 1882 649 1925 in
682 1882 864 1926 consilio
898 1896 1048 1925 eorum
1080 1882 1351 1925 habitatores
1382 1880 1612 1936 Samariae,
1643 1885 1686 1923 et
1719 1879 1873 1923 ceteris
1903 1883 2024 1921 trans

185 1944 394 1998 fluvium,
417 1942 607 1985 salutem
629 1941 779 1985 dicens
802 1946 845 1985 et
870 1956 1039 1998 pacem.
1066 1941 1102 1968 1⁸
1124 1940 1364 1984 Accusatio
1391 1954 1523 1996 quam
1549 1939 1732 1982 misistis
1753 1938 1810 1981 ad
1832 1952 1910 1981 nos
1932 1952 2024 1979 ma—

186 2003 352 2046 nifeste
378 2003 494 2045 lecta
526 2006 592 2045 est
621 2015 769 2044 coram
798 2015 880 2043 me.
916 2000 952 2026 ‘¹9
974 2001 1032 2043 Et
1063 2015 1089 2043 a
1116 2015 1186 2043 me
1210 2005 1485 2056 praeceptum
1518 2004 1602 2054 est,
1626 2004 1669 2042 et
1690 2002 2022 2052 recensuerunt,

187 2063 539 2116 inveneruntque
561 2059 770 2116 quoniam
791 2060 948 2103 civitas
969 2060 1048 2102 illa
1069 2074 1095 2102 a
1127 2059 1282 2103 diebus
1312 2058 1506 2114 antiquis
1539 2058 1775 2101 adversum
1803 2070 1927 2111 reges
1960 2069 2024 2098 re-

189 2121 347 2176 bellat,
374 2126 417 2163 et
439 2119 677 2163 seditiones
707 2124 750 2162 et
777 2118 932 2175 praelia
966 2119 1245 2162 concitantur
1272 2118 1319 2160 in
1350 2132 1424 2172 ea,
1461 2116 1497 2143 ‘20
1518 2132 1622 2159 nam
1655 2122 1698 2159 et
1723 2130 1847 2171 reges
1875 2114 2025 2158 fortis-

187 2179 290 2223 simi
312 2179 495 2222 fuerunt
515 2178 561 2221 in
584 2178 853 2234 Jerusalem,
881 2178 953 2233 qui
977 2183 1020 2221 et
1043 2178 1259 2221 dominati
1293 2182 1397 2220 sunt
1426 2176 1546 2220 omni
1575 2175 1743 2231 regioni
1778 2189 1876 2230 quae
1904 2178 2025 2216 trans

189 2238 377 2281 fiuvium
398 2244 487 2292 est3
515 2237 731 2280 tributum
753 2251 923 2292 quoque
949 2242 992 2280 et
1013 2236 1227 2292 vectigal,
1257 2241 1300 2280 et
1321 2235 1488 2279 reditus
1510 2234 1804 2291 accipiebant.
1838 2232 1871 2258 2¹
1895 2233 2026 2275 Nunc

188 2312 294 2353 ergo
316 2297 467 2340 audite
488 2296 756 2339 sententiam
793 2312 801 2339 :
825 2295 1102 2338 Prohibeatis
1132 2295 1248 2338 viros
1279 2295 1379 2338 illos
1408 2300 1457 2338 ut
1483 2295 1585 2337 urbs
1617 2293 1697 2336 illa
1722 2307 1810 2336 non
1838 2291 2026 2335 aedifice-

191 2363 282 2412 tur,
306 2356 445 2400 donec
467 2356 504 2398 si
532 2355 650 2398 forte
671 2369 697 2397 a
726 2369 796 2398 me
828 2354 1000 2410 jussum
1029 2354 1179 2398 fuerit.
1202 2353 1239 2380 22
1262 2354 1424 2397 Videte
1456 2368 1510 2397 ne
1543 2353 1820 2408 negligenter
1840 2351 1924 2394 hoc
1944 2350 2027 2392 im-

192 2415 372 2473 pleatis,
401 2421 444 2458 et
465 2414 682 2472 paulatim
708 2419 876 2456 crescat
898 2413 1065 2456 malum
1090 2419 1242 2456 contra
1267 2427 1404 2468 reges.

251 2473 288 2501 23
309 2475 468 2530 Itaque
501 2473 755 2530 exemplum
791 2472 925 2516 edicti
959 2472 1220 2515 Artaxerxis
1252 2472 1368 2524 regis
1405 2472 1570 2514 lectum
1608 2476 1673 2514 est
1704 2485 1850 2513 coram
1887 2470 2028 2511 Reum

195 2534 441 2589 Beelteem,
469 2539 512 2576 et
543 2532 712 2576 Samsai
741 2531 906 2586 scriba,
931 2536 974 2574 et
1003 2531 1264 2574 consiliariis
1286 2545 1451 2575 eorum.
1479 2530 1537 2572 Et
1566 2530 1770 2572 abierunt
1798 2528 1953 2571 festini
1981 2527 2028 2569 in

190 2593 443 2637 Jerusalem
467 2592 524 2635 ad
547 2592 574 2635 J
580 2591 751 2647 udaeos,
779 2596 821 2634 et
843 2589 1161 2647 prohibuerunt
1186 2604 1258 2633 000
1286 2591 1333 2633 111
1360 2588 1543 2632 brachio
1573 2593 1616 2631 et
1644 2588 1810 2631 robore.
1846 2585 1881 2612 ⁵24
1903 2587 2027 2629 Tunc

192 2652 494 2695 intermissum
519 2656 584 2694 est
607 2665 715 2708 opus
742 2649 896 2693 domus
921 2648 1100 2691 Domini
1122 2648 1168 2691 in
1186 2649 1214 2691 J
1219 2647 1459 2702 erusalem3
1484 2652 1527 2690 et
1548 2661 1636 2690 non
1657 2645 1792 2690 fiebat
1813 2659 1950 2701 usque
1971 2644 2028 2687 ad

191 2725 361 2753 annum
382 2710 626 2754 secundum
651 2709 775 2765 regni
803 2708 946 2764 Darii,
969 2707 1084 2764 regis
1108 2708 1354 2750 Persarum.

325 2834 347 2887 ξ
372 2832 460 2875 III.
483 2858 542 2865 -
567 2831 835 2877 Constructio
862 2830 1096 2872 resumitur
1120 2835 1159 2872 et
1178 2829 1240 2871 ad
1247 2829 1385 2884 finem
1397 2842 1606 2884 prospere
1621 2827 1896 2883 perducitur.

257 2947 364 2991 CAP.
394 2948 448 2990 V.
471 2972 529 2979 -—
566 2946 579 2973 1
604 2947 986 3004 Prophetaverunt
1015 2949 1164 2987 autem
1194 2944 1392 3000 Aggaeus
1429 2943 1662 3000 propheta,
1698 2948 1741 2986 et
1773 2942 2028 2997 Zacharias,

196 3006 314 3049 filius
336 3006 488 3062 Addo,
512 3006 825 3063 prophetantes
850 3004 906 3047 ad
930 3005 956 3047 J
962 3004 1112 3046 udaeos
1135 3003 1208 3059 qui
1230 3008 1354 3046 erant
1374 3003 1420 3045 in
1443 3003 1471 3046 J
1476 3002 1606 3045 udaea
1627 3007 1670 3045 et
1692 3002 1961 3056 Jerusalem,
1984 3001 2029 3043 111

198 3065 378 3108 1101111110
403 3065 486 3108 Dei
507 3065 661 3108 Israel.
687 3064 705 3090 ‘2
725 3065 850 3108 Tunc
873 3067 1154 3106 surrexerunt
1183 3061 1444 3117 Zorobabel,
1478 3061 1595 3104 filius
1629 3060 1862 3115 Salathiel,
1886 3066 1930 3103 et
1954 3060 1978 3102 J
1987 3074 2030 3102 o-

197 3137 297 3180 sue,
320 3123 436 3166 filius
458 3124 666 3180 Josedec,
690 3129 733 3168 et
755 3127 982 3180 coeperunt
1007 3122 1225 3165 aedificare
1251 3121 1469 3178 templum
1500 3121 1582 3164 Dei
1611 3120 1657 3162 in
1687 3120 1959 3173 Jerusalem3
1988 3124 2031 3161 et

199 3197 303 3225 cum
325 3182 386 3226 eis
408 3183 635 3240 prophetae
662 3184 745 3227 Dei
768 3183 1034 3238 adjuvantes
1057 3195 1143 3224 eos.

261 3241 278 3268 3
299 3242 354 3285 In
384 3242 480 3299 ipso
512 3247 663 3286 autem
690 3248 886 3298 tempore
915 3240 1036 3284 venit
1065 3240 1121 3283 ad
1151 3255 1223 3284 eos
1256 3240 1528 3296 Thathanai,
1565 3239 1637 3295 qui
1667 3243 1759 3282 erat
1791 3238 1880 3280 dux
1910 3242 2030 3279 trans

202 3300 387 3357 flumen,
411 3306 454 3344 et
480 3301 821 3357 Stharbuzanai,
848 3305 891 3344 et
921 3299 1159 3343 consiliarii
1185 3314 1355 3356 eorum,
1385 3299 1536 3355 sicque
1565 3298 1771 3341 dixerunt
1796 3297 1857 3339 eis
1891 3313 1899 3340 :
1926 3296 2030 3346 Quis

204 3359 327 3402 dedit
347 3359 472 3403 vobis
495 3360 729 3404 consilium
750 3366 799 3403 ut
821 3360 1000 3417 domum
1021 3358 1135 3401 hanc
1163 3358 1461 3414 aedificaretis,
1489 3363 1532 3401 et
1560 3366 1705 3400 muros
1739 3356 1834 3411 ejus
1863 3355 2030 3397 instau-

206 3417 391 3461 raretis?
413 3418 431 3445 4
451 3419 524 3462 Ad
550 3420 665 3475 quod
690 3419 995 3476 respondimus
1021 3417 1082 3460 eis
1108 3431 1205 3473 quae
1237 3422 1382 3461 essent
1410 3416 1591 3460 nomina
1622 3415 1851 3459 hominum
1881 3419 2030 3456 aucto-

204 3491 302 3519 rum
330 3477 634 3522 aedificationis
655 3479 789 3521 illius.
813 3479 830 3505 ⁵
855 3477 1019 3521 Oculus
1043 3481 1193 3520 autem
1216 3477 1297 3520 Dei
1320 3491 1470 3520 eorum
1494 3476 1642 3519 factus
1671 3479 1736 3517 est
1757 3487 1886 3529 super
1906 3486 2031 3516 senes

206 3535 490 3591 Judaeorum3
515 3543 558 3580 et
581 3552 668 3581 non
701 3543 937 3594 potuerunt
957 3535 1156 3579 inhibere
1181 3550 1267 3579 eos.
1297 3535 1559 3590 Placuitque
1588 3539 1636 3576 ut
1663 3547 1730 3575 res
1759 3532 1815 3575 ad
1846 3531 2032 3574 Darium

207 3594 463 3652 referretur,
486 3600 529 3639 et
549 3601 655 3639 tunc
676 3596 987 3640 satisfacerent
1011 3593 1220 3638 adversus
1245 3594 1573 3638 accusationem
1597 3592 1736 3635 illam.

2117 300 2258 334 scriptis

2109 347 2270 373 accusant

2067 391 2083 417 J
2092 390 2203 417 udaeos
2219 390 2305 421 apul

2134 439 2245 466 regem

2096 478 2281 504 Persarum.

2119 1819 2306 1852 Responsio

2104 1862 2313 1892 Artaxerxis.

2114 2473 2317 2502 111ῑο111111ὺί-

2108 2521 2164 2546 tur
2181 2517 2321 2546 aedifica-

2095 2562 2142 2591 tio
2163 2560 2282 2593 templi
2299 2565 2334 2589 ct

2162 2599 2268 2629 urbis.

2094 2949 2199 2981 Opere
2219 2950 2335 2981 templi

2120 2996 2303 3028 resumpto,

2140 3239 2291 3269 officiarii

2095 3284 2181 3318 regii
2206 3291 2275 3312 rem
2295 3283 2336 3311 :id

2149 3327 2285 3356 Darium

2114 3373 2239 3400 referre
2267 3372 2320 3399 de-

2141 3413 2294 3440 cernunt.
