2423 3861
1874 167 1982 209 1091

798 169 844 211 II
877 168 1031 210 ΜΑΟΙΙ.
1065 167 1180 220 XII,
1213 167 1346 209 8-31.

223 340 240 366 ὃ
268 339 351 384 Sed
395 353 495 382 cum
533 339 814 395 cognovisset
857 344 900 382 et
940 351 1012 380 eos
1050 337 1122 393 qui
1167 342 1292 380 erant
1328 336 1542 391 Jamniae,
1577 335 1690 378 velle
1728 335 1821 392 pari
1858 336 1984 377 modo

166 398 314 442 facere
343 398 650 441 habitantibus
681 412 832 440 secum
857 396 1050 452 Judaeis,
1074 398 1091 422 ⁹
1108 395 1321 438 Jamnitis
1347 409 1519 450 quoque
1551 399 1681 438 nocte
1713 394 1984 451 supervenit,

164 464 208 499 et
244 462 420 513 portum
448 471 547 500 cum
578 456 765 499 navibus
798 455 1051 507 succendit3
1086 455 1150 498 ita
1183 459 1231 497 ut
1264 454 1414 497 lumen
1446 454 1561 509 ignis
1597 458 1829 510 appareret
1862 453 1986 496 Jero-

133 550 135 552 .
163 516 346 572 solymis
370 531 398 558 a
417 515 574 559 stadiis
598 514 801 558 ducentis
823 514 1128 569 quadraginta.

224 575 260 601 '¹⁰
288 575 400 618 Inde
433 589 533 618 cum
562 574 655 630 jam
684 574 900 616 abiissent
932 586 1090 615 novem
1122 572 1299 627 stadiis,
1334 578 1378 615 et
1410 573 1494 615 iter
1522 573 1724 615 facerent
1755 571 1811 614 ad
1837 571 1985 615 Timo-

164 634 329 689 theum,
357 633 672 676 commiserunt
698 646 799 675 cum
820 646 869 675 eo
897 632 1080 685 Arabes,
1106 630 1298 686 quinque
1320 630 1461 673 millia
1480 631 1577 685 viri,
1600 635 1644 673 et
1669 631 1836 686 equites
1859 630 1984 687 quin-

163 693 310 747 genti3
337 692 368 718 ¹¹
392 706 579 747 cumque
613 705 764 747 pugna
787 690 937 732 valida
969 690 1111 744 fieret,
1141 694 1187 731 et
1210 689 1375 732 auxilio
1411 691 1491 733 Dei
1527 704 1729 746 prospere
1762 689 1978 742 cessisset,

163 751 324 794 residui
351 751 523 793 Arabes
548 749 656 792 victi
690 748 901 805 petebant
925 763 951 791 a
977 749 1004 790 J
1011 748 1096 790 uda
1122 747 1326 790 dextram
1350 748 1434 797 sibi
1461 749 1574 803 dari,
1602 749 1907 804 promittentes
1939 762 1986 791 se

163 824 325 866 pascua
351 810 549 863 daturos,
574 813 617 851 et
644 808 690 850 in
718 807 874 850 ceteris
901 808 1168 863 protuturos.
1193 805 1228 832 ¹2
1250 806 1276 848 J
1284 806 1393 849 udas
1424 814 1593 861 autem,
1622 807 1860 851 arbitratus
1885 822 1984 851 vere

161 869 207 910 in
234 868 386 910 multis
411 881 486 910 eos
511 866 664 921 utiles,
690 865 892 922 promisit
918 879 1097 922 pacem;
1126 865 1381 920 dextrisque
1412 866 1627 922 acceptis,
1659 866 1898 910 discessere
1930 866 1986 909 ad

162 926 449 970 tabernacula
478 940 570 968 sua.

221 985 256 1012 13
272 986 523 1041 Aggressus
555 990 622 1028 est
651 989 800 1027 autem
829 989 874 1026 et
903 984 1133 1026 civitatem
1160 983 1400 1039 quamdam
1429 983 1622 1039 firmam,
1649 985 1856 1040 pontibus
1891 999 1986 1027 mu-

160 1045 304 1100 risque
335 1044 698 1100 circumseptam,
721 1057 818 1098 quae
846 1057 872 1085 a
899 1042 1039 1085 turbis
1067 1042 1355 1085 habitabatur
1379 1042 1581 1097 gentium
1610 1042 1985 1100 promiscuarum,

160 1103 229 1145 cui
254 1117 416 1146 nomen
439 1102 649 1159 Casphin.
677 1101 711 1128 ¹⁴
731 1102 792 1144 Hi
817 1116 917 1145 vero
941 1101 1014 1157 qui
1040 1101 1158 1144 intus
1192 1105 1338 1156 erant,
1363 1100 1633 1144 confidentes
1663 1100 1707 1144 in
1741 1102 1987 1145 stabilitate

160 1176 404 1217 murorum,
425 1166 468 1205 et
492 1166 709 1218 appa-ratu
734 1160 1067 1216 alimoniarum,
1094 1161 1320 1203 remissius
1341 1160 1557 1215 agebant,
1577 1160 1827 1203 maledictis
1850 1161 1986 1205 laces-

159 1226 305 1264 sentes
332 1222 359 1264 ,J
366 1221 519 1277 udam,
539 1226 584 1264 et
604 1220 988 1277 blasphemantes,
1011 1235 1063 1263 ac
1086 1220 1314 1275 loquentes
1334 1233 1431 1274 quae
1453 1219 1525 1261 fas
1548 1233 1634 1262 non
1653 1224 1730 1262 est.
1753 1219 1788 1246 ¹5
1805 1219 1984 1264 Macha-

159 1280 283 1323 baeus
307 1286 479 1335 autem,
505 1280 713 1323 invocato
739 1293 902 1334 magno
927 1279 1082 1322 mundi
1109 1278 1335 1334 Principe,
1363 1277 1436 1333 qui
1465 1278 1559 1320 sine
1588 1278 1800 1321 arietibus
1827 1285 1870 1322 et
1895 1294 1986 1322 ma-

161 1339 302 1383 chinis
324 1339 598 1396 temporibus
623 1339 651 1382 J
655 1352 731 1382 esu
758 1338 1058 1394 praecipitavit
1083 1339 1111 1381 J
1116 1337 1284 1393 ericho,
1307 1337 1434 1379 irruit
1463 1337 1672 1380 ferociter
1696 1337 1856 1393 muris;
1887 1338 1922 1365 1⁶
1942 1349 1988 1382 et

158 1403 290 1455 capta
316 1398 498 1441 civitate
523 1412 600 1454 per
623 1397 804 1440 Domini
830 1397 1128 1452 voluntatem,
1155 1395 1500 1439 innumerabiles
1525 1396 1668 1439 caedes
1694 1396 1826 1453 fecit,
1849 1398 1913 1440 ita
1938 1404 1986 1441 ut

158 1457 371 1513 adjacens
393 1463 603 1513 stagnum
627 1456 874 1499 stadiorum
899 1456 1085 1499 duorum
1111 1455 1383 1511 latitudinis,
1405 1455 1623 1511 sanguine
1647 1455 1985 1500 interfectorum

156 1515 292 1560 fluere
316 1515 569 1559 videretur„

217 1574 251 1601 ¹⁷
278 1575 390 1618 Inde
424 1575 720 1618 discesserunt
752 1574 899 1617 stadia
927 1573 1210 1629 septingenta
1243 1574 1588 1630 quinquaginta,
1616 1579 1660 1617 et
1689 1580 1905 1618 venerunt
1941 1575 1986 1618 in

156 1634 355 1678 Characa
389 1634 445 1676 ad
475 1647 567 1689 eos,
599 1633 673 1689 qui
703 1632 911 1676 dicuntur
936 1632 1193 1688 Tubianaei,
1221 1633 1428 1687 Judaeos3
1458 1633 1493 1659 18
1515 1638 1558 1676 et
1583 1633 1866 1676 Timotheum
1891 1634 1985 1690 qui-

155 1693 256 1736 dem
282 1692 433 1736 inillis
452 1692 562 1735 locis
583 1706 672 1735 non
699 1691 1140 1748 comprehenderunt,
1160 1692 1370 1747 nulloque
1392 1692 1571 1747 negotio
1593 1692 1792 1748 perfecto
1818 1707 1984 1748 regres-

155 1766 229 1795 sus
261 1758 348 1808 est,
374 1751 530 1795 relicto
560 1751 608 1794 in
633 1751 826 1807 quodam
855 1751 950 1794 loco
984 1751 1235 1794 firmissimo
1264 1750 1484 1807 praesidio.
1503 1750 1551 1780 19
1572 1751 1808 1794 Dositheus
1837 1757 1986 1794 autem

157 1816 201 1855 et
230 1811 468 1868 Sosipater,
495 1810 568 1867 qui
602 1815 728 1854 erant
761 1810 895 1854 duces
930 1825 1031 1853 cum
1069 1810 1349 1865 Machabaeo,
1384 1815 1664 1866 peremerunt
1695 1824 1722 1852 a
1754 1811 1984 1854 Timotheo

156 1871 334 1914 relictos
357 1870 404 1913 in
429 1870 658 1927 praesidio,
684 1870 835 1913 decem
868 1869 1009 1912 millia
1034 1870 1164 1913 viros.
1192 1869 1229 1896 '2⁰
1245 1870 1308 1912 At
1331 1869 1639 1924 Machabaeus,
1665 1869 1878 1912 ordinatis
1904 1870 1985 1913 cir-

157 1945 259 1973 cum
290 1944 336 1973 se
368 1944 448 1973 sex
480 1929 697 1985 millibus,
728 1934 772 1972 et
806 1929 1059 1972 constitutis
1092 1944 1169 1986 per
1202 1929 1422 1984 cohortes,
1458 1929 1667 1971 adversus
1701 1929 1984 1972 Timotheum

157 1989 390 2046 processit,
428 1989 667 2032 habentem
696 2003 847 2032 secum
882 1993 1060 2032 centum
1085 1988 1246 2044 viginti
1274 1987 1415 2030 millia
1449 1987 1669 2043 peditum,
1702 1988 1985 2044 equitumque

157 2048 242 2092 duo
264 2048 406 2091 millia
432 2048 711 2104 quingentos.
738 2046 772 2073 2¹
793 2047 983 2104 Cognito
1008 2053 1158 2091 autem
1180 2047 1313 2090 Judae
1339 2047 1556 2102 adventu,
1588 2047 1846 2090 Timotheus
1875 2062 1985 2103 prae-

156 2107 277 2150 misit
303 2107 529 2164 mulieres,
556 2112 600 2150 et
621 2107 756 2164 filios,
781 2112 824 2150 et
845 2107 1064 2163 reliquum
1086 2112 1370 2164 apparatum,
1392 2106 1438 2148 in
1464 2106 1720 2162 praesidium
1745 2107 1858 2162 quod
1881 2107 1985 2150 Car-

155 2167 261 2210 nion
291 2167 481 2210 dicitur:
511 2172 603 2210 erat
637 2167 755 2210 enim
786 2166 1154 2223 inexpugnabile,
1183 2172 1430 2209 etaccessu
1456 2165 1642 2208 difficile
1669 2170 1845 2222 propter
1869 2166 1984 2209 loco-

154 2240 254 2269 rum
278 2227 523 2282 angustias.
542 2225 580 2251 99
597 2226 797 2282 Cumque
823 2226 976 2269 cohors
999 2226 1129 2268 Judae
1153 2226 1296 2282 prima
1317 2224 1614 2281 apparuisset,
1634 2224 1767 2266 timor
1783 2224 1984 2268 hostibus

154 2285 357 2328 incussus
381 2290 466 2341 est,
493 2300 547 2329 ex
572 2286 810 2342 praesentia
835 2285 939 2341 Dei,
968 2285 1041 2341 qui
1064 2285 1270 2328 universa
1296 2283 1533 2340 conspicit,
1560 2289 1603 2326 et
1624 2284 1669 2325 in
1694 2284 1853 2339 fugam
1870 2283 1983 2327 versi

152 2350 260 2387 sunt
281 2344 394 2387 alius
420 2345 477 2387 ab
497 2344 608 2400 alio,
635 2345 698 2388 ita
720 2350 770 2387 ut
791 2345 934 2400 magis
959 2359 986 2388 a
1010 2345 1100 2387 suis
1128 2344 1438 2400 dejicerentur,
1466 2347 1511 2386 et
1535 2343 1782 2398 gladiorum
1806 2357 1983 2387 suorum

155 2403 318 2446 ictibus
344 2403 695 2447 debilitarentur.
723 2403 760 2430 23
777 2405 805 2447 J
810 2404 918 2447 udas
943 2409 1093 2447 autem
1119 2403 1403 2446 vehementer
1424 2401 1643 2457 instabat,
1674 2402 1862 2458 puniens
1888 2417 1982 2460 pro-

156 2462 311 2517 fanos3
338 2468 381 2506 et
406 2463 645 2520 prostravit
667 2478 721 2506 ex
743 2463 805 2507 eis
828 2463 1012 2519 triginta
1038 2463 1179 2505 millia
1198 2462 1405 2504 virorum.
1429 2460 1465 2487 24
1484 2462 1587 2517 Ipse
1604 2475 1706 2504 vero
1726 2461 1978 2506 Timotheus

156 2521 316 2564 incidit
339 2522 386 2565 in
415 2527 561 2579 partes
585 2522 785 2566 Dosithei
809 2527 852 2566 et
876 2523 1135 2578 Sosipatris,
1159 2527 1202 2564 et
1236 2520 1387 2563 multis
1412 2520 1617 2577 precibus
1649 2520 1904 2576 postulabat
1936 2527 1986 2566 ut

157 2582 284 2624 vivus
321 2581 630 2637 dimitteretur,
667 2596 716 2625 eo
751 2582 865 2638 quod
899 2582 1139 2624 multorum
1175 2595 1229 2624 ex
1259 2580 1431 2622 Judaeis
1464 2584 1668 2636 parentes
1699 2579 1902 2637 haberet,
1932 2596 1984 2625 ac

155 2641 339 2696 fratres,
363 2654 469 2696 quos
498 2647 639 2684 morte
672 2642 768 2697 ejus
804 2641 949 2697 decipi
975 2640 1184 2684 eveniret.
1213 2638 1250 2665 25
1269 2641 1326 2681 Et
1355 2653 1455 2682 cum
1480 2638 1613 2681 fidem
1640 2639 1833 2683 dedisset
1858 2641 1984 2683 resti-

153 2705 354 2742 tuturum
379 2714 425 2743 se
454 2715 527 2743 eos
547 2700 791 2743 secundum
813 2700 1126 2756 constitutum,
1152 2698 1342 2741 illaesum
1369 2712 1469 2742 eum
1498 2698 1780 2755 dimiserunt,
1807 2704 1985 2756 propter

153 2760 346 2802 fratrum
372 2759 574 2803 salutem.

215 2818 252 2844 2⁶
272 2818 414 2862 Judas
451 2824 601 2863 autem
633 2835 834 2876 egressus
867 2826 933 2864 est
969 2821 1025 2864 ad
1060 2820 1276 2876 Carnion,
1311 2819 1563 2863 interfectis
1596 2818 1757 2876 viginti
1791 2819 1983 2876 quinque

154 2878 366 2921 millibus.
393 2877 428 2904 ‘²⁷
448 2879 555 2922 Post
586 2879 741 2922 horum
773 2880 932 2936 fugam
967 2884 1012 2922 et
1044 2893 1217 2934 necem,
1248 2879 1388 2922 movit
1421 2878 1662 2922 exercitum
1693 2878 1749 2922 ad
1777 2879 1977 2935 Ephron,

155 2937 384 2981 civitatem
415 2938 654 2994 munitam,
682 2938 726 2981 in
753 2946 837 2994 qua
861 2938 1098 2981 multitudo
1125 2939 1398 2982 diversarum
1427 2938 1627 2994 gentium
1656 2938 1911 2994 habitabat,
1938 2944 1982 2982 et

154 2997 322 3039 robusti
340 2997 525 3053 juvenes
544 3011 621 3054 pro
639 2997 774 3040 muris
793 2997 1083 3041 consistentes
1101 2998 1278 3041 fortiter
1297 2997 1630 3054 repugnabant3
1654 2997 1697 3039 in
1725 2998 1809 3041 hac
1831 3003 1981 3041 autem

154 3056 374 3099 machinae
413 3057 586 3112 multae,
619 3063 661 3100 et
697 3057 884 3100 telorum
919 3062 1012 3100 erat
1040 3062 1292 3114 apparatus.
1319 3055 1355 3083 2⁸
1370 3056 1458 3100 Sed
1489 3071 1589 3099 cum
1619 3057 1980 3114 Omnipotentem

156 3114 456 3172 invocassent,
479 3117 553 3172 qui
583 3121 803 3174 potestate
827 3130 906 3159 sua
932 3116 1047 3159 vires
1073 3116 1266 3174 hostium
1296 3115 1562 3172 confringit,
1590 3121 1800 3172 ceperunt
1825 3116 1979 3159 civita-

153 3179 266 3231 tem,
293 3181 336 3219 et
361 3189 415 3219 ex
437 3176 500 3219 eis
522 3176 595 3232 qui
616 3176 736 3219 intus
759 3180 884 3218 erant
909 3175 1070 3231 viginti
1093 3176 1284 3232 quinque
1305 3174 1446 3218 millia
1470 3180 1814 3231 prostraverunt.

213 3233 250 3261 99
267 3235 380 3278 Inde
405 3235 461 3278 ad
485 3236 714 3279 civitatem
740 3235 1004 3291 Scytharum
1030 3235 1253 3290 abierunt,
1281 3249 1378 3291 quae
1400 3235 1457 3277 ab
1481 3235 1509 3277 J
1513 3235 1770 3291 erosolymis
1796 3248 1979 3278 sexcen—

151 3294 210 3338 tis
242 3294 398 3338 stadiis
431 3296 598 3338 aberat.
621 3294 1056 3340 '390011testantibus
1086 3300 1236 3338 autem
1268 3294 1358 3349 his,
1392 3294 1466 3350 qui
1499 3293 1617 3350 apud
1651 3293 1978 3349 Scythopolitas

153 3359 297 3410 erant,
326 3355 517 3411 Judaeis,
544 3355 660 3410 quod
683 3354 876 3410 benigne
901 3354 957 3396 ab
983 3354 1045 3396 eis
1067 3354 1345 3408 haberentur,
1371 3353 1506 3396 etiam
1531 3353 1803 3408 temporibus
1827 3352 1978 3396 infeli-

153 3412 301 3456 citatis
335 3414 451 3469 quod
485 3414 682 3457 modeste
715 3427 866 3456 secum
900 3413 1091 3469 egerint,
1115 3412 1148 3440 31
1168 3413 1336 3469 gratias
1361 3418 1543 3468 agentes
1573 3412 1659 3466 eiS,
1690 3417 1732 3454 et
1758 3409 1975 3455 exhortati

153 3471 288 3514 etiam
314 3472 368 3516 de
393 3478 537 3517 cetero
563 3487 669 3528 erga
693 3486 834 3528 genus
862 3486 989 3514 suum
1022 3472 1238 3529 benignos
1271 3485 1386 3526 esse,
1412 3475 1630 3514 venerunt
1653 3470 1975 3528 <lerosolymam

152 3530 225 3573 die
245 3530 431 3574 solemni
452 3532 801 3589 septimanarum
826 3530 1033 3573 instante.

151 3678 199 3711 15]
220 3677 291 3706 Jos.
307 3677 363 3714 VI,
380 3680 424 3706 20.

2077 348 2096 376 J
2101 347 2259 384 amnitas,

2077 582 2112 607 ct
2130 580 2267 608 Arach.

2065 990 2281 1025 Expugnatio

2098 1034 2251 1063 civitatis

2093 1078 2247 1111 casphin⁴

2080 1585 2260 1620 Expeditio

2114 1633 2231 1658 eontra

2065 1674 2273 1702 Timotheum

2102 1718 2234 1752 ducem.

2110 2840 2228 2867 contra

2091 2882 2249 2910 civitates

2065 2926 2208 2954 Carnion
2233 2930 2266 2954 et

2090 2970 2224 3003 Ephron
2236 2991 2241 3005 ‚

2101 3246 2219 3269 versus

2043 3283 2278 3317 scythopolim.
