2456 3861
742 74 923 117 Jnmru
958 74 1019 128 X,
1057 75 1106 116 12
1141 98 1197 105 —-
1230 73 1317 128 XI,
1354 73 1420 115 18.
1907 72 1992 115 487

167 244 314 297 venis,
344 248 422 286 aut
449 257 535 298 quo
568 242 728 286 vadis?
768 242 802 269 ¹²
824 243 932 310 Qua-3
956 243 1185 300 respondit
1215 260 1225 287 :
1265 242 1381 286 Filia
1413 256 1512 285 sum
1538 241 1830 285 Hebraeomm
1850 259 1859 296 3
1893 241 1994 285 ideo

168 317 250 359 ego
274 302 374 358 fugi
399 317 425 344 a
460 302 580 344 facie
606 315 775 357 eorum,
802 302 1009 357 quoniam
1046 303 1246 345 futurum
1271 301 1435 358 agnovi
1472 300 1589 356 quod
1614 300 1773 343 dentur
1799 300 1960 343 vobis
1949 314 1994 342 111

167 360 565 418 depraedationem,
593 375 669 417 pio
694 375 746 404 eo
772 361 887 416 quod
913 365 1248 404 contemnentes
1285 375 1382 415 vos,
1412 359 1646 403 noluerunt
1683 359 1796 401 ultro
1822 359 1994 402 tradere

165 420 351 477 seipsos,
371 426 419 462 ut
438 419 517 461 inv
521 419 693 462 eniicnt
716 419 1094 462 miscricordiam
1086 435 1129 461 in
1157 395 1394 476 conspectu
1418 424 1575 461 vestro.
1610 417 1642 444 ¹3
1662 419 1760 460 Hac
1785 418 1839 461 de
1862 432 1995 461 causa

166 479 360 534 cogitavi
387 492 582 533 mecum,
606 478 792 522 dicens:
821 478 994 520 Vadam
1019 479 1074 520 ad
1105 479 1271 521 faciem
1306 478 1516 535 principis
1545 476 1824 531 Holofernis,
1857 482 1904 518 ut
1928 477 1995 520 in-

165 538 309 581 dicem
336 537 402 579 illi
429 542 598 580 secieta
623 537 821 591 illor,um
845 542 888 579 et
911 537 1140 579 ostendam
1163 537 1228 578 illi
1254 551 1371 592 quo
1363 537 1486 579 aditu
1518 536 1655 593 possit
1678 535 1878 579 obtinere
1899 550 1993 591 eos,

164 597 228 639 ita
257 602 306 638 ut
330 610 417 638 non
445 596 576 639 cadat
601 596 669 638 vir
691 610 805 639 unus
832 595 885 638 de
914 595 1109 638 exercitu
1144 595 1252 650 ejus.
1294 595 1327 621 ¹¹⁴
1352 597 1407 637 Et
1434 610 1534 638 cum
1559 595 1787 638 audissent
1820 594 1901 636 vim·
1927 570 1994 637 illi

166 655 300 698 v·e1ba
325 655 444 710 ejus
472 654 812 698 consideiabant
836 654 1004 696 faciem
1041 654 1165 709 ejus;
1207 659 1250 696 et
1275 659 1368 696 erat
1393 654 1438 696 in
1477 654 1615 696 oculis
1639 668 1791 697 eorum
1829 658 1993 710 stupor,

164 715 374 770 quoniam
400 707 779 771 pulchritudinem
804 712 901 767 ejus
925 712 1201 754 mirabantur
1225 712 1372 754 nimis.
1404 712 1439 738 ¹⁵
1466 714 1522 754 Et
1547 713 1672 756 dixei
1677 718 1754 755 unt
1779 712 1836 755 ad
1860 726 1957 756 eam
1985 728 1994 755 z

165 773 447 816 Conservasti
473 773 671 815 animam
705 777 849 826 tuam,
880 785 931 814 eo
964 771 1079 826 quod
1113 771 1203 814 tale
1235 771 1436 838 reperisti
1464 771 1718 826 consilium,
1746 776 1794 814 ut
1816 771 1995 815 descen-

165 832 287 876 deres
308 832 365 875 ad
392 831 622 874 dominum
644 836 856 873 nostrum.
888 830 920 856 ¹⁶
943 830 1042 872 Hoc
1064 835 1213 873 autem
1238 830 1373 885 scias,
1397 829 1606 885 quoniam
1628 844 1729 872 cum
1755 831 1927 873 steteris
1949 830 1996 873 in

164 897 402 948 conspectu
423 890 541 946 ejus,
565 890 676 933 bene
702 889 784 932 tibi
818 889 976 944 faciet,
1008 894 1052 932 et
1084 889 1168 932 eris
1194 889 1450 945 gratissima
1484 888 1532 930 in
1557 889 1687 932 corde
1712 888 1821 944 ejus.
1850 891 1995 932 Duxe-

161 955 351 1005 runtque
375 949 501 991 illam
527 949 585 992 ad
611 948 948 992 tabernaculum
972 948 1256 1003 Holofernis,
1280 948 1598 991 annuntiantes
1621 961 1732 990 eam.

224 1008 257 1034 ¹⁷
285 1008 484 1064 Cumque
509 1007 718 1051 intrasset
743 1013 846 1051 ante
870 1007 1037 1051 faciem
1064 1007 1180 1063 ejus,
1207 1007 1362 1051 statim
1388 1011 1542 1064 captus
1570 1012 1638 1050 est
1670 1007 1715 1049 in
1742 1007 1831 1049 suis
1859 1008 1996 1051 oculis

163 1067 445 1110 Holofernes.
482 1066 517 1093 ¹8
540 1067 849 1123 Dixeruntque
882 1067 938 1110 ad
965 1081 1068 1110 eum
1101 1067 1316 1110 satellites
1339 1067 1437 1123 ejus
1464 1083 1473 1110 :
1503 1066 1608 1116 Quis
1639 1070 1897 1109 contemnat
1921 1080 1996 1123 po-

161 1127 316 1183 pulum
355 1127 670 1182 Hebraeorum,
703 1126 777 1182 qui
811 1131 903 1168 tam
936 1126 1118 1169 decoras
1152 1126 1358 1170 mulieres
1399 1125 1584 1181 habent,
1612 1130 1662 1168 ut
1695 1139 1781 1168 non
1819 1139 1897 1181 pro
1928 1125 1996 1168 bis

163 1185 320 1228 merito
354 1199 553 1242 pugnare
587 1191 739 1228 contra
765 1200 838 1229 eos
866 1185 1140 1229 debeamus?
1172 1185 1207 1212 ¹⁹
1234 1185 1402 1228 Videns
1423 1185 1574 1240 itaque
1597 1185 1628 1227 J
1631 1184 1760 1227 udith
1786 1184 1995 1227 Holofer-

161 1258 265 1288 nem
288 1245 518 1288 sedentem
554 1245 602 1287 in
638 1259 834 1302 conopeo
858 1245 975 1301 quod
1000 1249 1095 1288 erat
1119 1259 1174 1287 ex
1199 1258 1411 1301 purpura,
1439 1249 1482 1287 et
1511 1257 1637 1299 auro,
1670 1248 1713 1286 et
1738 1243 1994 1299 smaragdo,

161 1309 204 1346 et
223 1303 446 1360 lapidibus
469 1304 673 1361 pretiosis
692 1304 935 1358 intextum,
959 1302 996 1330 ²0
1012 1309 1056 1347 et
1078 1317 1180 1346 cum
1204 1304 1250 1346 in
1275 1304 1442 1347 faciem
1468 1302 1564 1358 ejus
1585 1302 1872 1357 intendisset,
1890 1302 1996 1346 ado-

161 1362 277 1405 ravit
302 1377 423 1418 eum,
448 1367 728 1419 prosternens
755 1377 801 1406 se
829 1377 959 1419 super
991 1367 1154 1406 terram
1175 1380 1183 1418 ;
1212 1367 1255 1406 01
1281 1363 1567 1406 elevaverunt
1593 1376 1691 1405 eam
1716 1361 1830 1404 servi
1858 1361 1998 1404 Holo-

161 1421 321 1477 fernis,
348 1421 534 1478 jubente
557 1422 736 1464 domino
761 1436 853 1465 suo.

220 1480 326 1525 CAP.
355 1481 437 1524 XI.
458 1506 518 1514 —
553 1480 566 1507 ¹
591 1481 716 1524 Tunc
754 1481 1022 1524 Holofernes
1059 1481 1175 1524 dixit
1207 1481 1246 1524 ei
1278 1497 1286 1524 :
1323 1482 1474 1536 AEquo
1503 1480 1656 1523 animo
1689 1484 1804 1533 esto,
1833 1484 1876 1522 et
1906 1479 1996 1523 noli

160 1553 321 1597 pavere
346 1540 392 1582 in
414 1540 545 1583 corde
570 1545 666 1595 tuo,
689 1540 899 1595 quoniam
924 1553 1008 1595 ego
1033 1554 1261 1595 nunquam
1287 1540 1417 1582 nocui
1448 1539 1542 1582 viro
1568 1539 1643 1594 qui
1669 1538 1812 1581 voluit
1833 1539 1997 1582 servire

161 1599 570 1642 Nabuchodonosor
606 1599 714 1655 regi.
757 1598 774 1624 ²
799 1599 995 1655 Populus
1029 1605 1180 1642 autem
1214 1604 1316 1641 tuus
1349 1599 1386 1641 si
1419 1612 1507 1641 non
1541 1598 1879 1654 contempsisset
1905 1612 1994 1653 me,

160 1671 248 1700 non
275 1659 492 1701 levassem
515 1658 718 1701 lanceam
746 1673 894 1701 meam
923 1672 1054 1714 super
1079 1673 1193 1701 eum.
1225 1658 1242 1684 3
1267 1658 1398 1700 Nunc
1423 1663 1574 1700 autem
1599 1656 1671 1699 dic
1694 1656 1803 1699 mihi
1829 1671 1915 1712 qua
1941 1671 1997 1700 ex

161 1730 293 1760 causa
317 1717 537 1760 recessisti
563 1717 620 1760 ab
645 1717 756 1774 illis,
780 1723 824 1761 et
845 1717 1015 1774 placuit
1036 1717 1119 1759 tibi
1142 1723 1192 1760 ut
1216 1718 1388 1761 venires
1411 1716 1468 1759 ad
1490 1716 1602 1760 nos?

218 1776 235 1802 4
257 1777 314 1819 Et
339 1776 454 1819 dixi-t
478 1776 545 1819 illi
579 1777 608 1819 J
614 1777 742 1820 udith
773 1793 782 1821 :
820 1777 954 1820 Sume
986 1777 1122 1819 verba
1155 1776 1334 1819 0110111εο
1375 1781 1486 1832 tuae,
1514 1776 1725 1832 quoniam
1756 1775 1794 1818 si
1820 1780 1995 1819 secutus

159 1835 298 1879 fueris
324 1835 461 1878 verba
485 1835 663 1878 ancillae
689 1841 801 1891 11130,
827 1836 1078 1892 perfectam
1108 1850 1200 1880 rem
1234 1835 1376 1879 faciet
1402 1835 1619 1879 Dominus
1645 1835 1848 1888 tecum.‚5
1871 1834 1996 1877 Vivit

160 1893 279 1937 enim
303 1894 724 1951 Nabuchodonosor,
763 1910 842 1939 rex
878 1901 1028 1951 terrae,
1053 1899 1099 1938 et
1130 1895 1245 1937 vivit
1269 1895 1408 1937 virtus
1434 1895 1552 1951 ejus,
1579 1909 1678 1950 quae
1705 1898 1771 1938 est
1794 1894 1841 1937 in
1870 1899 1914 1937 te
1937 1893 1995 1936 ad

161 1954 483 2010 correptionem
499 1955 701 1997 omnium
719 1955 969 1998 animarum
987 1955 1256 2010 errantium3
1285 1953 1497 2010 quoniam
1518 1967 1606 1996 non
1628 1953 1771 1996 solum
1794 1953 1995 1996 homines

159 2013 358 2055 serviunt
381 2012 448 2055 illi
470 2027 548 2069 per
567 2018 632 2069 te,
659 2013 735 2057 sed
759 2019 803 2057 et
820 2013 976 2057 bestiae
998 2013 1096 2069 agri
1123 2013 1432 2070 obtemperant
1455 2013 1537 2056 illi.
1568 2013 1586 2040 ⁶
1607 2012 1852 2056 Nuntiatur
1877 2012 1996 2055 enim

158 2071 299 2114 animi
333 2071 398 2114 tui
437 2071 656 2115 industria
693 2073 909 2116 universis
946 2073 1175 2129 gentibus,
1202 2078 1247 2116 et
1282 2072 1534 2115 indicatum
1560 2077 1627 2115 est
1658 2072 1777 2114 omni
1809 2071 1994 2127 saeculo,

159 2131 370 2186 quoniam
406 2136 456 2172 tu
480 2131 599 2174 solus
635 2131 776 2175 bonus
801 2137 848 2175 et
870 2138 1026 2189 potens
1052 2146 1098 2175 es
1133 2132 1182 2175 in
1207 2131 1327 2175 omni
1359 2145 1498 2188 regno
1531 2131 1649 2188 ejus,
1677 2135 1722 2174 et
1757 2129 1995 2186 disciplina

158 2194 235 2232 tua
259 2190 467 2233 omnibus
493 2190 734 2246 provinciis
759 2191 1041 2248 praedicatur.

219 2248 233 2275 7
256 2249 350 2292 Nec
384 2249 467 2291 hoc
500 2249 610 2292 latet
642 2250 757 2306 quod
794 2250 968 2293 locutus
993 2256 1061 2294 est
1085 2251 1265 2307 Achior,
1297 2265 1378 2295 nec
1410 2251 1522 2294 illud
1548 2250 1778 2307 ignoratur
1812 2248 1929 2305 quod
1954 2249 1994 2292 ei

158 2308 338 2364 jusseris
364 2308 541 2351 evenire
561 2326 569 2363 3
597 2308 614 2335 8
637 2314 811 2352 constat
833 2309 952 2351 enim
979 2311 1124 2353 Deum
1150 2316 1350 2352 nostrum
1375 2310 1438 2353 sic
1460 2310 1656 2367 peccatis
1680 2308 1922 2364 offensum,
1945 2314 1995 2351 ut

159 2367 440 2410 mandaverit
464 2382 542 2423 per
566 2368 804 2424 prophetas
829 2382 929 2411 suos
962 2368 1019 2412 ad
1057 2369 1291 2425 populum,
1319 2369 1435 2424 quod
1467 2369 1616 2412 tradat
1649 2382 1751 2412 eum
1783 2381 1860 2424 pro
1892 2381 1994 2424 pec-

159 2426 269 2469 catis
295 2426 398 2469 suis.
425 2426 442 2452 9
465 2427 522 2469 Ε1
544 2427 753 2482 quoniam
775 2427 922 2470 sciunt
943 2442 989 2470 se
1018 2427 1258 2470 offendisse
1291 2429 1437 2471 Deum
1463 2442 1591 2471 suum
1615 2428 1696 2470 filii
1721 2426 1882 2482 Israel,
1909 2432 1993 2470 tre—

158 2499 253 2528 mor
277 2490 380 2528 tuus
401 2500 532 2542 super
552 2486 670 2543 ipsos
696 2491 775 2530 est.
808 2485 843 2512 ¹0
864 2486 1053 2543 Insuper
1077 2486 1215 2529 etiam
1246 2486 1392 2530 fames
1417 2487 1585 2529 invasit
1617 2501 1688 2530 eos
1708 2503 1717 2541 ;
1754 2490 1798 2528 et
1829 2485 1886 2527 ab
1908 2485 1993 2527 ari—

159 2544 298 2587 ditate
324 2559 451 2600 aquae
477 2545 570 2601 jam
596 2546 713 2588 inter
746 2551 939 2588 mortuos
976 2550 1304 2601 computantur.
1340 2545 1374 2571 ¹¹
1402 2545 1605 2601 Denique
1643 2546 1726 2588 hoc
1763 2543 1990 2600 ordinant,

157 2608 207 2646 ut
239 2603 513 2647 interficiant
553 2619 711 2662 pecora
748 2619 846 2659 sua,
884 2609 929 2647 et
969 2604 1128 2647 bibant
1167 2604 1433 2672 sanguinem
1471 2603 1725 2659 001·001;12
1754 2608 1798 2646 et
1837 2608 1992 2646 sancta

158 2663 339 2706 Domini
366 2663 450 2706 Dei
472 2664 560 2720 sui,
586 2678 687 2720 quae
713 2664 928 2721 praecepit
955 2665 1074 2707 Deus
1099 2677 1189 2706 non
1211 2663 1432 2719 contingi,
1454 2663 1773 2718 111-ᾓο11101110,
1800 2661 1932 2718 vino,
1948 2666 1994 2706 et

157 2722 274 2778 oleo,
305 2723 403 2765 haec
435 2722 616 2779 cogitax
620 2729 747 2767 erunt
779 2723 1056 2779 impendere
1092 2728 1136 2766 et
1172 2722 1330 2765 volunt
1367 2736 1624 2766 consumere
1656 2736 1756 2778 quae
1790 2735 1871 2764 nec
1899 2736 1992 2764 ma—

156 2781 286 2824 nibus
312 2781 526 2825 deberent
553 2783 823 2838 contingere.
852 2783 970 2838 Ergo
993 2781 1204 2838 quoniam
1237 2781 1333 2825 haec
1366 2781 1563 2838 faciunt,
1592 2788 1764 2825 certum
1789 2785 1855 2824 est
1875 2780 1992 2836 quod

156 2840 203 2883 in
225 2840 522 2898 perditionem
548 2841 785 2885 dabuntur.
825 2841 861 2868 ¹3
881 2841 1007 2892 Quod
1039 2855 1144 2897 ego,
1174 2841 1340 2884 ancilla
1366 2846 1463 2897 tua,
1487 2854 1779 2896 cognoscens,
1806 2840 1908 2896 fugi
1933 2839 1990 2882 ab

156 2899 274 2955 illis;
301 2905 346 2943 et
371 2900 493 2943 misit
519 2915 588 2944 me
612 2901 830 2944 Dominus
855 2901 953 2943 haec
986 2900 1082 2958 ipsa
1107 2900 1313 2943 nuntiare
1340 2900 1438 2944 tibi.
1473 2900 1508 2927 ¹⁴
1535 2901 1631 2956 Ego
1658 2900 1800 2955 enim,
1826 2899 1992 2942 ancilla

155 2963 252 3014 tua,
289 2960 434 3003 Deum
472 2960 588 3016 colo,
623 2961 760 3003 etiam
801 2974 917 3003 011110
957 2960 1076 3016 apud
1111 2965 1182 3014 te;
1227 2964 1272 3002 et
1304 2960 1424 3003 exiet
1455 2959 1622 3002 ancilla
1658 2964 1754 3015 tua,
1786 2963 1829 3001 et
1855 2958 1992 3001 orabo

156 3017 323 3073 1)01110,
358 3018 394 3045 ¹5
419 3023 464 3062 et
491 3019 611 3063 dicet
642 3020 753 3062 mihi
777 3018 955 3076 quando
981 3018 1045 3062 eis
1080 2995 1239 3062 reddat
1270 3025 1504 3077 peccatum
1530 3033 1688 3073 suum3
1725 3023 1773 3062 et
1807 3017 1990 3061 veniens

155 3053 371 3121 nuntiabo
396 3077 501 3133 tibi,
530 3079 594 3122 ita
621 3085 670 3122 ut
694 3093 776 3135 ego
801 3078 1022 3121 adducam
1046 3084 1090 3121 te
1114 3092 1192 3134 per
1217 3078 1413 3122 mediam
1437 3077 1712 3133 Jerusalem,
1736 3082 1781 3120 et
1805 3075 1990 3120 habebis

157 3149 334 3179 omnem
356 3113 568 3194 populiim
594 3139 754 3194 Israel,
781 3138 896 3181 sicut
918 3151 1019 3180 oves
1045 3137 1206 3193 quibus
1230 3152 1318 3180 0011
1338 3143 1408 3181 est
1429 3142 1604 3194 pastor3
1625 3141 1672 3180 et
1696 3151 1785 3179 non
1807 3134 1991 3178 latrabit

155 3195 227 3238 vel
253 3210 364 3239 unus
385 3196 509 3240 canis
542 3202 698 3240 contra
721 3203 786 3252 te,
822 3196 857 3223 ¹⁶
877 3196 1088 3252 quoniam
1112 3196 1211 3240 haec
1243 3197 1354 3240 mihi
1380 3196 1501 3240 dicta
1524 3201 1629 3239 sunt
1653 3210 1730 3252 per
1754 3194 1989 3252 providen-

155 3254 266 3296 tiam
294 3255 391 3299 Dei.
419 3255 452 3281 ¹⁷
480 3257 538 3299 Et
558 3256 768 3312 quoniam
801 3256 935 3298 iratus
969 3260 1036 3298 est
1066 3255 1155 3298 illis
1182 3257 1324 3311 Dens,
1346 3256 1445 3299 haec
1469 3255 1566 3312 ipsa
1588 3253 1724 3298 missa
1747 3268 1848 3297 sum
1877 3267 1988 3296 nun-

157 3313 266 3356 tiare
291 3313 386 3358 tibi.

217 3371 251 3399 ¹8
270 3373 537 3418 Placuerunt
553 3380 704 3418 autem
727 3375 873 3418 omnia
892 3374 1026 3418 verba
1047 3375 1146 3418 haec
1164 3389 1313 3419 coram
1337 3374 1584 3427 Holoferne
1603 3379 1647 3418 et
1673 3387 1821 3416 coram
1841 3371 1987 3429 pueris

156 3430 283 3487 ejus;
326 3437 370 3475 et
409 3433 687 3476 mirabantur
722 3433 990 3490 sapientiam
1027 3433 1143 3489 ejus,
1180 3439 1225 3477 et
1261 3433 1471 3476 dicebant
1511 3433 1624 3476 alter
1663 3432 1719 3475 ad
1757 3432 1947 3475 alterum
1977 3446 1987 3474 :

158 3577 186 3611 7]
203 3577 282 3609 Sup.
298 3577 338 3611 V,
350 3581 380 3606 5.

2129 1499 2147 1520 a
2171 1499 2236 1526 quo

2029 1551 2033 1555 -
2080 1535 2222 1564 comiter
2239 1535 2270 1564 in
2277 1551 2285 1555 -

2088 1582 2260 1614 terrogata
2271 1602 2277 1615 ,

2098 1787 2271 1816 blanditur

2061 1831 2211 1866 Assyriis
2242 1831 2304 1860 eis-

2071 1883 2135 1909 que
2155 1875 2290 1904 facilem

2091 1920 2270 1949 victoriam

2090 1964 2272 1998 promittit.

2093 3375 2257 3406 Gaudium

2061 3420 2285 3455 Assyriorum.
