2456 3861
210 438 386 467 Canticum

247 487 351 515 putei.

201 854 384 887 Expedita>

173 906 291 928 contra
305 900 415 927 Senon

174 944 416 972 Amorrhaeuln.

230 1565 367 1592 Carmen

187 1609 400 1641 triumphale.

177 2457 226 2490 Og
238 2463 296 2484 rex
312 2458 419 2485 Basan

216 2507 378 2530 rineitur.

241 3413 372 3441 Balaam

196 3461 358 3484 evocatur
376 3460 414 3484 ut

219 3501 396 3529 maledicat

250 3546 362 3574 Israel.

486 147 568 188 144
1027 146 1155 188 NUM.
1190 145 1323 199 XXI,
1361 146 1412 187 17
1446 170 1504 176 -
1536 143 1696 197 XXII,
1729 144 1768 185 2.

484 317 669 372 Moysen
695 332 703 359 :
735 316 965 370 Congrega
1002 313 1236 370 populum,
1272 317 1314 355 et
1348 312 1461 355 dabo
1497 312 1535 354 ei
1558 326 1734 367 aquam.
1766 311 1799 337 ¹7
1822 312 1947 354 Tunc
1977 310 2140 354 cecinit
2176 309 2316 353 Israel

485 389 663 418 carmen
684 374 803 416 istud
823 390 831 417 :
855 372 1083 415 Ascendat
1105 376 1276 428 puteus.
1300 371 1607 414 Concinebant
1625 387 1633 414 ε

951 431 984 457 ¹⁸
1005 432 1189 486 Puteus,
1217 444 1348 485 quem
1373 429 1584 472 foderunt
1609 429 1849 486 principes,

989 495 1032 533 et
1057 494 1324 546 paraverunt
1354 489 1487 532 duces
1513 488 1813 531 multitudinis

1209 548 1256 590 in
1282 548 1433 591 datore
1458 548 1591 603 legis,

1186 613 1228 651 et
1252 608 1299 650 111
1324 606 1495 650 baculis
1520 607 1623 649 suis.

543 671 609 712 De
635 669 895 723 solitudine,
922 667 1182 721 Matthana3
1213 666 1248 692 ¹9
1270 666 1323 709 de
1349 666 1584 708 Matthana
1612 666 1659 708 in
1694 665 1927 720 Nahaliel3
1952 666 2005 709 de
2032 665 2239 709 Nahaliel
2272 665 2318 710 in

486 729 689 771 Bamoth.
714 728 750 755 ‘20
776 730 842 771 De
873 727 1085 782 Bainoth,
1109 726 1239 769 vallis
1273 732 1338 769 est
1374 726 1420 768 in
1458 725 1637 781 regione
1672 725 1825 779 Moab,
1851 724 1898 766 in
1925 724 2089 768 vertice
2119 725 2311 780 Phasga,

484 787 599 843 quod
624 788 806 844 respicit
832 792 984 831 contra
1010 786 1246 829 desertum.

543 846 576 872 ‘2¹
596 847 720 889 Misit
741 852 893 890 autem
915 845 1054 889 Israel
1076 845 1255 888 nuntios
1281 844 1337 887 ad
1363 845 1529 900 Sehon,
1556 859 1707 900 regem
1732 843 2115 899 Amorrhaeorum,
2139 842 2319 887 dicens:

483 906 520 932 Ἦ
539 906 731 951 Obsecro
754 911 802 949 ut
828 905 1014 948 transire
1040 904 1149 947 mihi
1176 904 1308 947 liceat
1334 918 1411 960 per
1433 910 1595 946 terram
1621 911 1770 957 tuam3
1799 917 1887 945 non
1917 902 2241 946 declinabimus
2272 902 2320 944 in

483 980 612 1021 agros
637 970 679 1008 et
696 965 875 1020 vineas,
896 979 983 1008 non
1005 964 1209 1006 bibemus
1231 977 1368 1018 aquas
1392 978 1446 1005 ex
1468 963 1633 1019 puteis,
1652 962 1725 1004 via
1748 962 1870 1018 regia
1892 962 2160 1018 gradiemur,
2180 961 2320 1004 donec

483 1034 760 1068 transeamus
786 1024 997 1068 terminos
1020 1029 1131 1065 tuos.
1158 1022 1195 1048 ‘23
1213 1022 1295 1072 Qui
1323 1022 1562 1064 concedere
1592 1021 1734 1064 noluit
1763 1027 1812 1063 ut
1840 1022 2047 1064 transiret
2078 1020 2218 1064 Israel
2244 1034 2323 1077 per

484 1084 591 1127 fines
613 1098 735 1140 suos,
756 1084 862 1139 quin
884 1083 1029 1140 potius
1053 1081 1248 1125 exercitu
1272 1086 1561 1136 congregato,
1586 1094 1786 1136 egressus
1813 1085 1879 1122 est
1901 1080 2081 1123 obviam
2105 1080 2152 1122 in
2178 1079 2324 1123 deser·

484 1149 600 1198 tum,
625 1149 668 1186 et
690 1143 812 1186 venit
833 1143 878 1185 in
906 1143 932 1185 J
937 1156 1034 1196 asa,
1058 1140 1364 1197 pugnantque
1387 1145 1538 1182 contra
1565 1154 1679 1182 eum.
1704 1138 1740 1165 '24
1758 1139 1799 1181 A
1822 1153 1906 1195 quo
1932 1153 2162 1195 percussus
2185 1144 2251 1182 est
2273 1139 2322 1182 in

485 1217 557 1246 ore
590 1202 751 1258 gladii,
783 1207 826 1244 et
854 1215 1054 1258 possessa
1089 1205 1155 1242 est
1192 1205 1307 1242 terra
1342 1199 1438 1255 ejus
1474 1199 1531 1241 ab
1565 1200 1720 1241 Arnon
1757 1213 1894 1254 usque
1928 1198 2089 1254 Jeboc,
2128 1203 2171 1242 et
2208 1198 2321 1241 filios

484 1263 705 1316 Ammon3
734 1261 836 1316 quia
865 1259 973 1303 forti
1004 1258 1212 1316 praesidio
1242 1258 1508 1301 tenebantur
1536 1257 1714 1301 termini
1746 1257 2122 1300 Ammonitarum.
2145 1256 2182 1284 25
2200 1257 2324 1300 Tulit

485 1335 589 1376 ergo
616 1321 755 1363 Israel
786 1333 937 1363 omnes
971 1318 1176 1362 civitates
1207 1317 1323 1373 ejus,
1352 1322 1394 1360 et
1423 1317 1646 1361 habitavit
1677 1317 1724 1359 in
1754 1317 1937 1360 urbibus
1970 1316 2242 1371 Amorrhaei,
2275 1316 2323 1359 in

487 1380 696 1423 Hesebon
715 1379 907 1434 scilicet,
929 1383 971 1421 et
989 1377 1148 1421 viculis
1172 1377 1281 1433 ejus.
1302 1376 1338 1403 2⁶
1358 1377 1474 1420 Urbs
1498 1377 1709 1420 Hesebon
1729 1377 1820 1419 fuit
1844 1376 2008 1432 Sehon,
2030 1375 2146 1432 regis
2164 1376 2326 1419 Amor-

484 1439 614 1494 rhaei,
651 1439 724 1494 qui
762 1438 981 1496 pugnavit
1018 1442 1170 1480 contra
1207 1451 1358 1492 regem
1395 1436 1549 1493 Moab,
1585 1441 1629 1479 et
1661 1435 1765 1489 tulit
1799 1450 1976 1480 omnem
2005 1441 2188 1491 terram,
2224 1448 2325 1491 quae

487 1498 667 1541 ditionis
691 1498 812 1541 illius
838 1498 1008 1552 fuerat,
1032 1510 1169 1552 usque
1191 1497 1358 1539 Arnon.

545 1557 578 1583 2⁷
599 1557 774 1601 Idcirco
800 1557 963 1601 dicitur
986 1556 1031 1599 in
1059 1556 1292 1613 proverbio
1314 1572 1322 1599 :

1159 1615 1321 1657 Venite
1347 1615 1391 1657 in
1419 1616 1650 1670 Hesebon,

903 1673 1158 1730 aedificetur,
1183 1679 1226 1717 et
1252 1680 1532 1717 construatur
1558 1675 1717 1718 civitas
1748 1675 1904 1719 8611011.

985 1733 1020 1760 '2⁸
1040 1733 1164 1789 Ignis
1192 1748 1390 1789 egressus
1417 1739 1482 1777 est
1508 1734 1561 1776 de
1589 1734 1820 1789 Hesebon,

1086 1792 1267 1835 flamma
1290 1793 1343 1836 de
1366 1793 1527 1850 oppido
1553 1794 1718 1850 Sehon,

1032 1859 1073 1896 et
1105 1851 1334 1895 devoravit
1363 1853 1426 1894 Ar
1455 1853 1774 1909 Moabitarum,

984 1919 1026 1956 et
1055 1911 1327 1955 habitatores
1354 1911 1630 1954 excelsorum
1656 1912 1823 1956 Arnon.

1180 1970 1216 1997 29
1234 1971 1316 2014 Vae
1342 1971 1446 2025 tibi,
1470 1971 1628 2015 Moab!

1108 2031 1280 2089 peristi,
1308 2031 1468 2087 popule
1491 2031 1696 2074 Chamos.

1068 2091 1204 2134 Dedit
1228 2090 1342 2134 filios
1369 2090 1465 2146 ejus
1490 2090 1537 2132 in
1562 2091 1742 2146 fugam,

753 2158 796 2195 et
820 2153 934 2195 filias
956 2152 1002 2195 in
1028 2150 1357 2208 captivitatem,
1384 2149 1478 2205 regi
1504 2150 1866 2193 Amorrhaeorum
1898 2150 2055 2194 8611011.

726 2211 763 2238 30
780 2213 950 2268 Jugum
975 2211 1171 2268 ipsorum
1197 2209 1398 2266 disperiit
1423 2209 1479 2251 ab
1507 2209 1717 2252 Hesebon
1742 2223 1879 2264 usque
1907 2209 2083 2264 Dibon3

825 2271 929 2314 lassi
952 2275 1247 2328 pervenerunt
1271 2269 1318 2311 in
1345 2269 1522 2325 Nophe,
1550 2273 1593 2311 et
1618 2282 1756 2324 usque
1782 2268 1988 2312 Medaba.

545 2331 578 2357 3¹
602 2331 840 2374 Habitavit
872 2331 1022 2386 itaque
1053 2329 1191 2372 Israel
1224 2328 1271 2371 in
1304 2333 1419 2371 terra
1445 2327 1709 2371 Amorrhaei.
1737 2327 1774 2354 32
1795 2327 2007 2383 Misitque
2039 2327 2215 2384 Moyses
2249 2327 2324 2384 qui

488 2391 767 2447 explorarent
789 2391 932 2445 Jazer,
961 2389 1088 2445 cujus
1115 2393 1326 2445 ceperunt
1348 2387 1538 2442 viculos,
1567 2393 1609 2430 et
1634 2387 1924 2444 possederunt
1948 2386 2233 2430 habitatores.

546 2450 583 2476 33
601 2451 926 2505 Verteruntque
956 2463 1020 2504 se,
1046 2453 1089 2491 et
1120 2447 1418 2490 ascenderunt
1440 2461 1517 2503 per
1538 2447 1659 2489 viam
1683 2447 1850 2501 Basan,
1879 2451 1922 2489 et
1948 2445 2137 2489 occurrit
2166 2445 2228 2489 eis
2256 2446 2325 2502 Og

485 2524 562 2553 rex
591 2511 738 2553 Basan
764 2524 866 2553 cum
891 2508 1010 2552 omni
1033 2507 1196 2565 populo
1217 2521 1316 2562 suo,
1340 2511 1617 2563 pugnaturus
1639 2505 1685 2548 in
1709 2505 1858 2549 Edrai.
1878 2505 1914 2532 3⁴
1933 2504 2146 2561 Dixitque
2171 2505 2324 2548 Domi-

486 2585 568 2613 nus
598 2569 655 2612 ad
689 2569 905 2625 Moysen:
942 2568 1008 2610 Ne
1041 2567 1199 2609 timeas
1231 2581 1352 2621 eum,
1388 2566 1490 2622 quia
1519 2565 1565 2608 in
1603 2580 1738 2608 manu
1775 2570 1851 2608 tua
1889 2563 2052 2607 tradidi
2091 2563 2246 2619 illum,
2280 2570 2324 2607 et

488 2644 664 2672 omnem
694 2628 928 2685 populum,
959 2641 1011 2669 ac
1037 2631 1200 2669 terram
1231 2626 1352 2681 ejus,
1381 2625 1610 2681 faciesque
1638 2624 1705 2667 illi
1732 2624 1847 2668 sicut
1875 2623 2025 2667 fecisti
2053 2623 2196 2668 8611011
2228 2623 2322 2679 regi

486 2689 849 2731 Amorrhaeorum
882 2685 1122 2730 habitatori
1158 2685 1381 2728 Hesebon.
1415 2684 1452 2710 3⁵
1475 2685 1792 2727 Percusserunt
1823 2683 1962 2739 igitur
1994 2687 2038 2726 et
2069 2683 2188 2726 hunc
2222 2696 2324 2725 cum

487 2748 589 2790 filiis
611 2747 721 2803 suis,
746 2747 1088 2801 universumque
1111 2744 1324 2801 populum
1350 2744 1447 2800 ejus
1474 2742 1612 2799 usque
1633 2743 1690 2786 ad
1715 2742 2084 2798 internecionem,
2112 2746 2156 2785 et
2177 2755 2324 2799 posse-

488 2806 647 2849 derunt
670 2812 831 2849 terram
853 2805 988 2848 illius.

1119 2920 1334 2976 PARS
1383 2919 1693 2974 TERTIA

810 3061 1077 3099 EVENTA
1126 3061 1194 3098 IN
1246 3056 1770 3098 CAMPESTRIBUS
1822 3056 2004 3095 MOAB

845 3189 1008 3232 SECTIO
1043 3190 1078 3232 Ῑ.
1115 3216 1170 3222 -·
1204 3190 1402 3232 BALAAM
1444 3200 1686 3236 IPSIUSQUE
1722 3197 1967 3228 VATICINIA

905 3305 929 3361 ξ
953 3305 988 3346 Ι.
1008 3331 1066 3337 -
1087 3305 1263 3348 Molitio
1286 3306 1401 3361 reyis
1422 3304 1558 3347 Moab
1577 3309 1727 3347 contra
1747 3302 1906 3345 Israel.
1968 3357 1972 3361 Α

550 3408 656 3452 CAP.
680 3408 832 3451 XXII.
859 3434 918 3439 —
942 3406 954 3432 ¹
977 3407 1261 3462 Profectique
1288 3406 1591 3450 castrametati
1617 3410 1719 3448 sunt
1748 3404 1794 3446 in
1822 3401 2143 3461 campestribus
2165 3400 2320 3455 Moab,

491 3467 565 3510 ubi
592 3473 711 3510 trans
735 3467 979 3510 «Iordanem
1006 3467 1033 3509 ,J
1040 3466 1186 3509 ericho
1209 3466 1293 3508 sita
1316 3471 1394 3509 est.
1414 3465 1431 3491 '2
1455 3465 1617 3509 Videns
1643 3469 1793 3507 autem
1817 3463 1973 3519 Balac,
2001 3461 2117 3504 filius
2142 3459 2319 3517 Sephor,

491 3620 538 3652 21]
567 3621 663 3647 nent.
693 3621 744 3652 11,
764 3621 806 3645 ⁴20.
830 3620 909 3648 aud.
932 3620 999 3654 X1,
1021 3623 1064 3648 19.
1082 3635 1118 3639 -
1143 3621 1189 3653 24]
1214 3618 1465 3652 Ps.CXXX1V,
1489 3621 1531 3646 11.
1555 3618 1625 3644 Am.
1654 3617 1708 3651 11,
1732 3618 1757 3644 ο.
1779 3630 1815 3634 -
1834 3616 1882 3649 29]
1909 3614 1987 3643 Jud.
2008 3614 2141 3649 X1,24.
2161 3612 2215 3641 ΙΙΙ
2236 3611 2320 3646 Reg.

491 3664 552 3698 X1,
568 3667 591 3691 τ.
614 3678 648 3682 -
665 3664 713 3697 33]
738 3664 834 3691 Deut.
855 3665 919 3698 111,
939 3667 956 3692 3
974 3668 1007 3691 et
1026 3664 1152 3698 XXIX,
1172 3667 1194 3691 τ.
