2456 3861
881 136 996 178 Gan.
1032 137 1088 191 L,
1123 137 1256 179 3-25.
1929 140 1979 181 51

161 310 258 347 rent
283 310 452 361 patrem
475 322 484 359 ;
519 304 536 331 3
560 304 720 360 quibus
747 306 871 363 jussa
900 304 1205 361 explentibus,
1234 305 1500 349 transierunt
1530 306 1827 362 quadraginta
1860 307 1982 363 ‹lies;

159 363 241 406 iste
279 363 439 419 quippe
475 377 570 406 mos
609 368 703 406 erat.
739 363 1004 406 cadaverum
1038 364 1343 415 conditorum:
1383 363 1591 419 flevitque
1625 379 1724 408 eum
1759 366 1983 421 AEgypms

159 422 444 477 septuaginta
470 422 636 465 diebus.
665 422 680 447 ⁴
701 423 757 464 Et
783 422 960 478 expleto
986 422 1187 478 planctus
1214 428 1430 478 tempore,
1451 423 1621 466 locutus
1644 429 1710 466 est
1735 425 1901 479 .J0se1›h
1927 424 1982 467 ad

157 480 380 523 familiam
408 481 649 523 Pharaonis
679 498 686 524 :
723 481 766 523 Si
799 480 946 524 inveni
981 481 1171 536 gratiam
1206 482 1249 523 in
1288 487 1526 537 conspectu
1560 487 1724 537 vestro,
1753 483 1983 537 loquimini

157 539 202 580 in
227 539 405 582 auribus
433 539 674 582 Pharaonis
700 556 708 583 :
735 540 751 565 5
769 554 819 582 eo
844 539 958 594 quod
986 546 1110 595 pater
1136 554 1256 582 meus
1286 541 1560 595 adjuraverit
1582 555 1672 597 me,
1701 541 1852 584 dicens
1879 558 1886 584 :
1916 543 1983 584 En

156 598 344 652 morior,
372 598 417 641 in
443 598 642 656 sepulcro
673 612 769 640 meo
799 597 914 652 quod
948 597 1043 640 fodi
1074 598 1181 640 mihi
1216 599 1260 640 in
1294 604 1409 641 terra
1443 600 1656 643 Chanaan
1687 600 1872 656 sepelies
1899 615 1982 643 me.

155 657 410 700 Ascendam
447 657 594 712 igitur,
622 662 667 699 et
692 657 904 712 sepeliam
935 661 1105 711 patrem
1139 671 1306 711 meum,
1334 671 1385 699 ac
1418 665 1632 701 revertar.
1657 659 1674 685 ⁰
1701 659 1913 714 Dixitque
1944 659 1983 702 ei

154 715 328 758 Pharao
361 733 369 760 :
397 715 619 770 Ascende,
647 720 691 757 et
716 714 853 770 sepeli
878 720 1050 770 patrem
1072 719 1197 757 tuum
1219 715 1331 758 sicut
1349 716 1580 770 adjuratus
1597 731 1656 760 es.
1681 717 1696 743 7
1716 718 1808 768 Quo
1831 732 1982 761 ascen-

150 774 309 829 dente,
338 774 482 817 ierunt
508 788 607 816 eum
633 787 684 816 eo
710 787 861 816 omnes
895 787 1021 816 senes
1052 773 1206 815 domus
1238 774 1499 829 Pharaonis,
1533 776 1765 831 cunctique
1792 777 1983 832 majores

153 839 261 876 natu
286 839 414 876 terrae
437 832 649 889 AEgypti,
687 832 704 858 ⁸
729 832 884 875 domus
907 832 1075 887 ,loseph
1101 846 1201 874 cum
1223 833 1437 875 fratribus
1463 833 1571 888 suis,
1599 834 1762 889 absque
1789 836 1983 891 parvulis

152 897 197 934 et
222 891 451 947 gregibus,
478 896 610 946 atque
633 891 865 946 armentis,
889 905 986 946 quae
1010 890 1334 946 dereliquerant
1361 891 1405 933 in
1428 896 1544 934 terra
1571 893 1751 936 Gessen.
1775 894 1792 918 ‘³
1813 894 1984 937 Habuit

152 964 322 1005 quoque
356 950 400 992 in
435 950 649 993 comitatu
682 964 831 992 currus
865 955 909 993 et
942 949 1139 1004 equites3
1178 956 1222 992 et
1254 951 1379 992 facta
1412 957 1478 993 est
1510 951 1640 992 turba
1673 966 1758 994 non
1795 953 1982 996 modica.

154 1008 188 1034 ¹⁰
216 1010 249 1051 V
257 1015 528 1065 eneruntque
558 1009 614 1051 ad
647 1023 797 1052 aream
822 1009 962 1064 Atad,
982 1023 1079 1065 quae
1105 1008 1190 1051 sita
1216 1015 1282 1052 est
1307 1014 1428 1052 trans
1461 1010 1732 1065 Jordanem.3
1770 1011 1844 1053 ubi
1871 1012 1983 1054 cele-

151 1067 330 1111 brantes
364 1068 574 1124 exequias
607 1068 791 1124 planctu
819 1081 982 1123 magno
1011 1072 1143 1123 atque
1177 1068 1451 1123 vehementi,
1481 1067 1777 1124 impleverunt
1813 1075 1983 1126 septem

150 1127 257 1170 dies.
281 1126 310 1153 1¹
332 1127 455 1177 Quod
474 1142 574 1170 cum
593 1127 810 1170 vidissent
827 1126 1100 1169 habitatores
1118 1131 1246 1170 terrae
1265 1127 1492 1183 Chanaan,
1513 1128 1720 1170 dixerunt
1742 1145 1750 1171 :
1772 1129 1982 1172 Planctus

150 1200 338 1242 magnus
372 1191 439 1228 est
472 1186 554 1229 iste
588 1186 832 1242 AEgyptiis.
868 1186 927 1228 Et
963 1185 1128 1228 ideirco
1164 1191 1372 1229 vocatum
1408 1191 1475 1229 est
1515 1201 1676 1229 nomen
1715 1187 1798 1230 loci
1838 1187 1980 1243 illius,

151 1245 362 1287 Planctus
386 1245 590 1302 AEgypti.
626 1244 659 1271 ¹2
685 1246 905 1288 Fecerunt
927 1258 1031 1300 ergo
1056 1244 1137 1286 filii
1163 1244 1304 1288 Jacob
1327 1245 1441 1288 sicut
1466 1252 1741 1302 praeceperat
1767 1247 1854 1301 eis3
1884 1246 1917 1272 ¹3
1938 1253 1982 1290 et

149 1310 376 1359 portantes
402 1318 502 1347 eum
528 1304 574 1346 in
602 1310 765 1348 terram
796 1305 1029 1360 Chanaan,
1059 1304 1327 1360 sepelierunt
1352 1319 1452 1347 eum
1482 1305 1527 1346 in
1554 1305 1766 1361 spelunca
1793 1305 1978 1362 duplici,

148 1376 281 1417 quam
311 1369 479 1406 emerat
513 1363 741 1406 Abraham
776 1378 876 1406 cum
912 1377 1018 1419 agro
1051 1363 1097 1405 in
1130 1363 1452 1419 possessionem
1484 1364 1676 1420 sepulcri
1708 1365 1765 1407 ab
1799 1365 1980 1422 Ephron

148 1421 326 1465 hethaeo
351 1427 504 1464 contra
530 1422 696 1464 faciem
722 1422 935 1465 Mambre.

766 1543 790 1600 ξ
825 1544 904 1586 IV.
931 1569 990 1575 —
1021 1543 1146 1586 Mors
1177 1544 1354 1600 Joseph.

210 1657 242 1684 ¹4
274 1659 575 1713 Reversusque
609 1662 676 1701 est
710 1658 879 1714 Joseph
911 1658 958 1700 in
983 1659 1234 1715 AEgyptum
1269 1674 1369 1702 cum
1398 1659 1613 1704 fratribus
1649 1661 1758 1717 suis,
1790 1666 1834 1704 et
1860 1663 1978 1705 omni

122 1716 382 1773 comitatu,
409 1717 582 1773 sepulto
615 1722 754 1773 patre.
790 1717 825 1743 ¹5
847 1718 939 1768 Quo
965 1721 1156 1773 mortuo,
1179 1718 1388 1761 timentes
1421 1719 1584 1763 fratres
1616 1720 1733 1776 ejus,
1757 1725 1801 1763 et
1826 1728 1978 1764 mutuo

120 1776 445 1832 colloquentes
476 1793 484 1820 :
519 1777 586 1819 Ne
619 1776 736 1819 forte
769 1790 937 1819 memor
973 1777 1030 1819 sit
1063 1776 1240 1832 injuriae
1274 1791 1407 1833 quam
1439 1793 1593 1834 passus
1624 1784 1713 1835 est,
1748 1785 1793 1822 et
1820 1781 1979 1824 reddat

145 1835 272 1878 nobis
309 1850 437 1878 omne
474 1835 642 1878 malum
675 1836 791 1891 quod
824 1835 1035 1890 fecimus,
1073 1835 1110 1862 16
1134 1837 1460 1879 mandaverunt
1492 1837 1533 1880 ei
1571 1837 1769 1881 dicentes
1802 1856 1811 1883 ;
1846 1840 1978 1883 Pater

145 1899 244 1937 tuus
270 1894 481 1951 praecepit
505 1894 632 1937 nobis
653 1899 894 1950 antequam
919 1899 1170 1950 moreretur,
1196 1895 1229 1921 1⁷
1249 1900 1296 1938 ut
1321 1896 1418 1938 haec
1444 1896 1528 1939 tibi
1550 1897 1697 1940 verbis
1718 1897 1837 1941 illius
1859 1899 1976 1942 diee-

143 1967 288 1996 remus
311 1970 320 1997 ε
350 1953 541 1997 Obsecro
564 1958 612 1996 ut
634 1953 910 1996 obliviscaris
940 1953 1117 1997 sceleris
1143 1954 1334 1997 fratrum
1357 1960 1553 2011 tuorum,
1580 1961 1624 1999 et
1644 1957 1819 2012 peccati
1843 1963 1976 2014 atque

144 2012 328 2056 malitiae
353 2027 485 2068 quam
516 2018 807 2056 exercuerunt
828 2013 874 2055 in
898 2018 956 2056 te.
982 2014 1071 2055 Nos
1100 2022 1270 2069 quoque
1297 2028 1470 2057 ora-mus
1492 2020 1540 2058 ut
1565 2016 1704 2058 servis
1730 2015 1814 2059 Dei
1838 2018 1976 2072 patris

143 2071 207 2114 tui
245 2072 444 2114 dimittas
481 2071 765 2127 iniquitatem
803 2072 931 2116 hano.
961 2072 1134 2123 Quibus
1167 2073 1331 2116 auditis
1370 2073 1496 2116 flevit
1536 2075 1719 2131 Joseph.
1762 2075 1797 2102 ¹8
1834 2076 1975 2120 Vene-

142 2136 329 2186 runtque
350 2131 407 2174 ad
430 2145 530 2174 eum
551 2131 714 2174 fratres
735 2131 825 2185 sui3
855 2137 899 2174 et
923 2131 1050 2188 proni
1075 2132 1311 2175 adorantes
1332 2133 1379 2175 in
1400 2138 1564 2176 terram
1586 2133 1794 2178 dixerunt
1816 2150 1825 2178 :
1851 2135 1975 2178 Servi

142 2190 206 2232 tui
232 2204 395 2233 sumus.
434 2190 467 2216 ¹9
489 2190 656 2240 Quibus
681 2190 756 2233 ille
781 2191 1011 2247 respondit
1043 2207 1052 2235 t
1087 2191 1238 2234 Nolite
1270 2192 1457 2245 timere;
1488 2207 1595 2235 num
1629 2193 1712 2236 Dei
1744 2206 1975 2250 possumus

141 2248 342 2291 resistere
368 2249 624 2293 voluntati?
647 2248 684 2276 ²⁰
701 2250 792 2292 Vos
815 2250 1044 2306 cogitastis
1070 2250 1124 2293 de
1145 2265 1215 2293 me
1241 2251 1409 2293 malum
1429 2269 1438 2306 3
1461 2252 1539 2294 sed
1566 2253 1686 2295 Deus
1707 2252 1842 2296 vertit
1863 2253 1974 2296 illud

141 2308 187 2349 in
210 2307 396 2363 bonum,
421 2314 469 2351 ut
494 2308 714 2351 exalta-ret
738 2323 829 2364 me,
858 2309 972 2352 sicut
1005 2310 1048 2352 in
1076 2309 1412 2366 praesentiarum
1441 2310 1641 2367 cerni-tis,
1665 2316 1709 2354 et
1734 2312 1880 2355 salvos
1904 2312 1974 2355 fa-

117 2393 121 2395 -
142 2372 260 2410 ceret
282 2367 442 2410 multos
461 2367 657 2424 populos.
681 2367 714 2393 '²1
736 2368 885 2411 Nolite
903 2368 1060 2411 timere
1077 2386 1085 2423 3
1107 2383 1189 2425 ego
1207 2383 1389 2425 pascam
1407 2384 1485 2412 vos
1504 2374 1547 2412 et
1564 2371 1771 2426 parvulos
1789 2376 1972 2415 vestros.

137 2426 488 2482 Consolatusque
515 2433 582 2470 est
608 2441 703 2482 θος,
727 2432 771 2470 et
792 2426 955 2470 blande
978 2442 1030 2470 ae
1056 2427 1216 2471 leniter
1235 2433 1303 2470 est
1324 2428 1510 2472 locutus.
1541 2428 1578 2455 2⁹2
1601 2431 1659 2472 Et
1683 2430 1905 2473 habitavit
1925 2431 1973 2473 in

139 2486 341 2541 AEgypto
373 2499 475 2528 cum
509 2486 629 2528 omni
663 2486 793 2529 domo
825 2487 964 2542 patris
997 2487 1084 2541 sui,
1112 2487 1311 2542 vixitque
1346 2492 1524 2530 cent-um
1558 2488 1713 2531 decem
1746 2489 1887 2532 annis.
1916 2491 1973 2532 Et

139 2544 254 2586 vidit
277 2544 491 2601 Ephraim
516 2545 630 2588 filios
655 2559 790 2601 usque
812 2545 868 2588 ad
891 2545 1071 2588 tertiam
1096 2546 1444 2601 generationem.
1469 2547 1573 2589 Filii
1603 2562 1774 2603 quoque
1801 2548 1973 2591 Machir

139 2603 218 2645 filii
253 2603 459 2647 Manasse
492 2604 586 2647 nati
612 2610 715 2647 sunt
746 2604 793 2647 in
821 2604 1008 2660 genibus
1034 2604 1216 2661 Joseph.
1252 2603 1289 2631 23
1315 2605 1480 2655 Quibus
1513 2607 1771 2662 transactis,
1797 2606 1970 2650 loeutus

114 2689 117 2693 -
138 2667 205 2705 est
233 2663 449 2706 fratribus
479 2663 569 2706 suis
601 2680 609 2707 :
645 2664 751 2707 Post
775 2668 963 2706 mortem
989 2678 1135 2706 meam
1161 2665 1281 2706 Deus
1303 2664 1507 2707 visitabit
1531 2679 1630 2721 vos,
1654 2670 1698 2708 et
1730 2666 1970 2710 ascendere

137 2735 216 2764 vos
251 2721 392 2764 faciet
431 2722 486 2765 de
523 2728 640 2766 terra
675 2723 762 2766 ista
799 2723 855 2765 ad
890 2728 1055 2766 terram
1084 2737 1217 2779 quam
1252 2723 1421 2779 juravit
1458 2724 1708 2780 Abraham,
1743 2726 1891 2780 Isaac,
1926 2730 1971 2768 et

138 2781 294 2824 Jacob.
332 2780 370 2807 24
394 2782 590 2838 Cumque
627 2782 879 2837 adjurasset
915 2796 988 2825 eos
1028 2787 1160 2838 atque
1196 2782 1382 2825 dixisset
1415 2800 1423 2827 z
1463 2785 1582 2826 Deus
1622 2783 1827 2826 visitabit
1862 2798 1967 2840 vos3

113 2845 360 2896 asportate
388 2853 486 2883 ossa
511 2855 611 2884 mea
636 2841 866 2884 vobiscum
897 2841 950 2884 de
976 2841 1072 2884 loeo
1100 2841 1208 2897 isto,
1239 2840 1275 2868 2⁵
1300 2848 1498 2886 mortuus
1532 2847 1618 2899 est,
1644 2843 1835 2900 expletis
1867 2857 1968 2887 een-

135 2904 232 2941 tum
265 2899 420 2942 decem
453 2900 560 2943 vitae
598 2914 690 2943 suae
724 2899 865 2943 annis..
903 2902 960 2943 Et
995 2899 1201 2943 conditus
1232 2901 1530 2958 aromatibus,
1566 2901 1784 2958 repositus
1820 2907 1887 2946 est
1921 2902 1969 2945 in

136 2957 281 3001 loculo
304 2958 353 3000 in
381 2959 597 3015 AEgypto.

114 3142 117 3144 .
135 3121 164 3153 5]
183 3120 260 3152 Sup.
281 3121 429 3156 XLVII,
446 3124 490 3150 29.
513 3137 542 3142 -
567 3123 616 3156 13]
642 3123 716 3151 Act.
739 3123 824 3157 VII,
842 3125 886 3150 16.
905 3138 940 3142 -
961 3124 1008 3156 13]
1031 3123 1108 3155 Sul).
1127 3123 1268 3157 XXIII,
1294 3125 1338 3151 16.
1356 3138 1392 3142 ——
1414 3124 1462 3157 20]
1489 3124 1566 3156 Sup.
1592 3124 1692 3158 XLV,
1716 3127 1742 3151 5.
1764 3139 1800 3143 --
1820 3124 1867 3157 21]
1889 3123 1967 3156 Sup.

121 3163 274 3199 -XLVII,
289 3166 378 3193 12.—
390 3165 439 3199 22]
453 3165 551 3194 Num.
568 3166 717 3202 XXXII,
733 3169 824 3195 39.—-
837 3167 884 3200 23]
903 3167 1005 3195 Hebr.
1024 3167 1084 3201 XI,
1100 3169 1142 3195 12.
1160 3182 1196 3185 —
1213 3167 1260 3200 24]
1280 3168 1340 3195 Ex.
1359 3167 1459 3203 XIII,
1475 3170 1517 3196 19.
1538 3168 1610 3196 ιῙοε.
1627 3167 1752 3202 XXIV,
1765 3169 1810 3195 32.

2043 1673 2169 1705 Joseph
2187 1673 2286 1700 mori-

2044 1722 2109 1752 tur,
2122 1719 2283 1746 mandans

2043 1761 2083 1789 de
2109 1762 2284 1794 sepultura

2128 1813 2198 1834 sua.
