2423 3861
680 125 783 168 Jssu.
819 125 979 180 XVII,
1014 127 1039 169 7
1071 153 1130 159 —
1161 128 1345 184 XVIII,
1379 131 1419 172 4.
1879 134 1961 176 865

142 295 264 353 quasi
292 295 472 351 myricae
504 295 550 337 in
585 294 776 349 deserto,
804 300 847 338 et
872 310 958 338 non
985 296 1156 354 videbit
1183 312 1283 340 cuni
1310 299 1480 342 venerit
1505 300 1669 343 bonum
1691 318 1700 354 3
1728 301 1804 343 sed
1836 301 1961 344 habi-

141 356 253 398 tabit
281 354 327 396 in
361 354 561 397 siccitate
592 353 638 396 in
672 353 862 408 deserto,
893 354 938 396 in
970 360 1083 398 terra
1117 357 1355 413 salsuginis
1385 364 1427 401 et
1460 358 1758 402 inhabitabili.
1787 359 1801 385 ⁷
1823 360 1960 404 Beue-

138 415 283 456 dictus
311 413 376 455 vir
401 413 473 468 qui
501 412 684 456 confidit
707 412 753 454 in
781 412 983 467 Domino,
1012 420 1055 456 et
1080 415 1161 457 crit
1188 416 1404 459 Dominus
1431 417 1592 460 fiducia
1619 417 1729 473 ejus.
1756 418 1773 445 ⁸
1798 419 1853 461 Et
1879 419 1961 462 erit

141 473 260 528 quasi
291 472 461 528 lignum
484 471 599 528 quod
623 471 973 528 transplantatur
998 487 1128 529 super
1152 489 1311 529 aquaS,
1340 475 1454 530 quod
1481 476 1536 518 ad
1567 477 1795 520 humorem
1824 477 1961 520 mittit

136 532 307 574 radices
341 545 461 586 suas,
496 536 538 573 et
575 544 660 572 non
694 529 877 590 timebit<
906 544 1006 573 cum
1044 533 1213 575 venerit
1253 538 1397 576 aestus.
1446 535 1502 577 Et
1542 536 1623 578 erit
1664 536 1823 579 folium
1865 536 1959 592 ejus

136 590 289 638 viride,
318 595 360 633 et
386 590 430 631 in
457 595 651 645 tempore
676 587 890 631 siccitatis
916 603 1003 631 non
1030 590 1111 632 erit.
1137 591 1392 647 sollicitum,
1420 607 1500 635 nec
1525 594 1764 649 aliquando
1789 595 1959 638 desinet

134 649 285 692 facere
311 650 522 692 fructum.

194 708 212 733 0
240 709 431 750 Pravum
473 713 538 750 est.
578 722 651 750 cor
688 707 904 763 omnium,
952 711 995 751 et
1034 707 1349 763 inscrutabile3
1393 711 1489 766 quis
1532 719 1770 767 cognoscet
1810 713 1957 757 illud?

139 763 172 792 ¹⁰
190 768 284 823 Ego
315 766 531 810 Dominus
565 772 765 809 scrutans
792 780 877 821 cor,
909 771 953 809 et
978 767 1168 823 probans
1194 781 1346 822 renes3
1375 770 1447 825 qui
1479 770 1533 813 do
1560 771 1795 826 unicuique
1828 772 1957 827 juxta

134 826 253 868 viam
287 840 434 879 suam,
466 832 509 868 et
541 825 669 881 juxta
702 825 900 868 fructum
933 825 1300 869 adinventionum
1341 841 1533 871 suarum.
1578 829 1609 854 ¹¹
1640 830 1800 872 Perdix
1841 831 1958 873 fovit

133 900 231 940 quac
266 899 352 928 non
387 884 584 940 peperit3
622 884 732 927 fecit
767 884 966 940 divitias,
1002 890 1045 928 et
1074 899 1161 927 non
1195 885 1242 927 in
1275 885 1441 940 judicio
1463 904 1471 941 ;
1495 887 1539 929 in
1567 887 1753 930 dimidio
1788 888 1957 932 dierum

133 959 309 986 suorum
348 943 622 999 derelinquet
655 957 748 999 eas,
787 948 830 986 et
865 943 911 985 in
945 943 1184 987 novissimo
1219 958 1296 987 suo
1337 945 1419 988 erit
1454 946 1681 1002 insipiens.
1725 945 1760 972 ‘¹2
1791 947 1956 991 Solium

133 1003 286 1057 gloria>
309 1002 559 1044 altitudinis
584 1017 611 1044 a
636 1002 866 1059 principio,
894 1003 1016 1045 locus
1041 1003 1407 1046 sanctificationis
1435 1010 1609 1048 nostrae.
1638 1004 1673 1031 ¹3
1692 1005 1956 1062 Expectatio

133 1061 292 1117 Israel,
327 1061 535 1116 Domine,
564 1075 715 1104 omues
739 1061 812 1117 qui
847 1069 889 1104 te
923 1061 1233 1117 derelinquunt
1258 1063 1615 1118 confundentur3
1651 1064 1907 1108 recedentes
1931 1080 1958 1106 a

131 1125 187 1175 te,
210 1121 256 1162 in
280 1127 395 1163 terra
417 1120 676 1175 scribentur,
700 1121 908 1176 quoniam
932 1120 1259 1176 dereliquerunt
1280 1136 1442 1164 venam
1460 1137 1673 1178 aquarum
1695 1123 1955 1179 viventium,

132 1179 388 1222 Dominum.

191 1238 225 1264 '¹⁴
244 1240 359 1282 Sana
386 1254 475 1295 me,
505 1239 714 1294 Domine,
742 1245 786 1284 et
815 1240 1027 1295 sanabor,
1059 1240 1233 1282 salvum
1264 1254 1334 1282 me
1359 1240 1454 1296 fac,
1490 1245 1534 1283 et
1559 1241 1707 1284 salvus
1733 1256 1826 1297 ero,
1854 1257 1956 1298 quo-

130 1298 251 1340 niam
293 1298 388 1340 laus
429 1313 528 1341 mea
569 1304 616 1340 tu
654 1313 711 1342 es,
755 1298 789 1325 ¹5
820 1299 935 1342 Ecce
972 1299 1056 1355 ipsi
1098 1299 1251 1342 dicunt
1288 1299 1344 1341 ad
1386 1313 1455 1342 me
1490 1317 1499 1344 ε
1541 1300 1628 1343 Ubi
1670 1306 1736 1344 est
1772 1301 1956 1344 verbum

133 1357 348 1400 Domini?
379 1357 544 1401 veniat.
580 1357 615 1384 ¹¹3
634 1357 693 1400 Et
725 1371 806 1413 ego
836 1372 924 1400 non
955 1373 1051 1400 sum
1084 1358 1310 1413 turbatus,
1345 1363 1388 1401 te
1414 1363 1637 1414 pastorem
1666 1374 1880 1416 sequens,
1912 1366 1956 1403 et

131 1417 248 1459 diem
273 1416 465 1459 hominis
495 1431 583 1459 non
610 1416 872 1471 desideravi,
899 1422 946 1459 tu
971 1417 1057 1459 scis
1088 1433 1096 1459 :
1125 1417 1240 1472 quod
1267 1431 1490 1472 egressum
1513 1423 1579 1460 est
1604 1418 1657 1461 de
1680 1418 1811 1461 labiis
1832 1419 1953 1475 meis,

129 1481 296 1518 rectum
323 1476 368 1517 in
399 1480 638 1530 conspectu
660 1480 734 1518 tuo
763 1475 866 1518 fuit.
897 1475 927 1501 ¹⁷
949 1476 1048 1517 Non
1073 1475 1133 1517 sis
1162 1481 1210 1517 tu
1235 1475 1345 1517 mihi
1374 1476 1625 1532 formidini,
1653 1491 1752 1533 spes
1776 1492 1876 1520 mea
1908 1483 1956 1521 tu

129 1535 174 1576 in
197 1534 267 1576 die
292 1533 557 1578 afflictionis
592 1533 626 1560 ¹8
646 1533 988 1577 Confundantur
1013 1534 1086 1589 qui
1111 1548 1181 1576 me
1207 1540 1546 1589 persequuntur,
1581 1540 1625 1577 et
1650 1550 1736 1578 non
1768 1537 1955 1580 confun-

128 1593 207 1635 dar
231 1607 313 1648 ego
333 1610 342 1647 3
366 1597 560 1649 paveant
583 1591 664 1647 illi,
687 1597 732 1635 et
755 1606 843 1634 non
869 1607 1058 1648 paveam
1080 1606 1161 1647 ego
1181 1609 1190 1647 3
1218 1592 1350 1634 induc
1372 1607 1501 1648 super
1523 1607 1594 1635 eos
1618 1594 1733 1636 diem
1757 1595 1955 1639 afflictio-

127 1651 215 1706 nis,
244 1658 287 1694 et
312 1651 478 1708 duplici
506 1651 769 1694 contritione
797 1657 973 1694 contere
999 1666 1084 1694 eos.

187 1710 222 1737 ¹9
248 1712 361 1754 Haec
387 1710 496 1753 dicit
527 1711 742 1754 Dominus
774 1711 831 1753 ad
866 1725 934 1753 me
966 1727 975 1754 ε
1003 1711 1150 1767 Vade,
1186 1717 1229 1755 et
1258 1716 1327 1754 sta
1350 1712 1397 1754 in
1422 1718 1549 1769 porta
1571 1713 1761 1757 filiorum
1783 1716 1954 1771 populi,

127 1785 204 1827 per
236 1785 369 1826 quam
398 1770 706 1826 ingrediuntur
737 1784 865 1826 reges
891 1770 1031 1826 Juda,
1067 1775 1110 1813 et
1143 1771 1440 1827 egrediuntur,
1469 1777 1513 1815 et
1544 1772 1591 1814 in
1618 1774 1788 1816 cunctis
1818 1775 1956 1830 portis

126 1829 405 1885 Jerusalem3
435 1828 472 1855 2⁰
489 1835 534 1872 et
562 1829 682 1873 dices
712 1829 767 1872 ad
799 1844 872 1872 eos
903 1846 911 1873 :
945 1830 1111 1873 Audite
1145 1830 1331 1873 verbum
1358 1831 1560 1887 Domini,
1591 1847 1716 1888 reges
1747 1833 1886 1889 Juda,
1914 1840 1957 1877 et

127 1889 268 1932 omnis
294 1890 321 1932 J
326 1889 425 1945 uda,
454 1889 688 1945 cunctique
715 1889 987 1932 habitatores
1009 1889 1272 1944 Jerusalem,
1299 1889 1372 1946 qui
1394 1890 1682 1946 ingredimini
1705 1907 1782 1948 per
1807 1899 1954 1948 portas

125 1948 246 1991 istas.
272 1947 306 1974 2¹
327 1949 442 1991 Haeo
464 1948 574 1991 dicit
597 1948 813 1991 Dominus
843 1965 851 1992 ε
878 1948 1108 1992 Custodite
1139 1949 1311 1992 animas
1334 1954 1522 2007 vestras,
1547 1955 1590 1993 et
1615 1951 1751 1994 nolite
1780 1957 1954 2008 portare

124 2007 318 2064 pondera
348 2007 394 2050 in
421 2008 490 2050 die
519 2008 715 2063 sabbati,
756 2021 836 2050 nec
870 2008 1076 2051 inferatis
1109 2023 1186 2065 per
1211 2014 1359 2065 portas
1389 2009 1658 2066 Jerusalem,
1687 2009 1723 2035 22
1741 2016 1785 2054 et
1817 2011 1954 2055 nolite

124 2067 285 2122 ejicere
327 2081 460 2110 onera
493 2067 546 2110 de
583 2067 786 2110 domibus
822 2068 999 2123 vestris,
1039 2067 1086 2109 in
1123 2068 1193 2111 die
1230 2068 1435 2125 sabbati3
1476 2074 1520 2112 et
1561 2084 1688 2112 omne
1727 2084 1833 2126 opus
1866 2085 1953 2114 non

123 2126 302 2169 facietis
335 2143 343 2170 ε
377 2127 653 2170 sanctificate
683 2127 800 2170 diem
826 2127 1024 2183 sabbati,
1053 2127 1167 2170 sicut
1194 2128 1386 2184 praecepi
1417 2128 1618 2184 patribus
1644 2129 1814 2172 vestris.
1842 2129 1878 2156 23
1896 2132 1954 2172 Et

123 2198 210 2227 non
229 2185 477 2239 audierunt,
500 2200 582 2228 nec
599 2186 928 2229 inclinaverunt
949 2201 1098 2230 aurem
1123 2201 1272 2241 suam3
1299 2187 1375 2229 sed
1392 2187 1711 2230 induraverunt
1734 2189 1952 2231 cervicem

123 2257 269 2300 suam,
296 2259 351 2287 ne
373 2245 579 2287 audirent
604 2259 694 2299 me,
723 2250 767 2288 et
791 2260 846 2288 ne
868 2246 1123 2302 acciperent
1151 2246 1448 2303 disciplinam.

183 2302 218 2329 24
242 2305 299 2346 Et
320 2303 404 2346 erit
433 2320 442 2347 z
467 2303 504 2346 si
526 2304 756 2346 audieritis
787 2320 877 2360 me,
906 2305 1015 2347 dicit
1040 2305 1277 2361 Dominus,
1304 2311 1353 2348 ut
1378 2320 1465 2348 non
1490 2306 1696 2362 inferatis
1719 2322 1851 2351 onera
1876 2323 1953 2365 per

122 2368 271 2419 portas
297 2362 493 2406 civitatis
518 2363 651 2418 hujus
675 2363 721 2405 in
748 2364 819 2406 die
840 2364 1015 2407 sabbati
1036 2381 1044 2418 ;
1072 2370 1116 2407 et
1137 2365 1172 2407 si
1197 2365 1581 2409 sanctificaveritis
1605 2367 1722 2409 diem
1753 2367 1949 2423 sabbati,

122 2436 176 2464 ne
205 2421 388 2464 faciatis
421 2422 467 2464 in
497 2436 547 2465 eo
581 2436 708 2465 omne
738 2437 876 2480 opus:
910 2422 946 2449 2⁵
972 2423 1279 2479 ingredientur
1307 2439 1384 2480 per
1413 2430 1560 2481 portas
1594 2426 1788 2468 civitatis
1817 2427 1950 2483 hujus

121 2495 247 2536 reges
273 2486 317 2524 et
342 2481 576 2538 principes,
604 2482 808 2525 sedentes
829 2497 958 2539 super
984 2483 1143 2526 solium
1171 2483 1331 2538 David,
1361 2489 1403 2527 et
1429 2484 1718 2528 ascendentes
1743 2485 1790 2528 in
1816 2485 1949 2528 curri-

121 2540 202 2583 bus
225 2545 268 2583 et
286 2541 421 2596 equis,
445 2541 528 2596 ipsi
552 2546 595 2584 et
620 2541 841 2598 principes
863 2556 1025 2597 eorum,
1049 2543 1132 2584 viri
1155 2544 1184 2585 J
1188 2542 1287 2597 uda,
1314 2548 1357 2586 et
1378 2543 1651 2586 habitatores
1673 2544 1947 2599 Jerusalem,

121 2604 165 2642 et
188 2599 465 2642 habitabitur
498 2601 657 2643 civitas
690 2601 786 2643 haec
819 2601 864 2643 in
898 2602 1227 2657 sempiternum.
1260 2601 1296 2629 ²⁶
1315 2604 1373 2645 Et
1397 2602 1578 2645 venient
1607 2602 1661 2645 de
1691 2603 1949 2646 civitatibus

120 2659 258 2715 Juda,
286 2665 330 2702 et
360 2659 413 2702 de
444 2660 629 2702 circuitu
656 2660 925 2715 Jerusalem,
952 2666 997 2703 et
1028 2661 1082 2703 de
1108 2666 1224 2704 terra
1249 2662 1510 2717 Benjamin,
1542 2667 1585 2705 et
1612 2661 1666 2704 de
1692 2662 1947 2718 campestri-

119 2717 212 2774 bus,
241 2723 284 2761 et
309 2719 362 2762 de
389 2719 644 2773 montuosis,
674 2724 716 2762 et
746 2719 802 2761 ab
833 2725 993 2775 austro,
1020 2725 1247 2776 portantes
1281 2721 1600 2777 holocaustum,
1629 2727 1672 2764 et
1702 2721 1947 2777 victimam,

119 2782 162 2820 et
186 2778 473 2835 sacrificium,
509 2783 553 2822 et
585 2779 705 2834 thus,
742 2784 785 2821 et
817 2779 1013 2822 inferent
1046 2779 1317 2823 oblationem
1347 2780 1393 2822 in
1420 2780 1601 2823 domum
1628 2781 1822 2823 Domini.
1849 2779 1883 2806 2⁷
1903 2781 1947 2824 Si

117 2841 267 2881 autem
303 2852 391 2880 non
428 2838 658 2881 audieritis
691 2852 761 2880 me
794 2843 843 2880 ut
875 2838 1163 2881 sanctificetis
1201 2839 1319 2881 diem
1357 2839 1553 2895 sabbati,
1592 2844 1636 2882 et
1671 2854 1726 2882 ne
1762 2840 1946 2896 portetis

119 2909 248 2951 onus,
284 2902 328 2940 et
364 2912 419 2940 ne
451 2897 658 2940 inferatis
693 2912 770 2953 per
802 2902 950 2954 portas
984 2898 1233 2941 Jerusalem
1266 2897 1312 2940 in
1347 2898 1416 2941 die
1449 2898 1646 2954 sabbati,
1680 2899 1948 2942 succendam

115 2952 267 3010 ignem
288 2955 335 2998 in
356 2957 494 3013 portis
513 2957 628 3013 ejus,
658 2962 701 2999 et
734 2956 966 3000 devorabit
992 2956 1143 2999 domos
1169 2957 1438 3014 Jerusalem,
1467 2962 1510 3000 et
1534 2972 1622 3000 non
1648 2957 1946 3014 extinguetur.

277 3085 432 3128 SERMO
465 3086 546 3129 VI.
573 3113 631 3118 -
666 3088 962 3129 REPROBATIO
997 3086 1166 3128 ISRAEL
1201 3098 1424 3129 ernoms
1458 3098 1793 3130 OONFIRMATUR

398 3204 421 3257 ξ
442 3202 480 3244 Ι.
502 3228 561 3234 —
584 3202 841 3258 Symbolum
856 3203 1054 3258 primum
1078 3219 1093 3245 .·
1115 3202 1282 3245 Lutum
1303 3204 1348 3245 in
1368 3218 1503 3246 manu
1516 3204 1663 3260 fiyzclz'.

175 3309 280 3352 CAP.
311 3310 491 3353 XVIII.
516 3336 576 3343 -—
605 3309 619 3336 ¹
640 3311 836 3354 Verbum
867 3297 981 3366 quod
1015 3310 1187 3353 factum
1217 3316 1284 3354 est
1316 3311 1372 3354 ad
1403 3311 1646 3355 Jeremiam
1673 3326 1698 3354 a
1733 3311 1944 3368 Domino,

118 3365 266 3410 dicens
295 3385 304 3411 τ

176 3423 193 3450 '²
216 3426 375 3483 Surge,
412 3433 455 3470 et
489 3428 705 3472 descende
736 3430 780 3472 in
811 3429 991 3472 domum
1021 3429 1166 3485 figuli,
1201 3435 1243 3473 et
1271 3429 1334 3472 ibi
1361 3431 1513 3474 audies
1547 3430 1678 3474 verba
1705 3445 1815 3474 mea.
1851 3430 1944 3473 3Et

117 3483 324 3528 descendi
356 3487 401 3529 in
435 3487 616 3530 domum
648 3489 794 3544 figuli,
827 3494 870 3531 ct
903 3503 1003 3530 occe
1033 3488 1126 3544 ipsc
1153 3488 1352 3532 faciebat
1379 3504 1486 3545 opus
1516 3504 1646 3546 super
1670 3496 1826 3533 rotam.
1851 3489 1868 3516 4
1886 3490 1944 3533 Et

116 3630 145 3664 8]
164 3629 217 3658 Ps.
236 3631 271 3666 1,
287 3633 312 3658 3.
330 3644 367 3650 —
383 3633 430 3665 10]
454 3633 468 3659 I
487 3633 570 3665 ch.
588 3633 682 3668 XVI,
700 3636 725 3662 τ.
747 3635 800 3662 Ps.
818 3635 896 3667 VII,
916 3636 958 3662 10.
981 3635 1082 3665 Apoc.
1101 3634 1208 3668 11,23.

1680 3694 1736 3737 55

2022 1257 2042 1285 J
2046 1264 2187 1287 eremias
2205 1266 2262 1293 prm

2040 1307 2075 1329 se
2092 1300 2247 1335 implorat

2117 1345 2174 1374 Dei

2058 1389 2230 1418 auxilium.

2042 1731 2088 1759 De
2110 1732 2243 1760 sabbati

2049 1774 2180 1803 sanctifi
2186 1783 2235 1803 ca-

2093 1818 2193 1849 tione.

2059 3315 2203 3346 Titulus.
2258 3320 2268 3328 ²

2061 3421 2151 3450 ,Juda
2163 3421 2198 3450 in

2035 3472 2138 3494 manu
2159 3465 2219 3494 Dei

2009 3509 2099 3538 sicut
2126 3517 2183 3538 vas
2213 3510 2245 3538 in

2007 3560 2108 3583 manu
2139 3554 2246 3588 figuli.
