2456 3861
773 114 907 155 Esnn.
943 112 1029 164 VI,
1066 112 1118 154 13
1152 138 1210 143 —
1240 112 1354 163 VII,
1391 113 1459 154 14.
1940 113 2025 153 449

264 282 298 309 ¹³
324 283 470 338 Igitur
503 281 775 337 Thathanai,
811 281 901 324 dux
933 281 1125 337 regionis
1159 286 1278 324 trans
1312 280 1497 337 flumen,
1532 285 1575 324 et
1609 280 1949 337 stharbuzanai,
1985 285 2027 322 et

201 341 442 386 consiliarii
478 342 594 397 ejus,
629 340 872 384 secundum
905 340 1019 396 quod
1060 345 1328 397 praeceperat
1363 340 1522 382 Darius
1563 354 1659 394 rex,
1696 339 1758 382 sic
1793 338 2028 394 diligenter

199 401 373 444 executi
410 407 525 443 sunt..
556 399 805 443 ¹⁴Seni01·es
838 404 985 454 autffln
1016 400 1044 442 J
1050 399 1276 442 udaeorum
1313 399 1614 454 aedificabant,
1638 403 1680 441 et
1713 397 2028 455 prosperaban-

198 465 269 502 tur
301 460 430 516 juxta
459 459 735 516 prophetiam
769 458 928 514 Aggaei
958 459 1203 515 prophetae,
1227 463 1269 501 et
1294 458 1538 514 Zachariae,
1565 457 1643 500 filii
1670 456 1829 511 Addo3
1857 462 1899 500 et
1924 456 2028 499 aedi-

198 518 463 574 ficaverunt,
506 524 548 561 et
585 521 942 572 construxerunt,
981 516 1163 572 jubente
1197 518 1289 560 Deo
1323 517 1482 573 Israel,
1520 522 1562 560 et
1600 516 1783 572 jubente
1820 515 1952 572 Cyro,
1987 521 2029 559 et

199 577 353 632 Dario,
389 583 432 621 ct
463 578 729 630 Artaxerxe,
756 575 932 630 regibus
960 575 1220 629 Persarum3
1257 575 1292 601 ¹⁵
1310 581 1353 618 et
1387 575 1719 633 compleverunt
1743 574 1922 618 domum
1947 573 2029 617 Dei

197 636 330 679 istam
367 651 501 692 nsque
539 635 595 678 ad
634 634 750 678 diem
784 633 962 676 tertium
1000 633 1162 676 mensis
1194 634 1315 689 adar,
1351 634 1423 689 qui
1457 639 1521 678 est
1554 648 1695 677 annus
1727 638 1876 677 sextus
1906 632 2030 689 regni

200 695 321 738 Darii
350 696 477 751 regis.

262 755 294 781 ¹⁶
314 756 532 798 Fecerunt
570 758 718 796 autem
754 751 832 794 filii
860 750 1018 806 Israel,
1047 751 1295 794 sacerdotes
1322 756 1365 794 et
1390 751 1560 807 levitae,
1591 757 1633 795 ct
1659 751 1814 807 reliqui
1841 752 2030 795 filiorum

200 812 623 869 transmigrationis,
653 809 980 854 dedicationem
1007 809 1162 853 domus
1190 809 1271 853 Dei
1297 809 1343 852 in
1366 809 1543 866 gaudio.
1571 809 1604 836 ¹⁷
1626 811 1681 852 Et
1707 810 1961 854 obtulerunt
1985 811 2031 853 in

200 873 523 918 dedicationem
563 870 717 913 domus
754 868 836 912 Dei
870 868 1032 911 vitulos
1071 873 1268 924 centum,
1303 869 1460 912 arietes
1491 868 1723 925 ducentos,
1757 883 1894 924 agnos
1928 884 2032 925 qua-

200 933 476 988 dringentos,
518 929 662 972 hircos
703 942 933 985 caprarum
966 942 1042 985 pro
1076 933 1257 985 peccato
1291 927 1426 971 totius
1452 927 1590 971 Israel
1624 927 1878 984 duodecim,
1904 927 2032 983 juxta

199 1004 429 1035 numerum
459 988 654 1032 tribuum
679 987 831 1031 Israel.
856 986 891 1013 ¹⁸
910 987 968 1029 Et
992 991 1242 1030 statuerunt
1266 986 1516 1030 sacerdotes
1541 986 1587 1029 in
1609 986 1836 1030 ordinibus
1861 987 1964 1042 suis,
1989 992 2032 1030 et

199 1050 356 1094 levitas
377 1048 423 1091 in
448 1047 619 1091 vicibus
645 1047 756 1103 suis,
786 1060 916 1103 super
945 1060 1075 1103 opera
1102 1046 1184 1089 Dei
1209 1046 1255 1088 in
1289 1045 1557 1102 Jerusalem,
1592 1045 1707 1088 sicut
1729 1045 1943 1102 scriptum
1968 1050 2032 1088 est

198 1109 244 1152 in
269 1109 380 1152 libro
403 1107 562 1166 Moysi.

260 1167 294 1194 ¹⁹
313 1168 532 1211 Fecerunt
556 1173 704 1211 antem
738 1166 817 1210 filii
843 1166 981 1210 Israel
1008 1165 1431 1222 transmigrationis,
1455 1165 1647 1221 Pascha,
1676 1169 1831 1221 quarta
1861 1163 2034 1208 decima

199 1227 270 1271 die
303 1227 465 1271 mensis
503 1226 646 1284 primi,
680 1225 717 1253 ‘²⁰
746 1225 972 1269 Purificati
1007 1225 1124 1269 enim
1157 1225 1336 1268 fuerant
1369 1223 1618 1268 sacerdotes
1652 1229 1695 1267 et
1728 1222 1876 1267 levitae
1910 1223 2034 1279 quasi

199 1301 339 1341 unus3
369 1300 520 1330 omnes
548 1285 702 1329 mundi
729 1285 784 1328 ad
812 1284 1136 1328 immolandum
1171 1284 1342 1327 Pascha
1375 1283 1591 1327 universis
1621 1282 1722 1325 filiis
1749 1282 2035 1338 transmigra-

200 1345 344 1401 tionis,
373 1350 416 1389 et
442 1345 656 1388 fratribus
683 1344 773 1388 suis
803 1343 1118 1399 sacerdotibus,
1146 1348 1189 1387 et
1214 1343 1311 1386 sibi.
1339 1342 1372 1369 2¹
1394 1344 1450 1385 Et
1476 1341 1762 1386 comederunt
1786 1341 1866 1384 filii
1895 1339 2036 1384 Israel

200 1405 273 1461 qui
306 1404 468 1448 reversi
502 1404 681 1447 fuerant
716 1403 769 1447 de
805 1403 1213 1459 transmigratione,
1241 1407 1283 1445 et
1318 1416 1468 1445 omnes
1498 1401 1572 1457 qui
1605 1415 1650 1444 se
1674 1404 1987 1457 separaverant
2010 1414 2036 1442 a

201 1463 558 1520 coinquinatione
597 1462 797 1518 gentium
837 1467 964 1506 terrae
1001 1462 1057 1504 ad
1091 1475 1184 1517 eos,
1225 1466 1274 1503 ut
1311 1464 1555 1516 quaererent
1592 1461 1854 1515 Dominum,
1894 1460 2037 1502 Deum

200 1523 352 1566 Israel.
380 1521 416 1548 ²⁹²
437 1522 494 1564 Et
521 1522 726 1565 fecerunt
761 1520 1089 1564 solemnitatem
1121 1534 1379 1577 azymorum
1404 1524 1573 1576 septem
1603 1518 1759 1562 diebus
1783 1518 1830 1561 in
1856 1517 2034 1573 leet-itia,

201 1582 408 1637 quoniam
435 1580 744 1624 laetificaverat
764 1594 836 1624 eos
856 1579 1085 1636 Dominus,
1114 1584 1156 1622 et
1179 1583 1454 1622 converterat
1480 1592 1553 1621 cor
1573 1577 1688 1633 regis
1711 1578 1851 1620 Assur
1874 1576 1931 1619 ad
1951 1590 2035 1631 θος,

202 1645 248 1683 ut
274 1640 508 1696 adjuvaret
533 1654 688 1683 manus
712 1653 862 1683 eorum
886 1640 932 1682 in
959 1653 1087 1696 opere
1113 1637 1269 1682 domus
1295 1637 1476 1681 Domini
1499 1637 1582 1680 Dei
1607 1635 1760 1679 Israel.

750 1802 964 1858 PARS
1015 1799 1501 1857 POSTERIOR

227 1937 478 1991 ESDRAS,
528 1936 647 1976 CUM
690 1934 942 1975 COLONIA
982 1933 1207 1972 ALTERA
1245 1931 1602 1985 JUDAEORUM,
1647 1928 2015 1968 REVERTITUR

410 2012 469 2049 IN
511 2009 754 2049 JUDAEAM
796 2010 866 2048 ET
905 2007 1314 2054 PERSEQUITUR
1357 2005 1501 2045 OPUS
1544 2003 1838 2043 INCEPTUM

566 2133 588 2185 ἓ
610 2130 646 2173 I.
668 2155 727 2162 —
748 2130 839 2172 Iter
863 2129 1021 2172 Esdroe
1047 2143 1076 2171 a
1100 2127 1331 2183 Babylone
1356 2128 1401 2170 in
1421 2126 1684 2170 Jerusalem.

267 2249 372 2292 CAP.
397 2247 504 2291 VH.
532 2272 589 2278 —
616 2245 626 2270 ¹
648 2246 754 2288 Post
776 2244 872 2287 haec
898 2249 1048 2287 autem
1070 2243 1223 2299 verba,
1250 2242 1297 2284 in
1322 2256 1457 2297 regno
1488 2239 1769 2295 Artaxerxis,
1800 2237 1914 2294 regis
1941 2238 2043 2280 Per-

207 2322 375 2363 sarum,
401 2306 585 2361 Esdras,
610 2304 726 2347 filius
755 2303 940 2359 Saraiae,
963 2302 1042 2344 filii
1064 2301 1260 2357 Azariae,
1284 2301 1364 2343 filii
1391 2299 1586 2355 Helciae,
1613 2299 1630 2324 “2
1647 2298 1726 2341 filii
1751 2297 1937 2352 Sellum,
1964 2295 2044 2338 filii

209 2366 370 2422 sadoc,
395 2365 474 2408 filii
501 2363 717 2419 Achitob,
747 2362 765 2389 3
781 2362 861 2405 filii
888 2361 1103 2417 Amariae,
1130 2360 1210 2403 filii
1234 2359 1430 2415 Azariae,
1453 2359 1533 2401 filii
1555 2357 1798 2413 Maraioth,
1821 2356 1838 2382 4
1855 2355 1935 2399 filii
1965 2357 2042 2398 Za-

207 2425 364 2481 rahiae,
391 2424 471 2467 filii
500 2424 598 2479 Ozi,
631 2422 711 2466 filii
741 2421 895 2477 Bocci,
926 2420 942 2447 5
960 2420 1040 2463 filii
1067 2420 1255 2475 Abisue,
1283 2418 1362 2461 filii
1393 2418 1602 2474 Phinees,
1634 2417 1713 2460 filii
1740 2416 1936 2470 Eleazar,
1964 2413 2042 2456 filii

209 2485 359 2528 Aaron
381 2483 622 2528 sacerdotis
649 2482 704 2525 ab
731 2480 872 2524 initio.

268 2544 402 2601 6Ipse
425 2543 588 2597 Esdras
617 2540 817 2585 ascendit
844 2540 898 2584 de
922 2538 1173 2596 Babylone3
1199 2543 1242 2582 et
1262 2538 1357 2594 ipse
1378 2536 1522 2580 scriba
1544 2535 1674 2578 velox
1697 2534 1744 2576 in
1765 2534 1863 2589 lege
1884 2532 2041 2588 Moysi,

211 2618 342 2660 quam
377 2603 594 2646 Dominus
632 2602 751 2644 Deus
788 2599 910 2643 dedit
943 2597 1095 2642 Israel.
1130 2599 1188 2640 Et
1221 2597 1344 2640 dedit
1376 2596 1415 2639 ei
1448 2609 1545 2651 rex,
1586 2592 1831 2636 secundum
1863 2605 2045 2634 manum

213 2662 394 2707 Domini
418 2662 500 2706 Dei
528 2662 623 2718 ejus
647 2674 777 2716 super
804 2674 917 2714 eum,
941 2671 1116 2702 omnem
1141 2656 1402 2713 petitionem
1423 2654 1533 2710 ejus.
1561 2652 1576 2679 7
1596 2653 1654 2694 Et
1675 2650 1968 2695 ascenderunt
1991 2650 2044 2693 de

211 2722 313 2766 filiis
335 2722 487 2778 Israel,
513 2727 556 2765 et
578 2721 632 2764 de
654 2719 757 2762 filiis
783 2717 1075 2772 sacerdotum,
1103 2721 1146 2759 et
1168 2715 1222 2758 de
1243 2715 1345 2757 filiis
1366 2714 1614 2768 levitarum,
1638 2716 1681 2754 et
1704 2710 1758 2754 de
1776 2709 2042 2764 cantoribus,

212 2787 255 2826 et
281 2781 334 2825 de
360 2781 638 2837 janitoribus,
664 2784 707 2822 et
735 2779 788 2822 de
808 2775 1069 2831 Nathinaeis,
1088 2775 1135 2818 in
1157 2775 1184 2818 J
1189 2774 1417 2829 erusalem,
1437 2786 1552 2816 anno
1571 2770 1758 2828 septimo
1783 2768 2044 2812 Artaxerxis

212 2841 341 2897 regis.
364 2840 381 2867 8
401 2842 459 2883 Et
483 2844 699 2884 venerunt
723 2838 770 2880 in
801 2836 1049 2881 Jerusalem
1075 2848 1224 2878 mense
1249 2833 1422 2890 quinto,
1447 2831 1542 2888 ipse
1571 2835 1636 2874 est
1665 2843 1806 2872 annus
1831 2827 2044 2885 septimus

212 2900 341 2956 regis.
364 2899 382 2926 ⁰
400 2901 510 2951 Quia
534 2899 582 2941 in
605 2898 746 2956 primo
775 2897 846 2941 die
875 2895 1036 2939 mensis
1063 2893 1193 2951 primi
1219 2892 1353 2950 coepit
1383 2890 1620 2934 ascendere
1646 2889 1701 2933 de
1727 2887 1975 2945 Babylone,
2002 2891 2045 2929 et

212 2960 259 3002 in
295 2959 436 3017 primo
470 2959 541 3003 die
576 2957 739 3001 mensis
777 2955 917 3012 quinti
952 2953 1074 2997 venit
1104 2952 1151 2995 in
1184 2951 1453 3007 Jerusalem,
1487 2949 1616 3006 juxta
1647 2962 1829 2991 manum
1863 2946 1945 2990 Dei
1977 2945 2044 2988 sui

214 3019 377 3062 bonam
428 3033 557 3075 super
598 3032 656 3061 se.
707 3016 742 3043 '¹0
778 3016 938 3059 Esdras
980 3013 1098 3057 enim
1145 3011 1318 3069 paravit
1363 3025 1436 3054 cor
1482 3024 1611 3052 suum
1658 3013 1707 3051 ut
1756 3006 2044 3061 investigaret

215 3078 360 3134 legem
384 3078 586 3135 Domini,
614 3082 657 3120 et
680 3077 850 3120 faceret
876 3080 918 3118 et
940 3073 1115 3116 doceret
1135 3071 1182 3114 in
1203 3070 1342 3114 Israel
1364 3074 1636 3127 praeceptum
1660 3073 1703 3111 et
1724 3065 1955 3123 judicium.

280 3137 308 3163 ¹¹
331 3138 429 3181 Hoc
456 3143 521 3181 est
547 3142 697 3180 autem
721 3134 946 3191 exemplar
967 3130 1166 3188 epistolae
1189 3130 1343 3185 edicti,
1370 3128 1486 3185 quod
1516 3128 1639 3172 dedit
1670 3141 1747 3170 rex
1776 3126 2044 3169 Artaxerxes

217 3197 371 3241 Esdrae
402 3196 640 3252 sacerdoti,
675 3196 831 3238 scribae
862 3191 1032 3237 erudito
1061 3189 1107 3232 in
1137 3189 1411 3233 sermonibus
1440 3193 1483 3231 et
1508 3186 1741 3245 praeceptis
1772 3183 1972 3239 Domini,
2003 3189 2045 3225 et

218 3256 476 3300 ceremoniis
500 3255 596 3312 ejus
620 3255 667 3297 in
694 3254 833 3298 Israel
863 3270 870 3297 :

279 3315 314 3341 ¹⁹
344 3317 634 3371 Artaxerxes,
671 3329 748 3358 rex
784 3327 958 3368 regum,
998 3310 1173 3366 Esdrae,
1209 3308 1447 3365 sacerdoti,
1486 3305 1642 3350 scribae
1679 3303 1789 3360 legis
1827 3302 1909 3346 Dei
1932 3301 2045 3369 ‘czeli

220 3374 496 3430 doctissimo,
532 3374 735 3418 salutem.
772 3373 807 3399 ¹3
835 3374 876 3415 A
910 3385 979 3414 me
1013 3369 1235 3412 decretum
1273 3373 1337 3411 est
1375 3373 1424 3410 ut
1457 3366 1718 3421 cuicumque
1750 3362 1964 3419 placuerit
1999 3375 2046 3402 in

220 3448 353 3489 regno
379 3448 475 3477 meo
504 3433 558 3477 de
584 3433 744 3490 populo
772 3431 930 3485 Israel,
955 3435 997 3473 et
1019 3428 1073 3472 de
1097 3427 1399 3471 sacerdotibus
1422 3427 1538 3481 ejus,
1569 3429 1612 3468 et
1641 3423 1695 3467 de
1716 3420 1883 3475 levitis,
1909 3420 1972 3462 ire
2001 3419 2045 3461 in
2100 3457 2103 3460 ,

221 3493 490 3549 Jerusalem,
525 3498 674 3535 tecum
706 3491 854 3534 vadat.
890 3489 921 3515 ¹⁴¹
947 3490 987 3531 A
1017 3487 1135 3530 facie
1160 3486 1277 3530 enim
1306 3485 1421 3541 regis
1455 3489 1498 3528 et
1522 3488 1690 3540 septem
1717 3479 2046 3524 consiliatorum

223 3639 272 3672 18]
291 3639 386 3666 Num.
405 3638 459 3666 ΙΙΙ
472 3658 480 3673 ,
497 3641 512 3666 6
530 3640 564 3665 et
580 3637 686 3670 VIII,
703 3639 728 3664 9.

1779 3683 1832 3726 29

2124 294 2293 327 Templum

2125 337 2297 370 perficitur

2096 756 2131 782 et
2152 752 2333 785 dedicatur.

2128 1167 2316 1198 celebratio

2163 1213 2278 1242 Phase.

2130 2245 2331 2279 Genealogia

2170 2290 2292 2318 Esdrae.

2161 2536 2299 2565 Itineris

2116 2580 2346 2609 summarium.

2142 3120 2322 3153 Exemplar

2128 3163 2231 3193 edicti
2247 3163 2333 3196 regii

2110 3209 2224 3237 Esdrae
2260 3214 2352 3241 pote-

2173 3255 2294 3281 statem

2122 3297 2294 3326 conserent
2305 3296 2341 3326 is.
