2456 3861
810 119 925 164 cm.
961 119 1124 175 xmv,
1163 121 1291 164 1-32.
1909 126 1964 168 45

144 287 359 345 partibus-
376 300 486 342 quas
515 286 574 329 ab
604 301 661 329 eo·
687 293 976 343 acceperant;
1009 288 1238 344 majorque
1262 303 1363 345 pars
1388 290 1511 333 venit
1538 291 1798 347 Beli-jamin,
1826 292 1889 335 ita
1919 298 1966 336 ut

144 345 333 402 quinque
360 345 559 401 partibus
585 346 831 390 excederet.
860 347 1160 403 Biheruntque
1186 354 1230 390 et
1254 348 1461 391 inebriati
1488 355 1590 392 sunt
1615 364 1714 392 cum
1737 365 1800 394 eo.

201 407 308 448 ΟΑΡι
349 405 513 448 XLIVL
548 430 614 438 -·
646 404 655 430 ¹
686 405 902 461 Praecepit
938 411 1088 449 autem
1125 407 1292 463 Joseph
1326 407 1618 463 dispensatori
1656 409 1811 452 domus
1847 425 1962 466 suae,

141 463 292 506 dicens
312 478 320 506 :
341 463 487 519 Imple
511 478 673 507 saccos·
688 478 840 507 eoru-nm
862 466 1109 520 frumento,
1136 471 1351 520 quantum
1376 473 1567 523 possunt
1583 482 1759 524 capere,
1782 474 1825 511 et
1851 483 1963 524 pone

139 522 376 578 pecuniam
399 522 672 578 singulorum
699 523 743 564 in
767 523 1022 566 summitate
1045 524 1160 566 sacci
1178 541 1186 577 ;
1207 524 1453 581 “²scyphum
1474 532 1624 569 autem
1642 541 1788 570 meum
1806 542 1962 583 argen-

139 587 281 636 teum,
308 582 572 638 etpretium
594 581 708 636 quod
740 581 866 624 dedit
887 582 1044 637 tritici,
1071 596 1185 638 pone
1209 583 1254 625 in
1281 598 1357 626 ore.
1378 585 1494 627 sacci
1520 585 1722 641 junioris.
1752 586 1961 629 Factum-

139 654 222 694 que
247 645 314 683 est
334 640 412 684 ita.
431 640 449 665 3
468 641 527 682 Et
547 647 815 694 orto-mane,
840 640 1010 682 dimissi
1033 646 1135 683 sunt
1160 655 1260 683 cum
1286 642 1422 685 asinis
1446 644 1549 689 suis.
1568 644 1790 701 “Jamque
1811 645 1962 688 urbem

137 699 358 755 exierant,
385 704 430 742 et
462 704 766 754 processerant
796 698 1051 754 paululum3
1086 703 1192 742 tunc
1219 701 1385 756 ἱ10001111
1416 704 1630 746 accersi-to
1659 703 1962 760 dispensatore

137 756 293 799 domus
316 773 325 800 :
355 759 512 813 Surge,
538 757 706 812 inquit,
731 762 776 799 et
797 770 1063 812 persequerer
1082 758 1220 813 viros,
1248 764 1292 801 et
1316 761 1607 815 apprehensis
1629 762 1794 806 dicito:
1821 764 1962 813 Quare

136 816 391 858 reddidistis
423 815 591 858 malum
623 829 704 871 pro
735 815 882 858 bono?
917 816 933 841 ὖ
956 816 1176 872 Scyphus,
1203 831 1334 872 quem
1360 818 1496 860 furati
1531 821 1656 875 estis,
1692 821 1785 876 ipse
1818 828 1884 864 est
1916 823 1965 865 in

136 888 221 929 quo
243 875 368 917 bibit*
384 874 588 917 dominus
611 888 753 930 meus,
773 879 818 917 et
842 874 888 916 in
911 888 995 930 quo
1016 875 1221 930 augurari
1248 876 1383 930 solet;
1408 878 1647 932 pessimam
1665 893 1757 921 rem
1776 880 1961 924 fecistis.

135 933 152 958 ⁶
172 933 297 976 Fecit
328 933 404 976 ille
437 938 486 975 ut
514 933 720 989 jusserat.
759 934 816 976 Et
852 934 1139 989 apprehensis
1176 948 1254 990 per
1287 935 1487 978 ordinem
1519 936 1697 980 locutus
1725 945 1803 980 est.
1839 939 1853 964 7
1880 940 1960 989 Qui

133 992 452 1048 respon-derunt
475 1008 485 1035 ε
508 993 653 1042 Quare
675 993 741 1035 sic
764 992 957 1047 loquitur
975 992 1179 1035 dom-inus
1202 1000 1361 1049 noster,
1390 999 1438 1036 ut
1463 995 1576 1037 servi
1604 996 1667 1038 tui
1692 1002 1868 1039 tantum
1885 998 1961 1040 fla-

133 1050 231 1106 gitii
259 1051 591 1094 commiserint?
617 1052 634 1078 ⁸
650 1051 913 1107 Pecuniam,
934 1065 1067 1107 qnam
1088 1051 1339 1095 invenimus
1364 1053 1411 1095 in
1436 1054 1693 1097 summitate
1720 1069 1960 1111 saccorum,

131 1110 454 1165 reportavimus
486 1110 543 1153 ad
576 1115 630 1153 te>
661 1110 715 1153 de
749 1115 866 1153 terra
898 1111 1138 1165 Chanaan3
1175 1116 1219 1153 et
1250 1112 1470 1166 quomodo
1503 1126 1775 1169 consequens
1808 1120 1873 1157 est
1914 1120 1963 1158 ut

131 1168 269 1211 furat-i
303 1169 440 1212 simus
473 1169 527 1212 de
560 1170 692 1213 domo
726 1169 897 1212 domini
926 1169 991 1212 tui
1025 1184 1181 1212 aurum
1214 1170 1285 1213 vel
1317 1173 1588 1226 argentum?
1615 1173 1779 1229 ⁰Apud
1811 1187 1960 1228 quem-

131 1241 323 1283 cumqu-e·
342 1229 479 1271 fuerit
503 1229 738 1272 inventum
764 1243 989 1272 servorum
1014 1234 1192 1271 tuorum
1214 1230 1330 1285 quod
1356 1230 1536 1285 quaeris,
1561 1232 1785 1288 moriatur,
1813 1241 1857 1274 et
1883 1246 1961 1275 nos

131 1287 295 1330 erimus
318 1287 432 1330 servi
459 1287 629 1331 domini
661 1287 813 1331 nostri.
841 1287 878 1314 ¹⁰
895 1287 977 1338 Qui
1008 1287 1122 1330 dixit
1155 1288 1249 1331 eis-1
1280 1289 1382 1332 Fiat
1405 1289 1536 1345 juxta
1566 1296 1759 1333 vestram
1785 1296 1961 1334 senten-

130 1345 265 1401 tiam3
303 1346 421 1403 apud
456 1361 782 1403 quemcumque
815 1347 952 1390 fuerit
989 1347 1247 1403 inventum,
1284 1347 1380 1404 ipse
1416 1348 1473 1391 sit
1513 1363 1665 1392 servus
1702 1364 1850 1406 meus,
1883 1365 1961 1393 vos

129 1410 279 1448 aute-m
305 1405 425 1448 eritis
450 1406 636 1449 innoxii.
656 1405 689 1432 ⁴¹¹
710 1407 868 1461 Itaque
891 1406 1111 1448 festina-to
1125 1407 1398 1462 deponentes
1416 1407 1466 1449 in
1482 1412 1648 1451 terram
1662 1423 1835 1464 saccos,
1859 1424 1960 1465 ape-

128 1469 309 1507 ruerunt
333 1465 511 1520 singuli.
532 1463 567 1490 ¹²
585 1465 705 1514 Quos·
723 1470 965 1520 scrutatus,
992 1465 1211 1520 incipi-ens
1233 1480 1260 1507 a
1279 1465 1447 1521 majore
1467 1481 1601 1522 usque
1619 1468 1678 1510 ad
1702 1468 1958 1523 minimum,

127 1522 309 1565 invenit
331 1523 548 1579 scyphum
579 1523 633 1565 in·
659 1537 788 1567 sacco
824 1524 1078 1580 Benjamrin.
1115 1523 1149 1549 ¹3
1172 1526 1236 1567 Atv
1264 1524 1352 1579 ill-i,
1386 1525 1534 1568 scissis
1559 1527 1778 1582 vestibus,
1808 1541 1960 1569 onera-

127 1581 269 1636 tisque
294 1597 467 1624 rursum
492 1582 648 1638 asinis,
675 1583 837 1626 reversi
865 1588 969 1625 sunt
992 1583 1042 1625 in·
1063 1583 1290 1639 oppidum.

186 1640 223 1666 ‘¹4
247 1641 508 1697 Primusque
541 1642 683 1684 Juctas
719 1656 820 1684 cuin
850 1642 1065 1685 fratribus
1098 1643 1323 1698 ingressus
1356 1648 1424 1686 est
1454 1643 1515 1686 ad
1542 1645 1711 1701 Joseph
1739 1646 1961 1702 (necdum

126 1699 245 1742 enim
270 1700 323 1742 de
349 1699 446 1743 loce
467 1700 696 1757 abierat);
727 1714 974 1757 omnesque·
992 1706 1095 1744 ante
1122 1715 1223 1744 enm
1248 1702 1415 1757 pariter
1437 1702 1484 1744 in
1505 1707 1670 1746 terram
1689 1711 1958 1748 corruerunt.

127 1757 162 1784 ¹5
187 1759 353 1808 Quibus
387 1759 464 1802 ille
497 1760 561 1802 ait
592 1776 600 1803 :
629 1761 715 1804 Cur
749 1760 817 1802 sic
847 1775 980 1816 agere
1005 1760 1242 1803 voluistis-⁸?
1277 1763 1350 1803 An
1382 1761 1608 1817 ignoratis
1633 1763 1748 1817 quod
1783 1777 1870 1806 non
1903 1764 1961 1807 sit

125 1817 286 1860 similis
315 1818 402 1861 mei
433 1819 481 1861 in
513 1818 762 1875 augurandi
801 1819 1020 1863 scientia?
1050 1819 1084 1846 ¹⁶
1106 1820 1189 1864 Cui
1213 1820 1387 1864 sudas-¹:
1425 1821 1545 1871 Quid
1570 1822 1958 1878 respondebimus,

123 1876 288 1932 inquit,
315 1877 494 1921 domino
520 1878 652 1921 meo?
674 1878 746 1921 vel
774 1878 1150 1935 quid-roquemur,
1174 1884 1252 1922 aut
1276 1879 1394 1935 juste
1419 1880 1662 1936 pote—rimus
1685 1881 1959 1926 obtendere?

125 1936 252 1978 Deus·
269 1936 444 1979 invenit
463 1937 750 1993 iniqui-tatem
771 1952 998 1981 servorum
1015 1943 1217 1993 tuorum3
1239 1953 1293 1982 en
1313 1953 1465 1982 omnes
1487 1939 1601 1997 servi
1621 1953 1770 1983 sumus
1791 1940 1958 1984 domini

124 1995 231 2049 mei,
259 2001 303 2038 et
327 2010 426 2051 nos,
454 2003 498 2039 et
528 1996 646 2054 apud
679 2011 811 2052 quem
845 1997 1059 2040 inventus·
1088 2002 1158 2040 est
1190 1998 1396 2054 scyphus.
1424 1997 1458 2024 Π
1480 1998 1733 2054 Respondit¹
1757 2000 1925 2057 ‹Ioseph
1949 2016 1957 2043 :

124 2054 256 2097 Absit
280 2069 309 2097 az
331 2069 405 2098 me
426 2061 475 2098 ut
503 2056 566 2098 sic
589 2071 737 2112 agam.
763 2056 846 2106 Qui
871 2057 1148 2099 furatussest
1163 2058 1401 2113 scyphum,
1425 2057 1519 2113 ipse
1546 2058 1603 2100 sit
1628 2072 1780 2101 servus
1806 2073 1956 2114 meus3

123 2127 201 2155 vos
237 2119 387 2156 autem
423 2115 544 2158 abite
573 2115 714 2158 liberi·
736 2116 793 2158 ad
825 2121 998 2171 pat-rem
1031 2122 1242 2159 ves-trum.
1273 2116 1306 2143 18
1330 2116 1563 2159 Accedens
1596 2122 1747 2160 autem
1779 2118 1959 2174 propius

124 2172 152 2215 J
157 2172 287 2227 udas,
316 2173 590 2217 confidenter
614 2174 678 2217 ait
703 2191 710 2218 :
740 2175 847 2230 Oro,
876 2174 1054 2217 domine
1081 2176 1162 2231 mi,
1190 2175 1395 2231 loquatur
1412 2190 1564 2218 servus
1586 2181 1687 2219 tuus
1705 2176 1891 2219 verbum
1913 2178 1957 2219 in

122 2231 303 2274 auribus
326 2232 435 2288 tuis,
459 2238 503 2276 et
533 2247 587 2276 ne
616 2234 821 2276 irascaris
855 2234 1029 2276 famulo
1063 2239 1167 2289 tuo;
1195 2240 1244 2277 tu
1276 2249 1322 2277 es
1356 2235 1494 2290 enim,
1521 2240 1621 2291 post
1656 2235 1956 2291 Pharaonem,

123 2290 159 2316 ¹⁹
183 2290 389 2334 dominus
426 2307 562 2336 meus.
598 2292 889 2348 Interrogasti
925 2293 1046 2348 prius
1077 2307 1225 2339 servos
1258 2298 1356 2336 tuos
1384 2309 1392 2336 :
1429 2293 1621 2337 Habetis
1654 2299 1846 2350 patrem,
1881 2300 1957 2337 aut

121 2349 340 2393 fratrem?
367 2349 404 2376 2⁰
421 2352 582 2394 Etnos
608 2352 916 2408 respondimus
943 2351 1026 2394 tibi
1054 2352 1232 2395 domino
1258 2367 1356 2395 meo
1380 2368 1388 2395 ε
1411 2354 1491 2395 Est
1508 2353 1636 2396 nobis
1654 2358 1956 2409 patersenex,

122 2414 166 2452 et
190 2423 298 2465 puer
321 2411 552 2466 parvulus,
586 2411 659 2466 qui
684 2411 732 2453 in
758 2415 987 2453 senectute
1013 2411 1136 2454 illius
1161 2418 1290 2454 natus
1316 2418 1407 2466 est3
1437 2412 1564 2467 cujus
1590 2412 1787 2455 uterinus
1816 2413 1958 2456 frater

122 2473 435 2525 mortuus-est,
463 2475 508 2512 ert
532 2470 680 2526 ipsum
713 2470 857 2513 solnm
890 2469 1026 2513 habet
1059 2475 1200 2513 mater
1224 2485 1322 2526 sua,
1350 2476 1477 2526 pat-er
1498 2485 1600 2514 vero
1626 2476 1776 2514 tene-re
1807 2471 1956 2527 diligit

122 2541 234 2572 eum.
269 2526 303 2554 ‘2¹
332 2528 586 2584 Dixisti-que
617 2529 756 2572 servis
788 2529 876 2572 tuis
909 2544 917 2571 :
952 2529 1176 2572 Adducite
1203 2543 1304 2572 eum
1328 2529 1385 2572 ad
1412 2543 1504 2584 me,
1533 2535 1577 2571 et
1610 2544 1774 2585 ponam
1807 2531 1954 2573 oculos

122 2601 242 2629 meos
272 2601 403 2644 super
432 2588 574 2633 illum.
602 2587 639 2614 2³³-
658 2588 968 2645 Suggessimus
1004 2587 1182 2631 domino
1216 2602 1314 2631 meo
1345 2604 1353 2630 :
1385 2589 1486 2630 Non
1511 2594 1658 2644 potest
1690 2589 1954 2644 pueri-elin-

122 2651 258 2701 quere
278 2653 452 2702 patrem·
476 2662 603 2690 suum
620 2665 630 2703 3
657 2648 840 2691 sienim
862 2647 991 2690 illum
1016 2647 1253 2700 dimiserit,
1273 2647 1496 2690 morietur.
1515 2646 1552 2673 “23
1570 2648 1628 2690 Et
1646 2647 1798 2690 dixisti
1816 2649 1954 2691 servis

121 2704 209 2747 tuis
232 2721 241 2748 :
269 2706 366 2748 Nisi
384 2706 556 2749 veneri-t
577 2707 719 2750 frater
742 2711 889 2750 vester
912 2707 1122 2749 minimus
1142 2706 1393 2761 vobiscum,
1418 2720 1507 2749 non
1524 2706 1735 2749 videbitis
1760 2707 1954 2763 amplius

120 2764 288 2807 faeiem
325 2779 483 2809 meam.
518 2765 557 2792 24
580 2767 691 2811 Cum
729 2780 835 2822 ergo
873 2765 1224 2809 ascendissemus
1261 2765 1318 2808 ad
1358 2766 1583 2808 famulum
1617 2771 1745 2808 tuum
1781 2772 1953 2822 patrem

121 2828 339 2879 nostrum,
366 2825 650 2869 narravimus
672 2825 710 2869 ei
739 2825 889 2868 omnia
913 2839 1012 2880 quae
1039 2825 1211 2868 loeutus
1227 2830 1305 2867 -est
1326 2824 1536 2868 dominus*
1551 2839 1692 2868 meus.
1708 2823 1745 2852 25
1763 2826 1821 2867 Et
1839 2825 1952 2868 dixit

121 2886 247 2938 pater
271 2889 443 2930 noster:
474 2885 787 2939 R'evertimini,
814 2889 860 2927 et
883 2885 1022 2927 emite*
1043 2884 1171 2927 nobis
1197 2898 1354 2940 parum
1378 2883 1529 2927 tritici.
1556 2883 1594 2911 23
1612 2884 1692 2927 Cui
1719 2884 1913 2927 diximus
1941 2901 1949 2927 :

122 2941 194 2983 Ire
220 2955 309 2984 non
331 2957 591 2999 possumus;
619 2944 654 2986 si
680 2945 822 2987 fiater
847 2949 996 2987 noster
1020 2943 1232 2986 minimus
1265 2943 1544 2986 descenderit
1576 2943 1827 2999 nobiscum,
1855 2958 1953 3000 pro-

121 2999 376 3044 fieiseemur
409 3002 569 3057 simuly
609 3003 827 3059 alioquin,
865 3002 944 3046 ilio
980 3003 1188 3058 absente,
1227 3017 1314 3045 non
1350 3001 1564 3045 audemus
1597 3002 1749 3045 videre
1784 3002 1953 3046 faciem

122 3059 218 3102 viri.
245 3059 376 3103 2⁷⁴Adz
396 3076 497 3117 quae
527 3062 608 3105 ille
635 3062 865 3119 respondit
895 3063 1021 3106 :Vos
1046 3062 1169 3105 sci-tis
1202 3061 1318 3117 quod
1344 3061 1454 3104 duos
1477 3061 1683 3117 genuerit
1707 3061 1816 3104 mihi
1843 3076 1953 3105 uxor

121 3132 234 3162 mea.
253 3118 290 3146 2⁸
309 3121 523 3176 Egressus
550 3126 615 3164 est
640 3136 773 3177 unus,
801 3127 845 3164 et
871 3121 1077 3164 dixistis:
1101 3121 1252 3165 Bestia
1275 3120 1504 3164 devoravit
1523 3135 1644 3176 eum,
1665 3125 1709 3163 et
1725 3120 1952 3176 hucusque

121 3191 208 3220 non
242 3185 481 3236 comparet.
514 3179 557 3207 ²⁹³
577 3180 620 3225 Si
653 3180 859 3224 tuleritis-
879 3186 924 3224 et
953 3181 1110 3236 istum,
1135 3186 1179 3224 et-
1215 3179 1384 3236 aliquid
1421 3179 1461 3223 ei
1496 3179 1544 3222 in
1575 3179 1650 3222 via
1687 3179 1950 3235 contigerit,

122 3236 350 3281 deducetis
381 3253 514 3282 canos
547 3254 669 3283 meos
695 3254 796 3282 cum
830 3254 1017 3283 moerore
1042 3241 1099 3283 ad
1128 3240 1310 3282 inferos.
1337 3238 1375 3265 3⁰
1400 3238 1545 3295 Igitur
1569 3238 1607 3281 si·
1637 3238 1861 3281 intravero
1892 3238 1951 3280 ad

121 3309 297 3339 servum
330 3302 456 3340 triu-m
489 3304 662 3356 patrem
698 3304 918 3354 nostrum,
957 3304 1001 3342 et
1032 3313 1150 3356 pri-'er
1173 3298 1370 3341 defuerit
1403 3300 1536 3355 (cum
1566 3297 1720 3340 anima
1741 3297 1861 3339 illius
1893 3311 1950 3338 ex

122 3353 430 3410 hujus-anima
456 3357 702 3414 pendeat),
729 3358 763 3384 3¹
784 3358 1030 3414 videritque
1057 3373 1158 3401 eum
1192 3372 1280 3400 non
1312 3371 1406 3400 esse
1435 3357 1688 3410 nobiscum,
1715 3355 1948 3410 morietur,

123 3418 167 3455 et
192 3414 413 3458 deducent
437 3416 599 3459 famuli
622 3417 686 3459 tui
714 3431 847 3460 canos
873 3417 969 3473 ejus
995 3432 1095 3460 cum
1121 3417 1270 3460 dolore
1300 3416 1357 3459 ad
1384 3416 1568 3459 inferos.
1595 3415 1631 3442 3⁸2
1654 3417 1749 3470 Ego
1773 3413 1950 3470 proprie

123 3478 407 3516 servus-tuus
438 3475 542 3531 sim,
577 3475 653 3531 qui
683 3476 730 3518 in
756 3490 905 3519 meam
926 3476 1047 3518 hunc
1075 3476 1223 3532 recepi
1248 3475 1401 3531 fidem,
1433 3480 1477 3518 et
1509 3473 1724 3531 spopondi
1758 3472 1908 3515 dicens
1934 3487 1947 3514 2

126 3614 174 3647 19]
190 3615 266 3647 Sup.
281 3616 390 3652 XLII,
408 3621 451 3646 13.
469 3633 503 3639 —-
518 3620 565 3653 23]
585 3619 662 3652 Sup.
677 3620 805 3654 XLIII,
822 3622 879 3647 3-5.
897 3634 932 3638 —-
945 3621 991 3653 25]
1011 3620 1088 3651 Sup.
1112 3622 1298 3654 XXXVII,
1319 3623 1413 3649 20-33.
1431 3635 1471 3640 —=
1488 3621 1537 3654 32]
1558 3621 1636 3653 Sup.
1656 3619 1772 3647 XLIII
1785 3640 1792 3654 ‚
1807 3621 1833 3647 9.

2087 423 2211 455 Joseph

2027 465 2150 494 fratres
2182 467 2267 495 furti

2090 514 2212 543 arguit.

2045 1660 2062 1687 J
2071 1659 2151 1688 udas
2176 1667 2248 1688 sese

2060 1703 2159 1731 effert
2178 1711 2236 1736 pro

2057 1746 2137 1780 Benj
2142 1755 2193 1775 am
2200 1747 2240 1776 in.
