2391 3861
1765 146 1778 186 1
1791 146 1874 188 309

603 146 644 187 11
682 146 844 188 'rma
881 146 950 199 11,
984 148 1009 188 3
1043 146 1225 199 -111‚
1267 147 1329 187 is.

116 317 134 341 ²³
150 315 217 358 Ne
236 315 332 370 quis
353 330 428 359 vos
445 315 626 357 seducat
648 315 735 358 ullo
755 315 907 369 modo;
929 315 1133 370 qnoniam
1154 316 1236 358 nisi
1259 308 1427 358 venerit
1446 315 1653 358 discessio
1672 316 1873 372 primum,

56 380 100 417 et
131 373 351 416 revelatus
385 374 520 416 fucrit
552 373 682 415 homo
712 374 905 428 peccati,
940 374 1055 416 tilius
1089 374 1366 430 porriitiimis,
1398 373 1414 399 1
1440 374 1513 429 qni
1546 373 1804 417 adversatur
1833 380 1876 417 et

56 432 284 475 extollitur
308 447 439 488 supra
462 446 590 475 omne.
614 433 727 487 qnod
748 432 927 474 dicitur-¹
947 433 1081 483 Dens,
1102 439 1177 474 aut
1204 433 1316 487 quod
1342 433 1510 487 colitur,
1539 433 1602 475 ita
1625 437 1674 475 ut
1695 432 1738 475 in
1765 438 1875 475 tem-

56 492 126 547 plo
156 491 234 533 Dei
262 491 433 546 sedeat,
462 491 696 533 ostendens
722 506 766 533 sc
790 499 999 545 tunquam
1023 491 1076 532 sit
1108 493 1235 532 Deus.
1297 493 1391 533 Non
1416 492 1612 534 retinetis
1638 491 1753 547 quod
1776 505 1874 533 cum

55 550 200 592 adhuc
227 565 365 593 essem
392 551 507 607 apud
538 565 632 605 vos,
662 551 755 591 lunc
779 549 979 591 dicebam
1005 550 1157 592 vobis?
1184 551 1273 591 ‘³121-
1305 565 1417 592 mmc
1440 550 1543 605 quid
1571 550 1767 594 detineat
1792 550 1874 592 sci-

55 608 131 656 tis,
163 616 210 651 ut.
235 609 453 651 reveletur
482 609 526 650 in
557 624 634 651 suo
661 616 867 664 tempore.
897 608 910 633 ⁷
940 609 1052 650 Nam
1083 609 1338 663 mysterium
1368 609 1461 663 jam
1489 616 1691 665 operatur
1715 609 1874 665 iniqui-

55 668 181 721 tatis3
216 673 387 709 tantum
415 674 461 709 ut,
491 668 564 734 qui
591 673 710 710 tenet
736 681 872 719 nuuc,
909 672 1075 721 tonent,
1104 667 1242 709 donec
1276 667 1327 709 dc
1360 668 1502 709 modio
1536 670 1620 710 liat.
1648 668 1665 694 8
1690 670 1744 711 Et
1770 673 1874 710 tnnc

55 726 322 769 revelabitur
351 726 426 768 ille
456 726 651 781 iniquus,
677 739 804 781 quein
833 725 1047 767 Dominus
1073 726 1202 767 desus-
1228 726 1461 768 interficiet
1490 727 1645 782 spiritu
1671 727 1756 769 oris
1785 727 1873 781 sui,

55 793 97 827 et.
124 785 319 827 destruet
343 784 638 828 illustratione
661 784 877 827 adventus
900 783 964 826 sui
989 798 1086 826 eum
1106 801 1114 837 3
1138 786 1155 808 ‘³
1170 785 1296 839 cujus
1315 792 1379 826 cst
1397 785 1614 827 adventus
1632 786 1874 829 secundum

55 843 355 899 operationem
379 844 578 898 samum,
606 844 651 886 in
678 842 796 885 omni
816 843 997 896 virtute,
1023 848 1066 885 et
1091 842 1242 897 signis,
1266 849 1308 886 ct
1335 843 1546 899 prodigiis
1574 844 1872 899 mendacibus,

59 902 90 927 ¹⁰
116 907 158 945 et
183 901 227 944 in
262 901 379 944 omni
415 903 668 945 seductione
695 901 942 957 iniquitatis
968 901 1020 943 iis
1047 900 1119 956 qui
1154 908 1354 957 pereunt,
1383 916 1432 944 eo
1466 902 1580 957 quod
1612 903 1873 946 charitatem

54 961 252 1004 veritatis
279 975 364 1002 non
395 967 652 1018 roc-eperunt
678 966 725 1003 ut
750 960 860 1003 salvi
887 960 1054 1003 fierent.
1083 960 1189 1003 [deo
1220 960 1366 1003 mittet
1395 961 1483 1003 illis
1515 962 1634 1003 Deus
1660 962 1873 1017 operatio-

54 1034 154 1063 nem
177 1020 350 1074 erroris,
375 1025 422 1061 ut
450 1020 630 1063 credant
656 1019 905 1071 mendaciO,
934 1018 962 1044 11
985 1024 1031 1062 ut
1059 1019 1313 1075 judicentur
1338 1034 1488 1062 omnes
1514 1020 1587 1074 qui
1619 1034 1705 1062 non
1736 1020 1873 1063 credi-

53 1079 211 1121 derunt
236 1079 432 1134 veritati,
460 1079 536 1121 scd
563 1084 876 1122 consenserunt
897 1078 1136 1133 iniquitati.

116 1137 148 1163 ¹2
174 1139 264 1180 Nos
296 1145 445 1180 autem
483 1138 694 1180 debemus
724 1137 888 1194 gratias
925 1151 1056 1192 agere
1094 1139 1185 1182 Deo
1218 1152 1391 1194 semper
1422 1151 1500 1194 pro
1533 1138 1677 1194 vobis,
1712 1138 1874 1181 fratres

53 1197 202 1240 dilecti
225 1211 251 1238 a
278 1197 392 1251 Deo,
419 1196 534 1252 quod
560 1197 742 1253 elegerit
765 1211 842 1239 vos
871 1198 986 1239 Deus
1014 1196 1232 1253 primitias
1255 1197 1297 1239 in
1322 1197 1530 1253 salutem,
1558 1197 1603 1239 in
1625 1197 1874 1240 sanctifica-

53 1256 170 1299 tione
191 1256 391 1312 spiritus,
419 1261 462 1299 et
484 1255 528 1297 in
555 1256 640 1299 fide
659 1256 880 1309 veritatis3
910 1255 944 1280 ¹⁹¹
962 1255 1005 1297 in
1031 1270 1116 1311 qua
1143 1262 1186 1299 et
1204 1256 1382 1299 vocavit
1400 1270 1477 1298 vos
1498 1270 1574 1312 per
1592 1255 1875 1311 evangelium

52 1320 270 1370 nostrum,
298 1315 343 1357 in
368 1315 704 1370 acquisitionem
740 1315 892 1370 gloriae
929 1315 1108 1358 Domini
1135 1316 1271 1359 nostri
1298 1316 1325 1358 J
1331 1329 1404 1358 esu
1432 1315 1610 1359 Christi.
1639 1314 1674 1341 11
1696 1315 1872 1371 Itaque,

51 1375 232 1429 fratres,
267 1380 402 1427 state,
436 1379 479 1416 et
512 1379 658 1417 tenete
690 1373 949 1416 traditiones
983 1388 1090 1429 quas
1124 1374 1342 1417 didicistis
1376 1374 1468 1417 sive
1502 1388 1578 1431 per
1605 1387 1873 1429 sermonem,

51 1433 144 1476 sive
169 1448 246 1490 per
271 1433 504 1490 epistolam
527 1438 735 1476 nostram.
760 1433 792 1459 ¹⁵
811 1433 912 1489 Ipse
933 1440 1082 1476 autem
1107 1434 1321 1477 Dominus
1349 1438 1495 1476 noster
1513 1434 1539 1476 J
1546 1447 1642 1477 esus
1662 1432 1874 1487 Christus,

51 1498 94 1535 et
120 1493 240 1536 Deus
263 1498 307 1536 et
332 1493 463 1535 Pater
485 1497 644 1546 noster,
665 1493 737 1547 qui
764 1491 921 1534 dilexit
943 1506 1034 1548 nos,
1055 1498 1099 1535 et
1125 1493 1248 1536 dedit
1275 1492 1621 1536 consolationem
1646 1497 1872 1545 aeternam,

51 1557 93 1594 et
118 1565 242 1608 spem
266 1552 428 1594 bonam
453 1551 499 1594 in
521 1550 686 1607 gratia,
710 1550 742 1577 ¹⁶
761 1550 1016 1594 exhortetur
1034 1552 1163 1595 corda
1186 1557 1345 1607 vestra,
1365 1556 1409 1594 et
1435 1551 1663 1596 confirmet
1688 1551 1733 1594 in
1757 1551 1876 1593 omni

51 1624 178 1666 opere
205 1615 249 1652 et
273 1623 472 1652 sermone
498 1609 625 1652 bono.

398 1717 614 1771 PARS
665 1716 1533 1787 POSTERJOR‚EHWHCA

107 1834 214 1878 CAP.
239 1833 327 1876 III.
349 1859 409 1866 —
436 1832 446 1858 ¹
468 1834 534 1876 De
557 1838 722 1888 cetero,
746 1833 928 1888 fratres,
959 1838 1079 1876 orate
1104 1847 1180 1889 pro
1207 1833 1354 1888 nobis,
1382 1838 1431 1876 ut
1452 1848 1594 1877 sermo
1620 1833 1704 1877 Dei
1730 1839 1876 1877 currat

50 1898 93 1936 et
118 1892 395 1948 clarificetur,
422 1892 536 1934 sicut
557 1897 601 1934 et
623 1891 740 1948 apud
759 1906 860 1945 vos3
886 1890 904 1917 2
922 1896 965 1934 et
990 1898 1040 1934 ut
1063 1892 1300 1935 liberemur
1321 1893 1376 1935 ab
1403 1893 1667 1949 importunis
1686 1898 1728 1935 et
1746 1893 1875 1936 malis

49 1951 303 1994 hominibus
321 1968 329 1995 :
347 1965 434 1994 non
454 1951 572 1994 enim
595 1950 793 1994 omnium
811 1956 878 1994 est
898 1951 1020 1994 fides.
1040 1951 1057 1976 3
1075 1951 1242 1994 Fidelis
1264 1957 1413 1994 autem
1436 1953 1556 1995 Deus
1579 1958 1656 2007 est,
1677 1952 1750 2008 qui
1774 1966 1874 1995 con-

49 2010 244 2053 firmabit
275 2023 374 2066 vos,
408 2016 452 2054 et
485 2009 704 2053 custodiet
737 2025 763 2052 a
795 2010 924 2053 malo.
952 2009 969 2036 4
991 2010 1264 2053 Confidimus
1289 2015 1439 2054 antem
1473 2011 1526 2054 de
1555 2011 1682 2054 vobis
1714 2011 1759 2054 in
1787 2013 1874 2055 Do—

50 2070 190 2125 mino,
217 2069 426 2125 quoniam
448 2083 545 2125 quae
571 2069 874 2126 praecipimus,
901 2075 943 2112 et
964 2069 1136 2124 facitis,
1163 2075 1207 2112 et
1231 2070 1424 2113 facietis.
1450 2071 1467 2096 5
1486 2070 1701 2113 Dominus
1726 2076 1876 2114 autem

49 2129 213 2185 dirigat
239 2129 369 2172 corda
396 2134 540 2171 vestra
565 2129 611 2170 in
638 2128 853 2171 charitate
880 2128 985 2184 Dei,
1013 2133 1057 2171 et
1082 2128 1299 2185 patientia
1325 2129 1502 2173 Christi.

107 2188 124 2214 6
159 2188 483 2231 Denuntiamus
514 2193 663 2231 autem
695 2187 842 2243 vobis,
877 2188 1060 2242 fratres,
1094 2187 1139 2229 in
1170 2188 1348 2231 nomine
1383 2189 1562 2231 Domini
1596 2190 1732 2232 nostri
1767 2190 1874 2232 Jesu

49 2247 232 2303 Christi,
259 2252 308 2290 ut
331 2247 602 2290 subtrahatis
624 2261 701 2290 vos
727 2246 782 2289 ab
811 2247 929 2289 omni
954 2247 1094 2289 fratre
1120 2247 1378 2290 ambulante
1411 2247 1680 2303 inordinate,
1712 2254 1755 2292 et
1787 2263 1874 2292 non

49 2307 290 2350 secundum
315 2306 602 2349 traditionem
627 2321 759 2362 quam
785 2311 1051 2362 acceperunt
1075 2320 1101 2348 a
1123 2306 1263 2349 nobis.
1283 2305 1298 2332 7
1317 2307 1411 2362 Ipsi
1437 2307 1554 2350 enim
1580 2307 1701 2350 scitis
1725 2309 1874 2364 quem-

49 2365 288 2409 admodum
314 2370 514 2422 oporteat
538 2365 702 2408 imitari
729 2380 828 2419 nos,
856 2365 1063 2420 quoniam
1093 2380 1180 2408 non
1209 2365 1397 2421 inquieti
1427 2366 1594 2409 fuimus
1626 2367 1742 2410 inter
1766 2381 1873 2422 vos;

50 2426 66 2451 ⁸
85 2439 224 2481 neque
250 2425 388 2481 gratis
408 2439 570 2481 panem
593 2424 960 2468 manducavimus
982 2424 1038 2466 ab
1064 2424 1233 2480 aliquo,
1257 2425 1332 2468 sed
1358 2424 1404 2466 in
1430 2426 1598 2481 labore,
1627 2431 1670 2469 et
1693 2426 1740 2468 in
1766 2426 1873 2469 fati-

49 2485 248 2540 gatione,
282 2490 410 2527 noct-e
442 2489 486 2527 et
519 2484 590 2528 die
627 2489 879 2540 operantes,
917 2498 972 2527 ne
1009 2498 1139 2540 quem
1177 2490 1372 2527 vestrum
1406 2499 1705 2540 gravaremus.
1735 2485 1752 2512 9
1774 2486 1875 2528 Non

50 2544 174 2600 quasi
199 2558 285 2586 non
318 2543 600 2586 habuerimus
634 2547 922 2600 potestatem,
949 2543 1025 2586 sed
1050 2548 1098 2586 ut
1123 2543 1415 2600 nosmetipsos
1444 2544 1638 2586 formam
1672 2545 1875 2588 daremus

50 2603 176 2645 vobis
199 2603 256 2645 ad
281 2603 548 2646 imitandum
569 2617 661 2646 nos.
682 2601 718 2629 1⁰
737 2604 852 2646 Nam
875 2607 918 2645 et
941 2617 1041 2646 cum
1063 2617 1258 2646 essemus
1283 2603 1401 2659 apud
1420 2617 1510 2658 vos,
1534 2603 1616 2646 hoc
1643 2604 1872 2646 denuntia-

50 2662 206 2705 bamus
230 2662 376 2718 vobis,
403 2663 611 2718 quoniam
643 2662 681 2705 si
714 2662 810 2718 quis
836 2676 922 2705 non
949 2662 1044 2704 vult
1074 2662 1263 2718 operari,
1294 2677 1376 2705 nec
1407 2663 1657 2706 manducet..
1682 2663 1874 2706 11Andi-

49 2721 194 2763 vimus
224 2721 342 2764 enim
370 2721 486 2764 inter
515 2736 592 2764 vos
618 2721 831 2777 quosdam
863 2721 1092 2764 ambulare
1124 2721 1339 2777 inquiete,
1371 2722 1482 2764 nihil
1512 2728 1763 2778 operantes,
1797 2723 1874 2766 sed

50 2781 217 2823 curiose
242 2785 438 2836 agentes.
467 2779 502 2806 ‘¹⁸2
520 2780 582 2823 Iis
607 2785 756 2823 autem
782 2781 855 2836 qui
882 2780 1101 2837 ejusmodi
1124 2785 1226 2823 sunt
1252 2781 1578 2836 denuntiamus,
1606 2787 1649 2824 et
1675 2782 1872 2824 obsecra-

50 2850 147 2883 mus
178 2839 224 2882 in
259 2839 448 2882 Domino
477 2840 586 2882 Jesu
620 2840 812 2895 Christo,
847 2845 896 2882 ut
929 2855 1030 2883 cum
1063 2840 1238 2883 silentio
1270 2846 1522 2897 operantes,
1556 2854 1685 2883 suum
1713 2855 1875 2897 panem

49 2899 332 2942 manducent.
353 2897 389 2925 ¹3
403 2899 497 2941 Vos
517 2905 680 2954 autem,
702 2899 877 2955 fratres,
897 2899 1036 2943 nolite
1058 2899 1243 2943 deficere
1270 2899 1616 2943 benefacientes.
1636 2899 1671 2926 14
1689 2900 1812 2951 Quod
1838 2900 1874 2943 si

49 2959 145 3014 quis
172 2973 261 3001 non
287 2957 439 3001 obedit
461 2958 596 3001 verbo
621 2963 769 3001 nostro
798 2972 874 3015 per
898 2958 1152 3015 epistolam,
1180 2958 1298 3002 hunc
1331 2964 1502 3015 notate,
1534 2964 1578 3002 et
1606 2974 1660 3002 ne
1694 2959 1874 3002 commi-

48 3017 263 3061 sceamini
290 3031 390 3059 cum
412 3016 501 3072 illo,
521 3023 570 3060 ut
591 3017 914 3073 confundatum
936 3017 972 3044 ’15
989 3024 1032 3061 et
1050 3018 1187 3060 nolite
1209 3018 1333 3073 quasi
1355 3018 1588 3061 inimicum
1606 3018 1873 3075 existimare,

49 3077 125 3120 sed
151 3076 357 3133 corripite
379 3081 432 3119 ut⁴
451 3076 649 3119 fratrem.

726 3164 1203 3221 CONCLUSH)

110 3278 144 3305 16
163 3279 264 3335 Ipse
294 3285 445 3323 autem
479 3279 696 3323 Dominus
726 3280 848 3336 pacis
881 3280 956 3323 det
982 3280 1106 3323 vobis
1138 3295 1294 3338 pacem
1327 3281 1643 3338 sempiternam
1675 3280 1721 3322 in
1755 3279 1874 3322 omni

50 3339 159 3381 loco.
180 3338 396 3382 Dominus
422 3339 480 3381 sit
502 3353 602 3382 cum
624 3339 826 3381 omnibus
846 3339 983 3383 vobis.
1004 3339 1038 3366 17
1057 3340 1276 3384 salutatio
1298 3355 1396 3384 mea
1419 3355 1552 3383 manu
1577 3339 1705 3382 Pauli
1727 3355 1735 3382 :
1758 3339 1873 3394 quod

51 3403 117 3440 est
148 3397 326 3453 signum
357 3398 403 3441 in
438 3398 556 3441 omni
590 3397 789 3455 epistola.
828 3399 899 3441 Ita
936 3398 1092 3442 scribo.
1130 3398 1163 3425 13
1189 3399 1345 3443 Gratia
1379 3399 1558 3442 Domini
1597 3397 1732 3441 nostri
1765 3397 1873 3440 Jesu

50 3456 215 3498 Christi
240 3470 341 3499 cum
367 3457 569 3500 omnibus
592 3456 728 3500 vobis.
757 3458 914 3500 Amen.

50 3601 88 3672 :pl
100 3601 182 3632 Eph.
199 3601 238 3635 V,
256 3604 337 3673 scr-1
350 3602 380 3635 s]
399 3603 442 3630 Is.
461 3602 521 3637 XI,
539 3604 566 3630 4.
579 3617 615 3620 —
629 3603 659 3635 1]
677 3601 757 3635 Eph.
779 3601 835 3635 vi,
855 3604 895 3629 ιιι.
914 3602 979 3630 001.
1000 3603 1056 3637 iv,
1073 3606 1099 3630 3.
1118 3617 1151 3621 —
1169 3603 1197 3636 s]
1219 3604 1292 3630 Act.
1312 3601 1385 3636 xx,
1403 3604 1447 3630 31.
1468 3601 1482 3629 1
1501 3601 1571 3630 Cor.
1593 3602 1648 3637 iv,
1667 3604 1709 3630 12.
1726 3603 1738 3630 1
1760 3602 1873 3632 Thess.

91 3645 260 3680 ‚9.--13]
308 3645 467 3680 a.v1‚9.
1574 3657 1578 3662 ·

1954 328 2075 355 Charac
2081 331 2170 356 teres

1951 375 1986 398 ct
2003 371 2169 398 adveutu-=

1954 413 2170 442 Antichristi.

1980 1146 2144 1174 Standum

1978 1189 2010 1217 in
2029 1190 2092 1218 fide
2113 1195 2148 1218 et

1989 1235 2134 1262 tenenda

1991 1277 2137 1306 traditio.

1959 1850 2170 1882 Effingitatio

1988 1900 2134 1925 precum.

1960 2197 2164 2226 Denuntian-

1941 2243 1998 2268 tur
2010 2241 2178 2269 ambulan-

1951 2289 2002 2313 tes
2020 2285 2171 2318 inquiete

1976 2332 2010 2355 et
2029 2326 2148 2357 otiose.

1974 3279 2153 3308 salutatio,
