2456 3861
752 172 846 216 Jos.
881 174 935 227 V,
970 173 995 216 9
1026 199 1084 205 —
1117 173 1204 227 VI,
1242 173 1308 216 18.
1859 172 1940 215 201

122 348 224 386 runt
248 343 293 385 in
319 342 472 386 eodem
500 347 742 385 castrorum
764 342 880 397 1000,
905 342 1044 385 donec
1069 346 1342 385 sanarentur.
1370 342 1387 367 9
1408 340 1618 396 Dixitque
1648 340 1861 383 Dominus
1887 340 1942 382 ad

123 403 258 445 Josue
300 417 309 444 ε
351 401 497 444 Hodie
543 401 707 443 abstuli
740 401 1022 457 opprobrium
1063 400 1252 457 AEgypti
1289 414 1316 442 a
1351 399 1489 444 vobis.
1533 400 1834 454 Vocatumque
1879 404 1943 441 cst

122 474 280 504 nomen
307 460 391 502 loci
416 460 535 502 illius
562 459 773 515 Calgala,
798 474 933 515 usque
954 460 1000 502 in
1027 465 1277 516 presentem
1303 459 1433 502 diem.

184 518 216 545 ¹⁰
241 519 586 575 Manseruntque
614 518 692 561 filii
716 518 853 562 Israel
884 518 928 560 in
955 518 1175 574 Galgalis,
1211 524 1256 561 et
1290 519 1494 561 fecerunt
1523 518 1686 570 Phase,
1711 516 1943 572 quartade-

120 577 236 620 cima
261 577 331 621 die
358 578 521 621 mensis
543 577 598 620 ad
617 591 862 632 vesperum,
890 577 935 618 in
958 576 1279 632 campestribus
1305 576 1509 631 Jericho3
1540 576 1571 602 ¹¹
1588 581 1633 619 et
1658 575 1943 619 comederunt

119 636 173 679 de
198 636 404 692 frugibus
433 642 561 680 terrae
587 635 657 678 die
683 635 843 691 altero,
878 649 1058 692 azymos
1083 649 1240 691 panes,
1267 640 1312 678 et
1339 635 1563 692 polentam
1594 634 1795 690 ejusdem
1822 633 1942 676 anni.

122 693 156 720 ¹⁵²
174 695 441 751 Defecitque
466 708 631 737 manna
663 698 897 750 postquam
928 693 1216 736 comederunt
1244 694 1298 737 de
1331 694 1537 749 frugibus
1570 699 1726 747 terrae3
1763 706 1844 736 nec
1880 693 1944 735 usi

118 760 221 796 sunt
253 755 369 797 ultra
401 753 500 796 cibo
534 753 609 796 illo
642 751 722 794 filii
757 751 916 807 Israel,
952 752 1028 795 sed
1067 752 1353 795 comederunt.
1390 753 1442 795 de
1476 753 1680 808 frugibus
1715 751 1945 808 praesentis

117 812 222 855 anni
249 819 375 856 terrae
401 812 627 856 Chanaan.

465 932 628 976 Snc'rlo
662 932 726 975 II.
751 958 811 963 —
842 932 1139 974 DEBELLA'mo
1173 942 1334 973 TERRAE
1368 930 1596 973 CHANAAN

639 1052 663 1109 ξ
687 1053 724 1096 Ι.
745 1078 805 1085 -
828 1052 1115 1108 Expuynatio
1139 1051 1424 1094 Jerichuntis.

174 1168 209 1195 13
233 1168 344 1211 Cum
380 1172 530 1211 autem
567 1171 682 1210 esset
718 1167 854 1210 Josue
888 1167 934 1209 in
967 1180 1074 1222 agro
1107 1166 1227 1209 urbis
1260 1165 1460 1221 Jericho,
1495 1166 1663 1209 levavit
1696 1165 1864 1220 oculos,
1899 1171 1942 1208 et

114 1227 228 1271 vidit
248 1227 393 1269 virum
418 1232 612 1269 stantem
638 1230 792 1270 contra
817 1240 884 1282 se,
911 1225 1200 1282 evaginatum
1224 1230 1452 1268 tenentem
1478 1224 1698 1281 gladium,
1728 1224 1942 1280 perrexit-

114 1300 197 1342 que
229 1285 285 1328 ad
319 1300 439 1341 eum,
474 1291 519 1328 et
551 1285 615 1328 ait
649 1301 657 1329 :
698 1286 858 1328 Noster
883 1299 948 1341 es,
980 1299 1038 1327 an
1070 1283 1462 1327 adversariorum?
1498 1283 1533 1310 ¹4
1551 1283 1633 1335 Qui
1664 1283 1891 1339 respondit
1928 1299 1937 1326 ε

115 1346 433 1401 Nequaquam3
462 1345 538 1388 sed
564 1359 661 1387 sum
686 1344 891 1401 princeps
914 1343 1135 1388 exercitus
1158 1343 1352 1399 Domini,
1379 1347 1424 1385 et
1449 1356 1566 1385 nunc
1591 1342 1734 1386 venio.
1764 1342 1799 1368 ¹⁵
1818 1341 1939 1385 Ceci-

114 1405 181 1448 dit
218 1405 354 1447 Josue
391 1417 553 1460 pronus
590 1403 637 1445 in
678 1408 872 1458 terram3
912 1408 956 1446 et
992 1403 1202 1458 adorans,
1247 1402 1311 1444 ait
1353 1418 1362 1445 ε
1405 1401 1519 1452 Quid
1561 1401 1777 1444 Dominus
1818 1415 1939 1444 meus

114 1463 306 1519 loquitur
341 1463 399 1505 ad
435 1477 611 1505 servum
647 1462 812 1504 suum?
862 1462 898 1488 ¹⁰
929 1461 1077 1517 Solve,
1120 1461 1284 1517 inquit,
1327 1460 1680 1504 calceamentum
1720 1465 1846 1503 tuum
1887 1460 1939 1503 de

113 1522 300 1579 pedibus
325 1521 412 1564 tuis
433 1539 442 1576 3
468 1521 589 1564 locus
615 1520 746 1576 enim,
774 1521 820 1563 in
845 1535 930 1576 quo
952 1525 1056 1576 stas,
1084 1525 1263 1562 sanctus
1286 1525 1366 1563 est.
1391 1519 1602 1575 Fecitque
1628 1520 1836 1562 Josueut
1855 1519 1939 1561 sibi

113 1582 260 1624 fuerat
285 1580 564 1636 imperatum.

172 1641 278 1684 CAP.
303 1640 383 1682 VI.
401 1665 462 1672 —
479 1639 492 1665 ¹
513 1639 693 1682 ι10110110
719 1643 869 1682 autem
896 1639 1047 1682 clausa
1069 1643 1164 1681 erat
1189 1643 1321 1694 atque
1348 1638 1540 1693 munita,
1567 1638 1724 1681 timore
1750 1637 1940 1680 filiorum

113 1699 280 1754 Israel3
316 1703 361 1741 et
393 1697 541 1741 nullus
573 1698 725 1754 egredi
757 1698 952 1741 audebat
987 1703 1065 1741 aut
1101 1697 1289 1754 ingredi.
1328 1697 1345 1724 2
1373 1696 1585 1753 Dixitque
1628 1696 1843 1739 Dominus
1884 1696 1940 1739 ad

112 1759 248 1802 Josue
275 1774 284 1801 :
311 1759 427 1801 Ecce
454 1757 555 1801 dedi
583 1757 629 1800 in
650 1772 786 1800 manu
811 1762 888 1800 tua
913 1757 1114 1813 Jericho,
1141 1762 1186 1800 et
1214 1771 1365 1813 regem
1396 1756 1512 1812 ejus,
1537 1770 1774 1813 omnesque
1800 1755 1939 1798 fortes

111 1817 242 1861 viros.
269 1817 287 1844 3
304 1816 495 1861 Circuite
521 1817 676 1860 urbem
702 1817 850 1860 cuncti
877 1816 1115 1860 bellatores
1137 1816 1275 1859 semel
1299 1830 1377 1873 per
1402 1815 1520 1858 diem
1540 1832 1549 1870 ;
1577 1815 1640 1858 810
1662 1814 1841 1857 facietis
1863 1828 1940 1857 sex

113 1876 296 1932 diebus3
321 1876 338 1903 4
356 1876 545 1934 septimo
571 1881 723 1920 autem
748 1876 819 1919 die.
845 1876 1096 1920 sacerdotes
1122 1875 1284 1918 tollant
1306 1879 1477 1931 septem
1502 1874 1726 1929 buccinas,
1755 1888 1939 1929 quarum

112 1950 214 1979 usus
247 1941 314 1979 est
346 1935 392 1978 in
424 1935 613 1992 jubileo,
648 1940 693 1979 et
717 1935 976 1992 praecedant
1000 1949 1149 1978 arcam
1175 1934 1360 1977 foederis
1383 1951 1392 1989 ;
1420 1933 1669 1990 septiesque
1696 1932 1940 1975 circuibitis

112 1995 354 2051 civitatem,
382 2000 426 2039 et
450 1995 701 2039 sacerdotes
724 1995 936 2051 clangent
957 1994 1170 2037 buccinis.
1194 1994 1211 2021 ⁵
1230 1994 1426 2049 Cumque
1444 1992 1687 2035 insonuerit
1714 2006 1799 2034 vox
1821 1992 1939 2034 tubae

112 2054 284 2110 longior
316 2060 448 2111 atque
482 2054 709 2111 concisior,
745 2059 790 2097 et
821 2054 867 2097 in
900 2053 1079 2097 auribus
1113 2053 1270 2096 vestris
1311 2051 1598 2108 increpuerit,
1642 2050 1940 2094 conclamabit

112 2113 254 2156 omnis
281 2113 470 2170 populus
494 2114 816 2157 vociferatione
850 2113 1077 2169 maxima3
1111 2118 1155 2156 et
1182 2113 1296 2155 muri
1320 2112 1523 2155 funditus
1550 2115 1752 2154 corruent
1785 2109 1940 2152 civita-

111 2172 180 2227 tis,
208 2172 597 2229 ingredienturque
623 2173 788 2230 singuli
813 2188 892 2229 per
917 2173 1063 2215 locum
1090 2177 1243 2215 contra
1269 2185 1399 2228 quem
1424 2170 1641 2214 steterint.

171 2232 188 2258 6
206 2232 397 2275 Vocavit
422 2246 527 2288 ergo
553 2233 710 2288 Josue,
738 2232 853 2275 filius
881 2233 1004 2287 Nun,
1032 2231 1304 2286 sacerdotes,
1335 2235 1379 2273 et
1403 2229 1518 2273 dixit
1547 2229 1603 2271 ad
1629 2243 1702 2272 eos
1734 2245 1742 2273 :
1777 2229 1940 2272 Tollite

111 2306 259 2334 arcam
301 2291 504 2346 foederis,
552 2296 597 2334 et
641 2296 812 2348 septem
851 2290 928 2333 alii
965 2291 1216 2333 sacerdotes
1258 2290 1420 2333 tollant
1460 2294 1631 2345 septem
1671 2287 1940 2344 jubileorum

112 2350 342 2406 buccinas,
377 2356 422 2393 et
453 2350 664 2394 incedant
696 2355 800 2393 ante
833 2364 983 2393 arcam
1017 2350 1211 2393 Domini.
1246 2349 1260 2375 7
1288 2349 1359 2392 Ad
1392 2349 1605 2405 populum
1635 2360 1804 2403 quoque
1831 2346 1894 2389 ait
1928 2362 1937 2389 :

113 2410 193 2465 Ite,
221 2415 265 2452 et
290 2409 472 2453 circuite
506 2409 749 2465 civitatem,
781 2408 953 2465 armati,
981 2409 1285 2465 praecedentes
1310 2422 1460 2451 arcam
1488 2406 1679 2450 Domini.
1708 2405 1725 2432 8
1744 2407 1939 2461 Cumque

112 2470 247 2512 Josue
277 2469 412 2512 verba
444 2469 633 2525 finisset,
668 2474 713 2512 et
745 2473 915 2524 septem
947 2468 1197 2510 sacerdotes
1238 2472 1409 2524 septem
1444 2465 1645 2509 buccinis
1682 2465 1939 2521 clangerent

112 2533 215 2571 ante
244 2542 394 2570 arcam
425 2528 610 2571 foederis
645 2527 846 2583 Domini,
881 2527 898 2553 9
925 2526 1153 2582 omnisque
1183 2526 1455 2583 praecederet
1480 2530 1676 2567 armatus
1699 2523 1937 2578 exercitus,

112 2587 330 2643 reliquum
366 2587 526 2644 vulgus
563 2601 714 2630 arcam
750 2587 1035 2643 sequebatur,
1080 2600 1133 2628 ac
1173 2585 1373 2628 buccinis
1414 2584 1562 2627 omnia
1597 2582 1938 2639 concrepabant.

114 2646 149 2672 ¹⁰
167 2647 447 2703 Praeceperat
468 2651 617 2690 aut-em
643 2648 671 2690 J
677 2661 778 2690 osue
800 2645 976 2702 populo,
1004 2645 1154 2688 dicens
1178 2660 1186 2687 :
1212 2646 1312 2687 Non
1338 2643 1603 2698 clamabitis,
1630 2656 1711 2685 nec
1738 2641 1941 2685 audietur

113 2720 200 2749 vox
234 2711 402 2761 vestra,
442 2720 582 2762 neque
620 2706 735 2749 ullus
773 2719 916 2749 sermo
953 2719 1009 2748 ex
1042 2718 1113 2747 ore
1144 2709 1291 2747 vestro
1321 2702 1584 2759 egredietur,
1617 2701 1757 2744 donec
1790 2700 1940 2744 veniat

114 2765 207 2808 dies
225 2764 271 2807 in
290 2779 375 2821 quo
395 2765 540 2808 dicam
566 2765 721 2809 vobis:
748 2765 962 2820 Clamate,
991 2768 1035 2807 et
1057 2762 1384 2806 vociferamini.
1413 2761 1446 2787 ¹¹
1469 2760 1683 2804 Circuivit
1708 2774 1813 2816 ergo
1839 2773 1939 2802 arca

115 2824 296 2868 Domini
336 2824 566 2867 civitatem
608 2825 744 2868 semel
784 2838 862 2881 per
903 2823 1040 2879 diem,
1079 2828 1124 2865 et
1159 2836 1334 2865 reversa
1371 2821 1415 2864 in
1454 2825 1620 2876 castra,
1658 2818 1822 2862 mansit
1864 2818 1939 2861 ibi.

117 2882 150 2909 1‘2
166 2883 312 2939 Igitur
336 2884 364 2926 J
369 2898 471 2927 osue
497 2883 550 2927 de
573 2890 702 2928 nocte
725 2887 1038 2939 consurgente,
1065 2881 1263 2924 tulerunt
1287 2880 1538 2924 sacerdotes
1561 2893 1712 2922 arcam
1738 2877 1939 2931 Domini,

117 2942 151 2969 ¹3
167 2949 211 2986 et
235 2948 405 3000 septem
431 2957 487 2986 ex
512 2943 574 2986 eis
595 2949 766 3000 septem
791 2942 1023 2998 buccinas,
1052 2955 1236 2997 quarum
1261 2940 1308 2982 in
1333 2939 1503 2996 jubileo
1528 2953 1631 2982 usus
1657 2943 1723 2981 est
1743 2954 1752 2992 3
1778 2951 1940 2993 praece-

114 3001 364 3058 debant-que
404 3017 554 3045 arcam
602 3001 783 3046 Domini
830 3001 1113 3044 ambulantes
1153 3006 1285 3055 atque
1327 2999 1614 3055 clangentes,
1661 3002 1704 3040 et
1745 3002 1940 3039 armatus

113 3061 300 3118 populus
336 3061 431 3104 ibat
466 3067 570 3105 ante
608 3076 701 3117 eos,
739 3060 897 3117 vulgus
938 3065 1089 3103 autem
1128 3059 1348 3115 reliquum
1381 3057 1646 3114 sequebatur
1682 3070 1852 3108 arcam,
1897 3061 1939 3098 et

113 3120 313 3163 buccinis
344 3121 625 3177 personabat.
660 3120 695 3147 ¹¹
721 3119 1082 3175 Circuieruntque
1118 3117 1350 3161 civitatem
1383 3116 1577 3160 secundo
1611 3115 1680 3159 die
1706 3114 1862 3167 semel,
1897 3120 1939 3157 et

113 3180 276 3223 reversi
310 3185 412 3223 sunt
443 3180 489 3223 in
522 3185 680 3224 castra.
714 3180 784 3224 Sic
817 3179 1022 3222 fecerunt
1052 3193 1131 3222 sex
1167 3177 1334 3223 diebus.
1370 3176 1406 3203 ¹5
1433 3176 1517 3219 Die
1547 3179 1697 3218 autem
1731 3173 1939 3230 septimo,

114 3239 308 3282 diluculo
334 3244 669 3296 consurgentes,
698 3238 966 3282 circuierunt
989 3237 1164 3294 urbem,
1193 3236 1308 3280 sicut
1330 3235 1594 3292 dispositum
1624 3238 1737 3287 erat,
1765 3232 1939 3287 septies..

117 3298 151 3325 16
175 3298 373 3354 Cumque
401 3298 590 3355 septimo
617 3299 803 3341 circuitu
830 3297 1088 3353 clangerent
1120 3295 1322 3340 buccinis
1342 3294 1626 3348 ‘sacerdotes,
1665 3291 1778 3334 dixit
1805 3292 1831 3333 ὖ
1838 3303 1941 3332 08110

114 3358 170 3401 ad
204 3371 380 3400 omnem
412 3357 551 3400 Israel
579 3374 588 3401 :
617 3355 970 3411 Vociferamini;
1005 3355 1190 3399 tradidit
1223 3355 1342 3398 enim
1374 3353 1501 3397 vobis
1537 3351 1752 3396 Dominus
1786 3348 1941 3392 civita-

114 3422 233 3472 tem3
259 3416 293 3443 ¹⁷
312 3416 455 3472 sitque
485 3416 643 3460 civitas
670 3417 765 3459 haec
790 3413 1042 3471 anathema,
1069 3420 1114 3458 et
1138 3414 1288 3458 omnia
1309 3428 1408 3470 quae
1433 3412 1480 3454 in
1502 3426 1554 3455 ea
1579 3414 1692 3465 sunt,
1725 3407 1940 3459 Domino;

115 3475 208 3518 sola
238 3476 393 3518 Rahab
426 3475 635 3519 meretrix
667 3475 810 3530 vivat,
846 3488 947 3516 cum
980 3473 1196 3517 universis
1231 3473 1305 3529 qui
1339 3487 1441 3515 cum
1475 3485 1527 3514 ea
1562 3469 1607 3511 in
1645 3468 1774 3511 domo
1809 3471 1938 3520 suut3

114 3533 349 3577 abscondit
377 3535 496 3578 enim
524 3534 700 3577 nuntios
730 3547 836 3591 quos
864 3533 1118 3577 direximus.
1146 3532 1181 3559 ¹⁸
1201 3532 1290 3575 Vos
1323 3536 1474 3573 autem
1505 3533 1680 3583 cavete,
1708 3540 1762 3569 ne
1789 3525 1843 3568 de
1874 3524 1941 3567 his

119 3679 362 3713 161Ex.111,5.
384 3680 458 3707 Act.
480 3679 555 3715 VII,
571 3682 616 3707 33.
634 3692 670 3698 ·—-
698 3682 725 3715 G,
744 3680 789 3713 17]
809 3680 887 3711 Sup.
905 3679 958 3714 11,
976 3682 1000 3706 4.
1021 3679 1123 3706 Hehr.
1144 3678 1191 3704 XI
1208 3697 1214 3711 ,
1229 3678 1273 3703 31.

2038 529 2226 558 celebratio

2074 573 2189 602 Phase.

2023 1176 2173 1210 Angelus
2187 1183 2242 1209 ap-

2006 1223 2101 1252 paret
2136 1221 2252 1249 ι108110.

2005 1650 2125 1677 Forma
2147 1655 2252 1681 expu-

2041 1692 2214 1726 gnationis

2041 1735 2210 1764 divinitus

2020 1779 2228 1816 praescripta,

1988 2240 1992 2243 ·
2021 2232 2063 2259 ab
2079 2229 2231 2259 Hebraeis

2055 2276 2199 2306 peracta.
