2391 3861
599 137 737 179 Aroe.
770 136 957 190 XVIII,
991 136 1047 178 22
1079 162 1137 167 —
1168 136 1301 191 XIX,
1331 135 1401 178 21.
1800 135 1912 178 1363

94 305 212 350 misit
235 306 282 348 in
308 321 439 360 mare,
466 306 616 349 dicens
643 322 651 349 :
681 306 778 348 Hoc
803 306 971 361 impetn
995 305 1195 348 mittetur
1215 305 1430 361 Babylon,
1454 305 1610 348 civitas
1633 304 1709 348 illa
1733 320 1909 361 magna,

89 371 134 407 et
162 364 276 407 ultra
300 365 394 421 jam
420 379 507 408 non
533 364 794 407 invenietur.
821 363 857 390 '²⁸2
876 365 933 407 Et
958 378 1044 406 vox
1073 364 1440 419 citharoedorum,
1474 368 1517 407 et
1551 363 1837 418 musicorum,
1867 371 1911 408 et

90 423 200 465 tibia
233 423 507 477 canentium,
542 428 586 466 et
618 423 726 465 tuba
748 437 833 465 non
859 423 1062 466 audietur
1094 423 1138 465 in
1173 429 1215 466 te
1246 423 1458 479 amplius,
1493 427 1538 466 et
1570 422 1712 465 omnis
1745 423 1909 466 artifex

88 482 230 525 omnis
256 482 363 525 artis
389 496 476 525 non
501 482 753 526 invenietur
784 482 830 524 in
857 487 899 525 te
924 482 1137 538 amplius,
1169 487 1212 525 et
1246 496 1330 524 vox
1358 482 1488 524 molae
1518 495 1605 525 non
1630 481 1836 525 audietur
1864 482 1910 524 in

91 546 132 583 te
157 540 369 598 amplius,
396 539 434 567 ²³
450 546 494 584 et
524 540 598 583 lux
625 540 814 583 lucernae
840 555 926 583 non
954 540 1119 583 lucebit
1144 541 1189 582 in
1212 546 1254 583 te
1275 540 1488 596 amplius,
1515 546 1558 584 et
1584 555 1671 583 vox
1696 540 1845 597 sponsi
1866 546 1910 583 et

88 613 259 656 sponsae
279 614 365 642 non
384 599 588 642 audietur
601 599 747 642 adhuc
765 599 810 640 in
827 605 869 642 te
885 616 893 652 3
912 599 1013 654 quia
1033 605 1296 642 mercatores
1312 599 1374 641 tui
1393 605 1517 643 erant
1532 599 1752 656 principes
1767 605 1908 654 terrae,

89 658 190 713 quia
214 657 260 700 in
290 658 514 701 veneficiis
540 657 627 700 tuis
653 664 910 700 erraverunt
935 672 1086 700 omnes
1119 663 1287 713 gentes.
1314 656 1350 684 2⁴
1370 659 1427 700 Et
1451 658 1496 700 in
1531 672 1581 701 ea
1606 658 1786 714 sanguis
1812 672 1907 715 pro-

90 716 321 771 phetarum
337 723 380 759 et
395 722 648 760 sanctorum
662 715 871 758 inventus
885 721 964 770 est,
981 721 1025 759 et
1043 716 1240 758 omnium
1258 716 1331 772 qui
1350 717 1578 760 interfecti
1597 723 1700 759 sunt
1717 717 1762 760 in
1781 723 1908 762 terra.

146 775 252 817 CAP.
280 776 406 818 XIX.
429 801 489 808 —
514 775 525 801 ¹
548 775 652 817 Post
684 775 780 817 haec
809 774 960 817 audivi
994 775 1118 830 quasi
1154 789 1306 818 vocem
1340 775 1567 818 turbarum
1601 776 1839 819 multarum
1863 777 1909 819 in

85 833 195 876 caelo
229 833 471 877 dicentium
502 851 511 878 :
545 833 769 888 Alleluia3
805 833 945 888 salus,
979 840 1022 876 et
1054 833 1216 888 gloria,
1249 838 1294 876 et
1326 834 1464 876 virtus
1498 835 1592 877 Deo
1625 840 1772 878 nostro
1802 841 1868 878 est
1900 853 1909 880 :

86 890 103 916 '²
121 891 224 946 quia
250 906 353 934 vera
379 898 422 935 et
447 893 566 949 justa
591 892 761 948 judicia
786 897 890 935 sunt
915 892 1024 948 ejus,
1052 892 1125 947 qui
1150 892 1373 948 judicavit
1397 892 1451 936 de
1477 893 1706 936 meretrice
1732 908 1907 950 magna,

85 964 183 1006 quae
209 951 403 1008 corrupit
424 958 585 995 terram
610 951 655 993 in
682 951 993 1008 prostitutione
1017 965 1109 1006 sua,
1137 956 1181 994 et
1205 951 1456 994 vindicavit
1479 952 1743 1008 sanguinem
1765 967 1908 996 servo-

85 1023 181 1051 rnm
206 1023 384 1052 suorum
411 1010 464 1054 de
490 1010 693 1053 manibus
720 1010 830 1066 ejus.
857 1010 875 1036 3
893 1011 951 1053 Et
975 1010 1137 1052 iterum
1163 1009 1372 1054 dixerunt
1404 1026 1413 1054 z
1438 1010 1648 1054 Alleluia.
1676 1012 1734 1054 Et
1758 1011 1910 1055 fumus

84 1067 181 1123 ejus
205 1068 409 1112 ascendit
433 1069 479 1111 in
505 1069 670 1112 saecula
692 1070 968 1112 saeculorum.
1001 1068 1018 1095 4
1037 1070 1094 1111 Et
1119 1068 1375 1112 ceciderunt
1399 1069 1592 1113 seniores
1618 1070 1779 1125 viginti
1805 1085 1909 1126 qua-

85 1132 182 1170 tuor
205 1132 249 1170 et
273 1132 461 1183 quatuor
485 1128 711 1183 animalia,
738 1133 782 1172 et
805 1128 1101 1171 adoraverunt
1121 1129 1264 1171 Deum
1286 1128 1514 1171 sedentem
1535 1142 1666 1185 super
1688 1128 1908 1185 thronum,

84 1187 282 1232 dicentes
315 1207 324 1234 ε
347 1191 507 1243 Amen,
532 1189 727 1235 alleluia.

141 1248 157 1272 ⁵
197 1249 252 1290 Et
277 1263 361 1291 vox
382 1249 436 1292 de
463 1249 620 1292 throno
654 1249 816 1306 exivit,
839 1249 992 1294 dicens
1022 1266 1031 1296 :
1068 1250 1270 1294 Laudem
1292 1247 1427 1293 dicite
1453 1249 1548 1293 Deo
1573 1254 1723 1294 nostro
1758 1265 1912 1293 omnes

83 1307 197 1350 servi
224 1306 335 1363 ejus,
363 1313 406 1351 et
424 1308 495 1363 qui
513 1308 680 1351 timetis
699 1323 799 1352 eum
818 1309 969 1365 pusilli
991 1316 1036 1354 et
1057 1311 1224 1366 magni.
1244 1335 1301 1342 —
1317 1310 1334 1334 c,
1359 1311 1414 1352 Et
1430 1309 1583 1352 audivi
1610 1309 1736 1365 quasi
1757 1323 1911 1352 vocem

86 1365 223 1408 turbae
250 1380 448 1422 magnae,
473 1371 517 1410 et
553 1367 667 1410 sicut
693 1382 847 1410 vocem
874 1383 1089 1424 aquarum
1119 1369 1376 1420 multarum,
1404 1373 1448 1412 et
1476 1369 1592 1412 sicut
1615 1382 1768 1412 vocem
1793 1368 1907 1411 toni-

85 1428 280 1468 truorum
317 1439 601 1480 magnorum,
625 1426 873 1470 dicentium
905 1444 911 1468 2
943 1427 1171 1483 Alleluia;
1199 1427 1408 1484 quoniam
1448 1429 1656 1482 regnavit
1691 1427 1910 1470 Dominus

86 1483 206 1526 Deus
238 1488 387 1527 noster
413 1485 708 1541 omnipotens.
737 1485 750 1511 ⁷
776 1485 1082 1540 Gaudeamus,
1110 1491 1155 1529 et
1181 1486 1456 1539 exultemus,
1481 1492 1524 1529 et
1547 1486 1702 1529 demus
1725 1486 1912 1542 gloriam

83 1543 136 1594 ei,
164 1542 265 1598 quia
291 1548 511 1586 venerunt
544 1544 715 1599 nuptiae
740 1543 884 1600 Agni,
912 1549 956 1588 et
993 1559 1103 1587 uxor
1131 1545 1227 1601 ejus
1258 1546 1528 1602 praeparavit
1554 1559 1612 1588 se.
1640 1547 1656 1571 ὅ
1683 1547 1741 1588 Et
1759 1545 1913 1589 datum

84 1609 148 1645 est
173 1601 239 1643 illi
267 1605 314 1644 ut
339 1603 562 1657 cooperiat
588 1616 635 1644 se
656 1601 839 1658 byssino
872 1603 1124 1659 splendenti
1160 1608 1205 1646 et
1243 1603 1461 1657 candido;
1500 1604 1734 1661 byssinum
1767 1605 1911 1660 enim,

82 1659 424 1716 justificationes
464 1664 568 1703 sunt
607 1666 876 1704 sanctorum.
900 1662 917 1687 ⁹
945 1662 1002 1704 Et
1039 1662 1154 1704 dixit
1186 1662 1295 1704 mihi
1330 1679 1338 1706 ς
1366 1663 1518 1706 Scribe
1547 1680 1554 1707 :
1584 1663 1713 1706 Beati
1746 1663 1821 1719 qui
1857 1663 1914 1706 ad

83 1732 256 1762 coenam
280 1719 539 1775 nuptiarum
564 1720 684 1774 Agrii
707 1719 854 1762 vocati
877 1725 992 1764 sunt.
1017 1721 1072 1762 Et
1095 1721 1210 1763 dixit
1231 1721 1342 1763 mihi
1371 1738 1378 1765 :
1405 1722 1519 1765 Haec
1543 1722 1680 1766 verba
1707 1722 1790 1766 Dei
1810 1737 1916 1767 vera

82 1781 198 1820 sunt.
228 1775 260 1802 ¹⁰
279 1777 336 1819 Et
357 1776 500 1820 cecidi
520 1783 625 1820 ante
652 1776 785 1834 pedes
811 1779 922 1834 ejus,
947 1783 992 1821 ut
1015 1779 1247 1822 adorarem
1273 1793 1386 1823 eum.
1414 1781 1472 1823 Et
1491 1780 1602 1823 dicit
1626 1781 1738 1823 mihi
1765 1799 1774 1822 .·.
1800 1781 1915 1825 Vide

79 1850 136 1879 ne
161 1835 324 1878 feceris
348 1851 356 1889 ;
384 1849 623 1879 conservus
649 1842 749 1880 tuus
776 1852 886 1890 sum,
910 1842 954 1880 et
991 1839 1182 1881 fratrum
1210 1843 1386 1882 tuorum
1417 1839 1681 1883 habentium
1714 1841 1913 1884 testimo-

79 1895 205 1938 nium
229 1894 255 1936 J
263 1907 353 1938 esu.
380 1894 526 1937 Deum
549 1895 685 1939 adora
707 1913 716 1948 5
745 1903 1054 1939 testimonium
1074 1911 1195 1940 enim
1219 1898 1327 1941 Jesu
1352 1903 1421 1941 est
1444 1898 1627 1955 spiritus
1651 1900 1914 1957 prophetiae.

424 2023 447 2076 ξ
470 2020 534 2064 II.
557 2047 616 2052 —
645 2020 917 2077 Triumphus
940 2019 993 2063 de
1016 2019 1294 2063 Antichristo
1318 2024 1359 2063 et
1381 2018 1566 2064 Satana.

144 2137 174 2163 ¹¹
197 2138 254 2179 Et
278 2136 370 2179 vidi
400 2136 560 2179 caelum
585 2141 816 2192 apertum3
844 2141 888 2178 et
917 2149 1018 2178 ecce
1044 2150 1180 2191 equus
1213 2135 1363 2192 albus,
1390 2141 1434 2179 et
1466 2137 1541 2192 qui
1569 2136 1753 2180 sedebat
1784 2151 1915 2194 super

80 2211 184 2241 eum
222 2195 464 2239 vocabatur
505 2194 673 2238 Fidelis
716 2200 758 2238 et
795 2195 966 2249 VeraX,
1005 2199 1049 2238 et
1089 2209 1191 2238 cum
1223 2194 1397 2251 justitia
1432 2195 1608 2251 judicat
1647 2202 1691 2239 et
1728 2202 1911 2253 pugnat.

84 2255 120 2282 ¹2
139 2255 267 2300 Oculi
287 2259 437 2298 autem
463 2254 560 2310 ejus
585 2253 700 2296 sicut
725 2253 906 2296 flamma
931 2253 1060 2309 ignis,
1088 2259 1131 2297 et
1155 2254 1202 2296 in
1225 2254 1371 2311 capite
1397 2255 1493 2311 ejus
1519 2254 1775 2298 diademata
1801 2255 1912 2298 mul-

83 2320 150 2369 ta,
188 2314 355 2357 habens
392 2327 554 2357 nomen
589 2313 804 2370 scriptum
837 2313 952 2369 quod
985 2327 1114 2356 nemo
1147 2313 1272 2356 novit
1303 2313 1389 2356 nisi
1424 2314 1533 2371 ipse.
1572 2313 1608 2340 13
1633 2315 1691 2357 Et
1726 2314 1912 2358 vestitus

84 2379 177 2417 erat
214 2378 336 2417 veste
368 2387 546 2430 aspersa
575 2372 812 2428 sanguine,
847 2377 891 2415 et
922 2376 1107 2415 vocatur
1138 2387 1300 2416 nomen
1327 2372 1423 2429 ejus
1448 2372 1648 2417 Verbum
1677 2374 1774 2417 Dei.
1801 2373 1836 2400 14
1855 2374 1914 2417 Et

82 2432 300 2477 exercitus
341 2432 416 2488 qui
456 2436 560 2475 sunt
602 2431 649 2474 in
692 2431 800 2474 caelo
841 2431 1138 2487 sequebantur
1177 2446 1279 2474 eum
1324 2432 1372 2475 in
1415 2433 1538 2488 equis
1585 2433 1719 2489 albis,
1762 2433 1912 2476 vestiti

83 2491 261 2548 byssino
294 2491 394 2535 albo
432 2497 476 2534 et
511 2490 691 2534 mundo.
726 2490 762 2517 ¹5
788 2492 846 2533 Et
878 2490 932 2534 de
965 2505 1037 2534 ore
1071 2491 1167 2547 ejus
1200 2491 1399 2549 procedit
1431 2491 1608 2548 gladius
1640 2507 1695 2536 ex
1728 2497 1913 2548 utraque

84 2556 207 2609 parte
229 2556 407 2605 acutus,
438 2555 486 2593 ut
514 2551 561 2592 in
584 2550 680 2606 ipso
706 2550 926 2607 percutiat
951 2555 1105 2606 gentes
1126 2568 1135 2606 3
1164 2555 1208 2594 et
1232 2550 1326 2607 ipse
1350 2556 1474 2607 reget
1503 2566 1576 2595 eas
1601 2551 1649 2594 in
1674 2551 1799 2608 virga
1823 2552 1913 2595 fer-

85 2624 176 2665 rea,
203 2615 247 2653 et
269 2610 364 2667 ipse
385 2609 530 2653 calcat
551 2609 745 2652 torcular
769 2608 861 2651 vini
886 2609 1050 2652 furoris
1075 2609 1152 2652 irae
1178 2610 1262 2653 Dei
1285 2610 1613 2667 omnipotentis.
1642 2611 1677 2638 16
1695 2612 1754 2654 Et
1778 2611 1914 2655 habet

85 2669 128 2711 in
168 2669 432 2712 vestimento
472 2674 516 2712 et
555 2668 601 2710 in
637 2669 807 2712 femore
847 2683 926 2711 suo
962 2669 1179 2726 scriptum
1219 2686 1228 2713 ε
1267 2670 1363 2713 Rex
1401 2684 1580 2727 regum,
1613 2675 1657 2714 et
1694 2671 1912 2714 Dominus

81 2728 422 2771 dominantium.
450 2727 484 2754 ¹⁷
504 2729 562 2771 Et
586 2727 679 2770 vidi
704 2742 844 2770 unum
860 2729 1073 2784 angelum
1097 2733 1291 2772 stantem
1315 2729 1362 2771 in
1383 2730 1487 2784 sole,
1509 2735 1552 2773 et
1574 2730 1787 2773 clamavit
1804 2744 1913 2774 voce

84 2801 268 2844 magna,
292 2787 442 2831 dicens
469 2786 672 2830 omnibus
697 2788 854 2831 avibus
881 2802 980 2843 quae
1006 2788 1220 2831 volabant
1244 2802 1322 2845 per
1343 2789 1540 2832 medium
1562 2789 1660 2834 caeli
1688 2807 1697 2834 :
1724 2789 1907 2846 Venite,

82 2853 128 2890 et
149 2846 481 2903 congregamini
499 2845 556 2889 ad
575 2860 748 2890 coenam
766 2861 978 2903 magnam
1005 2847 1088 2890 Dei
1107 2864 1116 2903 ;
1146 2847 1182 2874 18
1200 2852 1249 2890 ut
1270 2847 1548 2892 manducetis
1568 2863 1720 2892 carnes
1742 2863 1911 2905 regum,

80 2911 126 2950 et
152 2919 304 2949 carnes
329 2906 619 2961 tn'bunorum,
643 2911 686 2949 et
711 2920 864 2950 carnes
889 2906 1090 2963 fortium,
1119 2912 1162 2951 et
1187 2921 1340 2951 carnes
1366 2921 1576 2964 equorum
1597 2913 1642 2952 et
1662 2908 1912 2952 sedentium

83 2964 128 3008 in
159 2965 288 3022 ipsis,
327 2970 372 3008 et
407 2978 560 3008 carnes
599 2965 800 3008 omnium
837 2965 1076 3009 liberorum
1117 2972 1162 3009 et
1201 2980 1448 3023 servorum,
1487 2972 1530 3011 et
1570 2967 1832 3025 pusillorum
1868 2973 1912 3010 et

84 3038 358 3080 magnorum.

144 3083 180 3110 ¹9
198 3085 257 3127 Et
280 3083 373 3127 vidi
402 3084 615 3140 bestiam,
642 3090 685 3128 et
710 3099 836 3141 reges
864 3090 1016 3141 terrae,
1043 3090 1087 3130 et
1112 3087 1331 3131 exercitus
1357 3101 1508 3131 eorum
1537 3093 1828 3143 congregatos
1853 3085 1911 3128 ad

84 3142 343 3186 faciendum
371 3143 577 3200 praelium
603 3158 703 3187 cum
728 3144 804 3188 illo
834 3145 908 3201 qui
941 3145 1125 3189 sedebat
1149 3146 1197 3189 in
1222 3161 1353 3203 equo,
1381 3152 1424 3190 et
1449 3160 1551 3189 cum
1575 3146 1772 3189 exercitu
1798 3145 1909 3201 ejus.

84 3199 122 3228 ²⁰
147 3202 205 3245 Et
235 3203 512 3260 apprehensa
536 3207 603 3246 est
626 3203 790 3260 bestia,
825 3209 869 3247 et
901 3219 1001 3248 cum
1031 3219 1082 3248 ea
1114 3206 1499 3263 pseudopropheta
1531 3205 1606 3261 qui
1638 3205 1750 3248 fecit
1781 3204 1911 3260 signa

86 3274 232 3303 coram
256 3261 365 3319 ipso,
391 3262 550 3319 quibus
575 3262 752 3306 seduxit
774 3277 846 3307 eos
869 3264 942 3319 qui
963 3270 1230 3321 acceperunt
1254 3265 1555 3308 characterem
1575 3264 1743 3319 bestiae,
1767 3268 1811 3307 et
1835 3261 1909 3319 qui

85 3319 378 3364 adoraverunt
407 3321 652 3378 imaginem
684 3322 795 3378 ejus.
829 3323 935 3366 Vivi
969 3323 1092 3367 missi
1128 3329 1232 3367 sunt
1266 3324 1312 3367 hi
1346 3324 1432 3367 duo
1464 3324 1510 3366 in
1547 3329 1756 3379 stagnum
1792 3322 1908 3378 ignis

86 3378 279 3423 ardentis
303 3381 513 3438 sulphure
532 3399 541 3437 3
566 3380 600 3407 2¹
621 3387 664 3425 et
686 3381 820 3425 ceteri
843 3382 976 3426 occisi
997 3388 1100 3426 sunt
1124 3383 1171 3426 in
1193 3383 1342 3440 gladio
1367 3383 1562 3427 sedentis
1583 3397 1712 3439 super
1733 3396 1908 3438 equum,

90 3437 157 3493 qui
178 3439 378 3495 procedit
402 3440 457 3484 de
486 3455 558 3485 ore
586 3441 747 3499 ipsius,
778 3446 822 3484 et
846 3455 997 3485 omnes
1018 3456 1122 3486 aves
1148 3447 1359 3485 saturatae
1385 3448 1487 3486 sunt
1513 3442 1718 3485 carnibus
1745 3455 1908 3485 eorum.

85 3596 259 3670 ἕξεται.
276 3598 400 3631 XXII,
419 3601 445 3628 2.
462 3599 542 3629 Luc.
563 3599 655 3636 XIV,
673 3602 717 3627 16.
734 3615 769 3619 -
790 3600 838 3633 13]
856 3600 900 3628 Is.
919 3599 1056 3636 LX111,
1073 3603 1099 3628 1.
1117 3614 1151 3620 —
1171 3600 1217 3633 15]
1235 3599 1288 3628 Ps.
1311 3599 1365 3636 11,
1385 3602 1411 3627 9.
1430 3614 1466 3619 -
1484 3601 1530 3634 16]
1547 3600 1563 3628 1
1582 3598 1663 3630 Tim.
1680 3600 1747 3636 VI,
1767 3602 1811 3630 15.
1829 3600 1909 3635 sup.

167 3642 194 3678 1,
211 3644 253 3670 14.

2001 790 2139 820 Jubilus
2157 791 2189 821 in

2052 834 2142 864 caelo.

2049 2149 2153 2179 Verbi

2000 2193 2060 2222 Dei
2087 2201 2202 2228 pugna

2042 2241 2161 2267 contra

2023 2281 2178 2311 bestiam.
