<?xml version="1.0" encoding="UTF-8"?>
<!DOCTYPE html PUBLIC "-//W3C//DTD XHTML 1.0 Transitional//EN"
    "http://www.w3.org/TR/xhtml1/DTD/xhtml1-transitional.dtd">
<html xmlns="http://www.w3.org/1999/xhtml" xml:lang="en" lang="en">
 <head>
  <title>
</title>
<meta http-equiv="Content-Type" content="text/html;charset=utf-8" />
  <meta name='ocr-system' content='tesseract 3.04.00' />
  <meta name='ocr-capabilities' content='ocr_page ocr_carea ocr_par ocr_line ocrx_word'/>
</head>
<body>
  <div class='ocr_page' id='page_1' title='image "./bibliasacrajuxta00fill_0249.png"; bbox 0 0 2456 3861; ppageno 0'>
   <div class='ocr_carea' id='block_1_1' title="bbox 846 171 1960 225">
    <p class='ocr_par' dir='ltr' id='par_1_1' title="bbox 846 171 1960 225">
     <span class='ocr_line' id='line_1_1' title="bbox 846 171 1960 225; baseline 0.001 -12"><span class='ocrx_word' id='word_1_1' title='bbox 846 171 953 214; x_wconf 57' lang='grc' dir='ltr'>ιτοι).</span> <span class='ocrx_word' id='word_1_2' title='bbox 989 171 1076 225; x_wconf 80' lang='lat' dir='ltr'>lx,</span> <span class='ocrx_word' id='word_1_3' title='bbox 1114 171 1247 214; x_wconf 84' lang='lat'><strong>8-37.</strong></span> <span class='ocrx_word' id='word_1_4' title='bbox 1874 173 1960 215; x_wconf 68' lang='lat'>⁶233</span> 
     </span>
    </p>
   </div>
   <div class='ocr_carea' id='block_1_2' title="bbox 126 341 1962 3704">
    <p class='ocr_par' dir='ltr' id='par_1_2' title="bbox 128 341 1962 1858">
     <span class='ocr_line' id='line_1_2' title="bbox 137 341 1957 398; baseline -0.001 -12"><span class='ocrx_word' id='word_1_5' title='bbox 137 341 352 396; x_wconf 86' lang='lat' dir='ltr'>Garizim,</span> <span class='ocrx_word' id='word_1_6' title='bbox 379 341 638 397; x_wconf 86' lang='lat' dir='ltr'>elevataque</span> <span class='ocrx_word' id='word_1_7' title='bbox 667 355 795 397; x_wconf 85' lang='lat' dir='ltr'>voce,</span> <span class='ocrx_word' id='word_1_8' title='bbox 830 341 1062 396; x_wconf 87' lang='lat' dir='ltr'>clamavit,</span> <span class='ocrx_word' id='word_1_9' title='bbox 1090 346 1135 384; x_wconf 90' lang='lat' dir='ltr'>et</span> <span class='ocrx_word' id='word_1_10' title='bbox 1163 341 1304 385; x_wconf 86' lang='lat' dir='ltr'>dixit:</span> <span class='ocrx_word' id='word_1_11' title='bbox 1334 341 1498 385; x_wconf 89' lang='lat' dir='ltr'>Audite</span> <span class='ocrx_word' id='word_1_12' title='bbox 1528 356 1618 397; x_wconf 90' lang='lat' dir='ltr'>me,</span> <span class='ocrx_word' id='word_1_13' title='bbox 1646 342 1727 385; x_wconf 90' lang='lat' dir='ltr'>viri</span> <span class='ocrx_word' id='word_1_14' title='bbox 1763 342 1957 398; x_wconf 86' lang='lat' dir='ltr'>Sichem,</span> 
     </span>
     <span class='ocr_line' id='line_1_3' title="bbox 136 400 1959 457; baseline 0.001 -14"><span class='ocrx_word' id='word_1_15' title='bbox 136 401 199 443; x_wconf 90' lang='lat' dir='ltr'>ita</span> <span class='ocrx_word' id='word_1_16' title='bbox 220 400 373 442; x_wconf 88' lang='lat' dir='ltr'>audiat</span> <span class='ocrx_word' id='word_1_17' title='bbox 397 414 475 443; x_wconf 90' lang='lat' dir='ltr'>vos</span> <span class='ocrx_word' id='word_1_18' title='bbox 506 400 648 443; x_wconf 83' lang='lat' dir='ltr'>Deus!</span> <span class='ocrx_word' id='word_1_19' title='bbox 683 400 700 426; x_wconf 81' lang='lat'><strong>⁸</strong></span> <span class='ocrx_word' id='word_1_20' title='bbox 720 401 873 443; x_wconf 89' lang='lat' dir='ltr'>Ierunt</span> <span class='ocrx_word' id='word_1_21' title='bbox 903 400 1025 455; x_wconf 90' lang='lat' dir='ltr'>ligna</span> <span class='ocrx_word' id='word_1_22' title='bbox 1058 405 1106 442; x_wconf 89' lang='lat' dir='ltr'>ut</span> <span class='ocrx_word' id='word_1_23' title='bbox 1138 405 1355 456; x_wconf 88' lang='lat' dir='ltr'>ungerent</span> <span class='ocrx_word' id='word_1_24' title='bbox 1386 414 1515 457; x_wconf 89' lang='lat' dir='ltr'>super</span> <span class='ocrx_word' id='word_1_25' title='bbox 1546 415 1592 443; x_wconf 92' lang='lat' dir='ltr'>se</span> <span class='ocrx_word' id='word_1_26' title='bbox 1625 415 1799 457; x_wconf 89' lang='lat' dir='ltr'>regem,</span> <span class='ocrx_word' id='word_1_27' title='bbox 1837 401 1959 444; x_wconf 86' lang='lat' dir='ltr'>dixe-</span> 
     </span>
     <span class='ocr_line' id='line_1_4' title="bbox 135 458 1958 517; baseline 0.001 -15"><span class='ocrx_word' id='word_1_28' title='bbox 135 465 323 514; x_wconf 84' lang='lat' dir='ltr'>runtque</span> <span class='ocrx_word' id='word_1_29' title='bbox 351 458 479 501; x_wconf 88' lang='lat' dir='ltr'>olivae</span> <span class='ocrx_word' id='word_1_30' title='bbox 502 475 509 502; x_wconf 93' lang='lat'>:</span> <span class='ocrx_word' id='word_1_31' title='bbox 539 460 716 515; x_wconf 85' lang='lat' dir='ltr'>Impera</span> <span class='ocrx_word' id='word_1_32' title='bbox 745 458 884 503; x_wconf 81' lang='lat' dir='ltr'>nobis.</span> <span class='ocrx_word' id='word_1_33' title='bbox 912 458 929 485; x_wconf 84' lang='grc'>9</span> <span class='ocrx_word' id='word_1_34' title='bbox 948 460 1053 509; x_wconf 85' lang='lat' dir='ltr'>Quae</span> <span class='ocrx_word' id='word_1_35' title='bbox 1078 459 1332 514; x_wconf 84' lang='lat' dir='ltr'>respondit:</span> <span class='ocrx_word' id='word_1_36' title='bbox 1370 459 1594 516; x_wconf 91' lang='lat' dir='ltr'>Numquid</span> <span class='ocrx_word' id='word_1_37' title='bbox 1627 474 1804 517; x_wconf 87' lang='lat' dir='ltr'>possum</span> <span class='ocrx_word' id='word_1_38' title='bbox 1838 460 1958 503; x_wconf 91' lang='lat' dir='ltr'>dese-</span> 
     </span>
     <span class='ocr_line' id='line_1_5' title="bbox 133 517 1960 574; baseline 0.001 -14"><span class='ocrx_word' id='word_1_39' title='bbox 133 532 228 561; x_wconf 91' lang='lat' dir='ltr'>rere</span> <span class='ocrx_word' id='word_1_40' title='bbox 254 517 572 574; x_wconf 78' lang='lat' dir='ltr'>pinguedinem</span> <span class='ocrx_word' id='word_1_41' title='bbox 595 532 761 571; x_wconf 88' lang='lat' dir='ltr'>meam,</span> <span class='ocrx_word' id='word_1_42' title='bbox 783 532 870 572; x_wconf 84' lang='lat' dir='ltr'>qua</span> <span class='ocrx_word' id='word_1_43' title='bbox 891 522 935 560; x_wconf 90' lang='lat' dir='ltr'>et</span> <span class='ocrx_word' id='word_1_44' title='bbox 953 517 1013 560; x_wconf 88' lang='lat' dir='ltr'>dii</span> <span class='ocrx_word' id='word_1_45' title='bbox 1035 523 1218 560; x_wconf 89' lang='lat' dir='ltr'>utuntur</span> <span class='ocrx_word' id='word_1_46' title='bbox 1239 523 1283 561; x_wconf 90' lang='lat' dir='ltr'>et</span> <span class='ocrx_word' id='word_1_47' title='bbox 1303 518 1525 574; x_wconf 89' lang='lat' dir='ltr'>homines,</span> <span class='ocrx_word' id='word_1_48' title='bbox 1548 523 1592 562; x_wconf 93' lang='lat' dir='ltr'>et</span> <span class='ocrx_word' id='word_1_49' title='bbox 1610 519 1760 562; x_wconf 89' lang='lat' dir='ltr'>venire</span> <span class='ocrx_word' id='word_1_50' title='bbox 1780 525 1827 562; x_wconf 90' lang='lat' dir='ltr'>ut</span> <span class='ocrx_word' id='word_1_51' title='bbox 1845 519 1960 562; x_wconf 85' lang='lat' dir='ltr'>inter</span> 
     </span>
     <span class='ocr_line' id='line_1_6' title="bbox 135 575 1961 635; baseline 0.001 -16"><span class='ocrx_word' id='word_1_52' title='bbox 135 577 258 632; x_wconf 88' lang='lat' dir='ltr'>ligna</span> <span class='ocrx_word' id='word_1_53' title='bbox 283 576 576 632; x_wconf 85' lang='lat' dir='ltr'>promovear?</span> <span class='ocrx_word' id='word_1_54' title='bbox 604 576 638 602; x_wconf 87' lang='lat'>¹⁰</span> <span class='ocrx_word' id='word_1_55' title='bbox 657 576 963 631; x_wconf 87' lang='lat' dir='ltr'>Dixeruntque</span> <span class='ocrx_word' id='word_1_56' title='bbox 989 575 1112 631; x_wconf 84' lang='lat' dir='ltr'>ligna</span> <span class='ocrx_word' id='word_1_57' title='bbox 1133 576 1188 618; x_wconf 85' lang='lat' dir='ltr'>ad</span> <span class='ocrx_word' id='word_1_58' title='bbox 1214 577 1415 620; x_wconf 84' lang='lat' dir='ltr'>arborem</span> <span class='ocrx_word' id='word_1_59' title='bbox 1437 578 1568 620; x_wconf 85' lang='lat' dir='ltr'>ficum</span> <span class='ocrx_word' id='word_1_60' title='bbox 1586 595 1595 622; x_wconf 89' lang='lat'>:</span> <span class='ocrx_word' id='word_1_61' title='bbox 1616 578 1750 633; x_wconf 90' lang='lat' dir='ltr'>Veni,</span> <span class='ocrx_word' id='word_1_62' title='bbox 1770 583 1814 621; x_wconf 88' lang='lat' dir='ltr'>et</span> <span class='ocrx_word' id='word_1_63' title='bbox 1831 593 1961 635; x_wconf 88' lang='lat' dir='ltr'>super</span> 
     </span>
     <span class='ocr_line' id='line_1_7' title="bbox 135 633 1959 693; baseline 0.002 -16"><span class='ocrx_word' id='word_1_64' title='bbox 135 650 214 678; x_wconf 92' lang='lat' dir='ltr'>nos</span> <span class='ocrx_word' id='word_1_65' title='bbox 238 650 424 690; x_wconf 84' lang='lat' dir='ltr'>regnum</span> <span class='ocrx_word' id='word_1_66' title='bbox 449 635 614 691; x_wconf 86' lang='lat' dir='ltr'>accipe.</span> <span class='ocrx_word' id='word_1_67' title='bbox 638 634 667 660; x_wconf 75' lang='lat'>¹¹¹</span> <span class='ocrx_word' id='word_1_68' title='bbox 688 635 794 684; x_wconf 65' lang='lat' dir='ltr'>Quae</span> <span class='ocrx_word' id='word_1_69' title='bbox 819 633 1046 691; x_wconf 82' lang='lat' dir='ltr'>respondit</span> <span class='ocrx_word' id='word_1_70' title='bbox 1067 634 1130 677; x_wconf 89' lang='lat' dir='ltr'>eis</span> <span class='ocrx_word' id='word_1_71' title='bbox 1153 650 1161 677; x_wconf 94' lang='lat'>:</span> <span class='ocrx_word' id='word_1_72' title='bbox 1190 636 1414 691; x_wconf 87' lang='lat' dir='ltr'>Numquid</span> <span class='ocrx_word' id='word_1_73' title='bbox 1441 651 1617 693; x_wconf 90' lang='lat' dir='ltr'>possum</span> <span class='ocrx_word' id='word_1_74' title='bbox 1641 637 1839 681; x_wconf 89' lang='lat' dir='ltr'>deserere</span> <span class='ocrx_word' id='word_1_75' title='bbox 1865 637 1959 680; x_wconf 92' lang='lat' dir='ltr'>dul-</span> 
     </span>
     <span class='ocr_line' id='line_1_8' title="bbox 133 692 1958 753; baseline 0.001 -16"><span class='ocrx_word' id='word_1_76' title='bbox 133 694 337 737; x_wconf 88' lang='lat' dir='ltr'>cedinem</span> <span class='ocrx_word' id='word_1_77' title='bbox 367 708 532 744; x_wconf 82' lang='lat' dir='ltr'>meam,</span> <span class='ocrx_word' id='word_1_78' title='bbox 561 693 818 747; x_wconf 75' lang='lat' dir='ltr'>fructusque</span> <span class='ocrx_word' id='word_1_79' title='bbox 844 692 1147 748; x_wconf 83' lang='lat' dir='ltr'>suavissimOS,</span> <span class='ocrx_word' id='word_1_80' title='bbox 1174 699 1220 736; x_wconf 90' lang='lat' dir='ltr'>et</span> <span class='ocrx_word' id='word_1_81' title='bbox 1245 694 1305 736; x_wconf 92' lang='lat' dir='ltr'>ire</span> <span class='ocrx_word' id='word_1_82' title='bbox 1332 700 1379 736; x_wconf 87' lang='lat' dir='ltr'>ut</span> <span class='ocrx_word' id='word_1_83' title='bbox 1400 695 1515 738; x_wconf 85' lang='lat' dir='ltr'>inter</span> <span class='ocrx_word' id='word_1_84' title='bbox 1541 701 1688 739; x_wconf 90' lang='lat' dir='ltr'>cetera</span> <span class='ocrx_word' id='word_1_85' title='bbox 1712 696 1836 752; x_wconf 89' lang='lat' dir='ltr'>ligna</span> <span class='ocrx_word' id='word_1_86' title='bbox 1862 711 1958 753; x_wconf 89' lang='lat' dir='ltr'>pro-</span> 
     </span>
     <span class='ocr_line' id='line_1_9' title="bbox 135 750 1959 809; baseline 0.001 -13"><span class='ocrx_word' id='word_1_87' title='bbox 135 752 346 796; x_wconf 80' lang='lat' dir='ltr'>movear?</span> <span class='ocrx_word' id='word_1_88' title='bbox 368 752 402 778; x_wconf 74' lang='lat'>¹²</span> <span class='ocrx_word' id='word_1_89' title='bbox 417 754 672 807; x_wconf 87' lang='lat' dir='ltr'>Locutaque</span> <span class='ocrx_word' id='word_1_90' title='bbox 694 756 798 794; x_wconf 93' lang='lat' dir='ltr'>sunt</span> <span class='ocrx_word' id='word_1_91' title='bbox 822 751 945 807; x_wconf 90' lang='lat' dir='ltr'>ligna</span> <span class='ocrx_word' id='word_1_92' title='bbox 966 751 1022 793; x_wconf 87' lang='lat' dir='ltr'>ad</span> <span class='ocrx_word' id='word_1_93' title='bbox 1041 750 1179 794; x_wconf 88' lang='lat' dir='ltr'>vitem</span> <span class='ocrx_word' id='word_1_94' title='bbox 1198 768 1206 795; x_wconf 93' lang='lat'><strong>:</strong></span> <span class='ocrx_word' id='word_1_95' title='bbox 1227 752 1362 807; x_wconf 91' lang='lat' dir='ltr'>Veni,</span> <span class='ocrx_word' id='word_1_96' title='bbox 1390 758 1434 796; x_wconf 91' lang='lat' dir='ltr'>et</span> <span class='ocrx_word' id='word_1_97' title='bbox 1456 754 1623 809; x_wconf 89' lang='lat' dir='ltr'>impera</span> <span class='ocrx_word' id='word_1_98' title='bbox 1645 755 1783 798; x_wconf 90' lang='lat' dir='ltr'>nobis.</span> <span class='ocrx_word' id='word_1_99' title='bbox 1804 755 1840 782; x_wconf 80' lang='lat'>¹3</span> <span class='ocrx_word' id='word_1_100' title='bbox 1854 760 1959 805; x_wconf 77' lang='lat' dir='ltr'>Quae</span> 
     </span>
     <span class='ocr_line' id='line_1_10' title="bbox 133 809 1962 869; baseline 0.002 -15"><span class='ocrx_word' id='word_1_101' title='bbox 133 811 361 869; x_wconf 80' lang='lat' dir='ltr'>respondit</span> <span class='ocrx_word' id='word_1_102' title='bbox 392 811 487 854; x_wconf 87' lang='lat' dir='ltr'>eis:</span> <span class='ocrx_word' id='word_1_103' title='bbox 521 809 747 866; x_wconf 87' lang='lat' dir='ltr'>Numquid</span> <span class='ocrx_word' id='word_1_104' title='bbox 780 824 958 866; x_wconf 89' lang='lat' dir='ltr'>possum</span> <span class='ocrx_word' id='word_1_105' title='bbox 993 809 1193 853; x_wconf 89' lang='lat' dir='ltr'>deserere</span> <span class='ocrx_word' id='word_1_106' title='bbox 1226 810 1379 853; x_wconf 89' lang='lat' dir='ltr'>vinum</span> <span class='ocrx_word' id='word_1_107' title='bbox 1409 826 1580 867; x_wconf 90' lang='lat' dir='ltr'>meum,</span> <span class='ocrx_word' id='word_1_108' title='bbox 1615 814 1730 869; x_wconf 90' lang='lat' dir='ltr'>quod</span> <span class='ocrx_word' id='word_1_109' title='bbox 1762 814 1962 857; x_wconf 80' lang='lat' dir='ltr'>laetificat</span> 
     </span>
     <span class='ocr_line' id='line_1_11' title="bbox 136 868 1962 927; baseline 0.001 -14"><span class='ocrx_word' id='word_1_110' title='bbox 136 870 279 913; x_wconf 90' lang='lat' dir='ltr'>Deum</span> <span class='ocrx_word' id='word_1_111' title='bbox 301 875 346 913; x_wconf 89' lang='lat' dir='ltr'>et</span> <span class='ocrx_word' id='word_1_112' title='bbox 370 869 592 924; x_wconf 90' lang='lat' dir='ltr'>homines,</span> <span class='ocrx_word' id='word_1_113' title='bbox 619 875 664 912; x_wconf 90' lang='lat' dir='ltr'>et</span> <span class='ocrx_word' id='word_1_114' title='bbox 689 868 803 912; x_wconf 91' lang='lat' dir='ltr'>inter</span> <span class='ocrx_word' id='word_1_115' title='bbox 828 868 952 925; x_wconf 92' lang='lat' dir='ltr'>ligna</span> <span class='ocrx_word' id='word_1_116' title='bbox 974 874 1121 911; x_wconf 88' lang='lat' dir='ltr'>cetera</span> <span class='ocrx_word' id='word_1_117' title='bbox 1137 870 1416 925; x_wconf 83' lang='lat' dir='ltr'>promoveri?</span> <span class='ocrx_word' id='word_1_118' title='bbox 1438 870 1472 897; x_wconf 79' lang='lat'>¹4</span> <span class='ocrx_word' id='word_1_119' title='bbox 1491 871 1794 927; x_wconf 90' lang='lat' dir='ltr'>Dixeruntque</span> <span class='ocrx_word' id='word_1_120' title='bbox 1814 872 1962 915; x_wconf 89' lang='lat' dir='ltr'>omnia</span> 
     </span>
     <span class='ocr_line' id='line_1_12' title="bbox 133 927 1961 986; baseline 0.001 -15"><span class='ocrx_word' id='word_1_121' title='bbox 133 929 257 985; x_wconf 88' lang='lat' dir='ltr'>ligna</span> <span class='ocrx_word' id='word_1_122' title='bbox 281 928 338 971; x_wconf 91' lang='lat' dir='ltr'>ad</span> <span class='ocrx_word' id='word_1_123' title='bbox 363 929 626 971; x_wconf 90' lang='lat' dir='ltr'>rhamnum:</span> <span class='ocrx_word' id='word_1_124' title='bbox 652 928 785 983; x_wconf 91' lang='lat' dir='ltr'>Veni,</span> <span class='ocrx_word' id='word_1_125' title='bbox 813 932 858 971; x_wconf 91' lang='lat' dir='ltr'>et</span> <span class='ocrx_word' id='word_1_126' title='bbox 886 927 1055 984; x_wconf 90' lang='lat' dir='ltr'>impera</span> <span class='ocrx_word' id='word_1_127' title='bbox 1079 942 1210 983; x_wconf 90' lang='lat' dir='ltr'>super</span> <span class='ocrx_word' id='word_1_128' title='bbox 1235 942 1326 972; x_wconf 91' lang='lat' dir='ltr'>nos.</span> <span class='ocrx_word' id='word_1_129' title='bbox 1355 929 1390 955; x_wconf 80' lang='lat'>¹5</span> <span class='ocrx_word' id='word_1_130' title='bbox 1407 929 1512 979; x_wconf 82' lang='lat' dir='ltr'>Quae</span> <span class='ocrx_word' id='word_1_131' title='bbox 1538 930 1766 986; x_wconf 83' lang='lat' dir='ltr'>respondit</span> <span class='ocrx_word' id='word_1_132' title='bbox 1787 932 1850 974; x_wconf 88' lang='lat' dir='ltr'>eis</span> <span class='ocrx_word' id='word_1_133' title='bbox 1880 945 1888 972; x_wconf 77' lang='grc' dir='ltr'><strong><em>ε</em></strong></span> <span class='ocrx_word' id='word_1_134' title='bbox 1916 932 1961 975; x_wconf 85' lang='lat' dir='ltr'>Si</span> 
     </span>
     <span class='ocr_line' id='line_1_13' title="bbox 133 986 1960 1045; baseline 0.002 -16"><span class='ocrx_word' id='word_1_135' title='bbox 133 1001 235 1031; x_wconf 88' lang='lat' dir='ltr'>vere</span> <span class='ocrx_word' id='word_1_136' title='bbox 261 1002 331 1030; x_wconf 91' lang='lat' dir='ltr'>me</span> <span class='ocrx_word' id='word_1_137' title='bbox 357 1001 505 1043; x_wconf 86' lang='lat' dir='ltr'>regern</span> <span class='ocrx_word' id='word_1_138' title='bbox 528 986 654 1030; x_wconf 91' lang='lat' dir='ltr'>vobis</span> <span class='ocrx_word' id='word_1_139' title='bbox 680 986 972 1042; x_wconf 79' lang='lat' dir='ltr'>constituitis,</span> <span class='ocrx_word' id='word_1_140' title='bbox 1000 987 1170 1041; x_wconf 89' lang='lat' dir='ltr'>venite,</span> <span class='ocrx_word' id='word_1_141' title='bbox 1194 991 1239 1030; x_wconf 89' lang='lat' dir='ltr'>et</span> <span class='ocrx_word' id='word_1_142' title='bbox 1263 988 1345 1030; x_wconf 89' lang='lat' dir='ltr'>sub</span> <span class='ocrx_word' id='word_1_143' title='bbox 1371 988 1526 1031; x_wconf 90' lang='lat' dir='ltr'>umbra</span> <span class='ocrx_word' id='word_1_144' title='bbox 1551 1003 1650 1032; x_wconf 90' lang='lat' dir='ltr'>mea</span> <span class='ocrx_word' id='word_1_145' title='bbox 1674 989 1960 1045; x_wconf 84' lang='lat' dir='ltr'>requiescite3</span> 
     </span>
     <span class='ocr_line' id='line_1_14' title="bbox 130 1045 1960 1103; baseline 0.001 -14"><span class='ocrx_word' id='word_1_146' title='bbox 130 1047 168 1089; x_wconf 88' lang='lat' dir='ltr'>si</span> <span class='ocrx_word' id='word_1_147' title='bbox 195 1053 342 1090; x_wconf 88' lang='lat' dir='ltr'>autem</span> <span class='ocrx_word' id='word_1_148' title='bbox 366 1060 454 1089; x_wconf 92' lang='lat' dir='ltr'>non</span> <span class='ocrx_word' id='word_1_149' title='bbox 472 1045 627 1101; x_wconf 91' lang='lat' dir='ltr'>vultis,</span> <span class='ocrx_word' id='word_1_150' title='bbox 648 1046 900 1102; x_wconf 86' lang='lat' dir='ltr'>egrediatur</span> <span class='ocrx_word' id='word_1_151' title='bbox 917 1045 1034 1102; x_wconf 88' lang='lat' dir='ltr'>ignis</span> <span class='ocrx_word' id='word_1_152' title='bbox 1053 1045 1106 1088; x_wconf 91' lang='lat' dir='ltr'>de</span> <span class='ocrx_word' id='word_1_153' title='bbox 1124 1046 1330 1103; x_wconf 89' lang='lat' dir='ltr'>rhamno,</span> <span class='ocrx_word' id='word_1_154' title='bbox 1351 1052 1396 1090; x_wconf 92' lang='lat' dir='ltr'>et</span> <span class='ocrx_word' id='word_1_155' title='bbox 1413 1047 1597 1090; x_wconf 88' lang='lat' dir='ltr'>devoret</span> <span class='ocrx_word' id='word_1_156' title='bbox 1615 1048 1766 1091; x_wconf 86' lang='lat' dir='ltr'>cedros</span> <span class='ocrx_word' id='word_1_157' title='bbox 1786 1048 1960 1092; x_wconf 90' lang='lat' dir='ltr'>Libani.</span> 
     </span>
     <span class='ocr_line' id='line_1_15' title="bbox 134 1105 1962 1163; baseline 0.001 -15"><span class='ocrx_word' id='word_1_158' title='bbox 134 1105 170 1132; x_wconf 75' lang='lat'>¹⁶</span> <span class='ocrx_word' id='word_1_159' title='bbox 195 1106 325 1148; x_wconf 89' lang='lat' dir='ltr'>Nunc</span> <span class='ocrx_word' id='word_1_160' title='bbox 358 1105 512 1161; x_wconf 90' lang='lat' dir='ltr'>igitur,</span> <span class='ocrx_word' id='word_1_161' title='bbox 547 1105 584 1148; x_wconf 92' lang='lat' dir='ltr'>si</span> <span class='ocrx_word' id='word_1_162' title='bbox 613 1110 731 1148; x_wconf 88' lang='lat' dir='ltr'>recte</span> <span class='ocrx_word' id='word_1_163' title='bbox 765 1111 810 1148; x_wconf 92' lang='lat' dir='ltr'>et</span> <span class='ocrx_word' id='word_1_164' title='bbox 839 1105 1003 1161; x_wconf 82' lang='lat' dir='ltr'>absque</span> <span class='ocrx_word' id='word_1_165' title='bbox 1029 1111 1212 1160; x_wconf 90' lang='lat' dir='ltr'>peccato</span> <span class='ocrx_word' id='word_1_166' title='bbox 1234 1106 1526 1149; x_wconf 91' lang='lat' dir='ltr'>constituistis</span> <span class='ocrx_word' id='word_1_167' title='bbox 1552 1121 1681 1163; x_wconf 89' lang='lat' dir='ltr'>super</span> <span class='ocrx_word' id='word_1_168' title='bbox 1705 1121 1783 1150; x_wconf 89' lang='lat' dir='ltr'>vos</span> <span class='ocrx_word' id='word_1_169' title='bbox 1811 1122 1962 1163; x_wconf 89' lang='lat' dir='ltr'>regem</span> 
     </span>
     <span class='ocr_line' id='line_1_16' title="bbox 132 1163 1961 1222; baseline 0.001 -15"><span class='ocrx_word' id='word_1_170' title='bbox 132 1165 417 1220; x_wconf 88' lang='lat' dir='ltr'>Abimelech‚</span> <span class='ocrx_word' id='word_1_171' title='bbox 452 1170 497 1208; x_wconf 91' lang='lat' dir='ltr'>et</span> <span class='ocrx_word' id='word_1_172' title='bbox 529 1164 641 1208; x_wconf 88' lang='lat' dir='ltr'>bene</span> <span class='ocrx_word' id='word_1_173' title='bbox 674 1164 828 1220; x_wconf 85' lang='lat' dir='ltr'>egistis</span> <span class='ocrx_word' id='word_1_174' title='bbox 861 1178 962 1206; x_wconf 86' lang='lat' dir='ltr'>cum</span> <span class='ocrx_word' id='word_1_175' title='bbox 988 1163 1198 1207; x_wconf 80' lang='lat' dir='ltr'>Jerobaal</span> <span class='ocrx_word' id='word_1_176' title='bbox 1225 1169 1270 1208; x_wconf 88' lang='lat' dir='ltr'>et</span> <span class='ocrx_word' id='word_1_177' title='bbox 1295 1179 1395 1208; x_wconf 89' lang='lat' dir='ltr'>cum</span> <span class='ocrx_word' id='word_1_178' title='bbox 1428 1165 1559 1209; x_wconf 88' lang='lat' dir='ltr'>domo</span> <span class='ocrx_word' id='word_1_179' title='bbox 1588 1165 1705 1222; x_wconf 85' lang='lat' dir='ltr'>ejus,</span> <span class='ocrx_word' id='word_1_180' title='bbox 1741 1171 1785 1210; x_wconf 91' lang='lat' dir='ltr'>et</span> <span class='ocrx_word' id='word_1_181' title='bbox 1816 1166 1961 1209; x_wconf 89' lang='lat' dir='ltr'>reddi-</span> 
     </span>
     <span class='ocr_line' id='line_1_17' title="bbox 131 1222 1962 1280; baseline 0.001 -13"><span class='ocrx_word' id='word_1_182' title='bbox 131 1224 260 1267; x_wconf 84' lang='lat' dir='ltr'>distis</span> <span class='ocrx_word' id='word_1_183' title='bbox 285 1223 430 1267; x_wconf 89' lang='lat' dir='ltr'>vicem</span> <span class='ocrx_word' id='word_1_184' title='bbox 456 1223 682 1267; x_wconf 88' lang='lat' dir='ltr'>beneficiis</span> <span class='ocrx_word' id='word_1_185' title='bbox 707 1223 825 1279; x_wconf 82' lang='lat' dir='ltr'>ejus,</span> <span class='ocrx_word' id='word_1_186' title='bbox 856 1222 930 1279; x_wconf 90' lang='lat' dir='ltr'>qui</span> <span class='ocrx_word' id='word_1_187' title='bbox 963 1223 1181 1280; x_wconf 82' lang='lat' dir='ltr'>pugna-vit</span> <span class='ocrx_word' id='word_1_188' title='bbox 1208 1238 1288 1280; x_wconf 89' lang='lat' dir='ltr'>pro</span> <span class='ocrx_word' id='word_1_189' title='bbox 1313 1224 1459 1280; x_wconf 89' lang='lat' dir='ltr'>vobis,</span> <span class='ocrx_word' id='word_1_190' title='bbox 1488 1224 1521 1251; x_wconf 80' lang='lat'>1⁷</span> <span class='ocrx_word' id='word_1_191' title='bbox 1541 1229 1586 1268; x_wconf 92' lang='lat' dir='ltr'>et</span> <span class='ocrx_word' id='word_1_192' title='bbox 1611 1225 1807 1268; x_wconf 90' lang='lat' dir='ltr'>animam</span> <span class='ocrx_word' id='word_1_193' title='bbox 1836 1240 1962 1268; x_wconf 89' lang='lat' dir='ltr'>suam</span> 
     </span>
     <span class='ocr_line' id='line_1_18' title="bbox 131 1282 1961 1340; baseline 0.001 -14"><span class='ocrx_word' id='word_1_194' title='bbox 131 1283 257 1326; x_wconf 86' lang='lat' dir='ltr'>dedit</span> <span class='ocrx_word' id='word_1_195' title='bbox 282 1282 508 1340; x_wconf 89' lang='lat' dir='ltr'>periculis,</span> <span class='ocrx_word' id='word_1_196' title='bbox 535 1288 584 1325; x_wconf 91' lang='lat' dir='ltr'>ut</span> <span class='ocrx_word' id='word_1_197' title='bbox 613 1288 784 1326; x_wconf 90' lang='lat' dir='ltr'>erueret</span> <span class='ocrx_word' id='word_1_198' title='bbox 808 1297 885 1325; x_wconf 91' lang='lat' dir='ltr'>vos</span> <span class='ocrx_word' id='word_1_199' title='bbox 911 1282 965 1325; x_wconf 92' lang='lat' dir='ltr'>de</span> <span class='ocrx_word' id='word_1_200' title='bbox 998 1296 1132 1324; x_wconf 85' lang='lat' dir='ltr'>manu</span> <span class='ocrx_word' id='word_1_201' title='bbox 1162 1283 1372 1339; x_wconf 88' lang='lat' dir='ltr'>Madian;</span> <span class='ocrx_word' id='word_1_202' title='bbox 1401 1284 1436 1311; x_wconf 80' lang='lat'>¹8</span> <span class='ocrx_word' id='word_1_203' title='bbox 1453 1284 1527 1340; x_wconf 88' lang='lat' dir='ltr'>qui</span> <span class='ocrx_word' id='word_1_204' title='bbox 1560 1298 1677 1327; x_wconf 92' lang='lat' dir='ltr'>nunc</span> <span class='ocrx_word' id='word_1_205' title='bbox 1710 1284 1961 1327; x_wconf 85' lang='lat' dir='ltr'>surrexistis</span> 
     </span>
     <span class='ocr_line' id='line_1_19' title="bbox 131 1341 1961 1400; baseline 0.001 -15"><span class='ocrx_word' id='word_1_206' title='bbox 131 1348 288 1385; x_wconf 88' lang='lat' dir='ltr'>contra</span> <span class='ocrx_word' id='word_1_207' title='bbox 320 1342 498 1385; x_wconf 88' lang='lat' dir='ltr'>domum</span> <span class='ocrx_word' id='word_1_208' title='bbox 532 1342 670 1398; x_wconf 87' lang='lat' dir='ltr'>patris</span> <span class='ocrx_word' id='word_1_209' title='bbox 706 1342 814 1397; x_wconf 91' lang='lat' dir='ltr'>mei,</span> <span class='ocrx_word' id='word_1_210' title='bbox 849 1346 894 1385; x_wconf 91' lang='lat' dir='ltr'>et</span> <span class='ocrx_word' id='word_1_211' title='bbox 924 1341 1216 1385; x_wconf 77' lang='lat' dir='ltr'>interfecistis</span> <span class='ocrx_word' id='word_1_212' title='bbox 1249 1342 1361 1386; x_wconf 89' lang='lat' dir='ltr'>filios</span> <span class='ocrx_word' id='word_1_213' title='bbox 1395 1343 1492 1399; x_wconf 85' lang='lat' dir='ltr'>ejus</span> <span class='ocrx_word' id='word_1_214' title='bbox 1526 1343 1812 1400; x_wconf 84' lang='lat' dir='ltr'>septuaginta</span> <span class='ocrx_word' id='word_1_215' title='bbox 1845 1344 1961 1386; x_wconf 85' lang='lat' dir='ltr'>viros</span> 
     </span>
     <span class='ocr_line' id='line_1_20' title="bbox 130 1400 1960 1458; baseline 0.001 -14"><span class='ocrx_word' id='word_1_216' title='bbox 130 1416 262 1458; x_wconf 85' lang='lat' dir='ltr'>super</span> <span class='ocrx_word' id='word_1_217' title='bbox 286 1416 423 1444; x_wconf 93' lang='lat' dir='ltr'>unum</span> <span class='ocrx_word' id='word_1_218' title='bbox 456 1400 672 1457; x_wconf 84' lang='lat' dir='ltr'>lapidem,</span> <span class='ocrx_word' id='word_1_219' title='bbox 700 1406 745 1443; x_wconf 91' lang='lat' dir='ltr'>et</span> <span class='ocrx_word' id='word_1_220' title='bbox 777 1400 1070 1444; x_wconf 90' lang='lat' dir='ltr'>constituistis</span> <span class='ocrx_word' id='word_1_221' title='bbox 1103 1415 1253 1456; x_wconf 90' lang='lat' dir='ltr'>regem</span> <span class='ocrx_word' id='word_1_222' title='bbox 1287 1402 1572 1457; x_wconf 86' lang='lat' dir='ltr'>Abimelech,</span> <span class='ocrx_word' id='word_1_223' title='bbox 1607 1402 1748 1445; x_wconf 89' lang='lat' dir='ltr'>filium</span> <span class='ocrx_word' id='word_1_224' title='bbox 1785 1403 1960 1446; x_wconf 81' lang='lat' dir='ltr'>ai.cillae</span> 
     </span>
     <span class='ocr_line' id='line_1_21' title="bbox 130 1459 1961 1517; baseline 0.001 -14"><span class='ocrx_word' id='word_1_225' title='bbox 130 1460 249 1516; x_wconf 86' lang='lat' dir='ltr'>ejus,</span> <span class='ocrx_word' id='word_1_226' title='bbox 273 1474 403 1516; x_wconf 89' lang='lat' dir='ltr'>super</span> <span class='ocrx_word' id='word_1_227' title='bbox 426 1459 699 1502; x_wconf 85' lang='lat' dir='ltr'>habitatores</span> <span class='ocrx_word' id='word_1_228' title='bbox 723 1459 918 1514; x_wconf 84' lang='lat' dir='ltr'>Sichem,</span> <span class='ocrx_word' id='word_1_229' title='bbox 938 1473 989 1502; x_wconf 93' lang='lat' dir='ltr'>eo</span> <span class='ocrx_word' id='word_1_230' title='bbox 1012 1459 1127 1514; x_wconf 88' lang='lat' dir='ltr'>quod</span> <span class='ocrx_word' id='word_1_231' title='bbox 1153 1460 1294 1502; x_wconf 75' lang='lat' dir='ltr'>frater</span> <span class='ocrx_word' id='word_1_232' title='bbox 1310 1468 1457 1503; x_wconf 91' lang='lat' dir='ltr'>vester</span> <span class='ocrx_word' id='word_1_233' title='bbox 1481 1461 1562 1516; x_wconf 85' lang='lat' dir='ltr'>sit3</span> <span class='ocrx_word' id='word_1_234' title='bbox 1592 1461 1627 1487; x_wconf 86' lang='lat'>¹9</span> <span class='ocrx_word' id='word_1_235' title='bbox 1648 1461 1685 1504; x_wconf 89' lang='lat' dir='ltr'>si</span> <span class='ocrx_word' id='word_1_236' title='bbox 1710 1476 1817 1517; x_wconf 87' lang='lat' dir='ltr'>ergo</span> <span class='ocrx_word' id='word_1_237' title='bbox 1843 1467 1961 1504; x_wconf 85' lang='lat' dir='ltr'>recte</span> 
     </span>
     <span class='ocr_line' id='line_1_22' title="bbox 130 1518 1960 1575; baseline 0 -13"><span class='ocrx_word' id='word_1_238' title='bbox 130 1524 176 1562; x_wconf 86' lang='lat' dir='ltr'>et</span> <span class='ocrx_word' id='word_1_239' title='bbox 207 1520 373 1574; x_wconf 89' lang='lat' dir='ltr'>absque</span> <span class='ocrx_word' id='word_1_240' title='bbox 402 1518 511 1561; x_wconf 89' lang='lat' dir='ltr'>vitio</span> <span class='ocrx_word' id='word_1_241' title='bbox 541 1518 695 1574; x_wconf 88' lang='lat' dir='ltr'>egistis</span> <span class='ocrx_word' id='word_1_242' title='bbox 732 1532 831 1560; x_wconf 89' lang='lat' dir='ltr'>cum</span> <span class='ocrx_word' id='word_1_243' title='bbox 862 1518 1072 1561; x_wconf 82' lang='lat' dir='ltr'>Jerobaal</span> <span class='ocrx_word' id='word_1_244' title='bbox 1105 1522 1150 1560; x_wconf 89' lang='lat' dir='ltr'>et</span> <span class='ocrx_word' id='word_1_245' title='bbox 1182 1518 1313 1562; x_wconf 91' lang='lat' dir='ltr'>domo</span> <span class='ocrx_word' id='word_1_246' title='bbox 1346 1520 1462 1575; x_wconf 83' lang='lat' dir='ltr'>ejus,</span> <span class='ocrx_word' id='word_1_247' title='bbox 1501 1520 1632 1563; x_wconf 92' lang='lat' dir='ltr'>hodie</span> <span class='ocrx_word' id='word_1_248' title='bbox 1666 1520 1883 1563; x_wconf 80' lang='lat' dir='ltr'>laetamini</span> <span class='ocrx_word' id='word_1_249' title='bbox 1915 1520 1960 1562; x_wconf 91' lang='lat' dir='ltr'>in</span> 
     </span>
     <span class='ocr_line' id='line_1_23' title="bbox 133 1575 1962 1635; baseline 0.001 -14"><span class='ocrx_word' id='word_1_250' title='bbox 133 1578 416 1633; x_wconf 89' lang='lat' dir='ltr'>Abimelech,</span> <span class='ocrx_word' id='word_1_251' title='bbox 451 1583 496 1620; x_wconf 88' lang='lat' dir='ltr'>et</span> <span class='ocrx_word' id='word_1_252' title='bbox 527 1576 605 1620; x_wconf 87' lang='lat' dir='ltr'>ille</span> <span class='ocrx_word' id='word_1_253' title='bbox 640 1576 816 1620; x_wconf 88' lang='lat' dir='ltr'>laetetur</span> <span class='ocrx_word' id='word_1_254' title='bbox 847 1577 894 1619; x_wconf 92' lang='lat' dir='ltr'>in</span> <span class='ocrx_word' id='word_1_255' title='bbox 925 1576 1064 1620; x_wconf 93' lang='lat' dir='ltr'>vobis.</span> <span class='ocrx_word' id='word_1_256' title='bbox 1099 1575 1136 1602; x_wconf 68' lang='lat'>20</span> <span class='ocrx_word' id='word_1_257' title='bbox 1159 1577 1235 1621; x_wconf 86' lang='lat' dir='ltr'>Sin</span> <span class='ocrx_word' id='word_1_258' title='bbox 1268 1583 1417 1621; x_wconf 91' lang='lat' dir='ltr'>autem</span> <span class='ocrx_word' id='word_1_259' title='bbox 1453 1593 1677 1635; x_wconf 88' lang='lat' dir='ltr'>perverse,</span> <span class='ocrx_word' id='word_1_260' title='bbox 1709 1579 1962 1635; x_wconf 69' lang='lat' dir='ltr'>egrediatur</span> 
     </span>
     <span class='ocr_line' id='line_1_24' title="bbox 131 1636 1961 1695; baseline 0.001 -15"><span class='ocrx_word' id='word_1_261' title='bbox 131 1637 248 1693; x_wconf 87' lang='lat' dir='ltr'>ignis</span> <span class='ocrx_word' id='word_1_262' title='bbox 274 1651 330 1680; x_wconf 82' lang='lat' dir='ltr'>ex</span> <span class='ocrx_word' id='word_1_263' title='bbox 354 1650 425 1692; x_wconf 90' lang='lat' dir='ltr'>eo,</span> <span class='ocrx_word' id='word_1_264' title='bbox 449 1640 494 1680; x_wconf 92' lang='lat' dir='ltr'>et</span> <span class='ocrx_word' id='word_1_265' title='bbox 519 1642 752 1679; x_wconf 87' lang='lat' dir='ltr'>consumat</span> <span class='ocrx_word' id='word_1_266' title='bbox 776 1636 1049 1679; x_wconf 84' lang='lat' dir='ltr'>habitatores</span> <span class='ocrx_word' id='word_1_267' title='bbox 1073 1636 1249 1680; x_wconf 87' lang='lat' dir='ltr'>Sichem</span> <span class='ocrx_word' id='word_1_268' title='bbox 1271 1641 1315 1679; x_wconf 93' lang='lat' dir='ltr'>et</span> <span class='ocrx_word' id='word_1_269' title='bbox 1338 1637 1548 1694; x_wconf 90' lang='lat' dir='ltr'>oppidum</span> <span class='ocrx_word' id='word_1_270' title='bbox 1574 1638 1733 1693; x_wconf 81' lang='lat' dir='ltr'>MeHo3</span> <span class='ocrx_word' id='word_1_271' title='bbox 1762 1638 1961 1695; x_wconf 88' lang='lat' dir='ltr'>egredia-</span> 
     </span>
     <span class='ocr_line' id='line_1_25' title="bbox 130 1694 1959 1752; baseline 0.002 -14"><span class='ocrx_word' id='word_1_272' title='bbox 130 1701 285 1751; x_wconf 89' lang='lat' dir='ltr'>turque</span> <span class='ocrx_word' id='word_1_273' title='bbox 314 1695 430 1752; x_wconf 88' lang='lat' dir='ltr'>ignis</span> <span class='ocrx_word' id='word_1_274' title='bbox 457 1695 512 1738; x_wconf 91' lang='lat' dir='ltr'>de</span> <span class='ocrx_word' id='word_1_275' title='bbox 535 1694 640 1739; x_wconf 88' lang='lat' dir='ltr'>viris</span> <span class='ocrx_word' id='word_1_276' title='bbox 668 1696 842 1740; x_wconf 87' lang='lat' dir='ltr'>Sichem</span> <span class='ocrx_word' id='word_1_277' title='bbox 869 1701 914 1738; x_wconf 91' lang='lat' dir='ltr'>et</span> <span class='ocrx_word' id='word_1_278' title='bbox 939 1695 993 1738; x_wconf 89' lang='lat' dir='ltr'>de</span> <span class='ocrx_word' id='word_1_279' title='bbox 1023 1695 1185 1752; x_wconf 92' lang='lat' dir='ltr'>oppido</span> <span class='ocrx_word' id='word_1_280' title='bbox 1213 1695 1367 1752; x_wconf 91' lang='lat' dir='ltr'>Mello,</span> <span class='ocrx_word' id='word_1_281' title='bbox 1399 1702 1444 1740; x_wconf 90' lang='lat' dir='ltr'>et</span> <span class='ocrx_word' id='word_1_282' title='bbox 1476 1697 1656 1740; x_wconf 90' lang='lat' dir='ltr'>devoret</span> <span class='ocrx_word' id='word_1_283' title='bbox 1682 1697 1959 1742; x_wconf 86' lang='lat' dir='ltr'>Abimelech.</span> 
     </span>
     <span class='ocr_line' id='line_1_26' title="bbox 128 1753 1960 1812; baseline 0.001 -14"><span class='ocrx_word' id='word_1_284' title='bbox 128 1753 163 1781; x_wconf 68' lang='lat'>2¹</span> <span class='ocrx_word' id='word_1_285' title='bbox 184 1755 290 1805; x_wconf 84' lang='lat' dir='ltr'>Quae</span> <span class='ocrx_word' id='word_1_286' title='bbox 313 1769 414 1798; x_wconf 89' lang='lat' dir='ltr'>cum</span> <span class='ocrx_word' id='word_1_287' title='bbox 439 1754 645 1811; x_wconf 80' lang='lat' dir='ltr'>dixisset,</span> <span class='ocrx_word' id='word_1_288' title='bbox 669 1755 810 1811; x_wconf 79' lang='lat' dir='ltr'>fugit,</span> <span class='ocrx_word' id='word_1_289' title='bbox 834 1759 879 1798; x_wconf 91' lang='lat' dir='ltr'>et</span> <span class='ocrx_word' id='word_1_290' title='bbox 902 1753 1015 1797; x_wconf 90' lang='lat' dir='ltr'>abiit</span> <span class='ocrx_word' id='word_1_291' title='bbox 1038 1754 1085 1796; x_wconf 89' lang='lat' dir='ltr'>in</span> <span class='ocrx_word' id='word_1_292' title='bbox 1113 1756 1245 1811; x_wconf 88' lang='lat' dir='ltr'>Bera,</span> <span class='ocrx_word' id='word_1_293' title='bbox 1270 1754 1579 1812; x_wconf 81' lang='lat' dir='ltr'>habitavitque</span> <span class='ocrx_word' id='word_1_294' title='bbox 1609 1755 1671 1798; x_wconf 93' lang='lat' dir='ltr'>ibi</span> <span class='ocrx_word' id='word_1_295' title='bbox 1704 1756 1760 1800; x_wconf 91' lang='lat' dir='ltr'>ob</span> <span class='ocrx_word' id='word_1_296' title='bbox 1792 1765 1960 1799; x_wconf 88' lang='lat' dir='ltr'>metum</span> 
     </span>
     <span class='ocr_line' id='line_1_27' title="bbox 129 1813 679 1858; baseline 0 -1"><span class='ocrx_word' id='word_1_297' title='bbox 129 1814 394 1858; x_wconf 90' lang='lat' dir='ltr'>Abimelech</span> <span class='ocrx_word' id='word_1_298' title='bbox 419 1813 573 1857; x_wconf 79' lang='lat' dir='ltr'>fratris</span> <span class='ocrx_word' id='word_1_299' title='bbox 598 1814 679 1857; x_wconf 91' lang='lat' dir='ltr'>sui.</span> 
     </span>
    </p>

    <p class='ocr_par' dir='ltr' id='par_1_3' title="bbox 126 1872 1961 2862">
     <span class='ocr_line' id='line_1_28' title="bbox 188 1872 1959 1931; baseline 0.001 -15"><span class='ocrx_word' id='word_1_300' title='bbox 188 1872 225 1899; x_wconf 73' lang='lat'>2²</span> <span class='ocrx_word' id='word_1_301' title='bbox 251 1872 477 1929; x_wconf 88' lang='lat' dir='ltr'>Regnavit</span> <span class='ocrx_word' id='word_1_302' title='bbox 511 1873 660 1929; x_wconf 85' lang='lat' dir='ltr'>itaque</span> <span class='ocrx_word' id='word_1_303' title='bbox 697 1873 961 1917; x_wconf 89' lang='lat' dir='ltr'>Abimelech</span> <span class='ocrx_word' id='word_1_304' title='bbox 997 1888 1126 1930; x_wconf 91' lang='lat' dir='ltr'>super</span> <span class='ocrx_word' id='word_1_305' title='bbox 1159 1874 1298 1918; x_wconf 89' lang='lat' dir='ltr'>Israel</span> <span class='ocrx_word' id='word_1_306' title='bbox 1336 1874 1477 1918; x_wconf 91' lang='lat' dir='ltr'>tribus</span> <span class='ocrx_word' id='word_1_307' title='bbox 1511 1875 1652 1919; x_wconf 89' lang='lat' dir='ltr'>annis.</span> <span class='ocrx_word' id='word_1_308' title='bbox 1687 1874 1724 1901; x_wconf 70' lang='lat'>23</span> <span class='ocrx_word' id='word_1_309' title='bbox 1750 1875 1959 1931; x_wconf 88' lang='lat' dir='ltr'>Misitque</span> 
     </span>
     <span class='ocr_line' id='line_1_29' title="bbox 130 1932 1960 1991; baseline 0.001 -16"><span class='ocrx_word' id='word_1_310' title='bbox 130 1932 347 1975; x_wconf 91' lang='lat' dir='ltr'>Dominus</span> <span class='ocrx_word' id='word_1_311' title='bbox 369 1932 574 1989; x_wconf 89' lang='lat' dir='ltr'>spiritum</span> <span class='ocrx_word' id='word_1_312' title='bbox 598 1932 839 1989; x_wconf 89' lang='lat' dir='ltr'>pessimum</span> <span class='ocrx_word' id='word_1_313' title='bbox 861 1932 979 1976; x_wconf 87' lang='lat' dir='ltr'>inter</span> <span class='ocrx_word' id='word_1_314' title='bbox 1003 1932 1266 1976; x_wconf 91' lang='lat' dir='ltr'>Abimelech</span> <span class='ocrx_word' id='word_1_315' title='bbox 1293 1938 1338 1977; x_wconf 88' lang='lat' dir='ltr'>et</span> <span class='ocrx_word' id='word_1_316' title='bbox 1363 1934 1635 1978; x_wconf 85' lang='lat' dir='ltr'>habitatores</span> <span class='ocrx_word' id='word_1_317' title='bbox 1661 1934 1858 1990; x_wconf 85' lang='lat' dir='ltr'>Sichem,</span> <span class='ocrx_word' id='word_1_318' title='bbox 1885 1935 1960 1991; x_wconf 91' lang='lat' dir='ltr'>qui</span> 
     </span>
     <span class='ocr_line' id='line_1_30' title="bbox 127 1991 1960 2051; baseline 0.001 -17"><span class='ocrx_word' id='word_1_319' title='bbox 127 1996 358 2048; x_wconf 88' lang='lat' dir='ltr'>coeperunt</span> <span class='ocrx_word' id='word_1_320' title='bbox 386 2006 487 2035; x_wconf 91' lang='lat' dir='ltr'>eum</span> <span class='ocrx_word' id='word_1_321' title='bbox 519 1991 751 2048; x_wconf 87' lang='lat' dir='ltr'>detestari,</span> <span class='ocrx_word' id='word_1_322' title='bbox 782 1991 818 2018; x_wconf 72' lang='lat'>2⁴</span> <span class='ocrx_word' id='word_1_323' title='bbox 841 1997 885 2035; x_wconf 89' lang='lat' dir='ltr'>et</span> <span class='ocrx_word' id='word_1_324' title='bbox 913 1991 1057 2035; x_wconf 87' lang='lat' dir='ltr'>scelus</span> <span class='ocrx_word' id='word_1_325' title='bbox 1090 1992 1417 2036; x_wconf 79' lang='lat' dir='ltr'>interfectionis</span> <span class='ocrx_word' id='word_1_326' title='bbox 1453 1993 1737 2051; x_wconf 84' lang='lat' dir='ltr'>septuaginta</span> <span class='ocrx_word' id='word_1_327' title='bbox 1770 1993 1960 2037; x_wconf 90' lang='lat' dir='ltr'>filiorum</span> 
     </span>
     <span class='ocr_line' id='line_1_31' title="bbox 127 2050 1960 2107; baseline 0.002 -14"><span class='ocrx_word' id='word_1_328' title='bbox 127 2050 361 2106; x_wconf 76' lang='lat' dir='ltr'>Jerobaal,</span> <span class='ocrx_word' id='word_1_329' title='bbox 385 2055 430 2093; x_wconf 91' lang='lat' dir='ltr'>et</span> <span class='ocrx_word' id='word_1_330' title='bbox 454 2050 719 2094; x_wconf 81' lang='lat' dir='ltr'>effusionem</span> <span class='ocrx_word' id='word_1_331' title='bbox 743 2051 973 2107; x_wconf 87' lang='lat' dir='ltr'>sanguinis</span> <span class='ocrx_word' id='word_1_332' title='bbox 998 2065 1149 2094; x_wconf 88' lang='lat' dir='ltr'>eorum</span> <span class='ocrx_word' id='word_1_333' title='bbox 1180 2052 1382 2095; x_wconf 81' lang='lat' dir='ltr'>conferre</span> <span class='ocrx_word' id='word_1_334' title='bbox 1408 2052 1454 2095; x_wconf 92' lang='lat' dir='ltr'>in</span> <span class='ocrx_word' id='word_1_335' title='bbox 1480 2052 1746 2096; x_wconf 89' lang='lat' dir='ltr'>Abimelech</span> <span class='ocrx_word' id='word_1_336' title='bbox 1771 2053 1960 2096; x_wconf 80' lang='lat' dir='ltr'>fratrem</span> 
     </span>
     <span class='ocr_line' id='line_1_32' title="bbox 127 2109 1959 2167; baseline 0.002 -15"><span class='ocrx_word' id='word_1_337' title='bbox 127 2124 276 2166; x_wconf 90' lang='lat' dir='ltr'>suum,</span> <span class='ocrx_word' id='word_1_338' title='bbox 300 2115 344 2153; x_wconf 92' lang='lat' dir='ltr'>et</span> <span class='ocrx_word' id='word_1_339' title='bbox 365 2109 411 2151; x_wconf 91' lang='lat' dir='ltr'>in</span> <span class='ocrx_word' id='word_1_340' title='bbox 437 2115 605 2153; x_wconf 89' lang='lat' dir='ltr'>ceteros</span> <span class='ocrx_word' id='word_1_341' title='bbox 630 2110 923 2153; x_wconf 87' lang='lat' dir='ltr'>Sichimorum</span> <span class='ocrx_word' id='word_1_342' title='bbox 948 2109 1194 2167; x_wconf 88' lang='lat' dir='ltr'>principes,</span> <span class='ocrx_word' id='word_1_343' title='bbox 1219 2112 1292 2167; x_wconf 90' lang='lat' dir='ltr'>qui</span> <span class='ocrx_word' id='word_1_344' title='bbox 1314 2126 1415 2154; x_wconf 91' lang='lat' dir='ltr'>eum</span> <span class='ocrx_word' id='word_1_345' title='bbox 1440 2112 1723 2167; x_wconf 84' lang='lat' dir='ltr'>adjuverant.</span> <span class='ocrx_word' id='word_1_346' title='bbox 1743 2111 1780 2138; x_wconf 70' lang='lat'>25</span> <span class='ocrx_word' id='word_1_347' title='bbox 1799 2112 1959 2155; x_wconf 89' lang='lat' dir='ltr'>Posue-</span> 
     </span>
     <span class='ocr_line' id='line_1_33' title="bbox 128 2168 1959 2225; baseline 0.002 -15"><span class='ocrx_word' id='word_1_348' title='bbox 128 2174 316 2224; x_wconf 89' lang='lat' dir='ltr'>runtque</span> <span class='ocrx_word' id='word_1_349' title='bbox 353 2168 539 2211; x_wconf 89' lang='lat' dir='ltr'>insidias</span> <span class='ocrx_word' id='word_1_350' title='bbox 575 2169 786 2214; x_wconf 87' lang='lat' dir='ltr'>adversus</span> <span class='ocrx_word' id='word_1_351' title='bbox 823 2184 925 2213; x_wconf 89' lang='lat' dir='ltr'>eum</span> <span class='ocrx_word' id='word_1_352' title='bbox 961 2169 1006 2212; x_wconf 91' lang='lat' dir='ltr'>in</span> <span class='ocrx_word' id='word_1_353' title='bbox 1043 2170 1302 2214; x_wconf 87' lang='lat' dir='ltr'>summitate</span> <span class='ocrx_word' id='word_1_354' title='bbox 1338 2171 1585 2225; x_wconf 84' lang='lat' dir='ltr'>montium3</span> <span class='ocrx_word' id='word_1_355' title='bbox 1626 2176 1670 2214; x_wconf 89' lang='lat' dir='ltr'>et</span> <span class='ocrx_word' id='word_1_356' title='bbox 1703 2171 1808 2214; x_wconf 92' lang='lat' dir='ltr'>dum</span> <span class='ocrx_word' id='word_1_357' title='bbox 1841 2171 1959 2214; x_wconf 89' lang='lat' dir='ltr'>illius</span> 
     </span>
     <span class='ocr_line' id='line_1_34' title="bbox 129 2227 1959 2287; baseline 0.002 -18"><span class='ocrx_word' id='word_1_358' title='bbox 129 2227 501 2284; x_wconf 78' lang='lat' dir='ltr'>praestolabantur</span> <span class='ocrx_word' id='word_1_359' title='bbox 518 2228 780 2284; x_wconf 88' lang='lat' dir='ltr'>adventum,</span> <span class='ocrx_word' id='word_1_360' title='bbox 800 2229 1069 2272; x_wconf 82' lang='lat' dir='ltr'>exercebant</span> <span class='ocrx_word' id='word_1_361' title='bbox 1094 2229 1348 2284; x_wconf 88' lang='lat' dir='ltr'>latrocinia,</span> <span class='ocrx_word' id='word_1_362' title='bbox 1368 2235 1552 2286; x_wconf 89' lang='lat' dir='ltr'>agentes</span> <span class='ocrx_word' id='word_1_363' title='bbox 1574 2230 1747 2287; x_wconf 78' lang='lat' dir='ltr'>praedas</span> <span class='ocrx_word' id='word_1_364' title='bbox 1773 2230 1828 2273; x_wconf 91' lang='lat' dir='ltr'>de</span> <span class='ocrx_word' id='word_1_365' title='bbox 1849 2245 1959 2286; x_wconf 81' lang='lat' dir='ltr'>prae-</span> 
     </span>
     <span class='ocr_line' id='line_1_35' title="bbox 127 2286 1959 2345; baseline 0.003 -17"><span class='ocrx_word' id='word_1_366' title='bbox 127 2286 430 2341; x_wconf 84' lang='lat' dir='ltr'>tereuntibus3</span> <span class='ocrx_word' id='word_1_367' title='bbox 473 2286 814 2342; x_wconf 88' lang='lat' dir='ltr'>nuntiatumque</span> <span class='ocrx_word' id='word_1_368' title='bbox 851 2292 918 2330; x_wconf 89' lang='lat' dir='ltr'>est</span> <span class='ocrx_word' id='word_1_369' title='bbox 950 2287 1229 2332; x_wconf 90' lang='lat' dir='ltr'>Abimelech.</span> <span class='ocrx_word' id='word_1_370' title='bbox 1260 2287 1297 2315; x_wconf 67' lang='lat'>2⁶</span> <span class='ocrx_word' id='word_1_371' title='bbox 1323 2290 1460 2332; x_wconf 89' lang='lat' dir='ltr'>Venit</span> <span class='ocrx_word' id='word_1_372' title='bbox 1491 2295 1641 2332; x_wconf 86' lang='lat' dir='ltr'>autem</span> <span class='ocrx_word' id='word_1_373' title='bbox 1675 2289 1809 2345; x_wconf 80' lang='lat' dir='ltr'>Gaal,</span> <span class='ocrx_word' id='word_1_374' title='bbox 1844 2289 1959 2333; x_wconf 89' lang='lat' dir='ltr'>filius</span> 
     </span>
     <span class='ocr_line' id='line_1_36' title="bbox 128 2345 1959 2405; baseline 0.002 -17"><span class='ocrx_word' id='word_1_375' title='bbox 128 2345 276 2401; x_wconf 89' lang='lat' dir='ltr'>Obed‚</span> <span class='ocrx_word' id='word_1_376' title='bbox 304 2360 404 2388; x_wconf 90' lang='lat' dir='ltr'>cum</span> <span class='ocrx_word' id='word_1_377' title='bbox 429 2345 643 2389; x_wconf 77' lang='lat' dir='ltr'>fratribus</span> <span class='ocrx_word' id='word_1_378' title='bbox 668 2347 778 2402; x_wconf 85' lang='lat' dir='ltr'>suis,</span> <span class='ocrx_word' id='word_1_379' title='bbox 806 2352 850 2390; x_wconf 89' lang='lat' dir='ltr'>et</span> <span class='ocrx_word' id='word_1_380' title='bbox 874 2346 1082 2390; x_wconf 80' lang='lat' dir='ltr'>transivit</span> <span class='ocrx_word' id='word_1_381' title='bbox 1106 2347 1151 2390; x_wconf 90' lang='lat' dir='ltr'>in</span> <span class='ocrx_word' id='word_1_382' title='bbox 1178 2347 1433 2392; x_wconf 84' lang='lat' dir='ltr'>Sichimam.</span> <span class='ocrx_word' id='word_1_383' title='bbox 1461 2348 1533 2391; x_wconf 91' lang='lat' dir='ltr'>Ad</span> <span class='ocrx_word' id='word_1_384' title='bbox 1560 2349 1688 2405; x_wconf 80' lang='lat' dir='ltr'>cujus</span> <span class='ocrx_word' id='word_1_385' title='bbox 1718 2349 1959 2392; x_wconf 89' lang='lat' dir='ltr'>adventum</span> 
     </span>
     <span class='ocr_line' id='line_1_37' title="bbox 127 2404 1957 2465; baseline 0.002 -18"><span class='ocrx_word' id='word_1_386' title='bbox 127 2405 264 2447; x_wconf 88' lang='lat' dir='ltr'>erecti</span> <span class='ocrx_word' id='word_1_387' title='bbox 299 2404 572 2448; x_wconf 86' lang='lat' dir='ltr'>habitatores</span> <span class='ocrx_word' id='word_1_388' title='bbox 612 2406 806 2461; x_wconf 87' lang='lat' dir='ltr'>Sichem,</span> <span class='ocrx_word' id='word_1_389' title='bbox 845 2404 880 2432; x_wconf 68' lang='lat'>9⁷</span> <span class='ocrx_word' id='word_1_390' title='bbox 907 2406 1072 2462; x_wconf 87' lang='lat' dir='ltr'>egressi</span> <span class='ocrx_word' id='word_1_391' title='bbox 1108 2411 1211 2449; x_wconf 91' lang='lat' dir='ltr'>sunt</span> <span class='ocrx_word' id='word_1_392' title='bbox 1246 2406 1293 2449; x_wconf 93' lang='lat' dir='ltr'>in</span> <span class='ocrx_word' id='word_1_393' title='bbox 1330 2422 1477 2465; x_wconf 85' lang='lat' dir='ltr'>agros,</span> <span class='ocrx_word' id='word_1_394' title='bbox 1515 2413 1746 2451; x_wconf 84' lang='lat' dir='ltr'>vastantes</span> <span class='ocrx_word' id='word_1_395' title='bbox 1779 2407 1957 2462; x_wconf 89' lang='lat' dir='ltr'>vineas,</span> 
     </span>
     <span class='ocr_line' id='line_1_38' title="bbox 129 2464 1960 2523; baseline 0.002 -17"><span class='ocrx_word' id='word_1_396' title='bbox 129 2477 324 2520; x_wconf 89' lang='lat' dir='ltr'>uvasque</span> <span class='ocrx_word' id='word_1_397' title='bbox 350 2464 599 2519; x_wconf 78' lang='lat' dir='ltr'>calcantes3</span> <span class='ocrx_word' id='word_1_398' title='bbox 628 2470 673 2507; x_wconf 89' lang='lat' dir='ltr'>et</span> <span class='ocrx_word' id='word_1_399' title='bbox 696 2465 831 2508; x_wconf 82' lang='lat' dir='ltr'>factis</span> <span class='ocrx_word' id='word_1_400' title='bbox 858 2465 1135 2508; x_wconf 85' lang='lat' dir='ltr'>cantantium</span> <span class='ocrx_word' id='word_1_401' title='bbox 1162 2465 1326 2521; x_wconf 90' lang='lat' dir='ltr'>choris,</span> <span class='ocrx_word' id='word_1_402' title='bbox 1354 2466 1542 2523; x_wconf 86' lang='lat' dir='ltr'>ingressi</span> <span class='ocrx_word' id='word_1_403' title='bbox 1572 2472 1675 2510; x_wconf 89' lang='lat' dir='ltr'>sunt</span> <span class='ocrx_word' id='word_1_404' title='bbox 1699 2467 1857 2509; x_wconf 80' lang='lat' dir='ltr'>fanum</span> <span class='ocrx_word' id='word_1_405' title='bbox 1888 2466 1960 2509; x_wconf 89' lang='lat' dir='ltr'>dei</span> 
     </span>
     <span class='ocr_line' id='line_1_39' title="bbox 126 2523 1957 2582; baseline 0.002 -17"><span class='ocrx_word' id='word_1_406' title='bbox 126 2523 216 2579; x_wconf 88' lang='lat' dir='ltr'>sui,</span> <span class='ocrx_word' id='word_1_407' title='bbox 240 2528 286 2566; x_wconf 91' lang='lat' dir='ltr'>et</span> <span class='ocrx_word' id='word_1_408' title='bbox 306 2523 422 2565; x_wconf 85' lang='lat' dir='ltr'>inter</span> <span class='ocrx_word' id='word_1_409' title='bbox 446 2523 597 2580; x_wconf 88' lang='lat' dir='ltr'>epulas</span> <span class='ocrx_word' id='word_1_410' title='bbox 624 2529 668 2566; x_wconf 89' lang='lat' dir='ltr'>et</span> <span class='ocrx_word' id='word_1_411' title='bbox 692 2524 852 2580; x_wconf 86' lang='lat' dir='ltr'>pocula</span> <span class='ocrx_word' id='word_1_412' title='bbox 876 2523 1207 2568; x_wconf 87' lang='lat' dir='ltr'>maledicebant</span> <span class='ocrx_word' id='word_1_413' title='bbox 1232 2524 1516 2582; x_wconf 88' lang='lat' dir='ltr'>Abimelech,</span> <span class='ocrx_word' id='word_1_414' title='bbox 1536 2525 1573 2553; x_wconf 72' lang='lat'>28</span> <span class='ocrx_word' id='word_1_415' title='bbox 1588 2526 1808 2568; x_wconf 89' lang='lat' dir='ltr'>clamante</span> <span class='ocrx_word' id='word_1_416' title='bbox 1832 2525 1957 2580; x_wconf 78' lang='lat' dir='ltr'>Gaal,</span> 
     </span>
     <span class='ocr_line' id='line_1_40' title="bbox 128 2581 1958 2639; baseline 0.002 -15"><span class='ocrx_word' id='word_1_417' title='bbox 128 2581 219 2625; x_wconf 88' lang='lat' dir='ltr'>filio</span> <span class='ocrx_word' id='word_1_418' title='bbox 250 2581 406 2626; x_wconf 90' lang='lat' dir='ltr'>Obed:</span> <span class='ocrx_word' id='word_1_419' title='bbox 435 2582 540 2634; x_wconf 90' lang='lat' dir='ltr'>Quis</span> <span class='ocrx_word' id='word_1_420' title='bbox 573 2587 641 2626; x_wconf 89' lang='lat' dir='ltr'>est</span> <span class='ocrx_word' id='word_1_421' title='bbox 672 2583 956 2639; x_wconf 88' lang='lat' dir='ltr'>Abimelech,</span> <span class='ocrx_word' id='word_1_422' title='bbox 988 2589 1034 2627; x_wconf 90' lang='lat' dir='ltr'>et</span> <span class='ocrx_word' id='word_1_423' title='bbox 1063 2597 1160 2639; x_wconf 84' lang='lat' dir='ltr'>quae</span> <span class='ocrx_word' id='word_1_424' title='bbox 1190 2589 1257 2627; x_wconf 88' lang='lat' dir='ltr'>est</span> <span class='ocrx_word' id='word_1_425' title='bbox 1291 2583 1486 2639; x_wconf 84' lang='lat' dir='ltr'>Sichem,</span> <span class='ocrx_word' id='word_1_426' title='bbox 1525 2590 1574 2628; x_wconf 91' lang='lat' dir='ltr'>ut</span> <span class='ocrx_word' id='word_1_427' title='bbox 1605 2585 1848 2628; x_wconf 87' lang='lat' dir='ltr'>serviamus</span> <span class='ocrx_word' id='word_1_428' title='bbox 1881 2584 1958 2627; x_wconf 81' lang='lat' dir='ltr'>ei?</span> 
     </span>
     <span class='ocr_line' id='line_1_41' title="bbox 129 2641 1960 2700; baseline 0.002 -17"><span class='ocrx_word' id='word_1_429' title='bbox 129 2641 357 2697; x_wconf 89' lang='lat' dir='ltr'>Numquid</span> <span class='ocrx_word' id='word_1_430' title='bbox 390 2656 479 2684; x_wconf 90' lang='lat' dir='ltr'>non</span> <span class='ocrx_word' id='word_1_431' title='bbox 511 2647 578 2685; x_wconf 88' lang='lat' dir='ltr'>est</span> <span class='ocrx_word' id='word_1_432' title='bbox 603 2641 718 2685; x_wconf 86' lang='lat' dir='ltr'>filius</span> <span class='ocrx_word' id='word_1_433' title='bbox 744 2643 975 2698; x_wconf 81' lang='lat' dir='ltr'>Jerobaal,</span> <span class='ocrx_word' id='word_1_434' title='bbox 1004 2648 1048 2686; x_wconf 91' lang='lat' dir='ltr'>et</span> <span class='ocrx_word' id='word_1_435' title='bbox 1072 2642 1304 2686; x_wconf 89' lang='lat' dir='ltr'>constituit</span> <span class='ocrx_word' id='word_1_436' title='bbox 1336 2642 1584 2700; x_wconf 89' lang='lat' dir='ltr'>principem</span> <span class='ocrx_word' id='word_1_437' title='bbox 1616 2644 1751 2687; x_wconf 89' lang='lat' dir='ltr'>Zebul</span> <span class='ocrx_word' id='word_1_438' title='bbox 1784 2658 1960 2687; x_wconf 90' lang='lat' dir='ltr'>servum</span> 
     </span>
     <span class='ocr_line' id='line_1_42' title="bbox 126 2700 1961 2758; baseline 0.001 -15"><span class='ocrx_word' id='word_1_439' title='bbox 126 2715 256 2743; x_wconf 87' lang='lat' dir='ltr'>suum</span> <span class='ocrx_word' id='word_1_440' title='bbox 288 2715 418 2757; x_wconf 92' lang='lat' dir='ltr'>super</span> <span class='ocrx_word' id='word_1_441' title='bbox 438 2700 553 2743; x_wconf 89' lang='lat' dir='ltr'>viros</span> <span class='ocrx_word' id='word_1_442' title='bbox 600 2703 737 2745; x_wconf 82' lang='lat' dir='ltr'>Emor</span> <span class='ocrx_word' id='word_1_443' title='bbox 786 2702 925 2758; x_wconf 88' lang='lat' dir='ltr'>patris</span> <span class='ocrx_word' id='word_1_444' title='bbox 959 2701 1169 2746; x_wconf 83' lang='lat' dir='ltr'>Sichem‘?</span> <span class='ocrx_word' id='word_1_445' title='bbox 1192 2702 1278 2745; x_wconf 87' lang='lat' dir='ltr'>Cur</span> <span class='ocrx_word' id='word_1_446' title='bbox 1303 2716 1407 2758; x_wconf 91' lang='lat' dir='ltr'>ergo</span> <span class='ocrx_word' id='word_1_447' title='bbox 1433 2702 1675 2746; x_wconf 88' lang='lat' dir='ltr'>serviemus</span> <span class='ocrx_word' id='word_1_448' title='bbox 1701 2702 1774 2746; x_wconf 83' lang='lat' dir='ltr'>ei?</span> <span class='ocrx_word' id='word_1_449' title='bbox 1799 2702 1837 2728; x_wconf 72' lang='lat'>29</span> <span class='ocrx_word' id='word_1_450' title='bbox 1855 2702 1961 2746; x_wconf 90' lang='lat' dir='ltr'>Uti-</span> 
     </span>
     <span class='ocr_line' id='line_1_43' title="bbox 128 2759 1958 2817; baseline 0.002 -16"><span class='ocrx_word' id='word_1_451' title='bbox 128 2773 234 2801; x_wconf 87' lang='lat' dir='ltr'>nam</span> <span class='ocrx_word' id='word_1_452' title='bbox 259 2759 386 2803; x_wconf 90' lang='lat' dir='ltr'>daret</span> <span class='ocrx_word' id='word_1_453' title='bbox 410 2759 571 2816; x_wconf 89' lang='lat' dir='ltr'>aliquis</span> <span class='ocrx_word' id='word_1_454' title='bbox 596 2761 809 2817; x_wconf 90' lang='lat' dir='ltr'>populum</span> <span class='ocrx_word' id='word_1_455' title='bbox 833 2761 968 2804; x_wconf 88' lang='lat' dir='ltr'>istum</span> <span class='ocrx_word' id='word_1_456' title='bbox 993 2761 1074 2804; x_wconf 88' lang='lat' dir='ltr'>sub</span> <span class='ocrx_word' id='word_1_457' title='bbox 1101 2775 1235 2804; x_wconf 91' lang='lat' dir='ltr'>manu</span> <span class='ocrx_word' id='word_1_458' title='bbox 1260 2775 1379 2817; x_wconf 89' lang='lat' dir='ltr'>mea,</span> <span class='ocrx_word' id='word_1_459' title='bbox 1407 2767 1457 2804; x_wconf 90' lang='lat' dir='ltr'>ut</span> <span class='ocrx_word' id='word_1_460' title='bbox 1479 2762 1704 2805; x_wconf 77' lang='lat' dir='ltr'>auferrem</span> <span class='ocrx_word' id='word_1_461' title='bbox 1730 2761 1783 2805; x_wconf 87' lang='lat' dir='ltr'>de</span> <span class='ocrx_word' id='word_1_462' title='bbox 1812 2761 1958 2805; x_wconf 89' lang='lat' dir='ltr'>medio</span> 
     </span>
     <span class='ocr_line' id='line_1_44' title="bbox 129 2818 418 2862; baseline 0.007 -2"><span class='ocrx_word' id='word_1_463' title='bbox 129 2818 418 2862; x_wconf 77' lang='lat' dir='ltr'>Abimelech!</span> 
     </span>
    </p>

    <p class='ocr_par' dir='ltr' id='par_1_4' title="bbox 126 2877 1956 3704">
     <span class='ocr_line' id='line_1_45' title="bbox 188 2877 1954 2937; baseline 0.003 -18"><span class='ocrx_word' id='word_1_464' title='bbox 188 2877 456 2934; x_wconf 87' lang='lat' dir='ltr'>Dictumque</span> <span class='ocrx_word' id='word_1_465' title='bbox 481 2883 548 2922; x_wconf 89' lang='lat' dir='ltr'>est</span> <span class='ocrx_word' id='word_1_466' title='bbox 573 2878 837 2923; x_wconf 89' lang='lat' dir='ltr'>Abimelech</span> <span class='ocrx_word' id='word_1_467' title='bbox 857 2895 865 2922; x_wconf 75' lang='grc' dir='ltr'>ε</span> <span class='ocrx_word' id='word_1_468' title='bbox 892 2879 1125 2936; x_wconf 86' lang='lat' dir='ltr'>Congrega</span> <span class='ocrx_word' id='word_1_469' title='bbox 1149 2879 1367 2923; x_wconf 85' lang='lat' dir='ltr'>exercitus</span> <span class='ocrx_word' id='word_1_470' title='bbox 1394 2879 1750 2937; x_wconf 88' lang='lat' dir='ltr'>multitudinem,</span> <span class='ocrx_word' id='word_1_471' title='bbox 1778 2885 1822 2924; x_wconf 91' lang='lat' dir='ltr'>et</span> <span class='ocrx_word' id='word_1_472' title='bbox 1840 2880 1954 2925; x_wconf 89' lang='lat' dir='ltr'>veni.</span> 
     </span>
     <span class='ocr_line' id='line_1_46' title="bbox 127 2936 1956 2997; baseline 0.002 -18"><span class='ocrx_word' id='word_1_473' title='bbox 127 2936 166 2963; x_wconf 79' lang='lat'>3⁰</span> <span class='ocrx_word' id='word_1_474' title='bbox 190 2936 325 2979; x_wconf 88' lang='lat' dir='ltr'>Zebul</span> <span class='ocrx_word' id='word_1_475' title='bbox 358 2937 497 2993; x_wconf 89' lang='lat' dir='ltr'>enim,</span> <span class='ocrx_word' id='word_1_476' title='bbox 531 2937 736 2994; x_wconf 88' lang='lat' dir='ltr'>princeps</span> <span class='ocrx_word' id='word_1_477' title='bbox 767 2937 984 2993; x_wconf 85' lang='lat' dir='ltr'>civitatis,</span> <span class='ocrx_word' id='word_1_478' title='bbox 1018 2938 1183 2982; x_wconf 89' lang='lat' dir='ltr'>auditis</span> <span class='ocrx_word' id='word_1_479' title='bbox 1215 2938 1493 2983; x_wconf 87' lang='lat' dir='ltr'>sermonibus</span> <span class='ocrx_word' id='word_1_480' title='bbox 1527 2940 1660 2996; x_wconf 87' lang='lat' dir='ltr'>Gaal,</span> <span class='ocrx_word' id='word_1_481' title='bbox 1695 2939 1776 2982; x_wconf 90' lang='lat' dir='ltr'>filii</span> <span class='ocrx_word' id='word_1_482' title='bbox 1807 2940 1956 2997; x_wconf 82' lang='lat' dir='ltr'>Obed‚</span> 
     </span>
     <span class='ocr_line' id='line_1_47' title="bbox 128 2995 1936 3055; baseline 0.002 -17"><span class='ocrx_word' id='word_1_483' title='bbox 128 2995 264 3039; x_wconf 88' lang='lat' dir='ltr'>iratus</span> <span class='ocrx_word' id='word_1_484' title='bbox 289 3001 357 3039; x_wconf 88' lang='lat' dir='ltr'>est</span> <span class='ocrx_word' id='word_1_485' title='bbox 380 2996 533 3053; x_wconf 90' lang='lat' dir='ltr'>valde,</span> <span class='ocrx_word' id='word_1_486' title='bbox 560 2996 594 3023; x_wconf 85' lang='lat'>3¹</span> <span class='ocrx_word' id='word_1_487' title='bbox 615 3003 660 3040; x_wconf 92' lang='lat' dir='ltr'>et</span> <span class='ocrx_word' id='word_1_488' title='bbox 683 2997 806 3040; x_wconf 90' lang='lat' dir='ltr'>misit</span> <span class='ocrx_word' id='word_1_489' title='bbox 837 2997 953 3041; x_wconf 86' lang='lat' dir='ltr'>clam</span> <span class='ocrx_word' id='word_1_490' title='bbox 986 2997 1042 3041; x_wconf 92' lang='lat' dir='ltr'>ad</span> <span class='ocrx_word' id='word_1_491' title='bbox 1075 2998 1340 3042; x_wconf 86' lang='lat' dir='ltr'>Abimelech</span> <span class='ocrx_word' id='word_1_492' title='bbox 1374 2999 1573 3055; x_wconf 90' lang='lat' dir='ltr'>nuntios,</span> <span class='ocrx_word' id='word_1_493' title='bbox 1601 2999 1754 3042; x_wconf 84' lang='lat' dir='ltr'>dicens</span> <span class='ocrx_word' id='word_1_494' title='bbox 1783 3016 1792 3043; x_wconf 76' lang='grc' dir='ltr'>ε</span> <span class='ocrx_word' id='word_1_495' title='bbox 1820 3000 1936 3042; x_wconf 89' lang='lat' dir='ltr'>Ecce</span> 
     </span>
     <span class='ocr_line' id='line_1_48' title="bbox 129 3055 1956 3115; baseline 0.001 -16"><span class='ocrx_word' id='word_1_496' title='bbox 129 3055 263 3111; x_wconf 87' lang='lat' dir='ltr'>Gaal,</span> <span class='ocrx_word' id='word_1_497' title='bbox 290 3055 406 3099; x_wconf 90' lang='lat' dir='ltr'>filius</span> <span class='ocrx_word' id='word_1_498' title='bbox 441 3056 586 3112; x_wconf 87' lang='lat' dir='ltr'>Obed‚</span> <span class='ocrx_word' id='word_1_499' title='bbox 617 3056 742 3100; x_wconf 88' lang='lat' dir='ltr'>venit</span> <span class='ocrx_word' id='word_1_500' title='bbox 772 3057 818 3099; x_wconf 93' lang='lat' dir='ltr'>in</span> <span class='ocrx_word' id='word_1_501' title='bbox 854 3056 1095 3101; x_wconf 86' lang='lat' dir='ltr'>Sichimam</span> <span class='ocrx_word' id='word_1_502' title='bbox 1128 3071 1229 3100; x_wconf 92' lang='lat' dir='ltr'>cum</span> <span class='ocrx_word' id='word_1_503' title='bbox 1261 3058 1476 3101; x_wconf 79' lang='lat' dir='ltr'>fratribus</span> <span class='ocrx_word' id='word_1_504' title='bbox 1509 3058 1618 3114; x_wconf 89' lang='lat' dir='ltr'>suis,</span> <span class='ocrx_word' id='word_1_505' title='bbox 1653 3063 1698 3102; x_wconf 91' lang='lat' dir='ltr'>et</span> <span class='ocrx_word' id='word_1_506' title='bbox 1731 3062 1956 3115; x_wconf 88' lang='lat' dir='ltr'>oppugnat</span> 
     </span>
     <span class='ocr_line' id='line_1_49' title="bbox 126 3113 1951 3174; baseline 0.002 -18"><span class='ocrx_word' id='word_1_507' title='bbox 126 3113 365 3157; x_wconf 88' lang='lat' dir='ltr'>adversum</span> <span class='ocrx_word' id='word_1_508' title='bbox 388 3119 432 3158; x_wconf 88' lang='lat' dir='ltr'>te</span> <span class='ocrx_word' id='word_1_509' title='bbox 463 3115 707 3160; x_wconf 87' lang='lat' dir='ltr'>civitatem.</span> <span class='ocrx_word' id='word_1_510' title='bbox 733 3115 770 3142; x_wconf 69' lang='lat'>32</span> <span class='ocrx_word' id='word_1_511' title='bbox 789 3117 924 3172; x_wconf 87' lang='lat' dir='ltr'>Surge</span> <span class='ocrx_word' id='word_1_512' title='bbox 950 3115 1099 3172; x_wconf 90' lang='lat' dir='ltr'>itaque</span> <span class='ocrx_word' id='word_1_513' title='bbox 1124 3122 1252 3160; x_wconf 91' lang='lat' dir='ltr'>nocte</span> <span class='ocrx_word' id='word_1_514' title='bbox 1280 3131 1380 3160; x_wconf 89' lang='lat' dir='ltr'>cum</span> <span class='ocrx_word' id='word_1_515' title='bbox 1401 3118 1564 3174; x_wconf 90' lang='lat' dir='ltr'>populo</span> <span class='ocrx_word' id='word_1_516' title='bbox 1589 3117 1663 3174; x_wconf 91' lang='lat' dir='ltr'>qui</span> <span class='ocrx_word' id='word_1_517' title='bbox 1692 3122 1840 3161; x_wconf 89' lang='lat' dir='ltr'>tecum</span> <span class='ocrx_word' id='word_1_518' title='bbox 1870 3122 1951 3173; x_wconf 88' lang='lat' dir='ltr'>est,</span> 
     </span>
     <span class='ocr_line' id='line_1_50' title="bbox 126 3172 1949 3233; baseline 0.002 -19"><span class='ocrx_word' id='word_1_519' title='bbox 126 3178 174 3215; x_wconf 88' lang='lat' dir='ltr'>et</span> <span class='ocrx_word' id='word_1_520' title='bbox 197 3172 327 3216; x_wconf 86' lang='lat' dir='ltr'>latita</span> <span class='ocrx_word' id='word_1_521' title='bbox 351 3173 398 3216; x_wconf 92' lang='lat' dir='ltr'>in</span> <span class='ocrx_word' id='word_1_522' title='bbox 427 3188 556 3230; x_wconf 81' lang='lat' dir='ltr'>agr03</span> <span class='ocrx_word' id='word_1_523' title='bbox 581 3174 618 3201; x_wconf 84' lang='lat'>33</span> <span class='ocrx_word' id='word_1_524' title='bbox 635 3180 681 3218; x_wconf 91' lang='lat' dir='ltr'>et</span> <span class='ocrx_word' id='word_1_525' title='bbox 708 3175 850 3232; x_wconf 90' lang='lat' dir='ltr'>primo</span> <span class='ocrx_word' id='word_1_526' title='bbox 875 3189 1025 3231; x_wconf 91' lang='lat' dir='ltr'>mane,</span> <span class='ocrx_word' id='word_1_527' title='bbox 1054 3175 1220 3219; x_wconf 89' lang='lat' dir='ltr'>oriente</span> <span class='ocrx_word' id='word_1_528' title='bbox 1253 3176 1365 3233; x_wconf 87' lang='lat' dir='ltr'>sole,</span> <span class='ocrx_word' id='word_1_529' title='bbox 1395 3176 1511 3220; x_wconf 88' lang='lat' dir='ltr'>irrue</span> <span class='ocrx_word' id='word_1_530' title='bbox 1541 3191 1671 3233; x_wconf 89' lang='lat' dir='ltr'>super</span> <span class='ocrx_word' id='word_1_531' title='bbox 1697 3176 1949 3231; x_wconf 79' lang='lat' dir='ltr'>civitatem3</span> 
     </span>
     <span class='ocr_line' id='line_1_51' title="bbox 127 3231 1953 3292; baseline 0.002 -19"><span class='ocrx_word' id='word_1_532' title='bbox 127 3231 206 3275; x_wconf 90' lang='lat' dir='ltr'>illo</span> <span class='ocrx_word' id='word_1_533' title='bbox 227 3237 377 3276; x_wconf 90' lang='lat' dir='ltr'>autem</span> <span class='ocrx_word' id='word_1_534' title='bbox 401 3233 658 3290; x_wconf 87' lang='lat' dir='ltr'>egrediente</span> <span class='ocrx_word' id='word_1_535' title='bbox 682 3234 920 3278; x_wconf 83' lang='lat' dir='ltr'>adversum</span> <span class='ocrx_word' id='word_1_536' title='bbox 944 3239 987 3277; x_wconf 92' lang='lat' dir='ltr'>te</span> <span class='ocrx_word' id='word_1_537' title='bbox 1011 3248 1111 3278; x_wconf 91' lang='lat' dir='ltr'>cum</span> <span class='ocrx_word' id='word_1_538' title='bbox 1133 3235 1294 3292; x_wconf 90' lang='lat' dir='ltr'>populo</span> <span class='ocrx_word' id='word_1_539' title='bbox 1319 3250 1418 3291; x_wconf 89' lang='lat' dir='ltr'>suo,</span> <span class='ocrx_word' id='word_1_540' title='bbox 1444 3236 1521 3279; x_wconf 83' lang='lat' dir='ltr'>fac</span> <span class='ocrx_word' id='word_1_541' title='bbox 1543 3235 1583 3280; x_wconf 89' lang='lat' dir='ltr'>ei</span> <span class='ocrx_word' id='word_1_542' title='bbox 1608 3236 1722 3292; x_wconf 90' lang='lat' dir='ltr'>quod</span> <span class='ocrx_word' id='word_1_543' title='bbox 1749 3235 1953 3292; x_wconf 90' lang='lat' dir='ltr'>potueris.</span> 
     </span>
     <span class='ocr_line' id='line_1_52' title="bbox 128 3289 1955 3351; baseline 0 -16"><span class='ocrx_word' id='word_1_544' title='bbox 128 3289 166 3316; x_wconf 75' lang='lat'>34</span> <span class='ocrx_word' id='word_1_545' title='bbox 184 3291 382 3335; x_wconf 88' lang='lat' dir='ltr'>Surrexit</span> <span class='ocrx_word' id='word_1_546' title='bbox 413 3291 562 3348; x_wconf 86' lang='lat' dir='ltr'>itaque</span> <span class='ocrx_word' id='word_1_547' title='bbox 588 3292 853 3337; x_wconf 88' lang='lat' dir='ltr'>Abimelech</span> <span class='ocrx_word' id='word_1_548' title='bbox 883 3307 984 3336; x_wconf 87' lang='lat' dir='ltr'>cum</span> <span class='ocrx_word' id='word_1_549' title='bbox 1016 3294 1135 3337; x_wconf 91' lang='lat' dir='ltr'>omni</span> <span class='ocrx_word' id='word_1_550' title='bbox 1160 3294 1359 3338; x_wconf 89' lang='lat' dir='ltr'>exercitu</span> <span class='ocrx_word' id='word_1_551' title='bbox 1391 3309 1469 3338; x_wconf 92' lang='lat' dir='ltr'>suo</span> <span class='ocrx_word' id='word_1_552' title='bbox 1505 3300 1655 3351; x_wconf 89' lang='lat' dir='ltr'>nocte,</span> <span class='ocrx_word' id='word_1_553' title='bbox 1690 3300 1734 3338; x_wconf 90' lang='lat' dir='ltr'>et</span> <span class='ocrx_word' id='word_1_554' title='bbox 1766 3293 1955 3337; x_wconf 88' lang='lat' dir='ltr'>tetendit</span> 
     </span>
     <span class='ocr_line' id='line_1_53' title="bbox 127 3349 1955 3410; baseline 0.002 -19"><span class='ocrx_word' id='word_1_555' title='bbox 127 3349 314 3394; x_wconf 90' lang='lat' dir='ltr'>insidias</span> <span class='ocrx_word' id='word_1_556' title='bbox 341 3351 473 3407; x_wconf 79' lang='lat' dir='ltr'>juxta</span> <span class='ocrx_word' id='word_1_557' title='bbox 498 3352 741 3396; x_wconf 89' lang='lat' dir='ltr'>Sichimam</span> <span class='ocrx_word' id='word_1_558' title='bbox 766 3353 811 3395; x_wconf 90' lang='lat' dir='ltr'>in</span> <span class='ocrx_word' id='word_1_559' title='bbox 837 3357 1022 3408; x_wconf 92' lang='lat' dir='ltr'>quatuor</span> <span class='ocrx_word' id='word_1_560' title='bbox 1050 3352 1172 3397; x_wconf 88' lang='lat' dir='ltr'>locis.</span> <span class='ocrx_word' id='word_1_561' title='bbox 1198 3353 1235 3380; x_wconf 82' lang='lat'>3⁵</span> <span class='ocrx_word' id='word_1_562' title='bbox 1254 3354 1554 3410; x_wconf 87' lang='lat' dir='ltr'>Egressusque</span> <span class='ocrx_word' id='word_1_563' title='bbox 1580 3360 1646 3397; x_wconf 92' lang='lat' dir='ltr'>est</span> <span class='ocrx_word' id='word_1_564' title='bbox 1680 3353 1812 3408; x_wconf 87' lang='lat' dir='ltr'>Gaal,</span> <span class='ocrx_word' id='word_1_565' title='bbox 1840 3352 1955 3395; x_wconf 91' lang='lat' dir='ltr'>filius</span> 
     </span>
     <span class='ocr_line' id='line_1_54' title="bbox 129 3408 1956 3469; baseline 0.002 -18"><span class='ocrx_word' id='word_1_566' title='bbox 129 3408 276 3465; x_wconf 87' lang='lat' dir='ltr'>Obed‚</span> <span class='ocrx_word' id='word_1_567' title='bbox 303 3416 349 3454; x_wconf 88' lang='lat' dir='ltr'>et</span> <span class='ocrx_word' id='word_1_568' title='bbox 372 3410 498 3454; x_wconf 89' lang='lat' dir='ltr'>stetit</span> <span class='ocrx_word' id='word_1_569' title='bbox 522 3411 569 3454; x_wconf 92' lang='lat' dir='ltr'>in</span> <span class='ocrx_word' id='word_1_570' title='bbox 590 3411 774 3454; x_wconf 88' lang='lat' dir='ltr'>introitu</span> <span class='ocrx_word' id='word_1_571' title='bbox 798 3417 938 3469; x_wconf 85' lang='lat' dir='ltr'>portae</span> <span class='ocrx_word' id='word_1_572' title='bbox 964 3411 1186 3468; x_wconf 86' lang='lat' dir='ltr'>civitatis;</span> <span class='ocrx_word' id='word_1_573' title='bbox 1211 3413 1400 3456; x_wconf 88' lang='lat' dir='ltr'>surrexit</span> <span class='ocrx_word' id='word_1_574' title='bbox 1425 3419 1574 3456; x_wconf 89' lang='lat' dir='ltr'>autem</span> <span class='ocrx_word' id='word_1_575' title='bbox 1600 3411 1884 3467; x_wconf 86' lang='lat' dir='ltr'>Abimelech,</span> <span class='ocrx_word' id='word_1_576' title='bbox 1911 3416 1956 3455; x_wconf 87' lang='lat' dir='ltr'>et</span> 
     </span>
     <span class='ocr_line' id='line_1_55' title="bbox 129 3467 1954 3528; baseline 0.002 -19"><span class='ocrx_word' id='word_1_577' title='bbox 129 3467 273 3511; x_wconf 90' lang='lat' dir='ltr'>omnis</span> <span class='ocrx_word' id='word_1_578' title='bbox 298 3469 517 3513; x_wconf 86' lang='lat' dir='ltr'>exercitus</span> <span class='ocrx_word' id='word_1_579' title='bbox 547 3484 647 3513; x_wconf 88' lang='lat' dir='ltr'>cum</span> <span class='ocrx_word' id='word_1_580' title='bbox 673 3484 724 3514; x_wconf 88' lang='lat' dir='ltr'>eo</span> <span class='ocrx_word' id='word_1_581' title='bbox 748 3471 803 3514; x_wconf 92' lang='lat' dir='ltr'>de</span> <span class='ocrx_word' id='word_1_582' title='bbox 827 3470 1090 3514; x_wconf 89' lang='lat' dir='ltr'>insidiarum</span> <span class='ocrx_word' id='word_1_583' title='bbox 1115 3471 1225 3515; x_wconf 92' lang='grc'>1000.</span> <span class='ocrx_word' id='word_1_584' title='bbox 1252 3471 1289 3498; x_wconf 72' lang='lat'>3⁶</span> <span class='ocrx_word' id='word_1_585' title='bbox 1307 3472 1504 3528; x_wconf 87' lang='lat' dir='ltr'>Cumque</span> <span class='ocrx_word' id='word_1_586' title='bbox 1530 3471 1714 3514; x_wconf 88' lang='lat' dir='ltr'>vidisset</span> <span class='ocrx_word' id='word_1_587' title='bbox 1742 3470 1954 3527; x_wconf 90' lang='lat' dir='ltr'>populum</span> 
     </span>
     <span class='ocr_line' id='line_1_56' title="bbox 131 3526 1954 3582; baseline 0.003 -14"><span class='ocrx_word' id='word_1_588' title='bbox 131 3526 266 3582; x_wconf 87' lang='lat' dir='ltr'>Gaal,</span> <span class='ocrx_word' id='word_1_589' title='bbox 300 3527 415 3571; x_wconf 87' lang='lat' dir='ltr'>dixit</span> <span class='ocrx_word' id='word_1_590' title='bbox 443 3529 500 3572; x_wconf 90' lang='lat' dir='ltr'>ad</span> <span class='ocrx_word' id='word_1_591' title='bbox 532 3529 701 3574; x_wconf 89' lang='lat' dir='ltr'>Zebul:</span> <span class='ocrx_word' id='word_1_592' title='bbox 730 3531 845 3573; x_wconf 89' lang='lat' dir='ltr'>Ecce</span> <span class='ocrx_word' id='word_1_593' title='bbox 875 3529 929 3573; x_wconf 89' lang='lat' dir='ltr'>de</span> <span class='ocrx_word' id='word_1_594' title='bbox 961 3530 1186 3574; x_wconf 89' lang='lat' dir='ltr'>montibus</span> <span class='ocrx_word' id='word_1_595' title='bbox 1215 3530 1454 3574; x_wconf 91' lang='lat' dir='ltr'>multitudo</span> <span class='ocrx_word' id='word_1_596' title='bbox 1488 3530 1730 3573; x_wconf 89' lang='lat' dir='ltr'>descendit.</span> <span class='ocrx_word' id='word_1_597' title='bbox 1766 3528 1846 3572; x_wconf 87' lang='lat' dir='ltr'>Cui</span> <span class='ocrx_word' id='word_1_598' title='bbox 1879 3528 1954 3573; x_wconf 88' lang='lat' dir='ltr'>ille</span> 
     </span>
     <span class='ocr_line' id='line_1_57' title="bbox 131 3586 1954 3646; baseline 0.003 -20"><span class='ocrx_word' id='word_1_599' title='bbox 131 3586 384 3640; x_wconf 87' lang='lat' dir='ltr'>respondit:</span> <span class='ocrx_word' id='word_1_600' title='bbox 413 3588 604 3631; x_wconf 87' lang='lat' dir='ltr'>Umbras</span> <span class='ocrx_word' id='word_1_601' title='bbox 631 3589 847 3632; x_wconf 90' lang='lat' dir='ltr'>montium</span> <span class='ocrx_word' id='word_1_602' title='bbox 869 3589 994 3632; x_wconf 89' lang='lat' dir='ltr'>vides</span> <span class='ocrx_word' id='word_1_603' title='bbox 1019 3589 1145 3645; x_wconf 89' lang='lat' dir='ltr'>quasi</span> <span class='ocrx_word' id='word_1_604' title='bbox 1170 3589 1318 3646; x_wconf 89' lang='lat' dir='ltr'>capita</span> <span class='ocrx_word' id='word_1_605' title='bbox 1346 3589 1596 3644; x_wconf 86' lang='lat' dir='ltr'>hominum,</span> <span class='ocrx_word' id='word_1_606' title='bbox 1629 3594 1672 3632; x_wconf 89' lang='lat' dir='ltr'>et</span> <span class='ocrx_word' id='word_1_607' title='bbox 1700 3589 1782 3631; x_wconf 90' lang='lat' dir='ltr'>hoc</span> <span class='ocrx_word' id='word_1_608' title='bbox 1811 3603 1954 3632; x_wconf 87' lang='lat' dir='ltr'>errore</span> 
     </span>
     <span class='ocr_line' id='line_1_58' title="bbox 130 3641 1953 3704; baseline 0.003 -20"><span class='ocrx_word' id='word_1_609' title='bbox 130 3641 363 3699; x_wconf 88' lang='lat' dir='ltr'>deciperis.</span> <span class='ocrx_word' id='word_1_610' title='bbox 379 3644 414 3672; x_wconf 80' lang='lat'>3⁷</span> <span class='ocrx_word' id='word_1_611' title='bbox 431 3647 706 3704; x_wconf 86' lang='lat' dir='ltr'>Rursumque</span> <span class='ocrx_word' id='word_1_612' title='bbox 729 3647 842 3692; x_wconf 83' lang='lat' dir='ltr'>Gaal</span> <span class='ocrx_word' id='word_1_613' title='bbox 863 3647 956 3695; x_wconf 80' lang='lat' dir='ltr'>ait:</span> <span class='ocrx_word' id='word_1_614' title='bbox 981 3649 1096 3692; x_wconf 89' lang='lat' dir='ltr'>Ecce</span> <span class='ocrx_word' id='word_1_615' title='bbox 1113 3649 1300 3704; x_wconf 90' lang='lat' dir='ltr'>populus</span> <span class='ocrx_word' id='word_1_616' title='bbox 1319 3647 1373 3691; x_wconf 91' lang='lat' dir='ltr'>de</span> <span class='ocrx_word' id='word_1_617' title='bbox 1390 3647 1603 3690; x_wconf 89' lang='lat' dir='ltr'>umbilico</span> <span class='ocrx_word' id='word_1_618' title='bbox 1625 3653 1752 3691; x_wconf 80' lang='lat' dir='ltr'>terrae</span> <span class='ocrx_word' id='word_1_619' title='bbox 1772 3647 1953 3691; x_wconf 87' lang='lat' dir='ltr'>descen-</span> 
     </span>
    </p>
   </div>
   <div class='ocr_carea' id='block_1_3' title="bbox 2025 1888 2267 2051">
    <p class='ocr_par' dir='ltr' id='par_1_5' title="bbox 2025 1888 2267 2051">
     <span class='ocr_line' id='line_1_59' title="bbox 2025 1888 2267 1917; baseline -0.004 0"><span class='ocrx_word' id='word_1_620' title='bbox 2025 1888 2152 1917; x_wconf 80' lang='lat' dir='ltr'>seditio</span> <span class='ocrx_word' id='word_1_621' title='bbox 2163 1888 2267 1917; x_wconf 83' lang='lat' dir='ltr'>Sichi-</span> 
     </span>
     <span class='ocr_line' id='line_1_60' title="bbox 2067 1932 2226 1961; baseline -0.006 0"><span class='ocrx_word' id='word_1_622' title='bbox 2067 1932 2226 1961; x_wconf 84' lang='lat' dir='ltr'>mitarum</span> 
     </span>
     <span class='ocr_line' id='line_1_61' title="bbox 2128 1976 2161 2005; baseline 0 0"><span class='ocrx_word' id='word_1_623' title='bbox 2128 1976 2161 2005; x_wconf 92' lang='lat' dir='ltr'>in</span> 
     </span>
     <span class='ocr_line' id='line_1_62' title="bbox 2043 2019 2247 2051; baseline 0.01 -3"><span class='ocrx_word' id='word_1_624' title='bbox 2043 2019 2247 2051; x_wconf 80' lang='lat' dir='ltr'>Abimelech.</span> 
     </span>
    </p>
   </div>
   <div class='ocr_carea' id='block_1_4' title="bbox 2022 2892 2263 3009">
    <p class='ocr_par' dir='ltr' id='par_1_6' title="bbox 2022 2892 2263 3009">
     <span class='ocr_line' id='line_1_63' title="bbox 2102 2892 2190 2920; baseline 0 0"><span class='ocrx_word' id='word_1_625' title='bbox 2102 2892 2190 2920; x_wconf 83' lang='lat' dir='ltr'>Urbs</span> 
     </span>
     <span class='ocr_line' id='line_1_64' title="bbox 2052 2935 2240 2964; baseline 0.011 -2"><span class='ocrx_word' id='word_1_626' title='bbox 2052 2935 2240 2964; x_wconf 80' lang='lat' dir='ltr'>debellatur</span> 
     </span>
     <span class='ocr_line' id='line_1_65' title="bbox 2022 2979 2263 3009; baseline 0.004 -1"><span class='ocrx_word' id='word_1_627' title='bbox 2022 2983 2056 3008; x_wconf 87' lang='lat' dir='ltr'>et</span> <span class='ocrx_word' id='word_1_628' title='bbox 2065 2979 2263 3009; x_wconf 83' lang='lat' dir='ltr'>destruitur.</span> 
     </span>
    </p>
   </div>
  </div>
 </body>
</html>
