2423 3861
760 150 864 191 Lm
905 150 943 203 1,
978 151 1033 192 54
1066 174 1123 180 —
1156 149 1225 195 11,
1260 149 1298 190 3.
1708 194 1715 203 ,
1827 150 1938 192 1153

411 327 454 364 et
480 322 639 364 divites
665 321 833 363 dimisit
859 322 1025 365 inanes,

292 379 327 406 5²
351 379 549 436 Suscepit
575 380 734 430 Israel,
762 395 943 437 puerum
965 395 1113 436 suum,

409 438 662 482 recordatus
685 439 996 482 miscricordiae
1022 454 1113 482 suae
1136 457 1144 483 :

291 497 328 523 5⁵
349 497 462 540 sicut
487 497 661 540 locutus
687 503 752 540 est
773 498 829 540 ad
854 503 999 554 patres
1021 504 1210 553 nostros,

412 556 639 599 Abraham
666 562 708 599 et
733 556 889 600 semini
917 557 1014 611 ejus
1041 557 1085 598 in
1111 557 1287 602 saecula.

112 616 148 641 ⁵⁶
166 615 330 658 Mansit
352 622 501 659 autem
532 615 674 657 Maria
700 629 799 657 cum
823 615 899 656 illa
925 615 1049 669 quasi
1078 615 1302 657 mensibus
1333 616 1499 671 tribus,
1531 621 1573 659 et
1599 630 1772 658 reversa
1801 620 1868 657 est
1896 615 1936 656 in

111 674 293 716 domum
319 689 457 719 suam.

170 732 205 758 5⁷
235 734 465 777 Elisabeth
499 739 649 776 autem
683 732 915 788 impletum
946 739 1011 775 est
1045 737 1218 787 tempus
1253 732 1474 788 pariendi,
1509 738 1551 775 et
1581 734 1750 790 peperit
1783 732 1936 775 filiurn.
2055 741 2196 791 ’l⁴'f¹m¹³³

111 792 146 817 5⁸
171 793 227 834 Et
252 792 486 835 audierunt
508 791 643 835 vicini
670 796 714 834 et
739 791 917 846 cognati
944 791 1040 846 ejus
1067 790 1168 845 quia
1195 790 1501 845 magnificavit
1529 792 1745 834 Dominus
1772 791 1938 833 miseri-
2002 791 2169 846 nau-vna?
2195 790 2244 845 ,Ψ

111 850 309 893 cordiam
334 865 458 894 suam
489 865 590 893 cum
617 850 714 905 illa,
746 854 789 892 et
819 849 1244 904 congratulabantur
1273 849 1326 892 ei.
1353 849 1390 876 5⁰
1416 851 1472 892 Et
1502 850 1675 893 factum
1703 856 1767 893 est
1792 851 1837 892 in
1868 850 1938 893 die
2013 837 2234 860 cmunmsn.

111 915 280 965 octavo,
299 915 518 953 venerunt
535 907 850 952 circumcidere
869 922 1066 964 puerum,
1087 912 1130 950 et
1148 908 1372 951 vocabant
1390 922 1489 951 eum
1513 909 1690 952 nomine
1713 909 1848 965 patris
1871 909 1936 951 sui

111 969 384 1011 Zachariam.
415 968 452 994 ⁶⁰
477 970 532 1010 Et
563 967 833 1024 respondens
866 973 1007 1010 mater
1033 967 1150 1022 ejus,
1182 966 1324 1010 dixit:
1359 968 1670 1023 Nequaquam,
1703 967 1780 1010 sed
1811 981 1938 1010 voca-

110 1027 229 1069 bitur
254 1028 282 1070 J
287 1041 463 1070 oannes.
487 1026 520 1053 61
550 1027 607 1069 Εῖ
633 1025 840 1069 dixerunt
864 1025 921 1068 ad
946 1025 1099 1069 illam:
1122 1025 1233 1076 Quia
1259 1040 1387 1069 nemo
1414 1027 1544 1069 estin
1573 1026 1838 1082 cognatione
1865 1032 1939 1068 tua

111 1086 182 1141 qui
209 1092 391 1129 vocetur
415 1086 497 1128 hoc
521 1085 712 1128 nomine.
731 1083 768 1111 θ’]
786 1085 1041 1128 Innuebant
1061 1090 1212 1128 autem
1237 1085 1352 1141 patri
1372 1085 1468 1142 ejus
1491 1099 1622 1141 quem
1639 1085 1773 1128 vellet
1791 1085 1939 1127 vocari

110 1159 223 1189 eum.
244 1144 281 1171 ⁶3
300 1145 356 1187 Et
378 1145 607 1201 postulans
629 1143 895 1201 pugillarem
916 1143 1111 1201 scripsit,
1139 1143 1315 1189 dicens:
1338 1145 1366 1188 ‚J
1371 1159 1535 1188 oannes
1558 1150 1623 1188 est
1646 1158 1805 1187 nomen
1815 1143 1938 1199 ejus.

114 1204 167 1248 Et
192 1204 340 1246 mirati
363 1210 465 1246 sunt
490 1203 698 1246 universi.
722 1202 758 1230 ‘34
774 1204 990 1260 Apertum
1013 1207 1080 1246 est
1096 1208 1246 1246 autem
1268 1203 1390 1246 illico
1412 1218 1458 1246 os
1481 1203 1579 1260 ejus
1597 1208 1641 1247 et
1658 1203 1810 1258 lingua
1830 1202 1938 1258 ejus,

109 1269 153 1307 et
177 1263 441 1318 loquebatur
465 1263 733 1306 benedicens
760 1263 918 1305 Deum.
945 1262 982 1288 ⁰5
1005 1263 1062 1305 Et
1087 1262 1235 1305 factus
1261 1268 1327 1306 est
1352 1263 1485 1306 timor
1505 1277 1636 1320 super
1658 1275 1809 1305 omnes
1831 1261 1938 1303 vici-

108 1337 186 1366 nos
213 1336 382 1378 eorum,
411 1327 454 1365 et
479 1336 609 1378 super
636 1321 783 1365 omnia
816 1326 1027 1364 montana
1054 1322 1081 1364 J
1087 1321 1226 1365 udaeae
1261 1321 1609 1377 divulgabantur
1634 1320 1783 1364 omnia
1805 1320 1940 1363 verba

108 1382 227 1436 haec3
257 1381 293 1408 ⁶⁶
311 1386 353 1424 et
378 1387 621 1438 posuerunt
647 1395 797 1423 omnes
823 1380 899 1436 qui
930 1380 1164 1424 audierant
1192 1381 1238 1423 in
1264 1381 1393 1424 corde
1422 1394 1521 1436 suo,
1549 1381 1746 1424 dicentes
1773 1397 1782 1424 :
1812 1379 1936 1435 Quis,

108 1445 256 1497 putas,
283 1454 393 1497 puer
412 1442 496 1484 iste
522 1439 638 1483 erit?
669 1440 849 1483 Etenim
875 1454 1032 1482 manus
1063 1440 1244 1482 Domini
1271 1445 1364 1483 erat
1390 1455 1489 1483 cum
1515 1440 1605 1483 illo.
1633 1439 1667 1466 67
1691 1440 1745 1482 Et
1774 1438 1938 1482 Zacha-

106 1499 212 1555 rias,
237 1505 362 1557 pater
384 1500 502 1556 ejus,
529 1499 723 1556 repletus
746 1503 812 1541 est
836 1498 1002 1555 Spiritu
1024 1505 1202 1553 sancto;
1228 1504 1271 1542 et
1297 1499 1600 1556 prophetavit,
1629 1499 1805 1542 dicens:

284 1557 321 1584 ⁰8
343 1558 613 1602 Benedictus
637 1558 853 1601 Dominus
880 1558 1000 1600 Deus
1022 1558 1182 1613 Israel,
2040 1568 2216 1617 cantifmm

404 1617 508 1673 quia
529 1616 733 1659 visitavit
755 1621 799 1659 et
823 1616 935 1659 fecit
959 1616 1311 1673 redemptionem
1336 1617 1477 1674 plebis
1504 1632 1620 1672 suae3
2022 1614 2236 1642 Benemczus.

285 1676 322 1702 ⁶9
344 1682 386 1720 et
413 1676 554 1719 erexit
580 1690 715 1719 cornu
744 1676 901 1718 salutis
927 1675 1055 1718 nobis

401 1736 449 1778 in
476 1735 606 1778 domo
629 1734 776 1779 David
802 1735 924 1791 pueri
950 1734 1018 1778 sui
1039 1750 1049 1780 z

287 1794 323 1820 70
342 1795 457 1839 sicut
482 1795 656 1839 locutus
681 1799 748 1838 est
772 1808 850 1851 per
875 1808 921 1837 os

403 1860 678 1909 sanctorum,
707 1854 780 1910 qui
802 1869 828 1896 a
851 1854 1015 1898 saeculo
1037 1861 1160 1912 sunt,
1183 1856 1498 1913 prophetarum
1519 1855 1641 1912 ejus3

285 1914 318 1940 7¹
341 1913 533 1958 salutem
555 1928 610 1957 ex
632 1913 825 1956 inimicis
847 1914 1027 1971 nostris,

404 1978 448 2016 et
473 1973 527 2017 de
551 1988 686 2016 manu
709 1973 908 2016 omnium
934 1973 1008 2029 qui
1031 1974 1218 2018 oderunt
1239 1988 1318 2017 nos
1339 1991 1347 2017 z

286 2031 323 2059 7²
341 2032 398 2075 ad
419 2032 681 2076 faciendam
703 2032 1054 2076 misericordiam
1081 2048 1183 2076 cum
1208 2033 1407 2090 patribus
1433 2033 1612 2089 nostris,

403 2098 447 2136 et
472 2092 706 2136 memorari
733 2092 989 2135 testamenti
1017 2093 1085 2136 sui
1110 2092 1277 2147 sancti;

285 2150 321 2177 73
340 2151 659 2208 jusjurandum
685 2151 800 2208 quod
826 2151 995 2208 juravit
1017 2152 1073 2195 ad
1099 2152 1329 2194 Abraham
1355 2156 1527 2208 patrem
1553 2157 1770 2206 nostrum,

403 2211 611 2254 daturum
635 2225 682 2254 se
708 2211 835 2254 nobis

286 2269 321 2295 74
343 2277 389 2313 ut
415 2271 509 2314 sine
534 2271 713 2326 timore,
742 2270 796 2313 de
823 2285 958 2313 manu
983 2270 1266 2313 inimicorum
1287 2274 1534 2313 nostrorum
1559 2269 1751 2324 liberati,

404 2330 648 2373 serviamus
675 2330 763 2385 illi,

286 2388 322 2414 75
342 2389 387 2431 111
413 2390 652 2432 sanctitate
675 2395 718 2433 et
738 2390 915 2445 justitia
938 2403 1086 2432 coram
1106 2389 1203 2446 ipso

405 2448 608 2490 omnibus
634 2447 789 2491 diebus
819 2449 992 2492 nostris.

287 2506 323 2532 76
347 2508 403 2549 Εῖ
425 2512 492 2562 ῖ11,
519 2521 639 2563 puer,
667 2508 882 2564 propheta
904 2507 1128 2551 Altissimi
1150 2507 1379 2551 vocaberis
1398 2523 1407 2550 :

407 2566 586 2622 praeibis
608 2567 727 2610 enim
751 2572 855 2610 ante
876 2567 1044 2610 faciem
1067 2567 1248 2610 Domini
1274 2580 1428 2623 parare
1450 2566 1546 2609 vias
1571 2565 1694 2621 ejus;

287 2625 321 2651 77
343 2625 399 2667 ad
427 2625 619 2668 dandam
647 2626 881 2669 scientiam
906 2626 1064 2669 salutis
1086 2626 1205 2683 plebi
1231 2626 1347 2682 ejus,

405 2685 451 2727 111
477 2685 779 2728 remissionem
805 2690 1090 2743 peccatorum
1115 2699 1289 2741 eorum;

288 2743 324 2769 ⁷3
346 2758 423 2800 per
446 2743 616 2786 viscera
643 2744 958 2788 misericordiae
986 2745 1069 2788 Dei
1095 2744 1247 2800 nostri,

403 2803 449 2845 in
472 2803 630 2859 quibus
655 2803 860 2846 visitavit
884 2818 964 2848 nos
989 2803 1133 2847 oriens
1159 2818 1214 2846 ex
1238 2804 1355 2859 alto,

287 2862 324 2889 79
342 2862 598 2905 illuminare
618 2862 687 2905 his
713 2863 786 2919 qui
807 2863 855 2905 in
876 2862 1071 2906 tenebris
1094 2867 1137 2906 et
1161 2863 1208 2905 in
1228 2862 1387 2905 umbra
1412 2861 1566 2905 mortis
1587 2860 1761 2915 sedent,

403 2921 460 2964 ad
487 2920 743 2977 dirigendos
765 2922 900 2979 pedes
921 2927 1094 2965 nostros
1117 2921 1164 2964 in
1186 2921 1306 2964 viam
1330 2920 1466 2977 pacis.

170 2982 207 3009 80
236 2983 351 3025 Puer
378 2984 528 3023 autem
554 2977 802 3034 crescebat,
834 2984 877 3022 et
905 2979 1245 3022 confortabatur
1272 2978 1459 3036 spiritu;
1491 2984 1535 3022 et
1561 2983 1656 3022 erat
1679 2977 1726 3021 in
1747 2976 1934 3020 desertis
1999 2976 2141 3025 spanniS
2173 2977 2242 3038 {51³

111 3055 249 3098 usque
271 3041 319 3084 in
341 3039 462 3084 diem
487 3037 752 3082 ostensionis
777 3051 870 3080 suae
896 3039 954 3081 ad
978 3038 1132 3083 Israel.
2023 3028 2058 3049 ¹¹²
2075 3022 2221 3051 deffiffl'

698 3169 721 3222 ξ
758 3166 820 3211 ΙΙ.
854 3192 913 3197 -
944 3166 1112 3209 Nalale
1145 3137 1344 3209 Domini.

163 3283 271 3327 CAP.
298 3283 362 3326 ΙΙ.
380 3309 440 3316 ——
465 3282 478 3309 ¹
500 3284 689 3326 Factum
717 3287 783 3326 est
803 3287 952 3324 autem
975 3281 1021 3323 in
1048 3281 1202 3324 diebus
1226 3279 1334 3336 illis,
1361 3280 1470 3324 exiit
1496 3279 1692 3323 edictum
1713 3295 1739 3323 a
1765 3280 1938 3324 Caesare
2073 3296 2174 3323 sesus

108 3342 331 3398 Augusto,
357 3347 407 3384 ut
432 3341 756 3385 describeretur
782 3341 1012 3383 universus
1037 3340 1167 3383 orbis.
1190 3339 1208 3366 ⁶²
1230 3341 1344 3383 Haec
1371 3339 1608 3396 descriptio
1643 3339 1784 3395 prima
1813 3339 1937 3382 facta
2021 3338 2173 3367 nascitur
2192 3338 2224 3365 in

106 3405 171 3443 est
195 3415 221 3443 a
245 3401 433 3457 praeside
464 3401 600 3457 Syriae
628 3401 803 3456 Cyl-ino.
832 3399 849 3426 3
868 3401 923 3442 Et
949 3399 1075 3442 ibant
1101 3413 1272 3456 omnes,
1295 3404 1344 3441 ut
1368 3398 1676 3456 profiterentur
1700 3397 1866 3453 singuli
1890 3397 1936 3440 in
2019 3383 2228 3411 Bffihffihffl‘

106 3562 154 3594 55]
169 3561 247 3589 Gen.
264 3561 376 3595 XVII,
390 3563 407 3588 9
428 3563 463 3589 et
482 3561 594 3595 XXII,
613 3563 656 3589 16.
679 3561 731 3588 Ps.
750 3559 905 3593 CXXXI,
925 3562 968 3587 11.
987 3559 1030 3587 Is.
1050 3559 1140 3594 XLI,
1157 3561 1182 3587 8.
1212 3575 1245 3579 —
1269 3560 1316 3592 63]
1344 3559 1420 3591 sup.
1451 3566 1480 3587 v.
1501 3560 1542 3585 13.
1568 3573 1603 3576 —
1620 3558 1667 3590 68]
1696 3557 1747 3585 ΡΞ.
1774 3557 1937 3593 LXXIII,

107 3608 151 3633 12.
168 3619 204 3625 —-
232 3606 279 3638 69]
302 3605 356 3633 Ps.
377 3605 531 3640 CXXXI,
550 3608 593 3633 17.
619 3620 654 3625 -
672 3606 719 3638 το]
737 3606 807 3633 aer.
826 3604 959 3638 XXIII,
977 3606 993 3631 6
1011 3606 1044 3631 et
1062 3604 1171 3639 XXX,
1190 3606 1233 3632 10.
1251 3618 1286 3622 -
1304 3604 1350 3636 73]
1370 3603 1446 3632 Gen.
1465 3602 1579 3636 XXII,
1598 3604 1640 3629 16.
1659 3602 1727 3629 Jer.
1746 3601 1874 3637 XXXI,
1891 3606 1935 3631 33.

106 3649 211 3679 Hebr.
227 3649 286 3685 VI,
306 3650 349 3685 13,
367 3652 410 3678 17.
430 3663 466 3668 —
483 3650 530 3683 77]
549 3650 626 3678 Mal.
646 3650 703 3685 IV,
719 3653 745 3678 5.
763 3650 842 3681 sup.
862 3650 950 3676 1217.
965 3662 1000 3667 -
1018 3649 1064 3682 78]
1083 3648 1178 3677 Zacli.
1199 3648 1296 3683 III„8
1315 3651 1349 3676 et
1368 3648 1424 3682 VI,
1444 3650 1486 3675 12.
1505 3646 1580 3675 Mal.
1600 3647 1657 3681 IV,
1670 3648 1695 3675 2.

1672 3704 1726 3748 73
