2456 3861
704 147 883 191 JUDITH
916 149 1004 202 VI,
1041 149 1094 192 10
1125 173 1184 182 -—
1216 149 1329 204 VII,
1364 150 1403 193 8.
1879 149 1965 193 483

201 318 236 344 ¹⁰
263 318 392 361 Porro
419 318 497 360 filii
526 319 663 361 Israel
691 318 1007 362 descendentes
1034 319 1087 362 de
1114 318 1342 375 Bethulia,
1364 325 1577 363 venerunt
1601 320 1657 362 ad
1684 334 1808 373 eum,
1837 332 1966 376 quem

139 377 360 420 solventes
395 377 616 419 duxerunt
648 377 703 420 ad
736 377 1011 432 Bethuliam,
1042 383 1174 434 atque
1205 378 1252 420 in
1289 379 1485 421 medium
1520 377 1671 436 populi
1712 376 1839 421 illum
1879 384 1967 421 sta-

139 441 333 490 tuentes,
361 436 635 492 percunctati
663 440 767 479 sunt
788 436 893 491 quid
918 450 1063 479 rerum
1090 443 1222 491 esset,
1259 437 1374 492 quod
1403 437 1533 480 illum
1566 437 1765 481 vinctum
1796 437 1967 493 Assyrii

138 494 430 550 reliquissent.
458 494 488 520 ¹¹
517 494 570 537 In
599 495 753 538 diebus
778 494 866 536 illis
892 501 1016 537 erant
1040 495 1134 538 illic
1159 496 1400 554 principes,
1425 497 1574 552 Ozias,
1602 495 1717 539 filius
1744 497 1893 539 Micha
1915 496 1966 540 de

139 553 254 595 tribu
281 553 477 608 Simeon,
502 558 544 596 et
572 553 764 607 Charmi,
791 552 865 608 qui
892 558 935 595 et
960 554 1212 597 Gothoniel.
1241 554 1275 580 '¹2
1302 555 1354 597 ln
1381 555 1526 598 medio
1551 556 1700 611 itaque
1725 556 1966 611 seniorum,

138 618 181 655 et
205 612 250 654 in
285 619 523 668 conspectu
558 611 776 666 omnium,
812 611 977 654 Achior
1010 612 1124 655 dixit
1157 613 1305 655 omnia
1337 627 1435 668 quae
1470 614 1640 657 locutus
1672 615 1766 671 ipse
1799 615 1966 670 fuerat,

137 671 193 713 ab
245 671 491 714 Holoferne
536 672 857 725 interrogatus3
906 675 949 712 et
991 671 1178 725 qualiter
1225 672 1411 727 populus
1454 673 1714 716 Holofernis
1759 674 1971 717 voluisset

137 736 315 787 propter
338 729 421 773 hoc
447 730 631 773 verbum
664 728 910 771 interficere
935 743 1060 783 eun13
1087 728 1123 754 ‘¹3
1155 735 1199 772 et
1231 731 1606 785 quemadmodum
1636 732 1729 788 ipse
1761 733 1968 776 Holofer-

138 803 212 832 nes
238 789 376 832 iratus
403 786 582 845 jusserit
605 801 705 831 eum
731 786 945 829 Israelitis
971 787 1054 830 hac
1081 787 1136 830 de
1161 802 1293 830 causa
1319 789 1454 844 tradi,
1482 795 1530 831 ut
1556 790 1662 832 dum
1683 792 1838 834 vicerit
1857 792 1971 835 filios

139 848 296 904 Israel,
325 854 430 891 tunc
457 852 499 890 et
522 847 670 904 ipsum
697 846 863 888 Achior
897 846 1082 889 diversis
1110 846 1266 902 jubeat
1297 847 1477 891 interire
1510 849 1759 906 suppliciis,
1794 855 1972 907 propter

138 907 220 950 hoc
243 906 357 962 quod
380 906 566 950 dixisset
594 922 602 949 :
632 906 752 948 Deus
779 905 876 948 caeli
900 905 1107 948 defensor
1129 919 1279 948 eorum
1297 911 1375 949 est.

197 966 232 993 ¹⁴
258 967 456 1021 Cumque
479 965 645 1009 Achior
672 965 876 1008 universa
897 964 995 1007 haec
1018 965 1313 1021 exposuisset,
1348 966 1491 1009 omnis
1521 967 1708 1024 populus
1739 968 1901 1011 cecidit
1924 967 1971 1010 in

135 1025 322 1079 faciem,
346 1024 582 1068 adorantes
617 1025 880 1080 Dominum,
916 1029 960 1067 et
995 1024 1220 1066 communi
1250 1025 1578 1069 lamentatione·
1602 1031 1645 1069 et
1675 1025 1782 1068 fietu
1815 1027 1972 1069 unani-

136 1098 228 1128 mes
254 1097 404 1141 preces
430 1097 531 1126 suas
559 1084 751 1127 Domino
777 1083 1050 1139 effuderunt,
1087 1083 1121 1110 ¹⁵
1148 1083 1344 1127 dicentes
1379 1101 1387 1128 :
1420 1085 1628 1140 Domine,
1654 1086 1772 1128 Deus
1796 1084 1894 1127 caeli
1928 1091 1972 1128 et

136 1148 285 1198 terrae,
311 1142 482 1187 intuere
508 1143 761 1200 superbiam
787 1155 957 1198 eorum,
993 1148 1035 1185 et
1063 1143 1232 1199 respice
1265 1143 1321 1185 ad
1354 1148 1550 1186 nostram
1583 1143 1904 1200 humilitatem,
1928 1149 1972 1187 et

135 1202 303 1246 faciem
328 1208 583 1245 sanctorum
609 1208 783 1246 tuorum
813 1202 1021 1257 attende;
1056 1208 1099 1245 et
1130 1202 1310 1245 ostende
1340 1203 1549 1258 quoniam
1581 1216 1669 1246 non
1702 1203 1970 1259 derelinquis

136 1267 453 1318 praesumentes
478 1261 532 1305 de
557 1267 622 1317 te,
645 1267 688 1305 et
714 1267 1032 1318 praesumentes
1060 1261 1113 1305 de
1144 1275 1210 1318 se,
1238 1267 1282 1305 et
1317 1262 1370 1304 de
1404 1275 1482 1304 sua
1511 1262 1675 1305 virtute
1707 1262 1969 1318 gloriantes,

136 1321 358 1364 humilias.
387 1320 422 1347 16
452 1320 601 1363 Finito
629 1321 779 1376 itaque
812 1320 939 1376 fletu,
976 1326 1018 1363 et
1047 1335 1123 1377 per
1155 1326 1296 1364 totam
1330 1321 1449 1363 diem
1483 1322 1679 1364 oratione
1708 1322 1971 1377 populorum

135 1380 378 1436 completa,
405 1380 618 1423 consolati
649 1385 752 1422 sunt
780 1380 967 1435 Acliior,
1004 1379 1036 1405 ¹7
1069 1379 1266 1423 dicentes
1308 1398 1316 1424 :
1343 1381 1461 1422 Deus
1491 1386 1667 1437 patrum
1700 1386 1968 1437 nostrorum,

135 1439 264 1494 cujus
290 1444 338 1482 tu
357 1439 567 1482 virtutem
593 1438 860 1496 praedicasti,
883 1439 978 1494 ipse
996 1439 1078 1480 tibi
1096 1439 1211 1481 hanc
1231 1439 1356 1482 dabit
1373 1439 1741 1495 vicissitudinem,
1754 1444 1802 1482 ut
1820 1454 1971 1483 eorum

136 1498 278 1553 magis
313 1504 361 1541 tu
397 1498 629 1540 interitum
665 1497 831 1540 videas.
868 1497 902 1524 1⁸
936 1497 1049 1540 Cum
1078 1511 1181 1540 vero
1216 1498 1433 1540 Dominus
1469 1499 1587 1541 Deus
1621 1503 1768 1541 noster
1801 1498 1971 1541 dederit

135 1557 251 1599 hanc
277 1556 531 1601 libertatem
553 1557 691 1600 servis
716 1556 827 1612 suis,
864 1556 920 1599 sit
947 1561 989 1599 et
1014 1562 1164 1599 tecum
1192 1558 1310 1600 Deus
1336 1557 1381 1598 in
1415 1556 1562 1599 medio
1587 1557 1746 1612 nostri,
1780 1562 1830 1599 ut
1857 1558 1972 1600 sicut

135 1615 352 1672 placuerit
378 1615 480 1670 tibi,
506 1616 571 1658 ita
598 1630 700 1659 cum
725 1616 812 1658 tuis
831 1615 1034 1659 omnibus
1055 1616 1325 1658 converseris
1344 1616 1591 1659 nobiscum.
1619 1616 1655 1642 19
1676 1617 1801 1659 Tunc
1829 1617 1969 1672 Ozias,

134 1673 260 1717 finito
283 1674 491 1731 consilio,
519 1675 714 1731 suscepit
733 1689 834 1718 eum
858 1675 904 1717 in
924 1674 1106 1717 domum
1131 1689 1277 1731 suam,
1298 1680 1340 1718 et
1363 1675 1474 1718 fecit
1493 1676 1532 1717 ei
1555 1689 1726 1718 coenam
1746 1690 1970 1731 magnam.

135 1732 172 1759 2⁰
197 1734 254 1776 Et
299 1734 468 1777 vocatis
507 1734 712 1777 omnibus
750 1733 1039 1791 presbyteris,
1085 1734 1218 1776 simul
1263 1734 1439 1791 expleto
1485 1733 1660 1791 jejunio
1705 1735 1970 1778 refecerunt.

135 1791 169 1818 2¹
193 1792 352 1836 Postea
374 1807 479 1836 vero
504 1798 772 1836 convocatus
795 1798 861 1836 est
892 1793 1034 1835 omnis
1060 1793 1268 1850 populus,
1296 1800 1339 1836 et
1370 1807 1448 1850 per
1475 1799 1617 1837 totam
1647 1798 1824 1837 noctem
1855 1794 1972 1837 intra

135 1850 368 1895 ecclesiam
393 1857 651 1909 oraverunt,
677 1856 876 1909 petentes
903 1852 1123 1894 auxilium
1147 1867 1173 1894 a
1197 1853 1292 1895 Deo
1316 1853 1466 1896 Israel.

684 2029 901 2085 PARS
951 2030 1438 2087 POSTERIOR

474 2167 820 2207 BETHULIA
868 2169 905 2207 A
951 2169 1199 2209 JUDITH
1248 2170 1640 2211 LIBERATUR

485 2298 508 2350 ξ
532 2295 568 2337 Ι.
594 2321 654 2328 -—
682 2295 846 2351 Oppidi
870 2311 1042 2339 summa
1066 2299 1111 2340 vi
1135 2300 1377 2354 oppuynat-z'
1401 2301 1626 2355 avzyustiae.

198 2413 304 2457 CAP.
332 2412 371 2454 V
378 2411 440 2454 ΙΙ.
467 2437 526 2443 —
552 2410 564 2436 1
590 2411 860 2454 Holofernes
886 2416 1036 2455 autem
1060 2412 1199 2455 altera
1226 2412 1296 2456 die
1328 2415 1541 2471 praecepit
1567 2416 1834 2459 exercitibus
1860 2418 1970 2475 suis,

138 2476 188 2514 ut
211 2470 504 2513 ascenderent
527 2475 678 2512 contra
703 2470 972 2513 Bethuliam.
999 2469 1016 2496 2
1039 2472 1176 2513 Erant
1200 2477 1351 2515 autem
1371 2473 1543 2529 pedites
1571 2474 1837 2518 bellatorum
1871 2491 1970 2519 cen-

138 2536 235 2573 tum
260 2529 422 2585 viginti
454 2528 618 2584 millia,
654 2534 697 2571 et
723 2529 891 2585 equites
924 2529 1084 2585 viginti
1119 2530 1203 2573 duo
1237 2531 1399 2587 millia,
1434 2537 1594 2588 praeter
1626 2535 1971 2589 praeparationes

138 2589 333 2632 Virorum
358 2588 556 2643 illorum,
581 2602 689 2644 quos
715 2594 1008 2645 occupaverat
1034 2589 1293 2645 captivitas,
1318 2595 1359 2633 et
1384 2591 1566 2634 abducti
1592 2592 1773 2635 fuerant
1799 2594 1852 2637 de
1875 2609 1972 2651 pro-

139 2647 297 2691 vinciis
323 2653 368 2690 et
389 2647 571 2690 urbibus
599 2648 816 2690 universae
845 2648 1104 2704 juventutis.
1128 2648 1145 2674 3
1170 2649 1331 2692 Omnes
1356 2656 1623 2706 paraverunt
1652 2665 1697 2694 se
1728 2653 1890 2709 pariter
1914 2655 1971 2698 ad

139 2721 338 2765 pugnam
364 2712 516 2750 contra
542 2706 655 2750 filios
682 2707 842 2762 lsrael,
869 2712 913 2749 et
940 2712 1153 2750 venerunt
1177 2721 1254 2764 per
1279 2707 1551 2765 crepidinem
1568 2710 1730 2754 montis
1753 2726 1890 2768 usque
1914 2714 1972 2756 ad

138 2767 314 2823 apicem
340 2765 414 2822 qui
435 2766 616 2823 respicit
641 2780 770 2823 super
792 2766 1010 2822 Dothain,
1044 2781 1070 2809 a
1102 2766 1199 2810 loco
1231 2767 1306 2823 qui
1339 2767 1501 2810 dicitur
1539 2769 1714 2826 Belma,
1749 2785 1886 2827 usque
1915 2773 1972 2815 ad

140 2825 356 2870 Cheimon
383 2825 457 2881 qui
483 2830 550 2869 est
575 2831 727 2868 contra
754 2825 982 2869 Esdrelon.
1008 2825 1025 2852 4
1048 2824 1153 2868 Filii
1174 2832 1325 2870 autem
1351 2825 1511 2883 Israel,
1546 2834 1594 2871 ut
1627 2829 1834 2873 viderunt
1859 2832 1971 2875 mul-

139 2884 379 2928 titudinem
400 2884 599 2940 illorum,
624 2890 954 2942 prostraverunt
979 2899 1024 2929 se
1052 2899 1182 2942 super
1206 2891 1390 2943 terram,
1424 2885 1651 2931 mittentes
1682 2888 1875 2933 cinerem
1907 2905 1973 2934 su-

139 2958 215 3000 per
237 2944 385 3001 capita
407 2958 505 3000 sua,
533 2944 765 2987 unanimes
789 2949 962 2987 orantes
991 2949 1039 2986 ut
1067 2945 1184 2988 Deus
1210 2945 1350 2988 Israel
1379 2945 1729 2991 misericordiam
1753 2963 1877 2992 suam
1907 2964 1972 2994 os-

139 3002 342 3046 tenderet
368 3017 498 3060 super
523 3004 736 3061 populum
753 3018 894 3047 suum.
914 3004 932 3030 ⁵
950 3005 1006 3046 Et
1027 3010 1302 3048 ass-umentes
1325 3019 1448 3048 arma
1471 3020 1549 3048 sua
1570 3006 1745 3063 bellica,
1765 3009 1972 3053 sederunt

139 3076 216 3119 per
252 3061 350 3105 loca
380 3076 478 3118 quae
510 3063 567 3106 ad
600 3063 778 3119 angusti
818 3063 988 3106 itineris
1029 3063 1254 3107 tramitem
1287 3062 1487 3121 dirigunt
1516 3064 1633 3108 inter
1667 3073 1891 3125 montosa,
1929 3074 1972 3112 et

140 3126 266 3164 erant
292 3121 589 3166 custodientes
615 3137 667 3166 ea
692 3128 784 3166 tota
807 3122 876 3166 die
899 3129 943 3166 et
966 3128 1108 3166 nocte.

199 3180 216 3206 6
242 3180 375 3223 Porro
402 3181 697 3238 HoloferneS,
725 3183 831 3225 dum
857 3182 1014 3225 circuit
1038 3196 1115 3239 per
1139 3197 1323 3240 gyrum,
1345 3185 1508 3242 reperit
1529 3186 1644 3242 quod
1677 3185 1780 3229 fons
1807 3186 1880 3242 qui
1904 3184 1971 3229 in-

140 3237 326 3295 fluebat,
349 3241 665 3296 aquaeductum
683 3241 858 3285 illorum
885 3256 911 3284 a
934 3247 1057 3298 parte
1093 3244 1277 3286 australi
1311 3249 1437 3288 extra
1467 3244 1695 3288 civitatem
1735 3245 1968 3302 dirigeret;

139 3303 184 3340 et
207 3298 346 3342 incidi
371 3300 585 3356 praecepit
605 3300 920 3357 aquaeductum
945 3301 1134 3344 illorum.
1163 3302 1177 3328 7
1205 3304 1343 3346 Erant
1378 3308 1528 3347 tamen
1553 3319 1641 3347 non
1674 3304 1806 3360 longe
1828 3319 1854 3346 a
1875 3319 1968 3348 mu—

141 3356 200 3399 ris
221 3357 391 3414 fontes,
418 3373 472 3402 ex
498 3359 655 3415 quibus
680 3361 839 3403 furtim
865 3360 1130 3404 videbantur
1150 3362 1326 3406 haurire
1342 3377 1524 3418 aquam,
1543 3362 1599 3406 ad
1624 3363 1970 3407 refocillandum

141 3415 286 3471 potius
317 3432 449 3473 quam
477 3419 535 3461 ad
567 3420 825 3476 potandum.
860 3420 876 3446 8
900 3419 1099 3473 Sed,filii
1132 3422 1326 3465 Ammon
1360 3427 1403 3464 et
1432 3421 1566 3464 Moab
1598 3428 1879 3465 accesserunt
1910 3421 1969 3466 ad

144 3474 456 3532 Holofernem,
484 3477 680 3521 dicentes
715 3495 722 3523 :
754 3479 858 3522 Filii
895 3478 1033 3521 Israel
1062 3493 1149 3522 non
1181 3479 1228 3522 in
1256 3479 1411 3524 lancea
1444 3494 1524 3524 nec
1556 3480 1602 3523 in
1636 3481 1802 3536 sagitta
1835 3481 1966 3525 confi-

143 3635 192 3669 14]
210 3635 288 3668 Sup.
306 3636 345 3671 V,
360 3640 387 3665 5.

2065 332 2123 366 qui
2140 332 2235 361 illum

2081 376 2225 410 benigne

2059 419 2246 454 excipiunt.

2067 2427 2250 2457 Obsidetur

2074 2471 2242 2501 Bethulia.
