2423 3861
701 112 800 154 SAr.
835 112 965 156 XVI.
1001 113 1055 155 25
1089 138 1144 145 —-
1178 114 1362 167 XYIH,
1397 115 1437 155 4.
1896 121 1979 163 727

437 217 1011 224 -—-—-—-—---—-——
1016 220 1036 223 --
1042 220 1126 224 ---
1131 221 1828 229 a-*ss-——Q——ſs
1833 226 1974 231 --—⁴-—.

160 281 208 323 fit
229 280 283 322 ad
307 280 677 323 benefaciendum
703 295 778 336 pro
801 281 868 323 his
891 281 962 336 qui
988 282 1030 323 in
1060 289 1101 325 te
1123 284 1362 328 confidunt.
1382 284 1419 310 2³³
1438 286 1620 342 Propter
1640 286 1721 329 hoc
1744 293 1786 330 et
1808 293 1912 330 tunc
1935 289 1978 331 in

159 339 303 381 omnia
341 341 669 394 transfigurata,
696 339 891 381 oninium
924 341 1082 382 nutrici
1113 343 1268 393 grathe
1295 348 1381 386 tute
1408 344 1702 400 deserviebat,
1736 345 1791 387 ad
1827 346 2007 401 volun-¹

158 403 294 440 tatem
321 413 470 441 eormn
503 397 576 452 qui
608 412 635 440 a
664 402 706 440 te
732 397 1070 453 desiderabant;
1106 400 1142 425 '²¹⁵
1169 406 1215 442 ut
1247 402 1409 445 scirent
1437 403 1513 445 filii
1542 403 1604 445 tui
1631 418 1737 459 quos
1763 404 1977 460 dilexisti,

160 456 366 511 Domine,
387 456 592 512 quoniam
616 470 702 499 non
721 456 968 499 nativitatis
989 457 1162 500 fructus
1185 466 1371 514 pascunt
1389 461 1598 517 homines,
1618 462 1692 506 sed
1716 477 1856 506 sermo
1879 468 1978 505 tuus

158 515 234 557 hos
268 516 338 570 qui
373 516 417 557 in
453 522 494 558 te
527 514 792 558 crediderint
817 521 1061 559 conservat.
1092 516 1126 542 '²⁷
1156 518 1279 566 Quod
1320 520 1437 562 enim
1469 520 1525 562 ab
1559 521 1661 576 igne
1689 536 1775 564 non
1809 526 1979 578 poterat

155 574 459 622 exterminari.
489 573 639 616 sta-tim
665 573 721 616 ab
747 574 906 629 exiguo
943 574 1065 617 radio
1103 576 1205 617 solis
1243 577 1511 621 calefactum
1549 580 1822 634 tabescebat,
1862 580 1898 607 ‘²8
1931 586 1979 623 ut

155 639 307 674 notum
335 633 536 676 omnibus
559 637 672 675 esset
693 632 900 687 quoniam
926 638 1096 689 oportet
1122 635 1364 689 praevenire
1389 637 1524 680 solem
1547 638 1602 681 ad
1624 639 1977 683 benedictionem

154 697 297 747 tuam,
321 697 364 734 et
388 692 443 734 ad
470 696 612 734 ortum
638 690 748 734 lucis
774 696 817 734 te
841 691 1036 735 adorare.
1058 692 1095 717 ⁹²⁹
1122 693 1291 749 Ingrati
1319 695 1435 737 enim
1464 711 1561 752 spes
1592 702 1802 753 tanquam
1835 698 1977 741 hiber-

152 749 265 793 nalis
287 750 453 806 glacies
475 750 690 805 tabescet,
715 755 758 793 et
783 749 992 806 disperiet
1018 755 1228 806 tanquam
1251 767 1364 808 aqua
1390 768 1674 809 supervacua.

213 810 318 853 CAP.
343 810 492 852 XVII.
522 834 581 841 —
608 808 803 864 ¹Magna
832 814 934 851 sunt
964 809 1078 852 enin]
1114 810 1283 865 judicia
1317 816 1412 867 tua,
1449 814 1657 869 Domine,
1686 821 1727 858 et
1756 816 1976 860 inenarra—

153 868 260 910 bilia
278 869 410 912 verba
434 874 521 911 tua.
542 869 723 924 Propter
745 868 826 911 hoc
848 867 1193 924 indisciplinatae
1214 871 1374 912 animae
1398 879 1665 916 erraverunt.
1689 873 1835 917 21)11111
1860 876 1978 918 enim

152 941 407 983 persuasum
434 927 598 970 habent
617 926 756 982 iniqui
779 941 905 983 posse
931 926 1147 969 dominari
1170 929 1337 970 nationi
1360 935 1541 985 sanetae,
1565 931 1754 975 vinculis
1778 935 1976 977 tenebra-

151 1000 247 1028 rum
284 991 327 1029 et
360 987 505 1041 longae
543 985 683 1029 noctis
722 985 981 1042 compediti,
1020 985 1179 1029 inclusi
1217 988 1297 1029 sub
1332 989 1485 1044 tectiS,
1528 990 1710 1045 fugitivi
1754 999 1975 1048 perpetuae

151 1045 440 1101 providentia}
474 1045 722 1100 jacuerunt.
757 1044 775 1071 3
802 1046 858 1088 Et
893 1045 998 1087 dum
1033 1051 1191 1102 putant
1220 1060 1266 1089 se
1296 1046 1431 1090 latere
1459 1047 1505 1090 in
1539 1048 1734 1092 obscuris
1762 1053 1974 1107 peccatis,

151 1104 380 1147 tenebroso
407 1104 641 1147 oblivionis
665 1103 914 1147 velamento
942 1103 1127 1160 dispersi
1154 1110 1277 1160 sunt,
1305 1112 1516 1162 paventes
1543 1108 1776 1164 horrende,
1808 1116 1851 1152 et
1877 1125 1976 1153 cum

150 1163 442 1206 admiratione
494 1162 630 1205 nimia
679 1163 936 1219 perturbati.
986 1162 1004 1189 4
1038 1164 1191 1219 Neque
1241 1165 1357 1207 enim
1415 1180 1512 1221 quae
1567 1167 1823 1210 continebat
1877 1170 1975 1213 illos

149 1222 359 1278 spelunca
388 1222 482 1266 sine
507 1222 662 1265 timore
689 1222 986 1278 custodiebat,
1021 1223 1226 1279 quoniam
1257 1224 1427 1267 sonitus
1453 1225 1724 1269 descendens
1750 1229 1975 1283 perturba-

149 1281 225 1323 bat
245 1281 358 1335 illos,
386 1287 428 1324 et
450 1295 646 1338 personae
669 1281 815 1324 tristes
833 1281 921 1324 illis
944 1288 1206 1338 apparentes
1230 1297 1437 1339 pavorem
1458 1283 1546 1327 illis
1569 1285 1856 1341 praestabant.
1884 1288 1901 1313 5
1920 1288 1976 1330 Et

148 1340 263 1396 ignis
289 1340 467 1396 quidem
497 1340 619 1382 nulla
641 1340 707 1383 vis
728 1346 900 1397 poterat
926 1340 1015 1383 illis
1041 1341 1190 1384 lumen
1212 1343 1429 1399 praebere,
1452 1357 1532 1386 nec
1559 1344 1752 1388 siderum
1778 1345 1976 1402 limpidae

147 1398 339 1442 flammae
364 1399 615 1442 illuminare
637 1404 839 1456 poterant
860 1399 986 1442 illam
1011 1406 1187 1443 noctem
1210 1401 1486 1445 horrendam.
1513 1403 1531 1429 6
1548 1403 1807 1460 Apparebat
1826 1410 1976 1448 autem

147 1457 234 1500 illis
267 1459 523 1501 subitaneus
553 1458 669 1513 ignis
704 1459 859 1502 timore
894 1459 1077 1515 plenus3
1115 1464 1158 1502 et
1191 1460 1348 1503 timore
1380 1461 1569 1517 perculsi
1603 1462 1723 1505 illius
1757 1478 1855 1519 quae
1890 1479 1975 1507 non

147 1516 380 1560 videbatur
403 1517 558 1572 faciei,
585 1517 868 1560 aestimabant
891 1517 1107 1561 deteriora
1133 1533 1226 1561 esse
1252 1533 1349 1574 quae
1374 1519 1652 1564 videbantur.
1672 1521 1687 1547 7
1707 1523 1764 1564 Et
1789 1524 1975 1578 magicae

145 1576 250 1618 artis
276 1576 466 1632 appositi
489 1581 613 1619 erant
635 1575 816 1631 derisus,
833 1581 874 1619 et
901 1576 1132 1633 sapientiae
1155 1577 1307 1632 gloriae
1331 1579 1545 1635 correptio
1568 1594 1667 1623 cum
1694 1582 1974 1625 contumelia.

145 1634 163 1661 8
191 1634 265 1677 1111
303 1635 421 1678 enim
459 1634 531 1691 qui
556 1635 875 1691 promittebant
909 1635 1087 1679 timores
1125 1642 1168 1678 et
1204 1638 1556 1692 perturbationes
1590 1640 1810 1696 expellere
1842 1656 1887 1684 se
1919 1642 1974 1684 ab

144 1693 292 1736 anima
325 1694 585 1750 languente,
622 1694 667 1736 hi
701 1708 802 1737 cum
840 1694 987 1737 derisu
1023 1695 1142 1751 pleni
1179 1696 1336 1739 timore
1372 1696 1659 1752 languebant.
1694 1699 1711 1725 9
1741 1699 1857 1742 Nam
1893 1701 1973 1743 etsi

144 1753 256 1796 nihil
290 1753 390 1796 illos
428 1768 482 1797 ex
519 1753 725 1796 monstris
760 1754 1076 1810 perturbabat,
1103 1755 1291 1797 transitu
1332 1755 1593 1799 animalium
1626 1762 1669 1801 et
1705 1759 1974 1815 serpentium

144 1812 396 1855 sibilatione
426 1813 655 1868 commoti,
683 1813 961 1856 tremebundi
993 1814 1216 1870 peribant,
1244 1819 1287 1857 et
1320 1829 1465 1858 aerem
1496 1830 1627 1872 quem
1657 1817 1780 1860 nulla
1805 1818 1974 1862 ratione

144 1871 240 1926 quis
265 1871 462 1927 effugere
487 1877 645 1928 posset,
673 1877 886 1927 negantes
912 1887 957 1915 se
985 1873 1146 1916 videre.
1172 1872 1207 1899 ¹0
1225 1873 1333 1916 Cum
1360 1874 1418 1916 sit
1443 1875 1560 1917 enim
1581 1876 1739 1918 timida
1761 1878 1971 1933 nequitia,

144 1930 221 1973 dat
238 1931 541 1974 testimonium
561 1931 941 1974 condemnationis
959 1947 967 1985 3
992 1946 1163 1988 semper
1182 1932 1298 1975 enim
1318 1934 1548 1989 praesumit
1566 1949 1698 1991 saeva,
1716 1937 1972 1992 perturbata

144 1990 427 2032 conscientia.
456 1989 488 2016 ¹¹
510 1989 635 2033 Nihil
660 1990 779 2033 enim
802 1996 868 2033 est
894 1991 1026 2034 timor
1056 1991 1140 2033 nisi
1168 1992 1357 2047 proditio
1381 1993 1663 2048 cogitationis
1689 1995 1970 2039 auxiliorum.

144 2047 180 2074 ¹2
205 2049 262 2091 Et
292 2048 397 2091 dum
419 2049 475 2092 ab
500 2049 619 2091 intus
640 2049 782 2092 minor
808 2054 874 2092 est
901 2050 1171 2106 expectatio,
1201 2051 1416 2107 majorem
1439 2058 1667 2109 computat
1691 2053 1970 2097 inscientiam

142 2108 237 2164 eJ'us
265 2123 423 2163 causae,
448 2108 502 2152 de
523 2122 609 2163 qua
630 2113 899 2151 tormentum
921 2114 1115 2165 praestat.
1140 2109 1176 2136 ¹3
1194 2109 1269 2152 Illi
1292 2116 1441 2153 aut-em
1464 2112 1536 2167 qui
1558 2112 1847 2168 impotentem
1871 2129 1972 2156 vere

141 2172 337 2223 noctem,
373 2172 415 2210 et
448 2168 503 2210 ab
536 2167 699 2210 infimis
730 2172 772 2210 et
802 2167 857 2209 ab
889 2168 1116 2211 altissimis
1142 2168 1299 2211 inferis
1329 2171 1735 2226 supervenientem,
1767 2173 1971 2215 eumdem

141 2241 345 2270 somnum
386 2226 672 2281 dormientes,
726 2226 760 2253 ¹4
796 2226 1034 2282 aliquando
1077 2233 1371 2270 monstrorum
1413 2229 1756 2284 exagitabantur
1793 2231 1967 2284 timore„

141 2285 380 2341 aliquando
415 2286 576 2328 animae
603 2286 867 2329 deficiebant
894 2285 1193 2344 traductione3
1216 2286 1475 2330 subitaneus
1506 2288 1623 2330 enim
1653 2288 1741 2331 illis
1764 2294 1806 2332 et
1827 2290 1970 2346 inspe-

139 2350 261 2388 ratus
286 2345 418 2388 timor
443 2350 768 2402 supervenerat.

201 2403 236 2430 ¹5
255 2404 427 2456 Dein-de
456 2405 492 2447 si
519 2404 749 2460 quisquam
775 2420 828 2449 ex
854 2406 941 2449 illis
965 2406 1221 2462 decidisset,
1249 2407 1578 2450 custodiebatur
1601 2408 1645 2450 in
1680 2422 1852 2451 carcere
1877 2408 1971 2451 sine

140 2464 257 2507 ferro
279 2463 489 2507 reclusus.
518 2463 553 2490 ¹⁶
575 2464 619 2507 Si
646 2464 763 2507 enim
792 2465 982 2508 rusticus
1009 2465 1104 2521 quis
1131 2470 1243 2521 erat,
1270 2471 1346 2508 aut
1367 2471 1527 2522 pastor,
1547 2471 1624 2509 aut
1648 2467 1743 2522 agri
1769 2467 1971 2510 laborum

140 2523 364 2580 operarius
411 2529 745 2580 praeoccupatus
791 2530 924 2580 esset,
967 2524 1292 2579 ineffugibilem
1339 2525 1586 2568 sustinebat
1631 2526 1966 2580 necessitatem3

141 2582 175 2608 ¹⁷
197 2597 284 2625 una
317 2583 435 2626 enim
458 2588 615 2626 catena
649 2584 929 2626 tenebrarum
959 2597 1109 2627 omnes
1138 2588 1262 2626 erant
1291 2583 1503 2639 colligati.
1531 2584 1632 2628 Sive
1660 2585 1840 2641 spiritus
1865 2577 1969 2631 sibi-

139 2642 256 2697 lans,
279 2648 357 2685 aut
389 2642 502 2686 inter
528 2643 689 2699 spissos
719 2643 924 2685 arborum
949 2657 1092 2686 ramos
1124 2642 1276 2685 avium
1302 2657 1433 2686 sonus
1458 2643 1626 2700 suavis,
1652 2649 1729 2687 aut
1755 2644 1820 2687 vis
1841 2659 1968 2700 aquae

140 2701 410 2745 decurrentis
444 2702 651 2758 nimium,
680 2701 715 2728 18
732 2707 808 2744 aut
842 2717 973 2745 sonus
1006 2701 1180 2744 validus
1212 2702 1590 2758 praecipitatarum
1623 2708 1866 2760 petrarum,
1893 2710 1970 2746 aut.

138 2760 388 2804 ludentium
417 2761 680 2804 animalium
711 2776 860 2805 cursus
892 2761 1081 2816 invisus,
1108 2765 1185 2803 aut
1219 2760 1511 2816 mugientium
1544 2762 1694 2805 valida
1726 2763 1966 2806 bestiarum

137 2834 244 2876 vox,
271 2822 348 2863 aut
373 2835 581 2864 resonans
604 2821 657 2864 de
683 2821 911 2864 altissimis
934 2820 1157 2862 montibus
1184 2820 1311 2876 echo,
1339 2819 1592 2864 deficientes
1614 2821 1844 2865 faciebant
1868 2822 1967 2864 illos

137 2894 228 2935 prae
251 2880 421 2924 timore.
445 2879 482 2905 ¹9
497 2880 650 2924 Omnis
677 2880 794 2923 enim
827 2880 943 2923 orbis
970 2885 1181 2922 terrarum
1207 2879 1391 2936 limpido
1416 2879 1754 2924 illuminabatur
1778 2881 1965 2935 lumine,

139 2944 181 2981 et
213 2953 300 2981 non
332 2939 558 2996 impeditis
596 2940 799 2996 operibus
837 2938 1158 2982 continebatur.
1189 2936 1226 2964 2⁰
1251 2938 1361 2982 Solis
1394 2944 1542 2982 autem
1571 2940 1660 2983 illis
1692 2940 1968 2997 superposita

138 3003 230 3040 erat
255 2998 403 3054 gravis
425 3013 532 3055 nOX,
555 2999 704 3055 imago
730 2998 1010 3042 tenebrarum
1036 3011 1132 3052 quae
1158 3003 1474 3054 superventura
1498 2998 1587 3042 illis
1613 3005 1730 3056 erat;
1753 3000 1838 3057 ipsi
1864 3013 1965 3054 ergo

136 3056 218 3099 sibi
251 3063 375 3100 erant
400 3058 623 3113 graviores
648 3057 854 3101 tenebris.

197 3117 302 3162 CAP.
324 3117 502 3160 XVIII.
521 3144 581 3149 ——
597 3117 611 3144 ¹
626 3121 800 3164 Sanctis
822 3126 970 3164 autem
993 3121 1080 3164 tuis
1103 3121 1297 3165 maxima
1318 3126 1411 3165 erat
1432 3122 1521 3178 lux,
1549 3121 1592 3165 e't
1611 3121 1768 3165 horum
1788 3120 1966 3175 quidem

136 3191 290 3220 vocem
323 3177 585 3235 audiebant,
617 3179 692 3223 sed
718 3180 905 3235 figuram
934 3195 1021 3223 non
1047 3180 1272 3225 videbant.
1309 3182 1366 3224 Et
1391 3181 1492 3238 quia
1517 3195 1606 3225 non
1631 3186 1675 3223 et
1698 3179 1784 3237 ipsi
1810 3180 1966 3223 eadem

136 3235 253 3291 passi
284 3242 428 3292 erant,
464 3239 813 3294 magnificabant
847 3244 916 3294 te3
953 3239 970 3264 ²
988 3245 1030 3283 et
1063 3240 1136 3296 qui
1169 3245 1273 3284 ante
1297 3241 1392 3284 laesi
1419 3246 1564 3295 erant,
1593 3240 1693 3296 quia
1719 3253 1807 3282 non
1832 3238 1964 3282 laede-

135 3294 309 3351 bantur,
356 3297 522 3352 gratias
573 3298 767 3353 agebant
788 3316 796 3352 ;
856 3304 898 3342 et
948 3304 995 3341 ut
1044 3304 1157 3343 esset
1201 3299 1475 3355 differentia,
1526 3300 1690 3343 donum
1737 3299 1962 3354 petebant.

136 3353 154 3377 ³
172 3354 354 3409 Propter
380 3356 495 3411 quod
520 3357 638 3412 ignis
664 3357 890 3401 ardentem
927 3358 1178 3402 columnam
1209 3359 1362 3403 ducem
1391 3360 1642 3403 habuerunt
1665 3359 1832 3414 ignotae
1856 3357 1961 3411 viae,

136 3419 180 3455 et
204 3413 341 3456 solem
366 3415 460 3458 sine
493 3416 652 3459 laesura
681 3416 784 3460 boni
815 3417 994 3473 hospitii
1024 3418 1284 3474 praestitisti.
1310 3419 1327 3445 4
1348 3419 1485 3475 Digni
1512 3418 1688 3474 quidem
1720 3416 1786 3459 illi
1817 3431 1964 3460 carere

99 3581 103 3584 ·
136 3574 185 3606 26]
205 3574 301 3601 Dent.
320 3574 424 3610 VII,
450 3578 476 3603 3.
498 3576 619 3603 Matth.
640 3576 738 3604 1V.4.
764 3591 799 3595 -
820 3576 849 3609 2]
870 3577 928 3603 Ex.
955 3576 1004 3608 x,
1025 3578 1069 3604 23.
1087 3591 1122 3595 —
1141 3579 1349 3613 7]EX.Y11‚
1369 3583 1404 3607 ε’.»
1425 3583 1458 3607 ot
1476 3580 1620 3607 vium
1639 3595 1674 3599 -
1691 3581 1720 3613 1]
1739 3581 1797 3607 Ex.
1815 3580 1854 3606 x.
1870 3583 1962 3606 215.—

137 3617 167 3650 3]
185 3617 246 3645 Ex.
264 3617 357 3651 XIV,
373 3621 417 3646 21.
437 3619 682 3653 Ps.LXX¹»'11‚
703 3622 733 3646 11
752 3625 786 3645 ct
804 3621 948 3647 (¹1V.:⁵:·.

2125 827 2210 855 Dira>

2092 873 2237 898 tenebrw
2294 872 2297 875 ’

2069 913 2253 950 AEgyptiis2

2032 3131 2182 3160 ΗΘΜ-1615
2212 3133 2271 3161 lux

2061 3175 2245 3208 splendida.
