2456 3861
559 96 624 139 iv
659 97 770 142 nm.
805 98 937 154 XVI,
974 72 1027 142 is
1058 123 1119 132 -
1150 99 1310 153 xvii,
1344 100 1413 142 23.
1816 99 1900 144 367

68 267 378 315 aedificaverat
401 267 446 311 in
469 267 656 323 templo,
683 272 725 311 et
744 267 990 324 ingressum
1015 268 1130 324 regis
1152 269 1357 324 exterius,
1381 269 1598 313 convertit
1614 270 1659 312 in
1686 270 1902 327 templum

75 327 278 381 Domini,
302 332 478 384 propter
501 338 650 381 regem
676 327 971 382 Assyriorum.

76 391 79 394 '
136 387 171 414 ¹⁹
191 386 376 442 Reliqua
401 391 550 428 autem
577 385 809 428 verborum
836 386 1008 440 Achaz,
1039 400 1139 442 quae
1163 386 1292 442 fecit,
1319 400 1466 431 nonne
1488 387 1590 430 haec
1609 388 1773 444 scripta
1801 392 1903 431 sunt
1999 405 2175 436 conclusio

72 447 117 490 in
146 445 280 489 Libro
306 457 557 488 sermonum
585 443 754 486 dierum
780 456 935 499 regum
962 444 1113 487 duda?
1135 444 1173 471 2⁰
1188 446 1496 502 12›0r1nivit‹:1ue
1522 447 1671 490 Achaz
1699 461 1798 490 cum
1826 460 1901 504 pa·
1966 448 2061 483 regni
2083 450 2204 480 Aonaz.

73 505 215 548 tribus
236 503 340 555 suis,
360 511 403 546 et
425 502 623 558 sepultus
645 509 711 545 est
729 516 829 545 cum
849 503 910 545 eis
933 503 977 545 in
1004 503 1186 546 civitate
1207 505 1366 560 David,
1386 512 1429 548 et
1449 506 1655 561 regnavit
1677 505 1903 561 Ezechias,

73 562 188 605 filius
210 562 328 617 ejus,
357 574 433 618 pro
455 573 517 604 eo.

130 620 238 664 CAP.
274 619 427 663 XVII.
454 643 511 651 —
540 618 553 645 '¹
580 620 710 662 Anno
739 619 1001 663 duodecimo
1026 621 1199 676 Achaz,
1226 622 1342 677 regis
1371 622 1509 678 Juda,
1536 623 1740 678 regnavit
1772 624 1901 680 Osee,
2011 638 2094 667 osee
2110 645 2170 667 rex

71 679 187 723 filius
216 679 318 735 Eia,
341 678 385 721 in
413 677 608 722 Samaria
632 691 762 734 super
785 678 921 721 Israel
944 692 1103 722 novem
1128 679 1269 722 annis.
1295 679 1312 705 ‘2
1331 681 1542 736 Fecitque
1568 682 1736 724 malum
1757 694 1903 726 coram
2004 682 2110 739 1³3s³0¹
2133 683 2171 710 111

73 739 285 792 Domino,
308 736 386 781 sed
415 750 502 780 non
527 736 644 779 sicut
667 749 792 792 reges
819 737 977 792 Israel,
1002 737 1074 792 qui
1100 744 1204 780 ante
1225 752 1325 781 eum
1351 740 1542 783 fuerant.
1569 740 1761 784 3Contra
1787 742 1903 784 hunc
1967 727 2210 801 sergixgssugssy-

61 795 272 842 ascendit
295 796 589 851 salmanasar,
612 807 690 838 rex
711 795 1015 852 Assyriorum,
1035 800 1078 838 et
1099 796 1248 839 factus
1274 803 1339 840 est
1361 798 1399 840 ei
1423 798 1534 841 Osee
1558 813 1728 855 servus,
1751 800 1902 844 redde-

70 855 236 912 batque
262 854 328 898 illi
354 854 534 898 tributa.

128 914 149 942 ⁴
172 914 372 970 Cumque
402 912 764 971 deprehendisset.
799 927 876 956 rex
909 913 1192 970 Assyriorum
1223 914 1334 958 Osee
1366 916 1481 971 quod
1514 918 1727 962 rebellare
1760 919 1903 962 nitens
1977 916 2179 972 ,Exffiffium

70 974 263 1018 misisset
288 973 467 1017 nuntios
497 972 552 1015 ad
583 973 692 1028 Sua,
718 986 868 1028 regem
893 973 1103 1029 AEgypti,
1134 987 1188 1016 ne
1213 978 1444 1030 praesta-ret
1466 975 1631 1018 tributa
1653 977 1745 1032 regi
1768 978 1903 1033 Assy·
1969 967 2064 993 '⁸⁸⁰¹
2094 961 2208 990 israel.

66 1032 233 1076 riorum
257 1030 374 1075 sicut
395 1031 585 1088 singulis
606 1031 735 1074 annis
760 1031 915 1074 solitus
942 1038 1054 1088 erat,
1079 1031 1251 1075 obsedit
1272 1046 1393 1090 eum,
1417 1039 1459 1077 et
1484 1034 1686 1077 vinctum
1715 1035 1835 1078 misit
1859 1036 1904 1078 in

68 1105 304 1135 carcerem.
339 1090 358 1118 ⁵
383 1091 746 1147 pervagatusque
779 1095 844 1134 est
878 1103 1052 1134 omnem
1087 1096 1268 1148 terram,
1305 1098 1348 1135 et
1383 1093 1626 1137 ascendens
1659 1094 1905 1138 Samariam

66 1148 243 1194 obsedit
265 1163 363 1194 eam
390 1150 531 1192 tribus
560 1149 703 1193 annis.
727 1149 889 1193 6Αῐιῃο
913 1154 1062 1193 autem
1085 1163 1199 1194 nono
1223 1151 1353 1207 Osee,
1377 1152 1497 1209 cepit
1521 1164 1599 1196 rex
1626 1153 1905 1210 Assyriorum

64 1207 343 1264 Samariam3
370 1214 414 1252 et
436 1208 662 1251 transtulit
689 1209 828 1252 Israel
852 1209 898 1251 in
929 1209 1155 1265 Assyrios,
1186 1210 1419 1266 posuitque
1443 1224 1515 1254 eos
1540 1211 1587 1254 in
1614 1212 1757 1268 Hala,
1789 1217 1832 1256 et
1858 1212 1905 1254 in

70 1267 226 1312 Habor
252 1268 381 1324 juxta
403 1267 590 1310 fluvium
613 1268 784 1323 Gozan,
807 1268 853 1310 in
877 1267 1134 1311 civitatibus
1160 1269 1402 1313 Medorum.

128 1327 144 1353 ⁷
175 1326 365 1370 Factum
399 1332 465 1370 est
498 1327 637 1381 enim,
672 1340 773 1369 cum
806 1333 1064 1383 peccassent
1093 1327 1172 1369 filii
1205 1328 1344 1372 Israel
1376 1329 1566 1373 Domino
1598 1330 1689 1374 Deo
1719 1342 1798 1373 suo
1830 1330 1904 1386 qui
1969 1336 2082 1384 Causa?
2104 1336 2210 1371 huius

62 1387 283 1430 eduxerat
305 1400 377 1429 eos
400 1385 454 1428 de
476 1391 591 1428 terra
616 1385 801 1441 AEgypti
815 1421 824 1439 ,
852 1386 906 1429 d'e
935 1399 1067 1428 manu
1100 1386 1362 1443 Pharaonis,
1388 1388 1505 1444 regis
1527 1389 1737 1445 AEgypti,
1762 1390 1904 1432 colue-
2032 1387 2146 1409 ”⁰¹¹¹ae·

68 1450 172 1488 runt
208 1445 311 1488 deos
343 1444 525 1487 alienos.
563 1443 580 1470 ⁸
603 1444 660 1486 Et
695 1443 1038 1488 ambulaverunt
1077 1444 1206 1500 juxta
1245 1445 1379 1488 ritum
1421 1447 1620 1502 gentium
1658 1462 1764 1503 quas
1803 1462 1904 1491 con—

60 1509 315 1560 sumpserat
346 1502 563 1545 Dominus
592 1502 638 1544 in
669 1508 904 1559 conspectu
940 1501 1130 1545 filiorum
1164 1504 1322 1560 Israel,
1355 1511 1397 1548 et
1428 1519 1584 1561 regum
1617 1506 1775 1562 Israel,
1803 1507 1904 1562 quia

59 1562 273 1606 similiter
297 1562 512 1605 fecerant.
539 1560 556 1587 ⁹
575 1562 632 1604 Et
658 1561 941 1605 offenderunt
962 1561 1041 1604 filii
1068 1562 1207 1606 Israel
1230 1564 1374 1606 verbis
1400 1577 1487 1607 non
1509 1564 1639 1607 rectis
1665 1565 1905 1608 Dominum

65 1623 213 1665 ‘Deum
234 1624 389 1677 suum3
413 1626 456 1664 et
483 1620 816 1664 aedificaverunt
836 1620 921 1664 sibi
947 1621 1122 1664 excelsa
1146 1621 1190 1663 in
1215 1622 1385 1666 cunctis
1407 1623 1588 1666 urbibus
1610 1624 1720 1680 suis,
1743 1639 1769 1667 a
1787 1630 1904 1668 turm

60 1677 301 1725 custodum
338 1694 475 1736 usque
511 1679 568 1723 ad
606 1679 836 1723 civitatem
875 1679 1107 1723 munitam.
1139 1679 1176 1706 10
1196 1680 1502 1738 Fecerunt-que
1537 1682 1622 1725 sibi
1660 1688 1828 1726 statuas
1862 1689 1904 1727 et

66 1739 188 1783 lucos
214 1740 260 1783 in
286 1738 408 1783 omni
431 1738 544 1782 colle
568 1738 750 1782 sublimi·
773 1744 816 1782 et
836 1739 991 1782 subter
1010 1752 1139 1783 omne
1161 1739 1333 1795 lignum
1358 1754 1657 1799 nemorosum,
1685 1741 1718 1768 11
1735 1747 1778 1785 et
1798 1743 1902 1786 ado-

64 1798 222 1842 lebant
254 1798 318 1842 ibi
358 1799 591 1841 incensum
629 1812 760 1855 super
796 1811 915 1854 aras,
951 1798 998 1841 in
1036 1812 1203 1842 morem
1238 1800 1440 1855 gentium
1476 1814 1583 1856 quas
1620 1801 1903 1845 transtulerat

68 1858 286 1902 Dominus
309 1873 335 1900 a
356 1857 476 1900 facie
498 1870 672 1911 eorum3
700 1857 992 1913 fecerunt-que
1013 1858 1146 1901 verba
1168 1859 1373 1914 pessima,
1399 1859 1622 1903 irritantes
1647 1861 1900 1915 Dominum,

67 1915 104 1944 ¹⁸2
119 1922 163 1961 et
185 1916 415 1961 coluerunt
442 1916 774 1973 immunditias,
799 1916 854 1960 de
875 1916 1038 1973 quibus·
1056 1917 1268 1974 praecepit
1290 1917 1352 1961 eis
1380 1919 1597 1962 Dominus
1623 1933 1678 1963 ne
1702 1920 1903 1964 facerent

62 1976 250 2019 verbnm
274 1976 371 2020 hoc.
1331 1997 1335 2001 ⁴

124 2035 162 2062 1³
178 2036 237 2078 E't
262 2034 529 2091 testificatus
547 2041 614 2079 est
641 2035 859 2079 Dominus
879 2036 927 2078 in
954 2036 1094 2080 Israel
1115 2041 1158 2080 et
1183 2036 1229 2079 in
1255 2038 1283 2080 J
1291 2037 1374 2080 uda
1401 2051 1476 2094 per
1497 2052 1678 2081 manum
1705 2038 1902 2082 omnium

55 2095 378 2152 prophetarum
405 2101 448 2138 et
472 2094 742 2151 videntium,
767 2095 918 2138 dicens
940 2109 949 2139 τ
973 2095 1262 2139 Revertimini
1288 2110 1314 2139 a
1336 2096 1420 2139 viis
1442 2097 1598 2140 vestris
1619 2097 1835 2154 pessimis,
1859 2103 1902 2141 et

63 2151 287 2196 custodite
312 2158 536 2210 praecepta
571 2166 669 2196 mea
699 2158 743 2196 et
772 2154 1063 2210 ceremonias,
1097 2154 1226 2211 juxta
1251 2169 1429 2198 omnem
1457 2156 1602 2212 legem
1629 2170 1762 2212 qua-m
1790 2170 1901 2213 prae-

64 2213 161 2269 cepi
183 2210 382 2269 patribus
403 2212 583 2268 vestris,
607 2217 650 2255 et
670 2212 789 2255 sicut
808 2212 907 2255 misi
934 2212 990 2255 ad
1016 2227 1089 2256 vos
1110 2213 1159 2256 in
1182 2227 1316 2257 manu
1339 2228 1564 2258 servorum
1586 2229 1781 2259 meorum
1803 2229 1900 2272 pro-

64 2272 312 2330 phetarum.
337 2270 372 2297 ¹4
390 2271 472 2322 Qui
503 2285 589 2315 non
622 2271 883 2326 audierunt;
919 2272 994 2314 sed
1022 2272 1344 2316 induraverunt
1373 2274 1591 2318 cervicem
1618 2288 1744 2318 sua-m
1772 2274 1899 2331 juxta

56 2330 283 2374 cervicem
311 2335 489 2387 patrum
519 2344 719 2387 suorum,
747 2331 820 2386 qui
851 2331 1087 2374 noluerunt
1119 2331 1296 2375 obedire
1327 2333 1519 2376 Domino
1550 2335 1641 2377 Deo
1667 2347 1760 2377 suo.
1786 2333 1826 2360 ¹⁵
1843 2334 1899 2377 Et

55 2387 324 2446 abjecerunt
346 2388 547 2445 legitima
575 2389 692 2446 ejus,
720 2396 763 2433 et
784 2395 965 2446 pactum
991 2390 1106 2445 quod
1128 2391 1299 2448 pepigit
1321 2405 1421 2434 eum
1443 2392 1642 2449 patribus
1663 2407 1834 2448 eorum,
1857 2399 1900 2436 et

59 2447 397 2493 testificationes
420 2448 579 2505 quibus
599 2454 871 2492 contestatus
894 2454 960 2492 est
982 2462 1079 2504 eos,
1103 2450 1331 2506 secutique
1352 2457 1455 2494 sunt
1472 2452 1705 2506 vanitates,
1726 2458 1770 2495 et
1786 2466 1900 2495 vane

56 2513 272 2565 egerunt,
301 2514 344 2552 et
369 2508 508 2551 secuti
530 2513 634 2551 sunt
655 2514 808 2564 gentes
833 2522 930 2564 quae
956 2513 1081 2551 erant
1104 2522 1180 2565 per
1205 2508 1438 2552 circuitum
1462 2524 1631 2566 eorum,
1654 2525 1788 2568 super
1804 2511 1896 2566 qui—

59 2566 145 2610 ·bus
169 2573 442 2624 praeceperat
465 2567 683 2610 Dominus
705 2567 767 2610 eis
792 2572 842 2610 ut
864 2581 951 2610 non
980 2567 1181 2611 facerent
1205 2568 1320 2610 sicut
1341 2574 1384 2612 et
1408 2569 1500 2612 inae
1522 2569 1765 2613 faciebant.
1788 2569 1825 2597 ¹⁶
1844 2571 1898 2613 Et

56 2627 390 2682 dereliquerunt
412 2627 560 2670 omnia
583 2632 807 2684 praecept-a
829 2626 1009 2670 Domini
1031 2627 1110 2669 Dei
1133 2627 1198 2669 sui
1215 2644 1223 2680 3
1243 2627 1534 2684 feceruntque
1549 2627 1633 2671 sibi
1654 2628 1898 2672 conflatiles

56 2686 172 2729 duos
197 2686 386 2741 vitulos,
418 2691 461 2729 et
490 2686 634 2742 lucos,
665 2691 708 2729 et
739 2686 1036 2729 adoraverunt
1064 2686 1317 2729 universam
1350 2687 1558 2730 militiam
1588 2687 1708 2744 caeli,
1738 2689 1897 2731 servie-

59 2750 250 2801 runtque
273 2745 405 2801 Baal,
433 2744 467 2771 '¹⁷
486 2751 529 2788 et
551 2750 920 2789 consecraverunt
948 2744 1061 2788 filios
1090 2759 1191 2788 suos
1219 2750 1264 2788 et
1292 2744 1405 2788 filias
1431 2760 1531 2789 suas
1557 2761 1634 2803 per
1655 2747 1828 2803 ignem,
1855 2753 1898 2791 et

55 2804 414 2847 divinationibus
453 2804 758 2848 inserviebant
791 2810 833 2847 et
869 2804 1095 2860 auguriis;
1135 2810 1178 2847 et
1218 2804 1496 2848 tradiderunt
1531 2820 1577 2849 se
1613 2811 1662 2848 ut
1697 2806 1898 2850 facerent

0 2888 4 2897 ·
62 2863 231 2906 malurn
253 2877 402 2906 coram
426 2863 638 2919 Domino,
662 2868 711 2906 ut
733 2863 958 2906 irritarent
987 2877 1100 2906 eum.

121 2921 156 2949 ¹8
176 2923 411 2978 Iratusque
431 2928 497 2966 est
520 2923 738 2966 Dominus
757 2923 1040 2966 vehementer
1062 2923 1231 2980 Israeli,
1251 2928 1294 2967 et
1314 2923 1501 2968 abstulit
1522 2939 1594 2969 eos
1615 2940 1641 2968 a
1660 2931 1896 2983 conspectu
2234 2961 2242 2983 ,

52 2996 164 3037 suo,
192 2988 235 3025 et
260 2996 347 3024 non
377 2982 590 3026 remansit
619 2982 705 3025 nisi
727 2982 868 3025 tribus
890 2981 919 3025 J
924 2981 1010 3024 uda
1038 2983 1361 3027 tantummodo.
1388 2983 1424 3010 ¹⁹
1440 2983 1526 3027 Sed
1552 2998 1633 3028 nec
1656 2985 1752 3042 ipse
1777 2985 1895 3028 Juda
2232 2987 2238 2996 '

61 3040 302 3083 custodivit
328 3041 539 3084 mandata
564 3041 745 3084 Domini
773 3041 855 3084 Dei
878 3041 968 3097 sui,
987 3055 1138 3085 verum
1159 3042 1408 3086 ambulavit
1431 3043 1478 3086 in
1501 3043 1717 3087 erroribus
1743 3044 1893 3100 Israel,

54 3113 168 3155 -quos
206 3105 409 3156 operatus
446 3101 608 3144 fuerat.
647 3099 684 3127 2⁰
709 3100 990 3157 Projecitque
1027 3101 1244 3145 Dominus
1286 3116 1415 3146 omne
1454 3117 1602 3147 semen
1646 3103 1814 3158 Israe13
1853 3108 1894 3146 et

52 3158 219 3201 afflixit
247 3172 340 3213 eos,
367 3165 410 3203 et
432 3159 619 3203 tradidit
646 3174 719 3204 eos
743 3160 790 3203 in
816 3174 950 3202 manu
980 3159 1304 3217 diripientium,
1332 3161 1471 3205 donec
1501 3162 1735 3219 projiceret
1768 3176 1839 3205 eos
1867 3176 1893 3204 a

59 3217 180 3261 facie
200 3232 300 3274 sua,
323 3217 357 3244 2¹
378 3233 433 3262 ex
457 3233 507 3263 eo
528 3219 625 3275 jam
653 3225 850 3276 tempore
871 3233 956 3275 quo
985 3219 1146 3263 scissus
1175 3226 1241 3264 est
1270 3221 1410 3264 Israel
1437 3236 1463 3263 a
1494 3221 1623 3264 domo
1654 3221 1820 3276 David,
1851 3225 1893 3263 et

54 3276 386 3321 constituerunt
413 3277 498 3321 sibi
522 3291 674 3335 regem
699 3278 959 3334 Jeroboam,
993 3277 1135 3321 filiu-m
1165 3280 1341 3334 Nabat;
1370 3280 1592 3337 separavit
1622 3280 1740 3323 enim
1769 3280 1892 3323 Jero-

59 3333 193 3378 boam
228 3337 368 3380 Israel
399 3351 426 3380 a
459 3338 672 3395 Domino,
707 3343 751 3382 et
787 3347 970 3395 peccare
1006 3351 1079 3382 eos
1111 3338 1223 3382 fecit
1289 3344 1491 3382 eccatum
1524 3353 1750 3394 magnum.
1778 3337 1814 3363 22
1834 3338 1893 3381 Et

55 3391 404 3440 ambulaverunt
429 3396 510 3440 filii
540 3397 754 3442 Israel-in
783 3397 1000 3440 universis
1024 3398 1218 3455 peccatis
1263 3398 1479 3442 ³eroboam
1507 3411 1607 3454 quae
1633 3398 1824 3454 fecerat,
1848 3402 1892 3441 et

54 3462 149 3495 'non
168 3460 442 3499 recesserunt
465 3455 523 3498 ab
552 3456 635 3515 eis,
662 3455 699 3483 23
716 3469 944 3512 usquequo
968 3456 1186 3500 Dominus
1213 3456 1409 3500 auferret
1435 3456 1572 3500 Israel
1597 3471 1624 3499 a
1647 3456 1767 3500 facie
1790 3470 1889 3513 sua,

2438 3052 2441 3061 v

2436 3098 2441 3107 v

2425 3114 2430 3123 ἱ
2446 3130 2447 3133 ,

2439 3262 2442 3271 ι

55 3595 92 3631 3]
111 3597 175 3625 Ins.
195 3597 376 3635 XV111,9.
397 3600 475 3629 Tob.
498 3601 525 3636 1,
539 3604 564 3630 2.
589 3616 624 3622 —
653 3602 682 3636 6]
705 3601 768 3629 Ins.
782 3599 922 3636 XVIH,
940 3603 983 3629 10.
1009 3614 1046 3620 --
1073 3600 1125 3635 21]
1142 3601 1194 3629 111
1215 3601 1296 3633 Reg.
1315 3601 1406 3636 XII,
1422 3602 1464 3628 19.
1489 3612 1518 3621 -·
1549 3601 1596 3634 23]
1615 3601 1682 3630 ὕει’.
1705 3601 1811 3636 XXV,
1826 3602 1854 3630 9.
