2423 3861
883 120 1032 163 Eocm.
1068 121 1124 175 L,
1161 121 1320 164 10-29.
1673 170 1676 176 ⁸
1928 125 2010 169 793

374 286 406 312 ¹0
428 288 551 343 quasi
579 303 655 331 vas
681 290 773 331 auri
800 290 1010 344 solidum,

490 353 690 390 ornatum
718 348 836 390 omui
864 348 1011 404 lapide
1036 349 1225 404 pretioso
1248 366 1256 403 3

373 403 405 429 '¹¹
430 406 553 460 quasi
580 406 698 449 oliva
724 407 968 462 pullulans,
996 413 1038 450 et
1071 420 1300 463 cypressus
1326 408 1369 449 in
1396 409 1677 452 altitudinem
1704 423 1750 452 se
1776 409 2010 465 extollens,

486 464 531 506 iu
557 465 817 520 accipiendo
843 465 986 522 ipsum
1012 466 1170 508 stolam
1196 466 1370 521 gloriae,

487 529 529 565 ct
556 523 703 566 vestiri
730 538 830 566 eum
852 524 897 566 in
921 525 1348 567 consummationem
1376 525 1560 569 virtutis.

372 580 405 606 Γ]
431 583 478 623 111
505 596 689 625 ascensu
711 583 863 624 altaris
889 583 1030 625 sancti

487 640 675 695 gloriam
702 640 823 682 dedit
849 640 1100 683 sanctitatis
1125 641 1354 685 amictum.

311 707 313 709 ’
373 698 406 723 ¹³
428 700 478 741 Iu
505 699 762 754 accipiendo
784 705 932 742 autem
959 704 1104 755 partes
1131 700 1185 742 de
1206 715 1340 743 manu
1361 703 1657 760 sacerdotum,

488 763 531 800 et
555 757 648 813 ipse
674 764 795 800 stans
821 758 951 814 juxta
975 773 1125 811 aram;

485 821 527 859 et
552 816 668 858 circa
693 816 820 859 illum
846 831 1006 860 corona
1030 817 1245 861 fratrum:

427 874 551 929 quasi
577 875 794 931 plantatio
824 875 941 919 cedri
964 876 1013 933 >in
1040 881 1190 920 monte
1213 877 1405 933 Libano,

430 933 463 958 '¹¹‘
485 933 548 976 sic
571 933 686 977 circa
712 933 838 977 illum
862 939 1080 978 steterunt
1101 936 1226 990 quasi
1251 936 1362 978 rami
1388 937 1548 992 palmae
1569 955 1578 992 3

487 998 529 1035 ct
554 1007 704 1036 omnes
731 993 809 1035 filii
836 994 985 1036 Aaron
1010 994 1053 1036 in
1079 994 1219 1049 gloria
1244 1009 1335 1037 sua.

367 1050 404 1076 15
426 1051 604 1094 oblatio
629 1057 777 1096 autem
806 1053 987 1095 Domini
1012 1053 1057 1094 in
1085 1054 1290 1096 manibus
1317 1054 1510 1109 ipsorum

486 1125 634 1154 coram
660 1112 778 1154 omni
804 1125 1034 1168 synagoga
1061 1112 1199 1155 Israel
1220 1130 1228 1166 ;
1519 1119 1524 1124 '

424 1174 470 1212 et
487 1170 868 1214 consummatione
894 1171 1090 1226 fungens
1117 1171 1162 1213 in
1189 1186 1284 1224 ara,

483 1229 756 1285 amplificare
782 1230 1052 1273 oblationem
1081 1230 1242 1273 excelsi
1274 1231 1425 1287 Regis,

369 1287 405 1313 ¹0
426 1288 618 1344 porrexit
646 1303 828 1330 manum
853 1303 977 1331 suam
1003 1289 1049 1331 in
1078 1289 1312 1344 libatione,

484 1352 528 1389 et
554 1347 711 1390 libavit
737 1348 790 1390 de
814 1348 1029 1403 sanguine
1055 1363 1167 1391 uvae.

369 1405 402 1431 ‘¹⁷
427 1405 599 1448 Effudit
624 1407 670 1448 in
696 1407 992 1450 fundamento
1018 1407 1170 1449 altaris

486 1465 663 1508 odorem
690 1465 891 1508 divinum
916 1466 1089 1508 excelso
1119 1466 1328 1522 Principi.

370 1523 404 1548 ¹⁸
426 1524 550 1565 Tunc
578 1524 940 1567 exclamaverunt
966 1524 1045 1566 filii
1075 1525 1245 1580 Aaron,

484 1582 530 1624 in
556 1583 676 1625 tubis
702 1582 1024 1639 productilibus
1051 1588 1319 1637 sonuerunt3

486 1647 529 1685 et
546 1642 746 1685 auditam
765 1643 972 1686 fecerunt
986 1656 1142 1685 vocem
1161 1656 1372 1697 magnam
1391 1641 1435 1682 in
1456 1644 1716 1684 memoriam
1731 1655 1879 1683 coram
1898 1642 2005 1686 Deo.

368 1704 404 1731 '¹9
425 1706 551 1748 Tunc
579 1705 718 1748 omnis
741 1704 928 1761 populus
954 1703 1086 1747 simul
1114 1706 1479 1760 properaverunt,

482 1772 525 1807 et
552 1765 806 1808 ceciderunt
825 1764 872 1806 in
897 1763 1064 1806 faciem
1090 1776 1220 1819 super
1245 1765 1426 1815 terram,

425 1824 608 1867 adorare
634 1823 876 1867 Dominum
903 1823 1046 1866 Deum
1068 1836 1218 1877 suum,

485 1888 527 1926 et
554 1883 656 1926 dare
678 1896 827 1939 preces
854 1881 1147 1937 omnipotenti
1177 1881 1269 1924 Deo
1296 1880 1482 1922 excelso.

366 1941 404 1968 2⁰
424 1942 481 1984 Et
507 1942 892 1998 amplificaverunt
918 1941 1155 1997 psallentes
1180 1940 1227 1982 in
1252 1939 1436 1982 vocibus
1459 1938 1569 1995 suis,

488 2007 530 2043 et
555 2001 602 2043 in
624 2015 788 2056 magna
815 2001 945 2043 domo
971 2005 1125 2042 auctus
1153 2004 1220 2042 est
1244 2012 1376 2042 sonus
1401 1996 1635 2041 suavitatis
1661 1995 1831 2054 plenus.

368 2059 401 2086 ‘2¹
426 2061 483 2102 Et
508 2060 683 2116 rogavit
708 2060 896 2116 populus
925 2059 1167 2102 Dominum
1191 2058 1417 2101 excelsum
1441 2058 1486 2099 in
1512 2070 1661 2113 prece,

487 2133 624 2175 usque
644 2119 749 2161 dum
771 2119 997 2175 perfectus
1027 2124 1092 2161 est
1118 2119 1256 2161 honor
1282 2116 1484 2173 Domini,

488 2186 530 2221 et
556 2193 714 2220 munus
739 2193 867 2221 suum
894 2178 1188 2234 perfecerunt.

369 2236 406 2262 ²2
427 2239 551 2280 Tunc
578 2237 871 2293 descendens,
901 2251 1057 2280 manus
1082 2251 1182 2279 51105
1209 2235 1369 2279 extulit

487 2297 534 2339 in
560 2311 736 2340 omnem
762 2296 1152 2352 congregationem
1178 2295 1367 2337 filiorum
1394 2291 1546 2349 Israel,

430 2357 532 2399 dare
555 2356 742 2411 gloriam
769 2357 862 2399 Deo
885 2371 910 2398 a
936 2355 1066 2398 labiis
1092 2354 1201 2409 suis,

489 2424 532 2458 et
552 2416 597 2457 iu
625 2415 802 2458 nomine
826 2415 963 2471 ipsius
990 2413 1168 2470 gloriari
1189 2431 1197 2468 3

368 2473 408 2500 23
428 2480 471 2518 et
494 2475 674 2518 iteravit
697 2474 940 2517 orationem
965 2487 1112 2528 suam,

490 2534 642 2577 volens
669 2533 898 2576 ostendere
926 2533 1135 2575 virtutem
1164 2533 1260 2575 Dei.

896 2668 1325 2724 EPILOGUS

819 2794 842 2851 ξ
869 2793 905 2836 Ι.
931 2819 990 2824 —-
1014 2792 1146 2835 Libra·
1171 2791 1399 2834 conclusio.

371 2895 410 2922 ”2⁴
433 2898 489 2939 Et
510 2909 629 2938 1111110
655 2900 776 2938 orate
803 2895 946 2938 Deum
973 2892 1191 2946 omnium,
1220 2891 1294 2947 qui
1317 2902 1480 2946 magna
1506 2889 1619 2933 fecit
1642 2889 1689 2932 in
1712 2889 1830 2932 omni
1857 2893 1990 2943 terra,

492 2955 565 3010 qui
590 2954 716 2996 auxit
741 2953 834 2997 dies
861 2959 1031 2996 nostros
1056 2967 1081 2994 a
1104 2955 1257 2994 ventre
1280 2950 1434 2992 matris
1457 2955 1638 3004 nostrae,

492 3021 535 3057 et
556 3013 667 3056 fecit
690 3013 922 3056 nobiscum
946 3010 1188 3054 secundum
1215 3023 1341 3052 suam
1363 3008 1711 3051 misericordiam
1730 3024 1739 3061 3

371 3073 413 3100 ‘25
433 3074 506 3117 det
528 3073 655 3115 nobis
681 3072 1009 3128 jucunditatem
1037 3070 1199 3124 cordis,

492 3138 535 3175 et
558 3132 649 3174 fieri
677 3145 832 3188 pacem
849 3131 896 3173 in
919 3130 1073 3173 diebus
1096 3129 1255 3171 nostris
1272 3129 1319 3172 in
1337 3128 1476 3172 Israel
1494 3142 1570 3184 per
1589 3127 1682 3170 dies
1703 3124 1994 3181 sempiternos
2013 3141 2022 3180 3

379 3191 416 3219 9⁶
433 3191 609 3235 credere
632 3190 771 3233 Israel
797 3190 1028 3233 nobiscum
1054 3202 1148 3231 esse
1174 3187 1257 3231 Dei
1282 3186 1652 3241 misericordiam,

494 3256 543 3293 ut
569 3250 727 3294 liberet
747 3264 826 3292 nos
849 3250 894 3292 in
918 3248 1072 3292 diebus
1098 3247 1201 3290 suis.

378 3309 413 3335 '2⁷
437 3311 558 3353 Duas
580 3315 734 3365 gentes
757 3309 851 3352 odit
872 3308 1022 3351 anima
1049 3321 1147 3350 mea
1167 3324 1175 3361 ς

495 3369 626 3412 tertia
651 3374 801 3411 autem
824 3383 910 3410 non
937 3374 1002 3410 est
1027 3379 1134 3422 gens
1156 3380 1289 3421 quam
1315 3366 1483 3409 oderim
1505 3382 1514 3408 t

377 3427 413 3454 “²⁸
434 3429 507 3484 qui
534 3427 689 3471 sedent
713 3427 759 3470 in
785 3432 934 3470 monte
958 3425 1063 3474 Seir,
1087 3431 1130 3468 et
1157 3425 1453 3480 Philisthiim,

498 3493 541 3531 et
563 3487 726 3530 stultus
748 3486 934 3544 populus
960 3485 1032 3541 qui
1058 3485 1232 3527 habitat
1251 3485 1298 3527 in
1322 3484 1541 3528 Sichimis.

260 3546 296 3574 ‘29
315 3547 576 3591 Doctrinam
602 3546 834 3603 sapientiae
858 3551 901 3589 et
923 3544 1171 3600 disciplinae
1196 3543 1373 3599 scripsit
1391 3543 1436 3585 in
1458 3542 1609 3586 codice
1630 3541 1713 3584 isto
1736 3541 1763 3583 J
1768 3553 1886 3596 esus,
1910 3539 2024 3582 filius

197 3606 376 3663 sirach,
400 3606 733 3666 Jerosolymita,
760 3605 834 3662 qui
855 3603 1085 3648 renovavit
1109 3602 1376 3660 sapient-iam
1399 3601 1453 3645 de
1474 3600 1717 3653 cordesuo.

2132 2893 2291 2924 Sir-acidis

2144 2941 2226 2968 vota
2241 2938 2276 2967 in

2136 2982 2281 3017 gratiam

2139 3026 2284 3056 Israelis·

2134 3305 2292 3340 Ejusdem

2126 3349 2240 3378 odium
2259 3348 2292 3377 in

2103 3397 2172 3423 tres
2190 3393 2320 3422 vicinas

2141 3441 2274 3472 genteS.

2098 3542 2321 3577 Subscriptio.
