2423 3861
209 1852 367 1882 Vindicta

203 1896 316 1925 divina
335 1897 367 1924 in

199 1940 372 1969 Herodem.

233 3057 323 3085 SauH

174 3104 207 3128 et.
226 3102 385 3130 Barnahae

171 3144 389 3173 consecratio.

178 3451 385 3484 Propagatur

207 3495 355 3523 Ecclesia

199 3537 230 3566 in
248 3539 362 3571 Cypro.

482 129 594 170 1228
1063 130 1173 172 ACT.
1208 129 1322 182 XII,
1357 130 1382 172 6
1417 155 1474 160 —
1505 130 1649 181 XIII,
1682 130 1722 172 5.

478 297 735 339 servabatur
755 297 801 338 in
829 309 1016 338 carcere.
1044 295 1194 338 Oratio
1219 300 1369 338 autem
1395 294 1528 337 fiebat
1554 295 1649 338 sine
1673 295 2001 340 intermissione
2026 297 2083 340 ab
2115 299 2305 341 ecclesia

477 355 534 398 ad
561 356 704 398 Deum
722 369 798 410 pro
821 368 884 397 eo.

538 414 555 439 ‘³
572 414 683 456 Cum
708 419 858 455 autem
879 413 1171 469 producturus
1198 427 1298 455 eum
1325 418 1439 456 esset
1465 413 1679 467 Herodes,
1698 413 1744 456 in
1765 413 1863 470 ipsa
1881 417 2009 456 nocte
2035 419 2130 456 erat
2151 415 2306 459 Petrus

477 473 698 516 dormiens
734 471 850 515 inter
882 472 989 515 duos
1023 472 1208 527 milites,
1247 471 1423 514 vinctus
1457 472 1625 515 catenis
1658 472 1850 527 duabus,
1888 477 1932 516 et
1969 472 2172 516 custodes
2204 481 2306 518 ante

476 531 637 574 ostium
672 531 983 574 custodiebant
1015 545 1250 574 carcerem.
1281 530 1296 556 7
1328 531 1386 574 Et
1415 545 1517 574 ecce
1549 531 1737 587 angelus
1768 531 1949 574 Domini
1979 531 2142 588 astitit,
2170 538 2214 575 et
2242 533 2306 575 lu-

477 604 577 633 men
602 589 780 633 refulsit
800 590 847 632 in
871 590 1152 645 habitaculo;
1180 604 1473 646 percussoque
1503 590 1641 633 latere
1678 591 1819 645 Petri,
1847 590 2062 634 excitavit
2094 605 2216 646 eum,
2244 592 2307 634 di-

475 663 578 692 cens
607 666 615 692 :
646 650 782 705 Surge
805 649 1026 692 velociter.
1054 650 1113 691 Et
1134 649 1389 692 ceciderunt
1412 655 1582 692 catenae
1601 649 1654 693 de
1676 650 1881 693 manibus
1907 649 2016 706 ejus,
2043 649 2060 676 8
2081 650 2207 693 Dixit
2231 665 2307 693 au-

474 714 564 751 tem
586 708 771 764 angelus
796 708 852 751 ad
880 723 979 751 eum
1013 725 1020 752 :
1048 708 1347 764 Praecingere,
1377 714 1419 751 et
1445 709 1595 752 calcea
1621 714 1664 751 te
1690 709 1859 765 caligas
1885 714 1997 752 tuas.
2017 710 2075 752 Et
2096 709 2209 753 fecit
2231 709 2306 753 sic.

475 768 532 810 Et
572 767 687 810 dixit
721 767 787 809 illi
819 784 826 811 :
860 767 1096 810 Circumda
1136 767 1218 810 tibi
1260 768 1579 811 vestimentum
1616 774 1762 823 tuum,
1797 774 1842 811 et
1877 782 2057 824 sequere
2092 768 2230 812 1116.·9
2251 769 2308 813 Et

475 827 626 869 exiens
647 827 913 882 sequebatur
935 841 1054 882 eum,
1084 832 1127 870 et
1151 827 1379 870 nesciebat
1413 827 1514 883 quia
1535 841 1690 870 verum
1723 832 1790 870 est
1816 827 1932 883 quod
1966 827 2101 871 fiebat
2129 834 2210 884 perv
2231 843 2308 871 an-

473 886 648 941 gelum3
670 886 957 929 existimabat
979 892 1128 930 autem
1149 901 1196 929 se
1218 887 1362 929 visum
1388 887 1551 930 videre.
1572 885 1607 913 ¹⁰
1621 887 1918 930 Transeuntes
1943 892 2094 930 autem
2118 887 2308 944 primam

473 950 517 987 et
541 945 783 988 secundam
807 945 1075 1001 custodiam,
1099 951 1316 989 venerunt
1348 946 1404 988 ad
1430 952 1603 1002 portam
1625 946 1818 989 ferream
1846 961 1945 1002 quae
1967 946 2091 989 ducit
2119 946 2176 989 ad
2200 947 2308 989 civi-

473 1009 631 1059 tatem,
659 1019 757 1060 quae
786 1004 898 1048 ultro
923 1011 1077 1061 aperta
1095 1011 1160 1048 est
1186 1005 1272 1059 eis,
1309 1010 1353 1049 et
1381 1011 1593 1048 exeuntes
1625 1010 1934 1062 processerunt
1967 1006 2118 1048 vicum
2146 1020 2307 1061 unum,

473 1069 516 1106 et
549 1064 757 1107 contiuuo
782 1064 986 1107 discessit
1018 1065 1204 1120 angelus
1234 1065 1289 1107 ab
1320 1079 1383 1107 eo.
1421 1064 1453 1090 11
1474 1065 1533 1107 Et
1566 1065 1723 1108 Petrus
1749 1065 1805 1107 ad
1839 1079 1885 1108 se
1905 1079 2105 1108 reversus
2117 1100 2126 1121 ,
2151 1065 2266 1108 dixit
2297 1082 2306 1109 :
2338 1109 2340 1111 ,

473 1123 602 1165 Nunc
639 1123 728 1166 scio
766 1138 867 1166 vere
900 1124 1004 1179 quia
1036 1124 1158 1166 misit
1199 1124 1416 1167 Dominus
1449 1124 1660 1180 angelum
1693 1139 1840 1180 suum,
1879 1129 1924 1167 et
1956 1124 2117 1181 eripuit
2150 1139 2220 1167 1116
2253 1124 2307 1167 dc

473 1197 606 1224 manu
635 1181 847 1238 Herodis,
875 1189 918 1226 et
941 1183 994 1226 de
1019 1183 1139 1226 omni
1164 1184 1474 1240 expectatione
1496 1184 1639 1240 plebis
1665 1184 1941 1227 Judaeornm.

536 1240 568 1267 ¹2
586 1241 986 1298 Consideransque,
1007 1243 1130 1286 venit
1146 1243 1203 1285 ad
1223 1243 1403 1285 domum
1429 1243 1604 1299 Mariae,
1632 1243 1785 1285 matris
1813 1244 1841 1286 J
1845 1243 2024 1299 oannis,
2043 1243 2117 1298 qui
2144 1257 2306 1299 cogno-

473 1301 666 1343 minatus
689 1307 755 1344 est
780 1302 978 1357 Marcus,
1005 1302 1080 1344 ubi
1113 1308 1239 1345 erant
1272 1303 1401 1344 multi
1436 1303 1718 1359 congregati,
1746 1308 1789 1346 et
1819 1307 2007 1345 orantes
2040 1301 2076 1328 13
2094 1302 2306 1346 Ρ111361116

471 1365 621 1403 61116111
643 1375 694 1403 60
719 1361 880 1403 ostium
905 1361 1077 1417 januae,
1105 1361 1317 1418 processit
1338 1362 1487 1418 puella
1516 1362 1573 1405 ad
1606 1362 1898 1415 audiendum,
1934 1361 2112 1404 nomine
2137 1361 2303 1406 Rhode.

473 1419 508 1445 ’14
528 1421 584 1462 Et
605 1426 654 1462 ut.
676 1421 886 1476 cognovit
912 1435 1066 1464 vocem
1093 1421 1235 1476 Petri,
1258 1436 1348 1477 prae
1372 1421 1535 1477 gaudio
1557 1436 1642 1464 non
1670 1421 1843 1478 aperuit
1867 1421 2065 1477 januam,
2089 1420 2166 1464 sed
2190 1421 2306 1464 intro

472 1493 669 1534 currens,
698 1480 922 1529 nuntiavit
943 1486 1058 1523 stare
1083 1482 1261 1523 Petrum
1288 1487 1392 1524 a-nte
1418 1481 1618 1537 januam.
1643 1480 1678 1507 '¹5
1697 1483 1758 1524 At
1778 1480 1844 1523 illi
1870 1480 2078 1523 dixerunt
2100 1480 2158 1522 ad
2186 1494 2302 1524 eam:

474 1539 661 1581 insanis.
683 1539 769 1581 Illa
793 1545 944 1582 autem
966 1540 1226 1583 affirmabat
1247 1540 1309 1583 sic
1333 1555 1378 1583 se
1403 1541 1576 1583 habere.
1608 1540 1682 1582 Illi
1708 1545 1859 1583 autem
1882 1539 2092 1583 dicebant
2120 1556 2129 1583 :
2155 1539 2303 1594 Ange-

471 1597 538 1640 lus
560 1597 657 1654 ejus
684 1604 762 1641 est.
788 1598 822 1625 16
840 1600 996 1642 Petrus
1029 1605 1181 1642 autem
1209 1600 1522 1655 perseverabat
1555 1600 1750 1656 pulsans.
1782 1600 1895 1643 Cum
1927 1604 2078 1641 autem
2110 1599 2305 1655 aperuis-

470 1663 587 1712 sent,
612 1657 819 1700 viderunt
844 1673 964 1713 eum,
993 1664 1036 1701 et
1062 1659 1397 1715 obstupuerunt.
1425 1658 1455 1684 ¹⁷
1471 1659 1688 1702 Annuens
1709 1664 1860 1701 autem
1878 1657 1940 1701 eis
1959 1672 2094 1700 manu
2116 1663 2165 1700 ut
2187 1663 2303 1701 tace-

469 1722 587 1769 rent,
622 1717 819 1759 narravit
851 1718 1068 1773 quomodo
1108 1718 1324 1760 Dominus
1359 1718 1584 1761 eduxisset
1621 1732 1721 1761 eum
1755 1718 1809 1760 de
1843 1731 2038 1772 carcere,
2066 1717 2300 1772 dixitque:

470 1775 685 1818 Nuntiate
711 1777 879 1819 Jacobo
903 1782 946 1819 et
971 1777 1186 1819 fratribus
1211 1778 1320 1820 haec.
1345 1777 1403 1819 Et
1430 1791 1653 1832 egressus,
1676 1777 1788 1819 abiit
1813 1777 1858 1819 in
1880 1776 2018 1818 alium
2042 1776 2202 1819 locum.

533 1834 565 1861 ¹3
585 1835 723 1877 Facta
757 1842 906 1878 autem
945 1836 1035 1889 (lie,
1071 1841 1165 1879 erat
1201 1851 1288 1879 non
1322 1851 1458 1892 parva
1481 1836 1677 1878 turbatio
1713 1836 1828 1878 inter
1866 1835 2052 1891 milites,
2091 1835 2303 1890 quidnam

469 1894 643 1936 factum
667 1901 779 1937 esset
805 1895 858 1937 de
881 1896 1024 1938 Petro.
1054 1895 1089 1921 ¹9
1108 1895 1308 1938 Herodes
1335 1902 1484 1938 autem
1511 1909 1612 1937 cum
1633 1895 1889 1950 requisisset
1914 1909 2036 1949 eum,
2060 1900 2104 1937 et
2126 1909 2214 1937 non
2238 1895 2302 1937 in-

470 1953 683 2007 venisset,
710 1954 995 2008 inquisitione
1013 1955 1136 1997 facta
1164 1955 1216 1997 de
1243 1954 1520 2005 custodibus,
1544 1954 1675 2009 jussit
1697 1968 1769 1997 eos
1797 1954 1923 2008 duci,
1946 1953 2305 2009 descendensque

468 2026 493 2053 a
520 2012 679 2055 Judaea
705 2012 750 2054 in
773 2014 1052 2068 Caesaream,
1079 2013 1141 2055 ibi
1176 2019 1473 2056 commoratus
1507 2018 1585 2056 est.
1618 2011 1654 2038 ²⁰
1673 2013 1781 2055 Erat
1809 2019 1960 2056 autem
1990 2012 2129 2055 iratus
2158 2013 2304 2069 Tyriis

469 2076 511 2113 et
537 2070 741 2114 Sidoniis.
773 2075 832 2114 At.
863 2072 929 2114 illi
960 2073 1191 2115 unanimes
1220 2079 1438 2115 venerunt
1469 2073 1526 2115 ad
1553 2087 1681 2131 eum3
1713 2078 1756 2116 et
1785 2086 1993 2129 persuaso
2028 2072 2203 2127 Blasto,
2230 2071 2304 2128 qui

468 2135 562 2172 erat
582 2145 712 2186 super
734 2131 989 2174 cubiculum
1015 2132 1150 2187 regis,
1174 2132 1463 2188 postulabant
1484 2146 1661 2190 pacem,
1689 2147 1738 2175 eo
1770 2132 1886 2187 quod
1912 2132 2135 2174 alerentur
2161 2131 2301 2188 regio-

468 2203 544 2232 nes
582 2203 732 2233 eorum
765 2190 821 2232 ab
858 2191 948 2234 illo.
984 2190 1017 2217 '2¹
1039 2192 1213 2234 Statuto
1251 2197 1400 2234 autem
1436 2191 1527 2245 die,
1557 2191 1758 2234 Herodes
1787 2191 1974 2234 vestitus
1999 2195 2122 2234 veste
2154 2191 2303 2246 regia,

468 2248 581 2291 sedit
599 2263 677 2304 pro
702 2249 929 2304 tribunali,
943 2256 986 2293 et
1011 2250 1359 2293 concionabatur
1373 2251 1430 2293 ad
1453 2265 1538 2293 eos.
1563 2250 1599 2275 9³2
1618 2251 1814 2307 Populus
1832 2255 1983 2293 autem
2000 2249 2302 2294 acclamabat:

469 2308 550 2351 Dei
573 2322 703 2352 voces
727 2313 770 2351 et
794 2324 881 2351 non
904 2310 1107 2353 hominis.
1135 2309 1171 2336 ⁵23
1189 2309 1439 2353 Confestim
1464 2315 1613 2353 autem
1639 2310 1854 2366 percussit
1875 2324 1976 2352 eum
2002 2309 2188 2364 angelus
2216 2310 2302 2352 Do-

467 2367 596 2417 mini,
631 2382 680 2410 eo
713 2369 829 2423 quod
860 2383 946 2412 non
978 2369 1170 2412 dedisset
1203 2369 1413 2412 honorem
1449 2370 1566 2421 Deo;
1598 2374 1641 2412 et
1675 2373 1961 2425 consumptus
1994 2383 2021 2411 a
2053 2367 2300 2424 vermibus,

466 2426 699 2481 expiravit.
728 2427 764 2453 ⁹24
782 2428 980 2470 Verbum
1006 2434 1155 2471 autem
1182 2429 1360 2470 Domini
1384 2429 1629 2483 crescebat,
1650 2435 1693 2471 et
1720 2428 2116 2484 multiplicabatur.
2135 2426 2172 2454 “²5
2195 2427 2302 2470 Bar-

466 2486 604 2528 nabas
633 2493 781 2529 autem
813 2493 855 2530 et
887 2488 1046 2530 Saulus
1076 2487 1239 2530 reversi
1269 2493 1372 2530 sunt
1401 2488 1457 2530 ab
1491 2487 1802 2544 Jerosolymis,
1826 2486 2003 2543 expleto
2034 2486 2301 2541 ministerio,

465 2551 690 2599 assumpto
715 2547 888 2589 Joanne
911 2547 983 2602 qui
1007 2547 1348 2602 cognominatus
1375 2552 1440 2589 est
1466 2548 1653 2590 Marcus.

1096 2689 1407 2744 TERTIA
1459 2688 1667 2743 PARS

739 2814 943 2854 PAULr
990 2814 1461 2854 MINISTERIUM
1511 2814 1717 2853 INTER
1765 2814 2027 2855 GENTEs

877 2931 899 2984 ξ
932 2929 968 2972 Ι.
994 2955 1053 2962 ——
1077 2930 1286 2973 Primum
1310 2931 1391 2973 iter
1411 2929 1698 2986 apostolicum
1719 2929 1875 2972 Pauli.

523 3034 630 3078 CAP.
658 3036 791 3078 XIII.
818 3062 877 3067 —
905 3036 914 3062 ¹
937 3036 1077 3079 Erant
1101 3042 1248 3080 autem
1272 3037 1318 3079 in
1342 3037 1530 3080 ecclesia
1560 3051 1659 3093 quae
1687 3042 1780 3080 erat
1812 3036 2088 3091 Antiochiae,
2111 3038 2296 3094 prophe-

463 3100 543 3148 tae,
578 3098 621 3136 et
651 3094 869 3151 doctores,
897 3095 942 3137 in
966 3096 1124 3152 quibus
1158 3096 1408 3152 Barnabas,
1432 3101 1477 3139 et
1511 3096 1661 3140 Simon
1688 3096 1761 3152 qui
1791 3096 2034 3140 vocabatur
2061 3096 2213 3152 Niger,
2254 3103 2297 3140 et

463 3153 627 3195 Lucius
654 3153 940 3209 Cyrenensis,
964 3160 1006 3198 et
1029 3155 1250 3198 lilanahen
1279 3155 1349 3211 qui
1378 3161 1471 3198 crat
1495 3155 1686 3198 Herodis
1713 3155 1948 3198 tetrarchae
1971 3153 2294 3211 collactaneus,

463 3216 506 3254 et
544 3212 714 3254 Saulus.
748 3212 1139 3256 211111113116111111113
1173 3221 1321 3257 autem
1355 3214 1444 3257 illis
1488 3215 1699 3269 Domino,
1732 3220 1775 3257 et
1814 3213 2144 3270 jejunantibus,
2181 3214 2295 3257 dixit

464 3271 550 3313 illis
575 3271 764 3327 Spiritus
789 3278 969 3315 sanctus
1002 3290 1009 3315 :
1037 3274 1277 3329 Segregate
1304 3274 1407 3315 mihi
1438 3273 1618 3317 Saulum
1645 3280 1689 3316 et
1724 3272 1995 3326 Barnabam,
2019 3271 2064 3314 in
2100 3286 2208 3329 opus
2237 3274 2292 3317 ad

462 3330 577 3384 quod
600 3331 817 3387 assumpsi
842 3345 927 3374 eos.
954 3332 972 3357 3
988 3332 1112 3375 Tunc
1138 3332 1415 3388 jejunantes,
1442 3338 1485 3375 et
1511 3337 1703 3387 orantes,
1728 3331 2091 3387 imponentesque
2113 3332 2175 3375 eis
2202 3347 2293 3375 ma-

465 3403 564 3444 nus,
593 3389 856 3432 dimiserunt
877 3390 990 3434 illos.

521 3447 537 3472 1
558 3449 614 3490 Et
642 3449 725 3504 ip÷=i
760 3449 938 3504 quidem
968 3450 1088 3492 missi
1119 3465 1145 3492 a
1177 3451 1342 3507 Spiritu
1377 3456 1550 3505 sancto,
1581 3450 1785 3493 abierunt
1812 3448 2082 3499 Seleuciam,
2118 3456 2162 3494 et
2189 3451 2291 3494 inde

464 3506 788 3561 navigaverunt
813 3507 1018 3564 Cyprum.
1043 3509 1060 3535 5
1079 3509 1254 3551 Etcum
1281 3509 1506 3552 venissent
1537 3508 1832 3562 Salaminam,
1864 3508 2172 3564 praedicabant
2193 3524 2287 3553 ver-

464 3637 511 3669 25]
531 3637 606 3669 Sup.
627 3638 686 3666 XI.
703 3641 743 3666 ⁴29.
