2423 3861
781 125 919 166 rm.
955 118 1104 171 xxx,
1143 115 1301 159 11-33.
1865 102 1949 148 695

312 302 343 328 ¹¹
369 302 606 345 Generatio
630 312 726 354 «pcc
752 294 864 353 putri
892 308 969 335 suc
997 288 1243 341 maledicit,

429 366 473 403 ct
497 373 595 415 quae
622 356 749 399 matri
775 368 866 396 suae
890 367 975 395 non
1003 347 1237 393 benedicit.

313 420 347 447 ¹⁸²
368 417 607 463 Generatio
632 430 729 471 ‹111ae
751 413 835 455 sibi
862 404 1026 454 munda
1053 407 1238 461 videtur,

429 485 472 521 et.
497 483 646 519 tamen
672 488 758 516 non
784 477 849 516 est.
874 471 963 512 lota
988 483 1013 510 a
1039 465 1238 509 sordibus
1264 463 1368 506 suis.

315 539 349 564 ¹³³
371 535 609 581 Generatio
632 533 759 588 cujus
785 528 948 574 excelsi
973 532 1078 570 sunt
1103 523 1238 578 oculi,

432 601 476 639 et
501 593 723 651 palpebrae
750 590 845 646 ejus
872 588 916 630 in
942 586 1033 629 alta
1055 588 1275 628 siu-rectas.

318 655 349 681 Γ·
373 653 611 698 Generatio
637 665 736 707 qnae
762 663 838 706 pro
865 645 1070 690 dentibus
1097 640 1267 698 gladios
1291 638 1444 692 habet,

433 719 476 755 ct
498 709 771 755 commandit
796 704 1033 749 molaribus
1058 701 1168 755 suis,

375 779 419 815 ut
448 770 653 814 comedat
676 769 828 824 inopes
853 765 907 808 de
930 770 1065 816 terra,

437 839 481 874 et
506 842 718 887 pauperes
743 841 797 870 ex
822 821 1086 868 hominibus.

320 892 354 918 ¹³*
375 890 667 945 Sanguisugze
694 887 795 929 duae
820 888 923 926 sunt
949 881 1070 935 filiae,

439 950 635 992 dicentes
665 964 673 990 :
701 944 842 995 Affer,
868 941 992 985 affer.

379 1009 482 1052 Tria
505 1013 605 1050 sunt
631 1001 960 1055 insaturabilia,

438 1074 481 1111 et
507 1071 710 1123 quartum
733 1061 846 1119 quod
874 1072 1099 1115 nunquam
1123 1055 1232 1099 dicit
1262 1071 1270 1098 :
1301 1050 1494 1097 Sufficit.

326 1127 360 1154 ¹⁰
381 1128 612 1180 Int'ernus,
640 1130 683 1167 ct
710 1137 754 1166 os
777 1121 947 1174 vulvae,

439 1192 483 1230 et
508 1193 622 1228 terra
648 1196 745 1238 quac
770 1194 856 1223 non
882 1179 1069 1222 satiatur
1092 1189 1206 1231 aqua
1228 1191 1236 1227 3

441 1245 558 1301 ignis
581 1256 681 1286 vero
707 1253 933 1295 nunquam
956 1236 1064 1280 dicit
1092 1252 1101 1278 ι
1126 1231 1317 1278 Sufficit.

327 1305 359 1332 Π
384 1304 573 1350 Oculum
599 1301 672 1358 qui
698 1299 943 1344 subsannat
963 1296 1155 1354 patrem,

444 1370 487 1407 et
512 1361 584 1418 qui
608 1359 796 1417 despicit
819 1362 995 1414 partum
1021 1353 1173 1397 matris
1197 1365 1310 1406 suae,

383 1422 604 1466 effodiant
629 1434 729 1462 eum
755 1416 875 1461 corvi
902 1415 956 1458 de
981 1410 1268 1464 torrentibus,

446 1486 489 1524 et
511 1478 747 1523 comedant
773 1490 872 1518 eum
898 1473 977 1516 filii
1003 1470 1190 1527 aquilae!

329 1541 364 1568 ¹3
385 1540 488 1584 Tria
513 1543 617 1582 sunt
643 1534 849 1580 difficilia
874 1531 1005 1586 mihi,

451 1609 495 1642 et
516 1601 722 1654 quartum
748 1593 923 1651 penitus
946 1591 1127 1645 ignoro:

333 1657 369 1684 ¹9
390 1658 525 1701 Viam
550 1655 713 1712 aquilae
738 1653 785 1695 in
808 1651 938 1705 caelo,
1126 1692 1129 1694 ,

451 1715 572 1759 viam
595 1712 763 1762 colubri
789 1725 919 1768 super
943 1713 1135 1766 petram,

450 1776 571 1819 viam
593 1773 719 1816 navis
739 1772 787 1814 in
808 1769 955 1814 medio
981 1769 1113 1820 mari,

454 1841 497 1879 et
519 1835 638 1878 viam
664 1831 748 1875 viri
768 1831 815 1873 in
841 1825 1154 1871 adolescentia.

335 1896 372 1923 ‘²0
393 1895 515 1939 Talis
542 1898 609 1937 est
633 1898 677 1936 et
701 1891 775 1934 via
799 1887 996 1932 mulieris
1018 1884 1252 1938 adulterae,

455 1968 554 2010 quae
580 1950 786 2005 comedit,
813 1952 856 1992 et
880 1952 1057 2002 tergens
1080 1957 1126 1987 os
1151 1956 1300 1996 suum,

457 2012 568 2056 dicit
595 2029 605 2056 ε
630 2011 732 2054 Non
757 2022 856 2051 sum
881 2009 1061 2062 operata
1086 2002 1267 2045 malum.

338 2074 371 2100 ‘2¹
398 2074 482 2117 Per
508 2072 593 2115 tria
618 2073 822 2113 movetur
845 2072 982 2119 terra,

458 2138 502 2176 et
528 2135 734 2186 quartum
755 2141 844 2170 non
868 2129 1014 2182 potest
1038 2121 1254 2166 sustinere
1286 2136 1295 2163 ε

338 2193 376 2220 ‘22
397 2193 482 2236 Per
499 2203 696 2243 servum,
722 2200 825 2230 cum
847 2182 1101 2240 regnaverit
1121 2199 1129 2236 3

462 2265 538 2308 per
564 2248 772 2301 stultum,
797 2258 899 2287 cum
923 2246 1146 2285 saturatus
1167 2238 1305 2282 fuerit
1331 2236 1430 2280 cibo
1450 2251 1458 2288 3

345 2311 383 2338 ‘23
403 2325 479 2369 per
505 2308 704 2352 odiosam
730 2304 975 2355 mulierem,
1000 2315 1101 2344 cum
1122 2299 1169 2341 in
1194 2293 1476 2340 matrimonio
1502 2290 1638 2334 fuerit
1665 2290 1913 2343 assumpta,

464 2376 506 2413 et
528 2382 604 2425 per
629 2364 862 2417 ancillam,
891 2376 998 2411 cum,
1017 2358 1154 2402 fuerit
1178 2358 1304 2400 heres
1326 2352 1520 2398 dominae
1539 2363 1643 2392 suae.

344 2430 382 2457 24
403 2430 599 2480 Quatuor
620 2429 724 2469 sunt
748 2422 932 2466 minima
958 2425 1108 2473 terrae,
1637 2413 1640 2416 ’

465 2495 507 2532 et
532 2488 630 2544 ipsa
650 2489 753 2528 sunt
773 2479 1041 2538 sapientiora
1062 2474 1338 2534 sapient-ibus
1371 2488 1381 2516 ;
1402 2508 1406 2511 .

346 2550 383 2577 25
404 2547 645 2600 Formicae,
668 2542 856 2601 populus
878 2539 1101 2591 infirmus,

467 2607 539 2664 qui
565 2607 787 2663 praeparat
806 2601 854 2643 in
880 2612 1022 2642 messe
1047 2595 1196 2639 cibum
1221 2591 1305 2636 sibi
1326 2608 1335 2646 3

351 2668 389 2695 ‘2⁶
410 2665 684 2724 lepusculus,
711 2661 836 2719 plebs
861 2656 1080 2711 invalida,

467 2726 542 2782 qui
565 2724 754 2769 collocat
777 2721 824 2762 in
846 2724 969 2776 petra
996 2714 1142 2759 cubile
1162 2726 1290 2755 suum
1309 2727 1318 2765 3

352 2787 387 2815 27
410 2800 560 2843 regem
586 2785 758 2827 locusta
783 2793 870 2823 non
891 2776 1048 2830 habet,

471 2853 514 2890 et
536 2843 762 2902 egreditur
785 2838 990 2881 universa
1013 2848 1090 2892 per
1115 2837 1282 2875 turmas
1304 2841 1405 2871 suas
1427 2843 1437 2882 3

354 2906 391 2935 33
412 2905 557 2951 stellio
584 2901 790 2946 manibus
814 2897 983 2949 nititur,

475 2971 519 3009 et
543 2967 739 3007 moratur
759 2960 805 3002 in
833 2956 1002 3000 aedibus
1027 2952 1158 3008 regis.

356 3025 394 3053 39
413 3025 518 3069 Tria
535 3028 638 3067 sunt
660 3034 759 3078 quae
780 3018 894 3061 bene
915 3013 1191 3071 gradiuntur,

477 3090 520 3128 et
546 3087 752 3139 quartum
777 3075 892 3133 quod
917 3072 1084 3117 incedit
1105 3068 1300 3113 feliciter
1330 3081 1340 3110 z

359 3144 397 3173 3⁰
417 3146 528 3196 Leo,
551 3139 823 3185 fortissimus
845 3133 1109 3186 bestiarum,

478 3202 536 3246 ad
557 3199 722 3244 nullius
748 3194 927 3254 pavebit
951 3203 1209 3243 occursum3

360 3263 394 3291 3¹
417 3263 564 3320 gallus
584 3258 841 3304 succinctus
863 3252 1059 3306 lumbos,

482 3327 526 3365 et
550 3320 662 3364 aries
683 3335 692 3373 3
716 3330 797 3359 nec
824 3319 888 3357 cst
914 3327 1010 3366 rex,
1034 3309 1107 3366 qui
1132 3307 1309 3351 resistat
1331 3304 1384 3349 ei.

362 3382 400 3410 33
421 3383 503 3426 Est
528 3379 602 3436 qui
627 3377 788 3421 stultus
812 3371 1018 3430 apparuit
1039 3373 1272 3426 postquam
1297 3365 1494 3409 elevatus
1516 3365 1582 3406 est
1601 3359 1649 3403 in
1673 3355 1892 3409 sublime3

483 3440 520 3484 si
542 3438 662 3483 enim
682 3432 996 3486 intellexisset,
1023 3428 1086 3472 ori
1107 3441 1184 3471 suo
1207 3423 1489 3483 imposuisset
1514 3434 1709 3464 manum.

365 3500 405 3527 33
435 3499 517 3551 Qui
551 3503 700 3541 autem
736 3492 913 3536 fortiter
956 3487 1117 3546 premit
1148 3487 1284 3529 ubera
1315 3483 1372 3527 ad
1405 3480 1673 3526 eliciendum
1704 3477 1774 3520 lac
1808 3471 2015 3532 exprimit

487 3563 531 3602 et
556 3555 629 3613 qui
654 3555 940 3597 vehementer
960 3546 1163 3602 emungit
1182 3544 1303 3589 elicit
1326 3541 1590 3598 sanguinem
1610 3556 1619 3593 3
1747 3534 1985 3592 [butyrum
2004 3548 2014 3586 3

492 3622 537 3660 et
560 3615 635 3671 qui
658 3616 866 3671 provocat
887 3610 975 3651 iras
1000 3605 1203 3664 producit
1224 3601 1478 3647 discordias.
