2423 3861
797 156 948 198 Eoom.
983 155 1182 207 XLVII,
1219 155 1351 197 2-22.
1904 153 1987 197 789

361 324 379 350 ²
400 327 457 368 Et
479 327 602 381 quasi
627 325 762 380 adeps
785 329 1012 380 separatus
1036 339 1061 365 a
1085 338 1234 378 carne,

460 385 523 428 sic
551 383 694 426 David
721 397 746 425 a
769 382 870 424 filiis
898 382 1048 424 Israel.

362 443 379 467 3
400 444 509 486 Cum
533 442 732 486 leonibus
756 441 860 483 lusit
886 441 1009 496 quasi
1036 454 1136 483 cum
1163 442 1310 497 agnis,

461 508 504 545 ct
521 502 566 543 in
583 500 691 544 ursis
706 500 910 543 similiter
929 499 1041 542 fecit
1058 499 1173 541 sicut
1191 501 1235 541 in
1253 501 1380 555 agnis
1399 502 1562 555 ovium,
1581 500 1627 542 in
1646 499 1880 555 juventute
1896 511 1988 541 sua.

361 560 378 586 “¹
400 559 625 616 Numquid
648 573 735 602 non
762 558 924 602 occidit
950 559 1200 614 gigantem,

460 625 504 663 et
528 618 714 661 abstulit
736 618 1017 674 opprobrium
1041 617 1095 661 de
1121 618 1286 672 gente?

360 679 377 704 ὓ
400 679 451 720 Iu
475 677 669 722 tollendo
693 691 893 732 manum,

458 751 564 780 saxo
588 736 745 779 fundae
772 735 936 792 dejecit
962 734 1283 779 exultationem
1306 736 1447 780 Goliae
1467 754 1476 791 ;

361 796 379 821 ⁶
399 811 502 838 nam
527 795 753 839 invocavit
781 795 1022 838 Dominum
1050 793 1421 850 omnipotentem,

460 860 504 898 et
529 855 650 898 dedit
675 855 720 896 in
743 854 924 897 dextera
950 855 1047 909 ejus
1073 853 1227 896 tollere
1253 854 1478 896 hominem
1503 853 1668 896 fortem
1693 852 1739 894 in
1761 851 1897 910 bello,

459 919 503 958 et
524 914 721 957 exaltare
743 927 877 956 cornu
900 913 1045 968 gentis
1071 927 1175 955 suae.

359 971 374 998 7
398 973 467 1017 Sic
487 973 533 1015 in
556 972 709 1016 decem
733 972 930 1015 millibus
957 972 1224 1028 glorificavit
1247 986 1347 1014 eum
1367 990 1375 1026 3

457 1037 500 1075 et
526 1032 727 1075 laudavit
753 1046 851 1075 eum
878 1031 924 1073 in
951 1031 1335 1074 benedictionibus
1364 1031 1564 1086 Domini,

455 1091 500 1133 in
528 1091 754 1134 offerendo
780 1090 845 1133 illi
874 1105 1080 1133 coronam
1106 1090 1282 1146 gloriae,

358 1150 376 1177 8
398 1151 606 1193 contrivit
630 1150 749 1193 enim
774 1150 977 1193 inimicos
999 1150 1214 1205 undique,

457 1215 500 1253 et
519 1209 758 1266 extirpavit
786 1209 1059 1251 Philisthiim
1078 1209 1318 1252 contrarios
1341 1208 1541 1265 usquein
1560 1207 1822 1250 hodiernum
1845 1205 1986 1262 diem3

457 1269 666 1312 contrivit
692 1283 825 1311 cornu
849 1269 1044 1325 ipsorum
1067 1282 1203 1323 usque
1229 1268 1274 1310 in
1303 1274 1530 1311 aeternum.

358 1327 375 1353 9
395 1329 415 1370 Ι
425 1344 448 1369 n
475 1328 594 1371 omni
618 1342 746 1384 opere
771 1328 894 1370 dedit
921 1328 1246 1371 confessionem
1272 1328 1455 1383 Sancto,

459 1392 501 1430 et
523 1387 712 1430 Excelso
737 1387 783 1429 in
808 1387 939 1429 verbo
960 1387 1128 1442 gloriae.

340 1446 375 1472 ¹⁰
398 1448 463 1489 De
489 1446 609 1489 omni
635 1446 765 1488 corde
790 1460 867 1488 suo
894 1445 1095 1488 laudavit
1123 1446 1364 1489 Dominum
1385 1463 1393 1500 ;

456 1510 499 1548 et
524 1505 682 1547 dilexit
708 1505 852 1547 Deum
878 1507 954 1559 qui
973 1504 1086 1547 fecit
1110 1504 1259 1560 illum,

457 1569 500 1607 et
522 1563 644 1606 dedit
667 1563 734 1605 illi
761 1568 914 1605 contra
938 1563 1143 1606 inimicos
1169 1564 1413 1620 potentiam
1435 1580 1443 1618 3

337 1623 372 1649 ¹¹
396 1628 438 1667 et
463 1628 579 1666 stare
603 1622 716 1665 fecit
742 1627 943 1665 cantores
969 1627 1121 1665 contra
1147 1623 1308 1678 altare,

456 1682 566 1726 etin
588 1696 693 1725 sono
717 1696 868 1725 eorum
895 1682 1045 1724 dulces
1073 1682 1184 1725 fecit
1210 1682 1377 1725 modos.

338 1740 374 1767 1'2
396 1744 452 1785 Et
477 1741 600 1785 dedit
623 1741 670 1783 in
693 1741 1065 1784 celebrationibus
1094 1741 1246 1796 decus,

349 1802 354 1812 ‘
456 1806 499 1845 et
524 1801 698 1844 ornavit
724 1805 922 1856 tempora
944 1815 1082 1856 usque
1107 1801 1164 1843 ad
1192 1799 1621 1843 consummationem
1643 1799 1766 1854 vitae,

395 1866 442 1904 ut
463 1860 696 1917 laudarent
718 1874 878 1903 nomen
905 1865 1108 1903 sanctum
1137 1860 1337 1914 Domini,

457 1926 499 1963 et
524 1919 848 1976 amplificarent
875 1934 1004 1963 mane
1032 1920 1113 1962 Dei
1136 1919 1434 1962 sanctitatem.

340 1981 375 2007 '¹3
398 1979 614 2023 Dominus
639 1979 848 2035 purgavit
874 1984 1057 2035 peccata
1083 1979 1240 2035 ipsius,

457 2045 501 2083 et
525 2038 741 2082 exaltavit
766 2038 811 2080 in
840 2044 1055 2081 aeternum
1081 2052 1215 2081 cornu
1242 2038 1336 2094 ejus
1359 2055 1367 2092 ;

397 2106 439 2142 et
466 2098 589 2142 dedit
609 2098 676 2140 illi
701 2103 1018 2141 testamentum
1043 2097 1188 2153 regni,

456 2164 498 2202 et
523 2157 672 2201 sedem
699 2158 851 2213 gloriae
875 2158 921 2200 in
947 2158 1100 2201 Israel.

342 2217 376 2244 14
398 2219 503 2260 Post
523 2217 670 2274 ipsum
691 2217 880 2260 surrexit
905 2217 1021 2259 filius
1047 2222 1268 2273 sensatus,

459 2282 502 2320 et
527 2281 703 2333 propter
728 2276 857 2318 illum
885 2276 1050 2331 dejecit
1076 2291 1252 2320 omnem
1277 2276 1523 2333 potentiam
1548 2273 1844 2316 inimicorum.

341 2335 376 2362 ¹5
397 2336 604 2380 Salomon
629 2335 866 2392 imperavit
889 2335 935 2377 in
958 2335 1113 2379 diebus
1134 2336 1276 2392 pacis,

457 2395 527 2439 cui
549 2395 740 2451 subjecit
768 2397 885 2438 Deus
909 2409 1059 2438 omnes
1082 2396 1248 2450 hostes,

398 2460 446 2498 ut
471 2455 679 2498 conderet
705 2454 884 2497 domum
910 2455 957 2496 in
978 2454 1155 2497 nomine
1179 2468 1278 2510 suo,

460 2520 503 2558 et
527 2520 701 2571 pararet
726 2514 1011 2558 sanctitatem
1036 2513 1083 2556 in
1108 2515 1438 2570 sempiternum.

398 2573 781 2625 Quemadmodum
807 2573 1003 2617 eruditus
1030 2587 1074 2617 es
1099 2573 1146 2615 in
1170 2573 1407 2629 juventute
1428 2578 1524 2629 tua,

401 2633 437 2660 ¹5
458 2639 502 2677 et
522 2633 731 2690 impletus
758 2647 823 2688 es,
849 2633 972 2689 quasi
999 2632 1184 2688 flumen,
1211 2632 1450 2688 sapientia,

458 2698 501 2736 et
525 2698 686 2736 terram
712 2692 873 2751 retexit
893 2694 1043 2736 anima
1065 2698 1155 2737 tua.

338 2751 372 2777 ¹⁷
398 2754 454 2795 Et
478 2752 657 2809 replesti
679 2753 725 2794 in
753 2753 1160 2808 comparationibus
1187 2753 1442 2808 aenigmata.

454 2811 527 2855 Ad
552 2812 719 2854 insulas
745 2811 878 2868 longe
903 2812 1186 2869 divulgatum
1211 2816 1278 2855 est
1302 2825 1462 2855 nomen
1487 2815 1633 2866 tuum,

458 2876 500 2914 et
526 2871 714 2914 dilectus
736 2885 781 2914 es
805 2871 852 2913 in
874 2885 982 2928 pace
1007 2877 1095 2916 tua.

340 2930 376 2957 ‘¹⁸
400 2932 453 2973 In
479 2931 733 2986 cantilenis,
761 2935 805 2973 et
830 2931 1096 2987 proverbiis,

283 3041 286 3045 ¹
456 2995 500 3033 et
525 2990 943 3047 comparationibus,
967 2995 1010 3033 et
1035 2990 1487 3048 interpretationibus,
1513 2989 1686 3032 miratae
1711 2991 1813 3030 sunt
1838 2990 1990 3040 terrae,

345 3050 379 3076 19
401 3054 444 3093 et
467 3050 514 3092 in
539 3050 717 3093 nomine
745 3049 924 3092 Domini
953 3050 1055 3106 Dei,

460 3109 529 3152 cui
556 3115 621 3152 est
644 3123 889 3164 cognomen
916 3111 1036 3152 Deus
1063 3112 1214 3155 Israel.

340 3167 377 3194 2⁰
398 3169 628 3225 Collegisti
651 3170 774 3226 quasi
797 3170 1101 3214 aurichalcum
1126 3186 1302 3228 aurum,

458 3234 501 3271 et
527 3234 574 3271 ut
599 3229 833 3285 plumbum
860 3230 1091 3286 complesti
1117 3235 1382 3286 argentum,

341 3286 374 3312 Ἥ
397 3293 441 3331 et
465 3287 692 3331 inclinasti
718 3288 891 3333 femora
912 3294 989 3332 tua
1017 3289 1294 3346 mulieribus,

459 3353 725 3405 potesta-tem
749 3348 944 3392 habuisti
966 3349 1013 3391 in
1036 3362 1213 3405 corpore
1237 3353 1327 3391 tuo.

339 3405 377 3432 ²⁹
400 3407 574 3451 Dedisti
596 3408 818 3451 maculam
843 3408 890 3451 in
912 3408 1052 3464 gloria
1077 3413 1174 3463 tua,

457 3472 500 3510 et
517 3467 765 3524 profanasti
791 3483 941 3512 semen
960 3473 1106 3524 tuum,

146 3635 194 3667 53]
214 3634 229 3660 Ι
248 3634 330 3666 Reg.
347 3633 466 3667 XVII,
483 3634 528 3660 34.
554 3647 588 3651 —
613 3632 642 3665 4]
662 3632 678 3659 1
697 3632 779 3664 Reg.
798 3630 918 3665 XVII,
935 3631 979 3657 49.
1005 3643 1040 3648 ——
1068 3629 1095 3661 7]
1122 3627 1138 3655 I
1165 3628 1247 3661 Reg.
1274 3627 1412 3663 XVIII,
1437 3628 1462 3656 7.
1488 3640 1523 3646 -
1548 3627 1597 3659 13]
1622 3625 1656 3652 11
1676 3625 1758 3657 Reg.
1776 3622 1926 3660 X11,13.
1955 3635 1994 3643 -·

155 3678 216 3711 ‚153
232 3677 288 3704 111
305 3677 388 3709 Reg.
407 3676 480 3712 111,
497 3679 522 3705 1.
540 3691 576 3695 —
594 3677 642 3709 16]
661 3676 715 3703 111
734 3676 817 3708 Reg.
842 3675 898 3709 IV,
915 3676 959 3701 31.
978 3687 1014 3691 —
1030 3672 1077 3706 20]
1105 3672 1159 3699 ΙΙΙ
1185 3672 1269 3705 Reg.
1294 3672 1341 3707 X,
1367 3674 1408 3700 27.

2088 2225 2244 2253 Salomor
