2423 3861
662 140 750 182 Jon
784 136 1005 190 XXXIX,
1042 135 1094 176 14
1126 159 1185 167 --
1216 132 1317 185 XL,
1353 129 1392 172 6.
1755 118 1758 121 ’
1850 123 1935 167 543

414 309 569 369 pennis
593 306 761 352 herodii
788 312 831 349 et
855 304 1093 362 accipitris.

298 372 332 398 ¹⁴
349 370 534 423 Quando
557 364 823 421 derelinquit
848 379 931 407 ova
956 378 1034 406 sua
1053 363 1098 404 in
1127 367 1258 417 terra,

414 435 462 473 tu
487 426 674 472 forsitan
699 424 744 467 in
770 423 950 480 pulvere
976 420 1214 464 calefacies
1239 419 1322 462 ea?

302 490 334 516 ¹⁵
353 486 640 534 Obliviscitur
664 483 779 540 quod
805 496 882 539 pes
904 480 1134 523 conculcet
1155 493 1226 533 ea,

417 551 493 590 aut
517 544 658 589 bestia
679 542 775 599 agri
802 545 1013 584 conterat.

304 608 336 634 ¹⁶
356 609 549 650 Duratur
568 603 625 647 ad
650 601 763 645 filios
783 613 905 655 suoS,
934 598 1057 653 quasi
1084 610 1171 640 non
1192 596 1282 638 sint
1305 595 1395 650 sui3

417 666 584 708 frustra
604 659 843 714 laboravit,
870 657 992 701 nullo
1018 656 1175 699 timore
1197 660 1394 710 cogente.

306 725 335 751 ¹7
357 723 558 767 Privavit
578 721 698 766 enim
723 733 821 763 eam
845 719 963 761 Deus
986 713 1226 772 sapientia,

419 797 501 826 nec
526 780 649 825 dedit
672 778 738 822 illi
763 774 1124 832 intelligentiam.

308 844 339 870 ¹⁸
358 843 469 886 Cum
491 847 665 897 tempus
689 836 851 891 fuerit,
877 835 923 878 in
948 835 1091 877 altum
1116 832 1210 875 alas
1235 829 1389 885 erigit3

422 900 594 945 deridet
619 911 778 954 equum
803 901 847 939 et
870 906 1148 937 ascensorem
1169 889 1280 946 ejus.

308 961 340 987 ¹⁰
358 958 586 1016 Numquid
610 954 830 1015 praebebis
854 967 964 1010 equo
988 950 1318 1005 fortitudinem,

421 1026 499 1062 aut
524 1014 820 1061 circumdabis
846 1012 958 1056 collo
985 1011 1081 1068 ejus
1102 1006 1356 1053 hinnitum?

305 1078 342 1106 ‘²⁰
361 1076 588 1134 Numquid
610 1072 843 1119 suscitabis
866 1086 968 1115 eum
993 1069 1118 1126 quasi
1142 1066 1363 1112 locustas?

425 1136 577 1182 Gloria
602 1133 776 1178 narium
801 1132 898 1188 eJ‘us
924 1137 1073 1173 terror.

307 1196 339 1223 ‘²¹
361 1197 542 1240 Terram
564 1193 732 1250 ungula
754 1191 891 1246 fodit,
915 1189 1086 1233 exultat
1106 1187 1342 1242 audacter3

424 1256 471 1298 iu
498 1267 727 1298 occursum
749 1250 894 1307 pergit
919 1247 1115 1290 armatis.

308 1314 345 1341 '3²'
362 1313 618 1358 Contemnit
637 1324 867 1369 pavorem,

426 1387 507 1416 nec
533 1371 652 1414 cedit
676 1368 839 1425 gladio.

310 1432 346 1458 ‘²3
365 1434 502 1489 Super
522 1431 670 1487 ipsum
694 1426 871 1471 sonabit
896 1426 1122 1482 pharetra3

428 1488 623 1533 vibrabit
647 1487 776 1530 hasta
793 1483 845 1529 et
871 1485 1051 1540 clypeus
1069 1500 1078 1537 3

311 1550 346 1577 24
363 1551 541 1594 fervens
563 1552 607 1590 et
628 1546 827 1588 fremens
848 1543 996 1586 sorbet
1020 1546 1203 1595 terram,

431 1621 512 1651 nec
537 1610 714 1662 reputat
740 1603 861 1645 tnbae
887 1614 1043 1644 sonare
1065 1599 1333 1655 clangorem.

313 1668 348 1695 ‘²5
367 1667 456 1712 Ubi
481 1663 672 1708 audierit
695 1662 954 1714 buccinam,
982 1658 1090 1701 dicit
1123 1675 1132 1702 :
1165 1658 1284 1701 Vah!

430 1723 589 1768 Procul
614 1722 822 1765 odoratur
846 1718 1038 1773 bellum,

431 1781 785 1828 exhortationem
811 1779 997 1832 ducum,
1023 1782 1067 1820 et
1088 1776 1306 1820 ululatum
1333 1775 1564 1819 exercitus.

313 1844 350 1871 ‘²6
367 1841 596 1899 Numquid
620 1855 698 1898 per
723 1837 991 1896 sapientiam
1015 1841 1139 1879 tuam
1160 1834 1398 1892 plumescit
1420 1833 1650 1890 accipiter,

432 1900 690 1958 expandens
715 1899 808 1941 alas
831 1910 932 1940 suas
954 1895 1011 1938 ad
1031 1894 1260 1938 austrum?
1640 1890 1643 1891 ⁷

316 1962 350 1988 ‘²⁷
368 1959 597 2016 Numquid
621 1958 678 2002 ad
702 1960 978 2015 praeceptum
997 1959 1126 1997 tuum
1147 1953 1392 1997 elevabitur
1415 1950 1583 2008 aquila,

435 2025 479 2064 et
499 2020 546 2062 in
570 2017 720 2061 arduis
744 2020 879 2073 ponet
900 2013 1057 2057 nidum
1082 2011 1242 2056 suum?

317 2079 353 2107 ⁵²8
372 2081 425 2123 In
451 2077 587 2136 petris
608 2082 780 2130 manet,

437 2143 482 2181 et
504 2137 552 2180 in
573 2134 807 2194 praeruptis
829 2133 1027 2177 silicibus
1055 2135 1352 2175 commoratur
1368 2134 1502 2184 atque
1520 2125 1758 2170 inaccessis
1776 2124 1969 2182 rupibus.

320 2198 356 2224 ‘²9
374 2197 486 2241 Inde
512 2194 839 2251 contemplatur
861 2206 1029 2247 escam,

439 2261 482 2299 et
503 2255 558 2298 de
579 2254 713 2309 longe
738 2251 854 2295 oculi
876 2251 972 2307 ejus
993 2249 1281 2307 prospiciunt.

322 2316 358 2343 3⁰
377 2315 492 2359 Pulli
518 2313 615 2370 ejus
635 2312 837 2355 lambent
857 2309 1119 2365 sanguinem
1136 2326 1145 2364 3

441 2380 485 2417 et
510 2373 778 2427 ubicumque
803 2370 993 2414 cadaver
1013 2367 1172 2424 fuerit,
1194 2366 1348 2410 statim
1371 2365 1510 2408 adest.

206 2437 238 2464 3¹
260 2437 316 2480 Et
341 2433 507 2490 adjecit
533 2430 771 2487 Dominus,
797 2436 842 2473 et
866 2429 1039 2472 locutus
1065 2431 1131 2470 est
1152 2426 1209 2469 ad
1231 2426 1259 2468 J
1264 2425 1319 2468 ob
1352 2440 1362 2468 τ

323 2493 360 2521 32
376 2490 605 2547 Numquid
630 2489 704 2546 qui
730 2488 958 2533 contendit
984 2500 1086 2530 cum
1112 2487 1227 2540 Deo,
1254 2489 1348 2526 tam
1372 2482 1510 2526 facile
1532 2478 1834 2537 conquiescit?

443 2551 611 2606 Utique
637 2549 710 2606 qui
737 2548 885 2604 arguit
912 2548 1077 2602 Deum,
1105 2545 1236 2588 debet
1256 2541 1522 2599 respondere
1546 2540 1600 2583 ei.

208 2613 244 2640 33
984 2605 992 2613 ·
1135 2604 1142 2612 ·
1183 2603 1191 2611 ·
1245 2620 1254 2629 .

262 2607 839 2722 Βθὲῗὸἶῗῖἓὶῑῗὲἒῖἶέἒῶἓ
863 2604 1274 2719 ssffssssssssgffltf.
1296 2660 1400 2717 quid
1422 2657 1632 2716 possum?

444 2729 629 2772 Manum
651 2740 798 2769 meam
823 2738 985 2782 ponam
1010 2736 1141 2778 super
1162 2735 1208 2764 os
1233 2734 1394 2763 meum.

328 2788 364 2816 ³⁵
382 2789 533 2833 Unum
554 2786 729 2829 locutus
750 2799 871 2839 sum,
895 2782 1010 2839 quod
1035 2781 1206 2824 utinam
1232 2793 1320 2822 non
1342 2778 1576 2833 dixissem3

445 2852 488 2890 et
512 2846 721 2900 alterum,
748 2843 907 2900 quibus
927 2841 1042 2884 ultra
1065 2853 1153 2882 non
1174 2838 1350 2882 addam.

703 2969 725 3021 ξ
751 2966 813 3008 ΙΙ.
835 2990 895 2998 —
917 2963 1049 3006 Alter
1072 2976 1209 3005 sermo
1234 2960 1423 3003 divinus.

210 3086 319 3131 CAP.
344 3085 439 3129 XL.
464 3110 525 3118 —
548 3083 563 3110 ¹
592 3080 878 3139 Respondens
904 3084 1053 3122 autem
1081 3076 1297 3121 Dominus
1319 3074 1407 3118 Job
1432 3073 1487 3117 de
1511 3073 1710 3129 turbine,
1736 3071 1851 3115 dixit
1878 3087 1891 3116 ε

348 3143 366 3170 2
382 3143 583 3199 Accinge
604 3142 721 3185 sicut
741 3140 809 3183 vir
834 3138 1006 3182 lumbos
1028 3143 1150 3191 tuos;

447 3201 734 3258 interrogabo
758 3204 823 3256 te,
851 3204 894 3241 et
919 3197 1068 3239 indica
1092 3195 1214 3238 mihi.

349 3262 369 3290 3
383 3261 612 3318 Numquid
635 3260 809 3303 irritum
834 3257 975 3300 facies
999 3255 1219 3312 judicium
1240 3267 1407 3310 meum,

448 3327 494 3365 et
517 3318 834 3364 condemnabis
861 3330 952 3371 me,
975 3321 1024 3358 ut
1048 3320 1096 3358 tu
1121 3312 1402 3370 justificeris?

349 3380 368 3408 4
385 3381 444 3424 Et
463 3379 501 3424 si
524 3379 662 3423 habes
686 3376 919 3421 brachium
940 3375 1056 3418 sicut
1081 3373 1231 3417 Deus?

450 3444 495 3483 et
518 3439 556 3482 si
580 3452 689 3481 voce
712 3436 847 3480 simili
872 3433 1032 3477 tonas?

352 3498 370 3525 ⁵
386 3497 623 3542 Circumda
648 3496 729 3539 tibi
756 3495 978 3548 decorem,
1005 3498 1049 3536 et
1070 3492 1115 3535 in
1139 3491 1330 3535 sublime
1355 3489 1544 3546 erigere,

453 3562 497 3600 et
520 3561 613 3600 esto
639 3554 875 3611 gloriosus,
902 3558 945 3595 et
965 3551 1173 3608 speciosis
1195 3550 1376 3594 induere
1397 3548 1608 3592 vestibus.

352 3615 372 3644 ⁶
388 3615 605 3673 Disperge
625 3613 835 3670 superbos
861 3612 908 3654 in
929 3611 1077 3654 furore
1102 3616 1198 3666 tuo,

2074 955 2197 984 equus,

2067 1830 2229 1864 accipiter
2236 1852 2244 1867 ‚

2092 1947 2212 1982 aquila.

2069 2422 2090 2450 J
2093 2421 2135 2450 ob
2170 2419 2252 2449 inci-

2056 2468 2150 2494 tatus
2162 2465 2203 2493 ad
2218 2471 2268 2493 re-

2040 2509 2282 2544 spondendum,

2085 2552 2241 2587 agnoscit

2073 2605 2108 2627 se
2126 2601 2251 2626 temere

2082 2642 2246 2670 locutum.

2063 3073 2129 3103 Job
2146 3071 2272 3101 ironico

2065 3118 2268 3151 provocatur

2045 3163 2086 3191 ad
2100 3159 2286 3195 mundigu-

2047 3204 2202 3235 bernium
2238 3211 2288 3232 as-

2062 3249 2272 3279 sumendum.
