2391 3861
781 605 1197 662 EPISTOLA

164 741 563 840 BEATI
645 742 1036 841 PAULI
1115 743 1791 844 APOSTOLI

742 916 864 984 AD
921 916 1220 984 TITUM

923 1050 1047 1074 D—*—s1
1060 1062 1152 1067 —

747 1196 1208 1253 EXORDIUM

217 1374 262 1380 S
284 1324 299 1329 ⁶
332 1335 351 1395 J
381 1343 549 1388 AULUS,
577 1345 727 1375 servus
759 1332 862 1387 Dei,
885 1332 1112 1388 apostolus
1137 1337 1286 1376 autem
1312 1334 1337 1377 J
1345 1347 1420 1377 esu
1446 1334 1630 1389 Christi,
1654 1335 1898 1378 secundum

298 1410 359 1441 ι.
409 1390 542 1434 fidem
576 1391 816 1434 electorum
852 1390 954 1444 Dei,
991 1396 1034 1434 et
1066 1391 1341 1447 agnitionem
1376 1392 1575 1436 veritatis
1609 1407 1707 1448 quae
1741 1407 1896 1437 secun-

268 1482 279 1491 ,
311 1484 330 1500 ,.,
407 1449 515 1492 dum
544 1449 757 1507 pietatem
790 1454 876 1505 est,
904 1451 922 1478 2
945 1450 992 1492 in
1027 1464 1148 1507 spem
1177 1450 1282 1493 vitae
1310 1456 1510 1507 aeternae,
1537 1466 1671 1507 quam
1696 1453 1898 1509 promisit

233 1546 245 1557 ,
348 1518 351 1519 ’
407 1508 480 1564 qui
515 1523 603 1551 non
636 1508 849 1552 mentitur
883 1510 1020 1564 Deus,
1049 1514 1154 1551 ante
1187 1514 1391 1566 tempora
1415 1510 1676 1565 saecula1¹ia3
1712 1511 1729 1538 3
1753 1512 1896 1555 mani-

405 1567 593 1611 festavit
620 1572 770 1610 autem
806 1567 1080 1624 temporibus
1115 1568 1205 1610 suis
1238 1568 1422 1611 verbum
1451 1584 1577 1612 suum
1610 1569 1656 1612 in
1681 1571 1898 1627 praedica-

65 1628 196 1683 tione,
225 1643 324 1684 quae
351 1627 519 1671 credita
542 1630 608 1669 est
633 1625 744 1668 mihi
771 1626 1017 1668 secundum
1046 1632 1321 1683 praeceptum
1346 1627 1580 1671 salvatoris
1606 1629 1744 1672 nostri
1771 1630 1854 1673 Dei
1888 1649 1897 1675 :

65 1687 82 1713 ·'¹
103 1687 225 1743 Tito,
257 1687 420 1731 dilecto
453 1686 544 1728 filio
574 1684 819 1728 secundum
857 1699 1139 1728 communem
1175 1685 1323 1729 fidem.
1353 1686 1529 1743 Gratia,
1554 1692 1598 1731 et
1630 1702 1720 1745 pax
1751 1703 1776 1732 a
1803 1689 1898 1733 Deo

66 1746 215 1800 Patre,
244 1751 287 1790 et
316 1745 488 1790 Christo
515 1744 543 1787 J
547 1757 622 1787 esu
649 1743 869 1787 salvatore
899 1749 1061 1787 nostro.

626 1885 924 1943 CORPUS
970 1886 1344 1943 EPISTOLAE

517 1982 541 2038 ξ
568 1982 604 2024 I.
630 2007 688 2013 —
713 1981 785 2024 De
800 1984 1111 2042 ministrorum
1137 1983 1435 2027 constitutione

123 2083 140 2109 ⁵
162 2081 312 2138 Hujus
338 2083 399 2125 rei
425 2085 571 2138 gratia
592 2080 748 2136 reliqui
775 2086 820 2124 te
848 2081 1005 2137 Cretae,
1034 2086 1083 2124 ut
1110 2095 1162 2124 ea
1188 2096 1287 2137 quae
1312 2082 1472 2125 desunt
1493 2084 1702 2140 corrigas,
1730 2091 1773 2127 et
1795 2098 1898 2126 con-

63 2141 219 2184 stituas
245 2155 324 2198 per
348 2141 552 2184 civitates
578 2139 871 2196 presbyteros,
898 2139 1015 2183 sicut
1046 2145 1089 2183 et
1118 2154 1198 2196 ego
1223 2140 1420 2198 disposui
1442 2141 1524 2184 tibi
1549 2159 1557 2185 :
1584 2142 1602 2169 ⁶
1618 2143 1655 2185 si
1682 2143 1777 2199 quis
1803 2142 1899 2186 sine

62 2200 247 2244 crimine
272 2205 358 2255 est,
385 2199 516 2243 unius
546 2198 694 2242 uxoris
725 2198 814 2254 vir,
847 2198 960 2242 filios
1002 2199 1172 2242 habens
1211 2199 1384 2256 fideles,
1416 2215 1503 2243 non
1532 2201 1579 2244 in
1611 2201 1898 2246 accusatione

63 2258 270 2315 luxuriae,
294 2264 373 2303 aut
397 2273 485 2302 non
510 2257 724 2301 subditos.
755 2256 769 2283 ⁷
793 2258 978 2315 Oportet
1011 2258 1130 2301 enini
1161 2258 1416 2315 episcopum
1443 2259 1538 2303 sine
1567 2260 1752 2304 crimine
1782 2275 1896 2318 esse,

62 2318 176 2362 sicut
202 2318 286 2362 Dei
311 2318 661 2375 dispensatorem
690 2333 700 2360 ¹.
735 2331 822 2360 non
851 2317 1118 2373 superbum,
1151 2332 1242 2361 non
1271 2318 1558 2374 iracundum,
1585 2334 1673 2363 non
1698 2319 1896 2363 vinolen-

62 2383 179 2434 tum,
208 2391 298 2421 non
333 2391 656 2435 percussorem,
695 2390 784 2418 non
829 2375 969 2433 turpis
1014 2376 1126 2419 lucri
1174 2376 1407 2433 cupidum,
1445 2377 1462 2404 8
1492 2378 1569 2422 sed
1609 2378 1895 2437 hospitalem,

62 2436 324 2493 benignum,
367 2435 584 2492 sobrium,
623 2436 815 2493 justum,
867 2441 1094 2491 sanctum,
1145 2435 1469 2494 continentem,
1512 2437 1529 2463 9
1553 2438 1896 2496 amplectentem

63 2510 182 2551 eum,
224 2495 299 2552 qui
335 2496 578 2540 secundum
619 2495 868 2539 doctrinam
915 2501 1002 2552 est,
1043 2495 1219 2538 fidelem
1260 2510 1528 2554 sermonem,
1563 2502 1611 2540 ut
1648 2503 1804 2554 potens
1840 2499 1897 2542 sit

62 2555 287 2599 exhorta-ri
311 2555 357 2598 in
383 2555 584 2598 doctrina
608 2570 717 2599 sana
743 2562 788 2599 et
815 2571 889 2600 eos
919 2555 991 2611 qui
1025 2555 1337 2598 contradicunt
1361 2571 1559 2612 arguere.

65 2636 71 2646 ι
124 2614 160 2641 ¹⁰
190 2615 304 2658 Sunt
343 2615 463 2658 enim
506 2615 635 2658 multi
679 2618 816 2660 etiam
864 2616 1193 2673 inobedienteS,
1244 2615 1494 2674 vaniloqui,
1537 2623 1581 2662 et
1619 2618 1895 2675 seductores,

63 2674 257 2717 maxime
282 2674 354 2730 qui
380 2674 434 2718 de
461 2675 795 2721 circumcisione
823 2682 927 2720 sunt
948 2696 970 2733 ;7
990 2676 1021 2702 ¹¹
1044 2693 1151 2734 quos
1179 2682 1350 2736 oportet
1375 2676 1601 2734 redargui,
1622 2678 1695 2734 qui
1721 2679 1896 2722 univer-

62 2749 132 2778 sas
169 2733 322 2777 domos
359 2734 640 2793 subvertunt,
677 2737 886 2791 docentes
924 2754 1021 2796 quae
1060 2754 1147 2782 non
1190 2743 1383 2796 oportet,
1420 2739 1560 2795 turpis
1593 2738 1702 2781 lucri
1735 2738 1881 2794 gratia

63 2793 98 2822 ¹2
129 2793 256 2837 Dixit
282 2793 462 2850 quidam
487 2811 542 2840 ex
572 2797 684 2853 illis,
712 2800 915 2856 proprius
951 2801 1147 2858 ipsorum
1183 2805 1400 2859 propheta
1426 2816 1434 2842 z
1462 2799 1693 2843 Cretenses
1725 2812 1897 2855 semper

62 2853 321 2910 mendaces,
355 2855 487 2898 malae
520 2857 698 2911 besiiae,
732 2866 908 2905 vent-res
938 2861 1068 2918 pigri.
1114 2860 1148 2886 ¹3
1176 2859 1501 2904 Testimonium
1527 2859 1610 2902 hoc
1635 2872 1788 2900 verum
1814 2863 1894 2901 est.

63 2913 203 2963 Quam
224 2913 280 2956 ob
303 2929 482 2958 causam
502 2916 683 2976 increpa
704 2919 805 2963 illos
826 2920 947 2977 dure,
970 2927 1019 2964 ut
1038 2921 1135 2969 sani
1161 2920 1252 2963 sint
1267 2921 1315 2963 in
1334 2920 1432 2976 fide,
1458 2919 1490 2945 ¹4
1507 2933 1593 2962 non
1612 2916 1896 2961 intendentes

63 2971 254 3028 judaicis
279 2974 461 3031 fabulis,
482 2981 525 3020 et
546 2979 770 3023 mandatis
800 2981 1031 3024 hominum
1061 2980 1366 3024 aversantium
1393 2993 1439 3023 se
1463 2994 1489 3022 a
1515 2979 1717 3022 veritate.
1740 2976 1774 3003 ¹5
1792 2977 1896 3020 Oin-

63 3032 137 3075 nia
158 3033 326 3076 munda
350 3036 551 3091 mundis;
586 3038 886 3094 coinquinatis
910 3046 1061 3083 autem
1086 3045 1130 3084 et
1150 3039 1406 3083 infidelibus
1430 3038 1541 3081 nihil
1567 3042 1634 3081 est
1658 3036 1895 3091 mundum,

63 3092 140 3134 sed
163 3092 409 3149 inquinatae
434 3101 537 3138 sunt
559 3110 709 3140 eorum
736 3102 779 3141 et
804 3114 928 3143 mens
952 3105 996 3142 et
1026 3099 1313 3143 conscicntia.
1346 3098 1379 3125 ¹⁰
1397 3097 1676 3142 Confitentur
1696 3110 1742 3139 se
1767 3109 1897 3139 nosse

64 3151 229 3209 Deum,
252 3153 389 3197 factis
417 3160 568 3198 autem
594 3161 784 3212 negant,
816 3173 916 3201 cum
946 3158 1035 3202 sint
1060 3158 1329 3214 abominati,
1360 3163 1403 3200 et
1436 3155 1742 3210 incredibiles,
1770 3160 1813 3197 et
1837 3154 1891 3198 ad

64 3224 193 3255 omne
219 3226 327 3270 opus
353 3213 520 3257 bonum
544 3215 731 3272 reprobi.

381 3339 403 3392 ξ
429 3337 490 3380 II.
519 3363 572 3369 —
598 3338 667 3380 Dc
684 3339 1001 3394 proedicatione
1023 3346 1064 3383 et
1086 3341 1248 3396 aqendi
1271 3346 1441 3382 ratione
1472 3339 1575 3381 Titi.

126 3435 232 3482 CAP.
257 3436 320 3481 ΙΙ.
345 3462 404 3470 -
425 3437 439 3464 ¹
459 3438 526 3481 Tu
552 3443 702 3482 autem
728 3438 905 3494 loquere
927 3453 1025 3495 quae
1048 3439 1209 3483 decent
1230 3452 1385 3481 sanam
1412 3436 1659 3480 doctrinam
1683 3451 1691 3478 z
1729 3435 1745 3463 ‘2
1763 3449 1889 3480 senes

65 3498 114 3536 ut
134 3494 270 3538 sobrii
292 3495 404 3552 sint,
427 3497 600 3553 pudici,
620 3497 884 3554 prudenteS,
909 3498 1006 3541 sani
1026 3497 1074 3540 in
1099 3497 1206 3553 fide,
1225 3497 1272 3540 in
1295 3496 1552 3555 dilectione,
1569 3494 1618 3538 in
1645 3494 1886 3552 patientia,

69 3656 99 3687 6]
116 3655 131 3682 I
149 3655 232 3683 Tim.
252 3657 323 3689 111,
341 3660 367 3684 2.
383 3672 420 3676 —
438 3660 602 3697 153110111.
621 3659 713 3692 XIV,
731 3660 775 3686 20.

1993 1346 2170 1377 salutatio.

1962 2093 2104 2130 Quinam
2128 2102 2205 2124 con-

1999 2138 2167 2168 stituendi

1984 2183 2133 2218 episcopi
2151 2187 2186 2213 et

1984 2228 2182 2263 presbyteri.

1976 2631 2061 2660 Boni
2080 2637 2192 2666 pasto-

1960 2683 2013 2705 res
2056 2675 2202 2706 maxime

2006 2721 2041 2750 in
2058 2721 2160 2750 creta

1986 2765 2179 2796 necessarii.

2038 3435 2124 3472 Quid

1953 3479 2110 3511 edocendi
2120 3479 2200 3518 viri,

1986 3524 2148 3554 mulieres
2159 3545 2169 3562 ‚

2000 3569 2153 3605 juvenes.
