2423 3861
576 140 648 183 Ps.
683 141 926 193 CXXXII,
963 141 982 181 1
1018 164 1076 172 —
1109 139 1360 192 CXXXIV,
1398 139 1461 180 12.
1847 139 1932 180 649

791 337 1005 379 PsAmms
1035 336 1252 380 CXXXII

668 423 879 468 Car-emtis
891 423 1105 477 fraternoe
1128 426 1378 466 encomium.

169 507 183 535 ¹
203 508 436 553 Canticum
459 510 674 567 graduum
703 510 863 552 David.

339 578 452 619 Ecce
475 591 606 632 quam
632 576 794 618 bonum
819 582 862 619 et
885 591 1015 632 quam
1041 576 1306 632 jucundum,

407 635 605 678 habitare
631 634 791 678 fratres
819 634 864 676 in
891 649 1025 677 unum
1046 635 1054 677 !

307 693 324 719 ‘²
340 695 460 737 Sicut
483 699 760 750 unguentum
784 692 827 735 in
852 694 1018 750 eapite,
2002 721 2079 748 nuae
2111 728 2238 753 compa,

403 753 516 809 quod
544 752 771 796 descendit
798 752 842 794 in
866 752 1071 806 barbam,
1099 752 1284 794 barbam
1309 754 1476 809 Aaron,
2047 763 2192 810 rat-imus

404 812 516 868 quod
544 811 773 854 descendit
795 811 840 853 in
867 825 988 853 oram
1011 811 1264 853 vestimenti
1290 811 1385 866 ejus
1405 828 1413 865 ;
2050 814 2190 835 exumae.

306 871 322 897 3
339 871 452 914 sicut
477 886 546 914 ros
574 871 791 925 Hermon,

403 930 474 986 qni
499 929 727 973 descendit
750 929 792 971 in
823 934 1020 973 montem
1043 929 1160 973 Sion.

344 989 559 1039 Quoniam
585 988 677 1031 illic
703 988 935 1032 mandavit
962 989 1177 1031 Dominus
1199 988 1575 1044 benedictionem,

405 1054 447 1090 et
469 1047 608 1090 vitam
636 1062 769 1103 usque
793 1047 836 1089 in
860 1048 1086 1091 saeculum.

2047 537 2080 564 Ti
2087 539 2119 564 tu
2128 537 2159 564 lu
2165 545 2188 563 ς.

2053 608 2182 635 Thema.

781 1156 994 1198 PsALMUs
1021 1155 1264 1199 CXXXIII

256 1244 508 1288 Invitantw·
528 1245 792 1289 excubitores
816 1245 965 1301 tenzpli
990 1246 1051 1287 ad
1074 1246 1220 1288 Deum
1247 1252 1334 1287 tola
1359 1251 1477 1288 nocte
1500 1244 1787 1288 laudandam.

171 1330 183 1357 ¹
203 1331 434 1374 Canticum
461 1332 692 1387 graduum.
2048 1345 2194 1374 Titulus.

337 1400 450 1441 Ecce
476 1413 592 1440 1111110
618 1398 867 1441 benedicite
897 1399 1158 1454 Dominum,
1186 1413 1336 1442 omnes
1362 1398 1475 1442 servi
1503 1399 1681 1441 Domini
1703 1417 1711 1454 3
2015 1420 2088 1446 vox
2113 1416 2227 1451 popuii

403 1457 475 1512 qui
502 1457 628 1499 statis
653 1457 699 1499 in
723 1457 851 1499 domo
881 1457 1082 1512 Domini,
2027 1464 2068 1491 ad
2086 1462 2216 1490 levitas.

403 1516 448 1557 in
473 1516 597 1558 atriis
624 1515 778 1558 domus
802 1515 884 1558 Dei
908 1515 1059 1558 nostri.

305 1573 322 1599 2
340 1574 393 1616 In
416 1574 619 1616 noctibus
646 1574 847 1617 extollite
874 1588 1030 1617 manus
1060 1580 1226 1618 vestras
1253 1575 1298 1617 in
1325 1580 1497 1631 sancta,

402 1638 447 1675 et
468 1633 718 1676 benedicite
743 1633 998 1676 Dominum.

306 1691 323 1717 3
340 1692 584 1735 Benedicat
609 1697 652 1735 te
681 1692 898 1735 Dominus
923 1707 976 1735 ex
1001 1693 1127 1749 Sion,
2027 1693 2215 1749 Responsio

404 1751 476 1807 qui
499 1751 610 1794 fecit
637 1751 794 1794 caelum
822 1756 865 1794 et
886 1755 1062 1795 terram.
2027 1738 2221 1765 lentarum.

786 1861 999 1903 PsALMUS
1027 1860 1263 1903 CXXXIV

178 1947 387 1990 Hortatz'o
412 1947 473 1989 acl
498 1947 772 1990 laudandam
799 1949 1061 1999 Dominum,
1085 1950 1272 1992 Israelis
1297 1947 1608 2003 benefactorem
1631 1954 1672 1992 et
1691 1949 1869 1991 unicum

856 2008 1003 2050 Deum
1027 2023 1188 2053 verum.

301 2075 313 2101 1
335 2074 539 2118 Alleluia.

338 2142 537 2185 Laudate
564 2156 724 2184 nomen
752 2141 961 2196 Domini3
2005 2149 2170 2179 invitatio
2202 2150 2241 2197 ahu

405 2201 605 2255 laudate,
632 2200 768 2256 servi,
794 2201 1059 2247 Dominum:
2014 2194 2147 2222 lauaem
2165 2194 2235 2222 ¹³⁰²·

309 2260 326 2286 2
343 2260 417 2316 qui
438 2259 565 2303 statis
591 2260 637 2302 in
660 2259 790 2302 domo
817 2259 1019 2315 Domini,
1451 2258 1453 2261 ’

404 2319 450 2361 111
475 2319 599 2361 atriis
626 2318 782 2361 domus
809 2318 891 2361 Dei
915 2319 1065 2362 nostri.

308 2379 325 2405 3
343 2378 542 2421 Laudate
571 2377 834 2432 Dominum,
858 2377 1123 2438 quia-bonus
1147 2379 1363 2422 Dominus
1383 2395 1392 2433 3

407 2437 583 2494 psallite
607 2436 774 2479 nomini
798 2437 913 2492 ejus,
942 2437 1152 2492 quoniam
1177 2452 1323 2481 suave.

304 2496 321 2522 4
339 2496 555 2547 Quoniam
577 2495 718 2539 Jacob
742 2495 878 2550 elegit
902 2495 988 2537 sibi
1015 2496 1252 2552 Dominus,
2047 2504 2209 2552 Rationes

409 2555 548 2598 Israel
576 2554 620 2596 in
644 2554 965 2611 possessionem
991 2555 1090 2598 sibi.
2039 2555 2214 2618 P'sjffigae

308 2615 325 2641 5
343 2614 453 2664 Quia
480 2629 560 2670 ego
588 2613 775 2669 cognovi
803 2613 918 2668 quod
942 2628 1130 2669 magnus
1155 2620 1220 2657 est
1247 2615 1483 2671 Dominus,
2180 2609 2188 2617 ’

409 2679 452 2717 et
476 2675 596 2716 Deus
618 2678 766 2715 noster
788 2688 878 2730 prae
904 2673 1108 2716 omnibus
1132 2673 1229 2716 diis.

309 2731 326 2758 5
344 2732 504 2776 Omnia
525 2747 814 2788 quaecumque
836 2732 978 2775 voluit
1001 2733 1216 2775 Dominus
1239 2733 1370 2787 fecit,

407 2791 454 2834 in
479 2792 612 2848 caelo,
658 2792 704 2835 in
750 2797 887 2847 terra,
915 2791 959 2833 in
986 2791 1096 2833 mari
1123 2797 1167 2834 et
1191 2792 1236 2833 in
1264 2792 1466 2835 omnibus
1488 2792 1674 2849 abyssis.

309 2849 324 2876 ⁷
344 2850 549 2894 Educens
575 2851 714 2894 nubes
735 2851 792 2894 ab
817 2856 1013 2894 extremo
1041 2855 1190 2906 terrae,

407 2910 591 2965 fulgura
612 2910 657 2952 in
679 2910 877 2966 pluviam
899 2910 1035 2964 fecit3

410 2969 482 3024 qui
508 2969 711 3025 producit
738 2974 893 3012 ventos
920 2968 972 3011 de
995 2969 1213 3012 thesauris
1234 2970 1337 3013 suis.

311 3026 329 3056 8
346 3028 429 3079 Qui
454 3028 670 3084 percussit
698 3028 997 3085 primogenita
1020 3028 1231 3085 AEgypti,

410 3087 467 3130 ab
489 3087 668 3130 homine
690 3102 827 3144 usque
849 3088 903 3130 ad
930 3102 1075 3144 pecus.

314 3145 331 3171 9
347 3148 404 3189 Et
424 3146 547 3189 misit
571 3147 700 3203 signa
723 3153 765 3190 et
791 3147 993 3204 prodigia
1018 3147 1063 3190 in
1089 3148 1234 3191 medio
1260 3149 1345 3204 tui,
1372 3149 1594 3207 AEgypte,

411 3205 457 3247 in
482 3206 779 3262 Pharaonem,
808 3212 851 3249 et
876 3206 920 3248 in
945 3221 1097 3249 omnes
1119 3221 1267 3250 servos
1289 3208 1398 3265 ejus.

294 3263 328 3289 ¹⁰
346 3264 428 3315 Qui
455 3265 670 3321 percussit
696 3271 850 3322 gentes
878 3266 1062 3321 multas,

412 3329 456 3367 et
477 3323 641 3367 occidit
665 3340 790 3381 reges
815 3326 955 3368 fortes
984 3342 992 3369 :

296 3381 513 3438 1¹Sehon,
540 3398 691 3440 regem
719 3386 1100 3442 Amorrhaeorum,
1127 3392 1172 3430 et
1194 3388 1282 3442 Og,
1305 3400 1455 3441 regem
1479 3388 1648 3444 Basan,

413 3447 457 3485 et
479 3443 627 3486 omnia
648 3458 786 3499 regna
808 3444 1021 3488 Chanaan
1039 3462 1047 3499 ;

296 3498 331 3525 ¹2
347 3506 392 3543 et
418 3501 542 3545 dedit
569 3507 731 3545 terram
754 3517 903 3546 eorum
926 3503 1241 3561 hereditatem,

121 3649 149 3683 7]
167 3649 236 3676 aer.
253 3648 295 3684 x,
314 3651 356 3677 13.
375 3663 410 3668 -
427 3650 456 3682 8]
475 3650 536 3677 Ex.
553 3649 636 3683 ΧΠ,
651 3653 696 3678 29.
714 3665 750 3670 -
768 3651 813 3682 10]
833 3650 902 3677 Jos.
923 3649 1002 3676 ΧΠ.
1021 3652 1091 3677 1-7.
1108 3664 1144 3668 —
1165 3651 1211 3683 11]
1231 3650 1327 3677 xum.
1346 3650 1440 3685 XXI,
1457 3652 1550 3678 24-35.
