2456 3861
183 774 283 802 Liber
300 774 386 807 legis

220 825 252 846 in
274 825 350 846 arca

193 862 376 895 ponendus.

181 1177 394 1207 Introductio

220 1227 354 1250 cantior.

181 1836 394 1866 Praeludium.

222 2309 353 2338 Thema.

196 2719 281 2756 Quid
299 2721 388 2748 Deus

232 2764 353 2793 fecerit

189 2809 224 2838 in
249 2808 392 2842 gratiam

233 2853 350 2881 Israel.

473 178 557 222 192

945 177 1092 218 DEUT.
1127 175 1305 227 XXXI,
1339 175 1394 215 22
1428 199 1487 206 -
1518 174 1721 229 XXXII,
1759 175 1825 217 10.

472 352 517 390 et
541 347 821 398 afflictiones,
848 343 1133 400 respondebit
1159 342 1198 384 ei
1225 342 1450 384 canticum
1476 341 1594 384 istud
1622 356 1701 398 pro
1726 342 2001 398 testimonio,
2033 343 2147 398 quod
2180 343 2308 386 nulla,

472 406 637 449 delebit
665 404 829 446 oblivio
855 418 911 445 ex
935 416 1006 445 ore
1040 401 1220 444 seminis
1246 400 1340 455 sui,
1374 401 1465 443 scio
1498 401 1617 443 enim
1643 400 1936 456 cogitationes
1966 402 2083 457 ejus,
2109 417 2206 458 quae
2232 403 2302 445 fa-

472 470 618 506 cturus
651 463 708 504 sit
740 461 892 515 hodie,
925 466 1167 516 antequam
1200 459 1480 502 introducam
1514 473 1615 502 eum
1647 459 1692 501 in
1726 463 1909 514 terram,
1937 474 2069 515 quam
2103 461 2143 503 ei
2174 462 2310 518 polli-

471 523 583 564 citus
619 536 728 564 sum.
773 520 808 545 92
842 519 1026 576 Scripsit
1067 533 1171 574 ergo
1215 520 1391 575 Moyses
1432 519 1677 574 canticum,
1717 524 1761 561 et
1806 518 1957 561 docuit
1995 519 2108 562 filios
2149 521 2302 563 Israel.

471 581 507 607 “²3
533 580 836 636 P1·aece1)itque
878 578 1094 622 Dominus
1127 579 1283 634 Josue,
1322 577 1412 620 filio
1446 578 1569 633 Nun,
1604 583 1648 620 et
1681 577 1745 620 ait
1774 577 2103 634 :'C0nfortare,
2138 585 2182 621 et
2210 589 2305 622 esto

469 640 701 693 robustus3
738 644 786 681 tu
823 638 941 681 enim
979 637 1233 680 introduces
1270 637 1383 679 filios
1425 637 1564 680 Israel
1599 637 1646 679 in
1686 642 2043 692 terram,‘quam
2079 637 2304 693 pollicitus

470 713 585 753 sum,
615 704 657 740 et
679 712 760 753 ego
789 712 862 740 ero
887 703 1049 740 tecum.

530 756 565 783 ‘24
589 758 829 812 Postquam
858 770 962 812 ergo
988 756 1164 813 scripsit
1187 757 1362 813 Moyses
1388 756 1523 798 verba
1545 755 1656 811 legis
1681 755 1814 811 hujus
1834 754 1881 797 in
1903 755 2150 812 volumine,
2173 760 2305 812 atque

472 816 732 873 complevit,
763 815 800 844 ⁶25
820 815 1036 873 praecepit
1063 815 1233 871 levitis,
1257 816 1332 871 qui
1357 815 1597 871 portabant
1616 828 1768 857 arcam
1791 814 1975 857 foederis
2007 815 2211 870 Domini,
2240 815 2305 857 di-

470 890 609 920 cens:
647 874 684 902 96
713 876 876 919 Tollite
912 874 1074 918 librum
1110 874 1264 929 istum,
1299 880 1343 918 et
1382 874 1533 930 ponite
1574 887 1676 917 eum
1711 873 1755 916 in
1797 873 1934 917 latere
1970 888 2087 917 arcae
2122 873 2309 917 foederis

472 935 652 978 Domini
677 935 760 978 Dei
785 934 942 990 vestri,
965 940 1014 977 ut
1042 934 1100 977 sit
1123 934 1186 977 ibi
1217 940 1370 977 contra
1394 939 1440 977 te
1461 934 1506 976 in
1528 933 1847 977 testimonium.
1883 932 1917 959 Ἢ
1942 933 2038 990 Ego
2071 933 2190 976 enim
2215 932 2310 976 scio

472 994 803 1038 contentionem
834 1000 980 1047 tuam,
1011 999 1054 1036 et
1087 994 1305 1036 cervicem
1338 998 1462 1035 tuam
1492 992 1790 1036 durissimam.
1818 992 1978 1035 Adhuc
2004 992 2186 1035 vivente
2210 1006 2301 1043 me,

473 1060 516 1097 et
548 1053 827 1110 ingrediente
859 1053 1110 1107 vobiscum,
1141 1066 1313 1108 semper
1346 1051 1620 1094 contentiose
1655 1051 1807 1107 egistis
1842 1058 1994 1094 contra
2032 1052 2303 1105 Dominum3

471 1120 637 1169 quanto
657 1113 802 1168 magis
825 1127 924 1155 cum
946 1116 1144 1154 mortuus
1169 1112 1296 1154 fuero
1311 1111 1332 1154 ⁴?

531 1171 567 1198 ⁹2⁸
590 1172 870 1227 Congregate
902 1170 959 1213 ad
996 1184 1066 1213 me
1104 1184 1256 1213 omnes
1292 1170 1485 1226 majores
1518 1175 1626 1212 natu
1659 1183 1736 1226 per
1767 1169 1908 1213 tribus
1945 1175 2136 1226 vestras,
2174 1175 2311 1225 atque

472 1232 692 1286 doctores,
717 1238 761 1274 et
782 1231 936 1286 loquar
956 1229 1240 1272 audientibus
1261 1230 1324 1272 eis
1349 1243 1571 1272 sermones
1597 1229 1724 1283 istos,
1748 1234 1792 1272 et
1815 1229 2034 1272 invocabo
2059 1234 2213 1272 contra
2234 1242 2308 1271 eos

473 1290 630 1333 caelum
656 1295 699 1332 et
725 1296 886 1333 terram
907 1307 915 1343 3
940 1287 977 1314 '²9
997 1288 1102 1331 novi
1125 1287 1242 1331 enim
1265 1289 1380 1344 quod
1403 1294 1503 1345 post
1528 1294 1717 1331 mortem
1738 1302 1884 1331 meam
1906 1288 2056 1344 inique
2078 1288 2241 1343 agetis,
2264 1293 2309 1338 et

472 1349 754 1393 declinabitis
780 1349 868 1391 cito
890 1348 944 1390 de
966 1347 1061 1402 via,
1084 1361 1217 1403 quam
1238 1349 1430 1404 praecepi
1457 1347 1611 1402 vobis3
1645 1353 1690 1390 et
1719 1353 1949 1390 occurrent
1973 1347 2100 1390 vobis
2120 1347 2240 1390 mala
2261 1346 2307 1388 in

472 1415 667 1453 extremo
693 1413 914 1464 tempore,
937 1407 1114 1462 quando
1136 1407 1337 1450 feceritis
1363 1407 1531 1449 malum
1564 1407 1610 1449 in
1641 1411 1880 1463 conspectu
1912 1406 2115 1462 Domini,
2138 1412 2187 1449 ut
2211 1405 2307 1449 irri-

470 1469 575 1512 tetis
608 1482 709 1512 eum
742 1482 822 1525 per
855 1480 987 1523 opera
1022 1479 1236 1508 manuum
1271 1472 1531 1510 vestrarum.
1570 1466 1607 1493 30
1638 1467 1832 1509 Locutus
1868 1471 1934 1510 est
1967 1479 2072 1522 ergo
2108 1466 2311 1522 Moyses,

471 1528 679 1571 audiente
704 1527 908 1570 universo
934 1531 1051 1568 coetu
1077 1526 1238 1582 Israel,
1261 1526 1397 1569 verba
1431 1525 1639 1568 carminis
1664 1525 1818 1581 hujus,
1845 1531 1890 1569 et
1917 1525 1973 1568 ad
2005 1525 2140 1568 finem
2172 1538 2314 1581 usque

472 1586 725 1644 complevit.

929 1702 953 1759 §
988 1703 1050 1744 ΙΙ.
1076 1728 1135 1734 --
1172 1701 1402 1746 Canticum
1433 1701 1605 1756 llloysis
1637 1701 1856 1744 ultimum.

533 1827 639 1871 CAP.
666 1825 864 1869 XXXII.
885 1849 945 1857 ——-
1036 1822 1049 1848 ¹
1070 1823 1257 1877 Audite,
1282 1822 1400 1877 caeli,
1432 1836 1529 1877 quae
1565 1821 1743 1877 loquor3

1051 1881 1205 1924 audiat
1225 1885 1342 1924 terra
1363 1881 1498 1923 verba
1520 1881 1606 1923 oris
1631 1881 1732 1924 mei.

918 1941 936 1966 2
960 1941 1226 1984 Concrescat
1248 1946 1296 1983 ut
1321 1938 1474 1996 pluvia
1497 1940 1700 1983 doctrina
1723 1954 1824 1983 mea
1844 1957 1854 1994 3

1030 2000 1139 2043 fluat
1164 2005 1212 2043 ut
1233 2014 1302 2042 ros
1328 1999 1550 2056 eloquium
1574 2014 1742 2056 meum,

1059 2059 1183 2116 quasi
1205 2060 1346 2102 imber
1368 2073 1497 2115 super
1518 2059 1723 2115 herbam,

1022 2125 1067 2164 et
1088 2119 1213 2175 quasi
1236 2118 1370 2161 stillae
1393 2133 1523 2175 super
1544 2119 1761 2174 gramina.

986 2180 1004 2207 3
1020 2179 1133 2230 Quia
1158 2192 1318 2221 nomen
1346 2177 1526 2221 Domini
1552 2178 1795 2233 invocabo3

966 2239 1069 2282 date
1105 2237 1488 2294 magnificentiam
1518 2239 1612 2280 Deo
1647 2243 1805 2285 nostro,

1067 2298 1083 2324 ‘¹
1104 2297 1187 2341 Dei
1208 2297 1410 2354 perfecta
1431 2302 1534 2339 sunt
1560 2311 1712 2354 opera,

1038 2362 1083 2400 et
1115 2370 1266 2400 omnes
1299 2356 1384 2398 viae
1418 2356 1514 2412 ejus
1546 2356 1743 2412 judicia3

914 2418 1034 2460 Deus
1059 2415 1222 2471 fidelis,
1247 2421 1292 2459 et
1311 2416 1476 2471 absque
1501 2415 1593 2458 ulla
1615 2415 1869 2472 iniquitate,

1197 2476 1340 2532 justus
1362 2481 1406 2518 et
1427 2481 1585 2518 rectus.

1172 2536 1190 2562 ⁵
1215 2535 1519 2578 Peccaverunt
1550 2534 1615 2590 ei,

1048 2602 1092 2640 et
1113 2610 1202 2639 non
1223 2593 1303 2637 filii
1325 2593 1421 2650 ejus
1445 2593 1494 2636 in
1515 2594 1735 2650 sordibus,

1000 2655 1228 2712 generatio
1254 2668 1391 2711 prava
1415 2658 1547 2709 atque
1567 2668 1788 2710 perversa.

1062 2715 1080 2741 6
1102 2714 1317 2757 Haeccine
1337 2713 1485 2756 reddis
1509 2713 1721 2769 Domino,

1045 2774 1207 2831 popule
1243 2773 1377 2816 stulte
1413 2777 1458 2815 et
1492 2772 1740 2829 insipiens?

775 2833 1002 2890 Numquid
1023 2847 1111 2876 non
1132 2834 1229 2890 ipse
1255 2838 1321 2876 est
1342 2837 1470 2890 pater
1491 2837 1612 2887 tuUS,
1636 2831 1709 2888 qui
1734 2831 1930 2888 possedit
1954 2837 2019 2888 te,

1124 2898 1169 2936 et
1192 2892 1305 2936 fecit
1329 2898 1372 2936 et
1394 2891 1561 2935 creavit
1583 2897 1629 2934 te
1643 2891 1663 2932 ἶ)

998 2952 1013 2979 7
1035 2953 1262 2996 Memento
1283 2952 1456 2995 dierum
1481 2951 1763 3007 antiquorum
1781 2967 1790 3006 3

1028 3012 1178 3069 cogita
1202 3010 1509 3068 generationes
1534 3009 1761 3066 singulas3

842 3071 1068 3128 interroga
1091 3077 1263 3128 patrem
1286 3075 1435 3126 tuum,
1458 3075 1503 3113 et
1523 3069 1809 3112 annuntiabit
1832 3069 1916 3112 tibi
1935 3086 1945 3124 3

1041 3131 1235 3187 majores
1258 3136 1378 3185 tuos,
1405 3135 1450 3172 et
1473 3129 1625 3172 dicent
1648 3128 1744 3171 tibi.

918 3189 936 3216 8
960 3190 1145 3241 Quando
1167 3189 1398 3233 dividebat
1419 3188 1676 3232 Altissimus
1702 3192 1878 3244 gentes,

1009 3249 1184 3305 quando
1209 3249 1445 3306 separabat
1468 3248 1583 3291 filios
1608 3247 1777 3302 Adam,

615 3307 846 3353 constituit
870 3308 1080 3351 terminos
1102 3309 1366 3366 populorum
1388 3307 1521 3364 juxta
1539 3321 1772 3350 numerum
1795 3306 1986 3350 filiorum
2007 3305 2147 3350 Israel
2165 3321 2177 3360 3

961 3367 979 3393 9
998 3381 1099 3423 pars
1121 3374 1270 3411 autem
1294 3366 1496 3423 Domini,
1521 3366 1710 3423 populus
1735 3365 1852 3421 ejus,

985 3427 1128 3470 Jacob
1153 3427 1381 3470 funiculus
1405 3425 1666 3470 hereditatis
1690 3425 1800 3480 ejus.

1008 3485 1044 3512 ¹⁰
1063 3486 1243 3529 Invenit
1265 3500 1365 3529 eum
1387 3485 1432 3528 in
1454 3491 1571 3528 terra
1592 3484 1784 3538 deserta,

929 3546 975 3590 in
996 3545 1094 3589 loco
1117 3545 1327 3600 horroris,
1353 3549 1399 3587 et
1419 3552 1558 3587 vastae
1584 3543 1862 3600 solitudinis3

486 3690 515 3725 ⁷]
532 3691 609 3726 soh,
626 3691 723 3726 vm,
736 3695 759 3720 8.
