2456 3861
629 109 744 149 GEN.
779 107 1053 162 XXXVIII,
1090 108 1141 150 17
1164 133 1223 139 —
1254 107 1474 162 XXXIX,
1512 109 1579 151 15.
1966 114 2020 153 39

202 274 360 319 stuaris
386 274 623 318 concubitu
648 276 779 319 meo?
806 275 839 302 ¹⁷
872 275 1017 320 dixit:
1046 276 1222 319 Mittam
1254 276 1334 319 tibi
1362 276 1538 319 haedum
1569 277 1623 320 de
1654 277 1876 333 gregibus,
1914 280 2021 321 Rur-

199 348 379 389 sumque
406 333 483 376 illa
505 333 679 377 dicente
700 352 708 379 :
734 335 883 377 Patiar
900 335 1013 390 quod
1038 335 1124 390 vis,
1151 335 1187 377 si
1214 335 1385 378 dederis
1411 335 1519 378 mihi
1546 336 1859 392 arrhabonem,
1884 337 2022 381 donec

199 392 349 435 mittas
381 392 496 447 quod
530 392 777 448 polliceris;
805 394 839 420 ¹⁸
857 394 920 436 ait
949 393 1089 437 Judas
1113 412 1120 438 :
1151 394 1264 445 Quid
1298 395 1379 437 tibi
1408 395 1475 436 vis
1509 409 1586 450 pro
1619 395 1863 439 arrhabone
1890 397 2021 440 dari?

200 451 443 507 Respondit
469 468 477 494 ε
508 452 734 494 Annulum
760 458 904 506 tuum,
935 458 979 496 et
999 453 1242 507 armillam,
1269 459 1313 496 et
1338 453 1545 496 baculum
1568 468 1697 510 quem
1723 469 1857 497 manu
1883 460 2020 499 tenes.

198 509 268 552 Ad
294 524 429 552 unum
455 510 590 567 igitur
615 511 779 553 coitum
802 511 958 554 mulier
980 512 1202 568 concepit,
1230 512 1263 538 ¹9
1281 518 1325 555 et
1355 526 1538 568 surgens
1567 512 1680 555 abiit
1701 529 1709 568 ;
1736 513 2021 570 depositoque

196 568 351 611 habitu
385 583 514 624 quem
551 574 817 625 sumpserat,
853 570 1009 612 induta
1045 576 1111 613 est
1143 570 1374 614 viduitatis
1407 571 1618 614 vestibus.
1652 570 1689 598 90
1713 572 1836 615 Misit
1873 580 2021 616 autem

196 629 223 670 ,J
229 627 337 670 udas
359 627 536 670 haedum
562 642 639 683 per
656 633 877 683 pastorem
903 643 1026 670 suum
1053 628 1388 684 Odollamitem,
1412 636 1459 672 ut
1484 630 1698 687 reciperet
1723 631 1883 687 pignus
1906 632 2020 687 quod

195 686 379 729 dederat
404 685 590 729 mulieri.
609 685 690 736 Qui
714 700 814 729 cum
839 701 926 729 non
949 686 1191 730 invenisset
1213 702 1332 742 eam,
1351 688 1384 714 “²¹
1406 688 1697 745 interrogavit
1718 690 1918 733 homines
1938 690 2021 734 loci

196 744 345 788 illius:
375 744 463 788 Ubi
496 749 563 787 est.
591 744 749 788 mulier
774 759 871 800 quae
908 745 1093 788 sedebat
1122 746 1167 787 in
1201 746 1354 790 bivio?
1395 748 1778 803 Respondentibus
1817 750 1986 792 cunctis
2012 765 2022 793 ε

197 805 296 847 Non
329 803 418 846 fuit
449 803 493 845 in
526 803 622 846 loco
654 803 739 846 isto
771 804 1004 856 meretrix3
1037 803 1074 830 99
1098 819 1296 847 reversus
1322 811 1389 848 est
1420 806 1477 848 ad
1507 807 1692 860 Judam,
1727 813 1771 849 et
1805 808 1918 851 dixit
1943 808 1982 851 ei
2009 825 2018 852 :

196 863 296 905 Non
332 861 483 905 inveni
517 876 647 917 eam;
686 863 763 905 sed
800 867 845 906 et
879 863 1080 906 homines
1113 863 1197 906 loci
1234 863 1352 905 illius
1393 864 1602 907 dixerunt
1635 865 1764 920 mihi,
1798 881 2022 922 nunquam

195 921 358 964 sedisse
384 920 446 963 ibi
476 926 681 964 scortum.
709 920 746 948 93
763 921 842 964 Ait
867 921 1008 965 Judas
1035 938 1043 965 :
1079 922 1258 965 Habeat
1286 922 1398 977 sibi3
1433 928 1550 966 certe
1585 924 1805 966 mendacii
1840 940 2022 980 arguere

195 993 273 1023 nos
298 994 386 1023 non
411 985 583 1036 potest;
609 994 691 1036 ego
717 980 817 1023 misi
847 980 1027 1023 haedum
1052 995 1183 1036 quem
1213 981 1521 1037 promiseram,
1549 987 1593 1025 et
1618 988 1665 1024 tu
1695 997 1783 1025 non
1815 983 2023 1027 invenisti

195 1053 305 1082 eam.
329 1038 365 1065 24
388 1040 503 1082 Ecce
529 1044 679 1082 autem
702 1044 800 1096 post
821 1044 909 1082 tres
931 1054 1105 1082 menses
1130 1040 1448 1083 nuntiaverunt
1473 1041 1501 1083 J
1506 1041 1625 1097 udae,
1653 1040 1852 1085 dicentes
1881 1059 1888 1085 :
1920 1044 2024 1085 For-

195 1097 343 1141 nicata
365 1103 432 1141 est
453 1098 648 1141 Thamar
665 1113 798 1141 nurus
815 1104 904 1153 tua,
924 1104 969 1141 et
986 1099 1160 1142 videtur
1181 1105 1328 1142 uterus
1347 1099 1464 1142 illius
1482 1099 1788 1143 intumescere.
1812 1101 2023 1157 Dixitque

195 1158 222 1201 J
228 1157 335 1200 udas
359 1173 366 1200 :
396 1157 631 1200 Producite
654 1171 753 1200 eam
777 1162 826 1200 ut
847 1157 1143 1202 comburatur.
1167 1157 1203 1184 95
1221 1158 1326 1209 Quae
1353 1173 1454 1201 cum
1480 1159 1711 1201 duceretur
1735 1159 1788 1202 ad
1825 1175 2022 1217 poenam,

195 1216 316 1259 misit
355 1216 411 1259 ad
449 1230 648 1259 socerum
684 1231 832 1272 suum,
871 1216 1056 1260 dicens:
1094 1219 1158 1260 De
1191 1217 1307 1272 viro,
1345 1218 1472 1273 cujus
1510 1218 1607 1260 haec
1644 1223 1767 1273 sunt,
1808 1219 2022 1275 concepi3

195 1289 411 1331 cognosce
439 1275 566 1331 cujus
587 1275 644 1318 sit
669 1276 878 1331 annulus,
905 1280 950 1319 et
974 1276 1170 1330 armilla,
1198 1281 1242 1319 et
1267 1277 1464 1320 baculus.
1491 1276 1528 1303 96
1547 1276 1650 1333 Qui,
1676 1277 1842 1333 agnitis
1873 1293 2025 1322 mune-

195 1335 335 1389 ribus,
361 1334 424 1377 ait
447 1350 456 1377 :
479 1334 650 1377 Justior
675 1349 744 1377 me
770 1340 858 1389 est,
885 1335 987 1390 quia
1012 1349 1100 1378 non
1122 1335 1286 1378 tradidi
1309 1350 1407 1378 eam
1435 1336 1534 1380 Sela
1556 1336 1647 1379 filio
1678 1350 1789 1380 meo.
1811 1339 2025 1381 Attamen

196 1393 310 1436 ultra
331 1407 418 1436 non
444 1393 653 1449 cognovit
674 1408 785 1436 eam.
816 1393 850 1420 ‘2⁷
876 1395 1079 1436 Instante
1104 1399 1253 1437 autem
1274 1400 1427 1450 partu,
1454 1400 1753 1451 apparuerunt
1779 1396 1946 1452 gemini
1979 1397 2025 1440 in

196 1457 343 1506 utero;
375 1457 507 1507 atque
533 1452 579 1494 in
604 1452 701 1508 ipsa
725 1452 942 1495 effusione
973 1452 1237 1508 infantium,
1270 1468 1381 1496 unus
1411 1454 1594 1510 protulit
1627 1468 1829 1508 manum,
1861 1455 1906 1498 in
1940 1470 2026 1511 qua

194 1511 410 1555 obstetrix
442 1511 601 1567 ligavit
634 1511 886 1566 coccinum,
920 1511 1072 1554 dicens
1095 1529 1103 1556 :
1131 1510 1167 1538 98
1186 1513 1277 1555 Iste
1312 1513 1562 1568 egredietur
1591 1513 1720 1569 prior.
1748 1512 1784 1538 99
1812 1515 1896 1557 1110
1922 1529 2026 1558 vero

193 1570 445 1613 retrahente
470 1585 673 1626 manum,
700 1584 901 1626 egressus
924 1576 990 1613 est
1015 1571 1153 1625 alter3
1182 1571 1382 1626 dixitque
1408 1571 1566 1614 mulier
1589 1588 1597 1614 :
1625 1571 1766 1621 Quare
1795 1573 1938 1616 divisa
1960 1579 2027 1617 est

193 1635 371 1685 propter
409 1635 453 1672 te
489 1628 720 1673 maceria?
758 1630 816 1672 Et
853 1629 907 1672 ob
944 1629 1060 1672 hanc
1094 1643 1273 1673 causam
1307 1630 1486 1673 vocavit
1519 1644 1680 1674 nomen
1715 1631 1812 1685 ejus
1848 1633 2023 1676 Phares.

193 1687 231 1715 3⁰
248 1689 406 1731 Postea
437 1702 637 1744 egressus
670 1694 738 1731 est
761 1689 903 1731 frater
928 1689 1047 1744 ejus,
1074 1688 1120 1730 in
1153 1689 1281 1745 cujus
1314 1703 1450 1732 manu
1479 1694 1574 1732 erat
1605 1689 1831 1733 coccinum
1856 1708 1864 1746 ;
1897 1705 2025 1747 quem

191 1746 436 1804 appellavit
457 1749 582 1791 Zara.

682 1834 706 1891 ξ
742 1834 831 1878 III.
852 1860 913 1868 —
942 1835 1108 1891 Josepk
1140 1836 1264 1892 apud
1293 1836 1534 1892 Patiphar.

249 1965 357 2007 CAP.
391 1962 605 2008 XXXIX.
631 1989 692 1996 —
725 1962 737 1988 ¹
765 1963 910 2019 Igitur
945 1964 1113 2020 Joseph
1151 1963 1308 2007 ductus
1343 1969 1409 2007 est
1446 1965 1492 2008 in
1525 1966 1797 2022 ABgyptum,
1833 1966 2026 2023 emitque

189 2035 292 2064 eum
319 2021 533 2077 Putiphar
555 2022 781 2064 eunuchus
804 2022 1071 2077 Pharaonis,
1098 2023 1304 2080 princeps
1329 2024 1571 2080 exercitus,
1595 2025 1663 2067 vir
1679 2025 1944 2082 AEgyptius‚
1972 2026 2026 2069 de

191 2094 326 2123 manu
351 2080 699 2136 Ismaelitarum,
723 2096 750 2124 a
773 2081 931 2137 quibus
955 2081 1193 2138 perductus
1215 2087 1322 2126 erat.
1347 2082 1365 2108 9
1383 2083 1572 2139 Fuitque
1597 2084 1812 2127 Dominus
1835 2099 1934 2128 cum
1954 2100 2023 2140 eo,

190 2143 236 2182 et
260 2144 355 2182 erat
379 2139 446 2181 vir
466 2139 513 2181 in
535 2139 707 2183 cunctis
736 2155 942 2198 prospere
973 2155 1130 2198 agens,
1164 2141 1473 2198 habitavitque
1506 2143 1552 2185 in
1579 2143 1709 2187 domo
1737 2143 1903 2187 domini
1936 2145 2023 2198 sui,

191 2197 209 2224 3
225 2198 299 2253 qui
325 2198 490 2254 optime
516 2205 701 2242 noverat
726 2200 967 2243 Dominum
997 2214 1091 2244 esse
1122 2215 1223 2244 cum
1248 2216 1320 2257 eo,
1347 2206 1392 2244 et
1417 2202 1587 2257 omnia,
1617 2217 1714 2258 quae
1741 2209 1934 2260 gereret,
1967 2204 2023 2246 ab

190 2271 242 2301 00
264 2256 397 2313 dirigi
419 2257 464 2299 in
489 2272 624 2300 manu
650 2257 782 2304 illius.
809 2258 827 2285 4
845 2259 1112 2315 Invenitque
1139 2261 1167 2303 J
1172 2261 1308 2317 oseph
1331 2261 1523 2316 gratiam
1546 2276 1694 2304 coram
1720 2262 1898 2306 domino
1924 2277 2021 2318 suo,

190 2321 235 2359 et
265 2316 550 2358 ministrabat
580 2316 641 2372 ei,
667 2332 694 2360 a
723 2332 808 2374 quo
837 2318 1100 2374 praepositus
1130 2319 1357 2375 omnibus,
1384 2319 1665 2376 gubernabat
1691 2321 1905 2365 creditam
1940 2322 2023 2365 sibi

190 2374 397 2430 domum,
433 2381 476 2418 et
513 2375 719 2419 universa
755 2392 851 2433 quae
888 2377 929 2420 ei
966 2377 1131 2421 tradita
1163 2378 1373 2434 fuerant3
1409 2380 1427 2406 ⁵
1451 2379 1768 2436 benedixitque
1808 2381 2023 2424 Dominus

190 2433 340 2477 domui
364 2434 572 2491 AEgyptii
597 2441 775 2492 propter
800 2437 827 2479 J
833 2436 988 2493 oseph,
1015 2441 1060 2479 et
1081 2437 1399 2494 multiplicavit
1424 2443 1516 2481 tam
1540 2439 1586 2481 in
1613 2439 1782 2483 aedibus
1812 2454 1944 2495 quam
1976 2440 2022 2482 in

188 2493 307 2549 agris
326 2500 533 2536 cunctam
550 2494 591 2550 ej
601 2509 648 2537 us
666 2494 962 2538 substantiam
981 2512 990 2550 3
1009 2495 1026 2522 ⁶
1040 2510 1121 2539 nec
1140 2496 1380 2553 quidquam
1399 2497 1520 2540 aliud
1539 2503 1735 2555 noverat,
1756 2497 1841 2541 nisi
1860 2513 2022 2555 panem

189 2566 274 2608 quo
296 2553 573 2597 vescebatur.

248 2612 356 2654 Erat
389 2617 539 2655 autem
569 2613 597 2656 J
602 2614 737 2670 oseph
774 2613 960 2670 pulchra
995 2615 1135 2672 facie,
1168 2620 1212 2659 et
1243 2615 1425 2659 decorus
1458 2621 1654 2673 aspectu.
1682 2616 1698 2643 ⁷
1722 2617 1827 2660 Post
1859 2618 2021 2662 multos

187 2669 335 2726 itaque
363 2671 456 2714 dies
481 2671 640 2727 injecit
666 2673 846 2716 domina
871 2688 949 2716 sua
975 2674 1123 2717 oculos
1149 2689 1248 2718 suos
1273 2674 1319 2717 in
1345 2675 1534 2731 Joseph,
1562 2680 1607 2718 et
1628 2675 1692 2718 ait
1718 2691 1726 2719 :
1751 2676 1906 2719 Dormi
1930 2692 2021 2720 me-

188 2743 302 2773 cum.
327 2730 344 2757 8
369 2730 451 2781 Qui
484 2745 763 2788 nequaquam
799 2733 1084 2788 acquiescens
1118 2733 1238 2790 operi
1275 2735 1469 2789 nefario,
1498 2734 1612 2778 dixit
1645 2735 1701 2778 ad
1738 2750 1837 2779 eam
1864 2752 1872 2779 :
1904 2737 2020 2780 Ecce

188 2788 390 2832 dominus
416 2804 560 2846 meus,
584 2791 788 2834 omnibus
814 2792 924 2834 mihi
946 2791 1142 2848 traditis,
1168 2793 1345 2849 ignorat
1367 2793 1469 2850 quid
1497 2793 1661 2837 habeat
1686 2795 1732 2837 in
1758 2795 1888 2839 domo
1914 2810 2019 2852 sua3

187 2847 204 2873 9
220 2862 302 2891 nec
324 2849 566 2905 quidquam
587 2855 654 2893 est
671 2851 786 2906 quod
810 2865 897 2894 non
915 2851 960 2894 in
983 2866 1082 2895 mea
1106 2852 1164 2895 sit
1181 2857 1415 2909 potestate,
1434 2853 1505 2896 vel
1524 2868 1613 2897 non
1637 2854 1872 2897 tradiderit
1893 2855 2015 2911 mihi,

185 2912 346 2963 praeter
374 2913 439 2963 te,
467 2922 565 2964 quae
596 2923 707 2953 uxor
731 2910 828 2966 ejus
857 2925 928 2965 es;
961 2911 1179 2967 quomodo
1205 2926 1309 2968 ergo
1338 2927 1517 2969 possum
1541 2913 1625 2956 hoc
1654 2913 1822 2957 malum
1846 2914 2017 2971 facere,

186 2971 230 3008 et
254 2980 438 3022 peccare
468 2967 515 3009 in
545 2969 689 3011 Deum
714 2969 891 3013 meum?
918 2969 954 2997 ¹⁰
977 2970 1301 3027 Hujuscemodi
1326 2972 1474 3015 verbis
1502 2986 1580 3029 per
1601 2972 1798 3029 singulos
1825 2973 1938 3029 dies,
1974 2979 2019 3017 et

185 3025 343 3068 mulier
378 3026 567 3069 molesta
601 3033 695 3070 erat
731 3028 1027 3086 adolescenti,
1062 3035 1107 3073 et
1140 3030 1215 3074 ille
1256 3031 1490 3074 recusabat
1530 3036 1741 3088 stuprum.
1778 3031 1811 3058 ¹¹
1839 3033 2018 3076 Accidit

184 3089 332 3126 autem
352 3085 545 3140 quadam
564 3086 654 3138 die,
674 3092 722 3130 ut
744 3086 929 3131 intraret
954 3089 1122 3146 Joseph
1145 3089 1346 3145 domum,
1370 3095 1414 3133 et
1437 3090 1579 3147 operis
1601 3091 1829 3148 quippiam
1851 3092 2017 3148 absque

184 3142 362 3186 arbitris
392 3143 589 3200 faceret3
617 3145 652 3171 19
669 3152 715 3189 et
744 3146 842 3202 illa,
877 3149 1154 3204 apprehensa
1179 3149 1344 3192 lacinia
1368 3150 1625 3193 vestimenti
1653 3150 1773 3206 ejus,
1810 3151 1975 3194 diceret
2005 3168 2013 3194 :

185 3201 339 3244 Dormi
363 3217 553 3247 mecum.
571 3204 653 3255 Qui
672 3205 826 3248 relicto
844 3206 890 3248 in
913 3222 1047 3250 manu
1070 3208 1168 3264 ejus
1185 3207 1322 3264 pallio
1344 3208 1486 3265 fugit,
1506 3215 1550 3252 et
1572 3224 1772 3265 egressus
1796 3215 1862 3252 est
1879 3210 2013 3253 foras.

186 3259 222 3286 ¹3
239 3261 434 3317 Cumque
461 3262 645 3307 vidisset
666 3265 824 3308 mulier
842 3271 1010 3309 vestem
1032 3267 1078 3309 in
1097 3267 1301 3310 manibus
1319 3267 1429 3324 suis,
1456 3273 1501 3311 et
1522 3283 1566 3311 se
1586 3283 1679 3311 esse
1699 3274 2012 3324 contemptam,

186 3317 222 3346 ¹4
238 3321 416 3363 vocavit
438 3321 494 3364 ad
521 3337 566 3365 se
592 3323 793 3367 homines
820 3324 973 3368 domus
999 3341 1110 3381 suae,
1141 3332 1185 3369 et
1206 3326 1270 3369 ait
1294 3327 1350 3370 ad
1376 3342 1450 3370 eos
1473 3343 1481 3370 :
1511 3328 1579 3369 En
1602 3327 1845 3370 introduxit
1871 3327 2014 3370 virum

185 3377 429 3433 hebraeum,
469 3386 516 3423 ut
552 3381 757 3425 illuderet
793 3383 946 3439 nobis;
985 3385 1207 3441 ingressus
1241 3391 1307 3429 est
1339 3386 1395 3428 ad
1431 3401 1522 3441 me,
1557 3391 1605 3428 ut
1638 3386 1773 3429 coiret
1806 3399 2012 3440 mecum3

185 3450 370 3494 cumque
395 3453 478 3495 ego
503 3440 864 3498 succlamassem,
892 3442 928 3469 15
945 3448 989 3486 et
1011 3444 1206 3487 audisset
1228 3459 1383 3488 vocem
1414 3459 1582 3499 meam,
1618 3444 1794 3500 reliquit
1828 3444 2014 3500 pallium

186 3598 368 3632 2⁷]Matt11.
388 3600 420 3635 1.
438 3603 464 3629 3.
478 3615 513 3620 —-
529 3603 577 3635 30]
601 3603 615 3629 1
635 3603 706 3631 Par.
723 3604 754 3630 II
769 3606 813 3638 ‚4.

2145 1971 2166 1999 J
2170 1972 2272 2004 oseph

2092 2022 2210 2043 servus
2240 2015 2331 2045 Puti-

2168 2060 2259 2093 phar.

2150 2623 2262 2657 Ipsius

2086 2666 2236 2696 miranda
2270 2675 2327 2702 pu-

2159 2711 2253 2741 maz.
