2391 3861
720 167 820 208 .1,«1ι·.
859 166 952 212 111,
987 166 1012 206 3
1046 190 1115 222 —,
1140 165 1216 216 IV,-
1255 163 1319 205 15.
1823 160 1934 202 1333

111 339 159 382 in
180 337 314 380 verbo
339 352 425 380 non
456 336 662 380 offendit.
694 335 762 377 hic
797 336 1021 392 perfectus
1047 340 1113 377 cst
1143 334 1233 381 vir:
1262 339 1406 390 potest
1432 331 1566 375 etiam
1592 330 1718 373 freno
1750 330 1935 372 circnm-

114 398 272 440 ducere
297 401 439 441 totum
461 409 630 451 corpus.

171 456 188 478 ³³
220 455 262 497 si
298 460 446 497 autem
478 454 598 509 equis
633 455 759 496 frena
792 453 835 495 in
871 467 945 496 ora
977 453 1192 494 minimus
1227 452 1281 494 :nl
1314 449 1679 493 ‹·‹·ns‹.·nticndum
1711 448 1857 503 nobis,
1893 453 1937 492 et

113 529 240 557 omne
271 528 426 569 corpus
457 513 632 555 illorum
659 512 1027 555 circumferimus.
1056 511 1070 537 ’1
1092 512 1204 553 Ecce
1230 520 1273 553 et
1306 525 1460 564 naves,
1493 523 1593 551 cum
1620 522 1797 563 magnae
1827 507 1935 561 sint,

112 585 157 615 et
184 589 206 616 a
236 572 379 615 ventis
411 572 569 614 validis
600 571 835 623 minentur,
865 570 1236 614 ciremnferuntnr
1265 585 1292 611 a
1323 569 1494 611 modico
1528 565 1830 623 gubernaculo
1862 565 1936 608 ubi

112 634 301 688 impetus
333 631 564 685 dirigentis
595 629 795 673 voluerit.
823 630 839 654 ⁵
866 630 936 672 Ita
967 635 1011 672 et
1043 628 1196 683 lingua
1228 627 1449 670 modicum
1481 626 1659 682 quidem
1690 624 1937 669 membrum

111 698 195 743 est,
220 694 264 734 et
296 704 457 745 magna
484 690 666 733 exaltat.
696 690 810 732 Ecce
836 693 1026 744 quantus
1055 687 1172 742 ignis
1198 701 1329 742 quam
1359 700 1569 741 magnam
1602 684 1763 728 silvam
1787 683 1937 727 incen-

111 750 196 792 dit!
224 749 242 776 6
260 750 317 791 Et.
346 748 499 804 lingua
528 749 646 804 ignis
671 755 756 803 est,
784 747 1048 790 universitas
1079 745 1338 801 iniquitatis.
1375 745 1552 799 Lingua
1582 743 1865 787 constituitur
1890 742 1937 785 in

110 807 320 851 membris
346 807 526 855 nostris,
550 822 647 863 quze
676 806 870 850 maculat
896 810 1038 848 totum
1062 819 1237 861 corpus,
1264 809 1309 847 et
1332 803 1585 847 inflammat
1609 809 1749 845 rotam
1775 801 1938 846 nativi-

110 867 214 909 tatis
240 871 423 913 nostrae.
456 866 733 909 inflammata
757 881 782 908 a
812 865 1028 921 gehenna.
1060 863 1074 890 ⁷
1095 863 1248 907 Omnis
1274 863 1393 906 enim
1423 868 1580 906 natiu‘a
1604 861 1867 917 bestiarum,
1894 865 1939 905 et

111 925 362 979 volucrum,
390 931 432 968 et
462 926 755 981 serpentium,
783 930 826 968 et
852 929 1116 978 ceterorum,
1147 922 1384 966 domantur
1410 927 1453 965 et
1483 920 1652 964 domita
1680 925 1782 963 sunt
1810 934 1837 962 a
1860 934 1937 963 na-

109 990 207 1027 tura
235 984 456 1039 humana3
485 986 502 1007 ⁸
520 985 721 1040 linguam
749 988 898 1028 autem
928 983 1076 1026 nullus
1107 981 1339 1025 hominum
1364 981 1546 1024 domare
1566 984 1737 1037 potest:
1769 979 1937 1034 inquie-

108 1048 204 1086 tum
225 1043 414 1098 malum,
441 1044 572 1100 plena
598 1058 767 1087 veneno
790 1043 1032 1085 mortifero.
1055 1041 1071 1065 ⁰
1091 1041 1144 1083 In
1170 1041 1267 1097 ipsa
1292 1039 1597 1084 benedicimus
1623 1040 1765 1082 Deum
1788 1043 1832 1082 et
1854 1038 1937 1081 Pa-

108 1108 240 1158 trem,
276 1109 320 1146 et
347 1103 393 1145 111
427 1103 521 1159 ipsa
556 1103 866 1145 maledicimus
893 1101 1114 1157 homines,
1147 1100 1220 1156 qui
1250 1100 1306 1143 ad
1341 1098 1681 1142 similitudinem
1718 1097 1799 1140 Dei
1825 1097 1938 1140 facti

108 1168 222 1204 sunt.
248 1160 283 1187 ¹0
305 1163 368 1203 Ex
395 1162 488 1218 ipso
519 1176 591 1205 ore
618 1161 817 1218 procedit
840 1160 1092 1204 benedictio
1125 1165 1171 1203 et
1195 1158 1465 1202 maledictio.
1498 1158 1597 1201 Non
1624 1161 1819 1213 oportet,
1847 1157 1937 1200 fi'a-

108 1227 193 1264 tres
222 1221 329 1266 mei.
361 1222 455 1264 haec
484 1221 548 1263 ita
570 1221 675 1264 fieri.
704 1220 733 1246 ¹¹
755 1219 982 1276 Numquid
1007 1220 1110 1262 t'ons
1131 1219 1184 1262 de
1218 1219 1374 1262 eodem
1395 1217 1616 1261 foramine
1641 1219 1821 1259 emanat
1843 1215 1938 1258 dul-

109 1294 204 1322 cem
226 1288 268 1323 et
290 1294 489 1322 amaram
510 1280 702 1335 aquam?
729 1279 763 1306 111
776 1278 1002 1335 Numquid
1025 1283 1182 1335 potest,
1205 1278 1367 1321 fratres
1390 1276 1490 1333 mei,
1513 1276 1620 1319 ficus
1644 1288 1753 1317 uvas
1774 1274 1936 1330 facere,

107 1342 185 1381 au't
210 1339 312 1382 vitis
338 1339 477 1382 ficus?
499 1339 572 1382 Sic
598 1353 739 1395 neque
761 1339 878 1381 salsa
904 1337 1079 1381 dulcem
1100 1342 1245 1394 potest
1268 1337 1417 1380 facere
1443 1350 1617 1392 aquam.

171 1398 203 1424 111
220 1398 325 1448 Quis
355 1399 530 1455 sapiens
560 1403 602 1441 et
633 1398 942 1454 disciplinatus
968 1397 1081 1440 inter
1106 1395 1216 1439 vos?
1241 1396 1457 1441 Ostendat
1485 1409 1540 1438 ex
1565 1395 1681 1438 bona
1708 1408 1939 1438 conversa-

107 1458 225 1501 tione
263 1457 564 1514 operationem
601 1471 728 1500 suam
761 1457 808 1500 in
842 1455 1183 1499 mansuetudine
1219 1455 1466 1512 sapientiae.
1502 1454 1538 1480 ¹4
1565 1454 1689 1505 Quod
1722 1454 1758 1496 si
1795 1453 1939 1497 zelum

107 1531 307 1560 amarum
329 1516 523 1572 habetis,
547 1520 592 1559 et
616 1515 921 1559 contentiones
951 1515 1041 1558 sint
1065 1514 1113 1557 in
1139 1514 1345 1558 cordibus
1367 1514 1544 1569 vestris,
1573 1513 1711 1556 nolite
1738 1513 1938 1569 gloriari,

107 1582 150 1618 et
190 1576 426 1619 mendaces
464 1589 558 1618 csse
599 1574 811 1617 adversus
847 1574 1096 1617 veritatem.
1136 1573 1172 1600 ’15
1201 1574 1303 1617 Non
1340 1580 1405 1617 est
1438 1573 1557 1616 enim
1595 1573 1682 1616 ista
1721 1572 1939 1628 sapientia

108 1635 336 1677 desursum
361 1634 654 1688 descendens,
678 1633 753 1676 sed
777 1637 971 1687 terrena,
995 1632 1223 1688 animalis,
1251 1632 1486 1675 diabolica.
1512 1632 1548 1658 ’111
1568 1632 1657 1675 Ubi
1680 1631 1799 1674 enim
1821 1631 1940 1674 zelus

105 1700 146 1735 61·
171 1693 414 1747 contentio,
442 1692 505 1734 ibi
526 1692 826 1735 inconstantia
847 1698 890 1734 et
913 1705 1043 1734 omne
1067 1705 1175 1747 opus
1201 1706 1401 1748 pravum.
1428 1691 1462 1716 ¹⁷
1484 1692 1590 1741 Quae
1615 1695 1765 1735 autem
1791 1690 1939 1732 desur-

105 1766 202 1796 sum
228 1758 293 1795 est
315 1751 555 1809 sapientia,
578 1750 772 1808 primum
797 1751 976 1807 quidem
1001 1750 1164 1807 pudica
1190 1755 1275 1806 est,
1303 1750 1462 1793 deinde
1486 1750 1692 1806 pacifica,
1717 1748 1937 1803 modesta,

104 1811 358 1866 suadibilis,
391 1810 518 1854 bonis
541 1810 841 1866 consentiens,
870 1810 1002 1867 plena
1027 1809 1332 1853 misericordia
1357 1814 1399 1852 et
1425 1809 1648 1852 fructibus
1673 1808 1821 1863 bonis,
1852 1822 1940 1851 non

104 1869 330 1926 judicans,
358 1870 453 1914 sine
481 1869 780 1913 simulatione.
807 1869 842 1896 ’18
861 1869 1052 1912 Fructus
1081 1874 1232 1912 aut-em
1257 1868 1445 1924 justitiae
1476 1868 1523 1910 111
1548 1881 1657 1925 pace
1683 1867 1938 1922 serisiinatril',

104 1929 375 1972 facientibus
403 1943 570 1986 pacem.

505 2050 528 2106 ξ
564 2050 642 2092 IV.
677 2076 736 2086 ψ
774 2050 934 2094 Contra
959 2052 1330 2106 concupiscentias
1355 2056 1396 2092 et
1417 2051 1540 2092 vitia.

162 2166 269 2209 CAP.
299 2166 379 2208 IV.
406 2192 465 2196 —-
489 2164 499 2190 ¹
521 2165 652 2208 Unde
675 2165 793 2213 bella
819 2171 861 2208 et
895 2165 995 2208 lites
1024 2166 1070 2208 in
1101 2165 1258 2209 vobis?
1291 2167 1448 2208 Nonne
1476 2164 1611 2208 hinc?
1642 2179 1696 2208 ex
1731 2164 1938 2222 concupi-

101 2224 284 2268 scentiis
305 2225 483 2279 vestris,
507 2239 605 2280 quae
628 2224 824 2266 militant
844 2224 892 2267 in
922 2224 1133 2268 membris
1157 2224 1348 2268 vestris?
1379 2223 1396 2249 ‘2
1414 2223 1739 2280 Concupiscitis
1773 2228 1817 2266 et
1849 2238 1938 2267 non

103 2283 301 2339 habetis3
327 2283 530 2328 occiditis
552 2287 597 2327 et
620 2283 796 2339 zelatis,
821 2289 865 2327 et
889 2298 977 2327 non
1001 2284 1187 2341 potestis
1211 2284 1424 2341 adipisci,
1450 2282 1659 2338 litigatis,
1683 2287 1727 2325 et
1753 2282 1937 2339 bellige—

101 2342 230 2399 ratis,
253 2348 298 2386 et
322 2357 410 2386 non
438 2342 634 2398 habetis,
661 2348 839 2400 propter
865 2343 980 2399 quod
1007 2352 1095 2386 non
1117 2343 1364 2400 postulatis.
1392 2342 1410 2369 3
1428 2342 1611 2398 Petitis,
1638 2347 1682 2385 et
1710 2356 1798 2385 non
1819 2341 1937 2385 aoei-

102 2402 230 2457 pit-is,
273 2416 322 2445 eo
364 2402 480 2458 quod
521 2402 636 2445 male
677 2402 862 2459 petatis,
902 2408 949 2445 ut
989 2403 1046 2452 in,
1076 2401 1447 2459 concupiscentiis
1489 2400 1645 2444 vestris
1685 2400 1934 2444 insumatis.

102 2462 118 2487 4
134 2461 359 2515 Adulteri‚
383 2461 563 2504 nescitis
587 2461 689 2517 quia
718 2462 918 2505 amicitia
943 2462 1076 2518 hujus
1104 2462 1258 2504 mundi
1283 2461 1467 2504 inimica
1490 2466 1556 2504 est
1582 2459 1702 2503 Dei?
1729 2459 1935 2511 Quicum-

104 2534 187 2576 que
218 2534 322 2576 ergo
355 2520 545 2564 voluerit
582 2521 752 2564 amicus
784 2536 878 2564 esse
911 2521 1065 2564 saeeuli
1094 2521 1249 2577 hujus,
1280 2520 1488 2566 inimicus
1519 2519 1602 2562 Dei
1636 2516 1933 2564 constituitur.

104 2580 120 2607 ⁵
141 2581 215 2622 An
247 2580 414 2636 putatis
452 2580 556 2635 quia
593 2580 787 2624 inaniter
829 2581 1052 2637 Scriptura
1095 2581 1214 2624 dicat
1246 2598 1254 2624 z
1296 2580 1368 2623 Ad
1403 2579 1622 2622 invidiam
1660 2578 1936 2635 concupiscit

103 2638 282 2694 spiritus
309 2639 382 2695 qui
403 2639 579 2682 habitat
601 2640 646 2682 111
664 2639 822 2683 vobis?
845 2641 862 2667 6
880 2640 1095 2696 Majorem
1119 2645 1269 2683 autem
1292 2639 1370 2683 dat
1392 2638 1597 2695 gratiam.
1618 2639 1802 2694 Propter
1819 2637 1935 2694 quod

105 2697 239 2741 dicit:
269 2699 388 2741 Deus
413 2698 613 2755 superbis
639 2699 825 2756 resistit,
850 2700 1092 2742 humilibus
1115 2705 1264 2742 autem
1287 2699 1363 2742 dat
1388 2698 1592 2754 gratiam.

161 2757 176 2783 7
201 2757 376 2800 Subditi
403 2772 506 2813 ergo
536 2762 675 2801 estote
707 2759 825 2814 Deo3
856 2759 1051 2802 resistite
1080 2765 1229 2804 autem
1259 2758 1458 2813 diabolo,
1484 2763 1528 2800 et
1557 2757 1704 2813 fugiet
1737 2771 1764 2799 a
1793 2757 1932 2801 vobis.

103 2816 120 2844 ⁸
136 2817 502 2874 Appropinquate
530 2818 645 2873 Deo,
673 2823 716 2860 et
739 2818 1114 2875 appropinquabit
1139 2818 1277 2861 vobis.
1307 2816 1558 2860 Emundate
1584 2829 1754 2871 manus,
1778 2830 1933 2872 pecca-

101 2881 242 2929 tores3
270 2882 313 2919 et
346 2876 575 2933 purificate
606 2877 758 2932 corda,
790 2878 989 2934 duplices
1015 2878 1176 2923 animo.
1208 2877 1225 2903 9
1251 2877 1401 2920 Miseri
1429 2880 1589 2931 estote,
1620 2879 1664 2918 et
1692 2874 1861 2930 lugete,
1890 2882 1933 2919 et

99 2934 296 2992 plorate,
334 2935 446 2978 risus
472 2940 616 2978 vester
647 2936 693 2978 in
731 2935 901 2980 luctum
935 2943 1232 2991 convertatur,
1271 2942 1314 2980 et
1351 2935 1565 2992 gaudium
1598 2934 1645 2976 in
1684 2948 1930 2978 moerorem.

101 2993 139 3020 ¹0
156 2994 472 3037 Humiliamini
497 2995 542 3036 in
570 3000 807 3051 conspectu
833 2996 1035 3051 Domini,
1062 3002 1106 3039 et
1131 2996 1349 3039 exaltabit
1374 3009 1464 3037 vos.

162 3053 194 3079 ¹¹
214 3054 366 3097 Nolite
392 3053 621 3097 detrahere
650 3055 932 3112 alterutrum,
958 3056 1133 3099 fratres.
1157 3055 1239 3106 Qui
1263 3054 1456 3098 detrahit
1483 3053 1634 3108 fratri,
1660 3059 1738 3096 aut
1769 3053 1840 3108 qui
1863 3053 1931 3109 ju-

103 3113 222 3155 dicat
250 3113 438 3156 fratrem
467 3127 616 3169 suum,
652 3113 844 3157 detrahit
876 3114 986 3171 legi,
1020 3120 1065 3158 et
1095 3114 1270 3170 judicat
1302 3114 1462 3170 legem.
1496 3113 1541 3156 Si
1575 3116 1725 3155 autem
1757 3111 1931 3167 judicas

100 3171 266 3227 legem,
290 3186 377 3215 11011
400 3187 445 3215 es
467 3172 614 3215 factor
635 3172 767 3228 legis,
790 3173 867 3216 sed
888 3173 1041 3228 judex.
1066 3172 1102 3200 ¹⁸2
1119 3173 1247 3218 Unus
1271 3178 1336 3216 est
1361 3171 1591 3228 legislator
1612 3175 1657 3214 et
1676 3170 1836 3227 judex,
1856 3170 1930 3226 qui

99 3237 245 3290 potest
265 3233 445 3290 perdere
472 3238 515 3276 et
540 3232 740 3274 liberare.
771 3231 806 3257 ¹3
830 3231 898 3274 Tu
927 3236 1078 3275 autem
1111 3231 1208 3288 quis
1233 3246 1299 3280 66,
1328 3232 1400 3288 qui
1435 3231 1612 3288 judicas
1645 3229 1930 3290 proximum?

159 3293 276 3335 Ecce
299 3306 418 3335 nunc
444 3291 518 3347 qui
546 3290 694 3333 dicitis
725 3307 733 3334 :
758 3289 907 3332 Hodie
929 3298 1008 3334 aut
1040 3292 1231 3334 crastino
1264 3292 1426 3334 ibimus
1456 3291 1503 3334 in
1528 3291 1653 3333 illam
1676 3290 1930 3342 civitatem,

101 3356 142 3393 et
161 3351 382 3393 faciemus
400 3351 463 3394 ibi
477 3350 656 3406 quidem
678 3363 857 3403 annum,
874 3355 919 3391 et
937 3348 1254 3405 mercabimur,
1275 3357 1318 3392 et
1336 3350 1509 3392 lucrum
1529 3349 1753 3392 faciemus
1774 3366 1782 3402 3
1804 3347 1837 3374 ¹4
1856 3347 1932 3404 qui

100 3408 316 3463 ignoratis
345 3409 451 3464 quid
484 3409 567 3452 erit
600 3408 644 3450 in
679 3408 885 3451 crastino.
916 3408 949 3433 ¹⁵
979 3407 1084 3458 Quae
1117 3414 1184 3452 est
1216 3409 1335 3451 enim
1360 3407 1456 3451 vita
1479 3407 1662 3451 vestra?
1687 3407 1841 3463 Vapor
1866 3410 1933 3450 est

99 3468 155 3510 ad
186 3467 414 3510 modicum
445 3482 625 3525 parens,
653 3472 696 3510 et
729 3467 939 3523 deinceps
973 3467 1357 3510 exterminabitur.
1393 3468 1476 3509 Pro
1507 3481 1557 3510 eo
1587 3472 1636 3508 ut
1665 3465 1858 3509 dicatis:
1884 3465 1931 3508 Si

100 3527 317 3570 Dominus
358 3527 563 3581 voluerit,
592 3534 634 3569 61
667 3545 674 3570 :
704 3527 748 3567 si
772 3527 1035 3581 vixerimus,
1070 3526 1293 3569 faciemus
1325 3526 1408 3568 hoc
1449 3531 1526 3568 aut
1562 3525 1688 3568 illud.
1728 3524 1765 3551 16
1799 3525 1930 3568 Nunc

137 3653 162 3683 4,
179 3650 210 3682 6]
227 3650 326 3677 Prov.
343 3648 410 3684 111,
427 3651 471 3676 34.
491 3650 505 3676 1
524 3650 613 3677 Petr.
633 3650 670 3684 V,
687 3653 713 3676 5.
730 3663 767 3668 —
784 3648 832 3681 10]
850 3647 864 3674 1
886 3647 977 3675 Pctr.
994 3647 1032 3682 V,
1051 3649 1076 3674 6.
1093 3661 1128 3666 —
1147 3647 1195 3680 13]
1212 3647 1307 3676 Rom.
1323 3645 1417 3683 X1V,
1433 3646 1462 3673 4.

2042 1404 2215 1438 Sapientia

2036 1451 2170 1476 terrena
2183 1448 2220 1477 er.

2051 1489 2206 1522 caeiestis.

2086 2175 2174 2204 Mala

2006 2217 2241 2252 cupiditatum

2046 2765 2206 2794 Hortatio

2011 2809 2051 2836 ad
2068 2808 2231 2842 poeniten-

2076 2857 2166 2880 tiam.

2018 3058 2130 3087 Fratri
2155 3066 2222 3088 non

2031 3103 2207 3132 detrahen-

2075 3147 2164 3175 dum.

2063 3286 2172 3314 Homo

2032 3329 2191 3363 proponit
2198 3349 2209 3367 ‚

2074 3375 2164 3402 Deus

2040 3417 2200 3450 disponit.
