2391 3861
811 135 869 177 iv
910 134 1044 178 rison.
1082 135 1123 188 Ῐ,
1158 135 1213 177 36
1247 161 1304 166 -
1337 134 1405 183 11,
1440 133 1508 176 48.
2134 132 2208 173 13*

297 235 2213 253 Μ

106 315 287 354 credunt;
313 314 444 354 quibus
470 313 573 353 signa
597 321 670 344 non
700 312 854 349 ostendi,
881 311 1016 343 facient
1043 319 1125 351 quie
1152 311 1320 350 pra-copi.
1351 302 1386 328 :30
1413 310 1616 350 Prophetas
1645 319 1718 342 non
1751 311 1946 349 viderunt,
1970 311 2009 342 et
2032 317 2212 341 memora-

108 366 249 398 buntur
274 365 514 405 iniquitatum
539 372 677 397 eorum.
707 355 741 381 37
762 364 891 395 'Pistor
914 362 1039 403 populi
1067 362 1247 394 venientis
1264 363 1443 401 gratiam,
1468 363 1572 401 cuius
1597 363 1743 401 parvuli
1769 363 1942 394 exultant
1966 369 2047 394 cum
2071 360 2212 399 laetitia,

112 427 166 450 me
190 426 261 450 non
289 418 454 450 videntes
479 416 590 448 oculis
615 415 842 454 carnalibus,
870 415 930 447 sed
957 415 1091 453 spiritu
1113 415 1304 446 credi-ntes
1324 422 1405 453 quac
1431 413 1517 445 (lixi.
1546 405 1580 431 3⁸
1605 414 1650 445 Et
1680 421 1796 452 nunc,
1820 414 1949 452 frater,
1971 413 2106 453 aspice,
2127 420 2212 451 quae

108 469 244 509 glorian
270 473 307 501 et
329 469 412 500 vide
437 469 613 507 populum
639 467 846 498 venientem
872 467 917 498 ab
939 466 1114 499 Oriente:
1140 458 1176 484 ³9
1193 466 1326 504 quibus
1351 465 1443 497 dabo
1461 467 1640 497 ducatum
1667 465 1869 503 Abraham,
1895 466 2006 504 isaac,
2031 468 2070 496 et
2087 464 2213 503 Jacob,

107 524 144 553 et
170 523 271 561 Osco,
307 524 344 552 et
371 521 498 558 Amos,
520 520 558 551 et
585 518 766 557 Michoeoe,
793 523 830 550 et
853 518 952 557 ι1001,
977 520 1015 549 et
1042 518 1181 556 Abdim,
1210 521 1248 549 et
1274 517 1393 555 Jonae,
1419 509 1456 535 ²⁸0
1477 522 1514 549 et
1540 517 1707 557 Nahum,
1731 519 1769 549 et
1790 516 1979 556 Habncuc,
2009 515 2213 556 Sophoniae,

109 573 258 612 Aggaei,
284 571 492 610 zachai-ise,
518 572 557 602 et
584 569 797 608 Malachiae,
823 571 885 608 qui
908 572 944 601 ot
971 570 1127 607 angelus
1150 569 1297 600 Domini
1321 571 1470 600 vocatus
1492 572 1559 601 est.

1107 667 1213 723 §11

156 777 243 810 GAP.
268 776 315 809 ΙΙ.
344 793 387 799 -
416 767 427 793 1
447 775 536 808 Haec
561 774 652 808 dicit
675 775 852 807 Dominus
882 784 890 807 :
917 774 994 816 Ego
1018 774 1128 806 eduxi
1152 776 1328 814 populum
1350 775 1461 806 istum
1487 775 1531 807 de
1555 774 1755 814 servitute,
1779 775 1910 814 quibus
1930 775 2110 806 mandata
2134 775 2167 806 (1(
2180 774 2217 806 (11

106 837 171 870 per
189 837 322 869 pueros
346 837 443 860 meos
468 828 684 867 prophetas,
713 835 804 866 quos
829 826 956 858 audire
983 826 1205 866 noluerunt,
1231 827 1293 858 sed
1319 827 1425 858 irrita
1454 827 1625 858 fecerunt
1650 834 1729 858 mea
1750 827 1914 858 consilia.
1941 817 1958 843 ²
1984 827 2106 858 Mater
2129 834 2215 864 quae

105 889 166 914 eos
189 880 400 920 generavit,
427 879 516 911 dicit
540 879 612 911 illis
634 890 642 912 :
669 880 742 918 Ite,
769 878 852 918 filii,
877 877 961 916 quia
982 885 1050 917 ego
1071 877 1181 909 vidua
1203 886 1282 910 sum
1307 882 1344 910 et
1367 879 1555 910 derelicta.
1580 870 1596 896 ³
1615 878 1779 910 Educavi
1807 886 1871 910 vos
1895 885 1977 910 cum
2004 878 2158 917 iaetitia,
2179 878 2218 909 et

107 932 213 965 amisi
238 940 300 964 vos
320 940 402 964 cum
430 933 532 964 luctu
552 934 592 964 et
616 931 788 969 tristitia,
812 938 990 969 quonium
1013 931 1191 969 peccastis
1217 937 1342 962 coram
1370 930 1526 962 Domino
1557 929 1631 962 Deo
1655 933 1788 968 vestro,
1809 932 1847 962 et
1872 930 1970 969 quod
1994 931 2137 962 malum
2161 930 2217 961 est

103 993 228 1018 coram
253 992 296 1016 eo
320 984 470 1016 fecistis.
491 976 506 1001 ¹³
528 983 634 1015 Modo
655 986 780 1015 autem
802 982 891 1021 quid
917 981 1051 1013 faciam
1074 982 1176 1013 vobis
1193 983 1209 1014 ἰ’
1236 982 1310 1021 Ego
1330 981 1442 1014 vidua
1464 990 1544 1013 sum
1569 984 1608 1014 et
1634 981 1811 1014 derelicta
1834 992 1841 1014 :
1862 981 1922 1020 ite,
1943 981 2018 1021 filii,
2040 983 2077 1013 et
2101 981 2218 1020 petite

102 1045 128 1069 a
150 1037 305 1068 Domino
328 1036 632 1068 misericordiam.
660 1027 676 1053 ⁵
696 1035 772 1074 Ego
797 1041 923 1066 autem
945 1037 1001 1072 te,
1025 1036 1141 1073 pater,
1167 1036 1299 1066 testem
1325 1035 1456 1066 invoco
1485 1041 1596 1073 super
1621 1036 1780 1066 matrem
1806 1034 1983 1073 filiorum,
2008 1034 2071 1072 qui
2093 1033 2217 1065 nolue-

107 1094 198 1120 runt
223 1093 489 1120 testamentum
511 1095 633 1120 meum
664 1094 829 1125 servare,
864 1077 880 1104 ⁶
901 1090 944 1118 ut
966 1086 1027 1117 des
1050 1085 1100 1117 cis
1125 1086 1394 1125 confusionem,
1419 1088 1456 1118 et
1475 1090 1637 1118 matrem
1665 1093 1790 1118 eorum
1821 1086 1859 1116 in
1883 1085 2148 1124 direptionem,
2172 1091 2218 1116 ne

107 1139 295 1180 generatio
319 1147 445 1172 eorum
466 1140 545 1171 fiat.
571 1131 586 1156 7
611 1139 881 1178 Dispergantur
910 1137 948 1169 in
968 1142 1098 1175 gente:
1122 1140 1273 1170 nomina
1295 1146 1442 1175 eorum,
1466 1138 1664 1170 deleantur
1688 1145 1709 1168 a
1730 1140 1852 1175 terra;
1878 1136 2053 1176 quoniam
2077 1143 2217 1176 spreve-

107 1196 197 1224 runt
221 1196 499 1224 sacramentum
518 1199 652 1223 meum.
679 1183 697 1208 ⁸
716 1191 800 1229 Vae,
820 1189 905 1229 tibi,
934 1192 1059 1228 Assur,
1081 1189 1142 1228 qui
1168 1190 1358 1222 abscondis
1383 1190 1527 1228 iniquos
1552 1197 1661 1229 penes
1682 1191 1730 1221 te.
1753 1188 1849 1221 Gens
1871 1189 1985 1228 mala,
2010 1195 2218 1220 memorare

106 1243 196 1283 quid
221 1244 374 1276 fecerim
401 1244 568 1276 Sodomae
600 1245 638 1275 et
662 1242 895 1275 Gomorrhoe.
924 1232 941 1260 9
958 1240 1124 1279 Quorum
1150 1243 1252 1273 terra
1272 1243 1366 1280 jacet
1398 1241 1436 1273 in
1462 1241 1570 1280 piceis
1594 1241 1709 1281 glebis
1740 1244 1778 1273 et
1810 1240 2004 1280 aggeribus
2029 1247 2218 1279 cinerum;

105 1296 157 1327 sic
181 1296 275 1328 dabo
295 1304 356 1328 eos
377 1296 442 1334 qui
465 1303 521 1327 me
544 1303 618 1327 non
636 1295 851 1333 audierunt,
877 1293 967 1326 dicit
990 1293 1165 1325 Dominus
1186 1293 1431 1333 omnipotens·

158 1339 191 1366 ¹⁰
213 1348 300 1379 Haec
322 1347 412 1379 dicit
435 1346 613 1379 Dominus
646 1347 694 1378 ad
727 1347 878 1378 Esdram
912 1355 921 1378 z
954 1344 1098 1376 Nuntia
1122 1348 1256 1384 populo
1283 1353 1380 1385 meo,
1408 1344 1581 1385 quoniam
1607 1345 1700 1376 dabo
1729 1344 1779 1377 eis
1807 1352 1964 1384 regnum
1993 1344 2218 1384 Jerusalem,

104 1400 204 1439 quod
229 1400 385 1431 daturus
406 1407 505 1431 eram
532 1399 658 1430 Israel.
684 1389 711 1415 ¹¹
731 1398 780 1430 Et
804 1405 949 1429 sumam
967 1397 1058 1428 mihi
1076 1396 1233 1436 gloriam
1255 1398 1417 1437 illorum,
1440 1402 1477 1430 et
1502 1397 1595 1428 dabo
1619 1397 1670 1429 eis
1693 1397 1933 1429 tabernacula
1954 1402 2108 1435 aeterna,
2134 1403 2218 1434 quae

108 1459 407 1491 praeparaveram
436 1451 521 1483 illis.
546 1441 580 1480 ¹2
599 1451 759 1489 Lignum
784 1449 874 1481 vitae
899 1449 973 1481 erit
992 1449 1067 1480 11113
1088 1448 1126 1480 in
1151 1449 1261 1481 odore
1282 1449 1482 1488 unguenti,
1507 1451 1544 1480 et
1569 1452 1641 1480 non'
1673 1449 1914 1486 laborabunt,
1939 1455 2057 1487 neque
2085 1448 2220 1486 fatiga-

108 1503 259 1536 buntur.
291 1494 325 1522 13
350 1503 427 1542 Ite,
456 1505 495 1535 et
521 1501 716 1541 accipietis.
753 1503 894 1540 Rogate
925 1500 1027 1532 vobis
1056 1501 1132 1532 dies
1160 1508 1312 1541 pau-os,
1345 1503 1387 1532 ut
1420 1501 1677 1533 immorentur.
1711 1501 1798 1532 Jam
1829 1501 2002 1539 paratum
2032 1502 2088 1531 est
2118 1498 2221 1530 vobis

107 1563 292 1594 regnum;
316 1554 478 1594 vigilate.
505 1545 537 1572 ¹⁴
557 1554 710 1586 Testare
731 1554 861 1588 caelum
883 1555 920 1584 ct
945 1555 1097 1585 terram.
1124 1552 1290 1584 Contrivi
1313 1552 1411 1584 enim
1435 1553 1595 1590 malum,
1620 1554 1659 1584 et
1689 1552 1808 1584 creavi
1835 1551 1990 1590 bonum,
2019 1551 2110 1591 quia
2134 1551 2221 1582 vivo

106 1615 184 1646 ego,
209 1606 300 1638 dicit
319 1605 508 1638 Dominus.
533 1597 566 1623 15
592 1605 725 1642 Mater,
750 1606 973 1644 amplectere
993 1604 1084 1635 filios
1109 1606 1203 1640 tuos,
1225 1604 1338 1636 educa
1355 1605 1436 1636 11103
1453 1612 1537 1636 cum
1562 1603 1708 1636 laetitia.
1737 1604 1837 1636 Sicut
1857 1603 2026 1635 columba
2042 1602 2222 1634 confirma

107 1658 214 1698 pedes
239 1665 388 1697 eorum,
413 1658 587 1696 quoniam
613 1658 651 1688 te
674 1657 787 1695 clegi,
811 1655 902 1687 dicit
924 1655 1115 1688 Dominus.
1140 1646 1173 1672 ¹⁶
1200 1655 1248 1687 Et
1268 1655 1494 1688 resuscitabo
1520 1659 1688 1687 mortuos
1715 1655 1760 1687 de
1791 1654 1877 1687 10013
1901 1656 1995 1694 suis,
2021 1658 2059 1686 et
2083 1655 2128 1686 de
2146 1661 2222 1686 mo·

106 1710 296 1741 numentis
323 1709 477 1741 educam
498 1707 598 1747 illos,
623 1708 797 1746 quoniam
823 1706 980 1746 cognovi
1006 1714 1141 1738 nomen
1170 1714 1293 1738 meum
1318 1708 1358 1738 in
1388 1707 1516 1739 Israel.
1549 1698 1580 1724 17
1600 1706 1688 1738 Noli
1715 1707 1864 1744 timere,
1898 1707 2018 1738 mater
2042 1705 2223 1745 filiorum,

105 1762 284 1800 quoniam
309 1762 346 1793 te
371 1759 481 1800 elegi,
515 1759 605 1792 dicit
630 1758 822 1791 Dominus.
849 1749 882 1776 ¹⁸
901 1757 1050 1790 Mittam
1074 1757 1145 1789 tibi
1174 1757 1403 1797 adjutorium
1425 1765 1557 1797 pueros
1589 1765 1688 1790 meos
1713 1758 1850 1789 Isaiam
1870 1759 1909 1788 et
1933 1757 2152 1795 ι1010011331,
2176 1757 2223 1788 ad

106 1820 264 1852 quorum
287 1812 482 1845 consilium
507 1811 733 1843 sanctificavi
758 1813 797 1843 et
821 1809 951 1851 paravi
972 1809 1039 1842 tibi
1064 1809 1214 1842 arbores
1237 1810 1430 1842 duodecim
1457 1811 1634 1848 gravatas
1657 1808 1769 1841 variis
1793 1809 1999 1848 fructibus3
2025 1799 2058 1826 19
2075 1810 2114 1840 et
2137 1808 2223 1840 toti·

108 1865 190 1896 dem
214 1865 338 1896 tontes
361 1864 519 1896 fluentes
549 1863 605 1895 lac
632 1865 671 1895 et
699 1863 790 1903 mel,
815 1866 853 1894 et
879 1864 1022 1894 montes
1051 1862 1249 1894 immensos
1277 1864 1416 1901 septem
1445 1861 1627 1894 habentes
1655 1869 1777 1893 rosam
1798 1863 1836 1893 et
1863 1860 2003 1900 lilium,
2027 1859 2066 1891 in
2093 1859 2226 1899 quibus

108 1916 244 1955 gaudio
267 1915 425 1955 implebo
448 1914 543 1947 filios
567 1917 662 1948 tuos.
685 1906 724 1934 ²⁰
742 1915 904 1947 Viduam
926 1913 1105 1953 justifica,
1130 1914 1274 1952 pupillo
1291 1913 1434 1953 judica,
1455 1913 1582 1952 egenti
1606 1913 1670 1952 da,
1695 1914 1903 1952 orphanum
1929 1915 2054 1951 tuere,
2083 1912 2224 1943 nudum

111 1967 214 2007 vesti,
236 1959 265 1985 ²¹
284 1968 516 1999 confractum
541 1970 578 1999 et
600 1966 756 1999 debilem
777 1974 882 2006 cura,
909 1965 1082 1998 claudum
1105 1965 1260 1997 irridere
1281 1966 1370 2004 noli,
1391 1966 1520 1997 tutare
1545 1973 1729 2004 maneum,
1755 1967 1792 1997 et
1813 1972 1954 1996 caecum
1978 1964 2024 1995 ad
2041 1964 2223 1995 visionem

109 2020 292 2052 claritatis
321 2027 411 2052 meae
441 2019 608 2052 admitte.
642 2010 677 2036 ²²
703 2019 832 2051 Senem
859 2020 898 2050 et
934 2018 1104 2057 iuvenem
1126 2016 1226 2049 intra
1254 2025 1379 2049 muros
1408 2019 1492 2049 tuos
1521 2023 1640 2050 serva.
1669 2007 1704 2035 23
1731 2016 1900 2048 Mortuos
1924 2015 1990 2048 ubi
2023 2014 2224 2055 inveneris,

110 2072 260 2111 signans
291 2071 512 2104 commenda
540 2072 726 2111 sepulcro,
761 2072 801 2103 et
838 2069 930 2102 dabo
960 2068 1027 2101 tibi
1056 2069 1218 2109 primam
1248 2068 1442 2101 sessionem
1474 2068 1512 2100 in
1547 2069 1820 2101 resurrectione
1849 2075 1940 2100 mea.
1975 2058 2011 2085 24
2039 2067 2156 2098 Pausa
2186 2069 2225 2099 et

110 2126 273 2163 quiesce,
297 2124 457 2163 populus
477 2131 598 2163 meus,
623 2123 714 2162 quia
738 2121 862 2155 veniet
891 2121 1035 2160 requies
1060 2123 1139 2153 tua.
1164 2113 1202 2139 25
1219 2121 1360 2153 Nutrix
1388 2120 1504 2160 bona,
1534 2121 1640 2152 nutri
1663 2121 1758 2152 filios
1782 2122 1886 2160 tuos,
1915 2119 2093 2151 confirma
2117 2119 2225 2158 pedes

109 2182 251 2208 eorum.
289 2166 327 2192 ²⁶
353 2175 484 2207 Servos
516 2183 607 2214 quos
634 2174 703 2206 tibi
735 2175 837 2214 dedi,
870 2181 978 2205 nemo
1005 2180 1049 2205 ex
1081 2172 1130 2205 eis
1162 2173 1316 2205 interiet
1332 2182 1341 2212 3
1372 2180 1432 2205 eos
1463 2180 1530 2212 ego
1562 2172 1659 2205 enim
1685 2171 1871 2211 requiram
1902 2171 1947 2204 de
1970 2178 2125 2202 numero
2148 2172 2224 2203 tuo.

112 2219 148 2246 ²⁷
166 2226 250 2259 Noli
274 2225 436 2266 fatigari.
463 2226 555 2259 Cum
578 2227 678 2259 enim
702 2227 849 2258 venerit
873 2226 950 2258 dies
973 2232 1155 2264 pressurae
1184 2226 1222 2257 et
1243 2224 1443 2264 angustiae,
1470 2224 1533 2256 alii
1558 2224 1779 2264 plorabunt,
1803 2225 1843 2256 et
1867 2222 1994 2256 tristes
2018 2224 2156 2262 erunt-‚3
2181 2224 2224 2254 tu

110 2283 237 2312 autem
269 2278 400 2311 hilaris
431 2280 470 2311 et
503 2280 649 2319 0001033
680 2278 765 2310 eris.
801 2269 838 2296 ‘²⁸
867 2277 1048 2310 Zelabunt
1077 2278 1222 2315 gentes,
1252 2278 1289 2309 et
1321 2276 1374 2308 nil
1398 2277 1575 2308 adversus
1600 2278 1639 2308 te
1671 2276 1871 2316 poterunt,
1903 2274 1996 2307 dicit
2033 2274 2224 2307 Dominus.

112 2323 149 2349 ²9
166 2331 299 2362 Manus
322 2338 414 2363 meae
439 2332 568 2370 tegent
592 2333 648 2370 te,
668 2338 716 2363 ne
739 2330 807 2362 filii
830 2329 886 2362 tui
915 2329 1122 2368 gehennam
1146 2328 1308 2361 videant.
1335 2320 1372 2347 30
1389 2328 1624 2367 Jucundare,
1651 2329 1786 2368 mater,
1811 2335 1895 2360 cum
1917 2326 2002 2359 filiis
2021 2327 2116 2366 tuis,
2139 2326 2226 2364 quia

111 2391 179 2422 ego
204 2387 240 2415 te
264 2382 437 2422 eripiam,
462 2382 550 2415 dicit
582 2382 770 2415 Dominus.
799 2373 830 2400 ³¹
852 2381 961 2414 Filios
989 2385 1072 2413 tuos
1105 2379 1327 2413 dormientes
1356 2387 1579 2420 memorare,
1612 2380 1787 2419 quoniam
1816 2387 1883 2419 ego
1909 2386 1969 2411 eos
1999 2378 2156 2410 educam
2182 2378 2226 2410 de

113 2434 292 2467 lateribus
316 2437 452 2473 terrae,
477 2436 515 2466 et
542 2433 831 2466 misericordiam
861 2441 944 2465 eum
973 2432 1046 2465 illis
1070 2431 1223 2473 faciam,
1248 2431 1421 2472 quoniam
1447 2431 1653 2464 misericors
1673 2439 1773 2471 sum,
1802 2431 1891 2464 dicit
1916 2430 2094 2462 Dominus
2113 2428 2226 2461 omni-

114 2491 254 2527 potens.
282 2478 316 2505 ³2
331 2486 564 2526 Amplectere
581 2490 696 2527 ¹natos
714 2490 797 2518 tuos
819 2493 934 2524 usque
958 2485 1047 2516 dum
1066 2483 1194 2524 venio,
1219 2486 1257 2517 et
1273 2488 1449 2524 praestem
1470 2483 1542 2516 illis
1566 2482 1874 2522 misericordiam,
1896 2481 2069 2521 quoniam
2092 2481 2225 2514 exube-

112 2543 198 2570 rant
222 2539 347 2571 fontes
368 2538 458 2578 mei,
481 2541 519 2570 et
545 2537 666 2577 gratia
686 2545 766 2570 mea
789 2545 864 2569 non
882 2536 1039 2569 deficiet.

167 2582 203 2609 33
222 2590 300 2630 Ego
328 2591 461 2622 Esdras
492 2593 722 2630 praeceptum
752 2589 875 2629 accepi
908 2597 930 2621 a
963 2588 1120 2621 Domino
1151 2588 1190 2621 in
1218 2590 1344 2620 monte
1371 2588 1486 2628 Oreb,
1518 2589 1563 2620 ut
1594 2586 1685 2620 irem
1714 2587 1761 2619 ad
1786 2586 1927 2624 1srae13
1955 2586 2003 2618 ad
2029 2593 2119 2625 quos
2143 2592 2227 2618 cum

116 2641 296 2682 venirem,
323 2642 619 2682 reprobaverunt
643 2649 719 2680 me,
747 2643 784 2673 et
808 2642 1031 2681 respuerunt
1059 2641 1279 2673 mandatum
1300 2640 1475 2679 Domin13
1502 2631 1536 2658 3⁴
1554 2640 1708 2678 ideoque
1735 2637 1839 2670 vobis
1863 2637 1962 2677 dico,
1989 2638 2117 2677 gentes
2142 2645 2225 2676 quae

116 2693 271 2734 auditis,
295 2696 334 2726 et
358 2693 570 2733 intelligitis
591 2704 599 2726 :
624 2693 827 2732 Expectate
852 2697 1039 2732 pastorem
1059 2694 1248 2731 vestrum,
1269 2692 1432 2732 requiem
1462 2690 1689 2724 aeternitatis
1713 2690 1819 2723 dabit
1843 2689 1965 2729 vobis,
1990 2689 2165 2728 quoniam
2189 2688 2227 2721 in

115 2747 283 2785 proximo
306 2751 364 2778 est
388 2746 470 2785 ilie,
496 2745 560 2784 qui
583 2745 622 2777 in
647 2746 718 2777 fine
742 2744 870 2777 saeculi
897 2744 1081 2778 adveniet.
1110 2736 1147 2763 35
1164 2744 1290 2776 Parati
1311 2746 1427 2776 estote
1452 2744 1498 2775 ad
1522 2742 1675 2783 praemia
1697 2743 1821 2782 regni,
1845 2742 1932 2780 quia
1956 2742 2022 2773 lux
2044 2742 2227 2780 perpetua

117 2797 254 2830 lucebit
286 2797 390 2830 vobis
422 2805 486 2838 per
516 2798 770 2830 aeternitatem
803 2797 989 2836 temporis.
1023 2787 1059 2815 ³⁶
1085 2796 1221 2835 Fugite
1251 2795 1422 2828 umbram
1451 2796 1576 2827 naeculi
1604 2794 1716 2834 hujus
1731 2804 1740 2834 ;
1772 2793 1925 2832 accipite
1956 2791 2227 2832 jucunditatem

116 2849 246 2889 gloriae
271 2853 420 2882 vestrae.
446 2849 525 2888 Ego
544 2852 664 2881 testor
688 2850 809 2888 palam
835 2849 1058 2881 salvatorem
1083 2856 1217 2880 meum.
1246 2839 1281 2866 37
1300 2847 1606 2880 commendatum
1635 2847 1771 2878 donum
1801 2844 1955 2884 accipite
1982 2846 2020 2877 et
2048 2844 2226 2884 jucunda-

117 2901 226 2940 mini,
252 2901 396 2941 gratias
424 2903 577 2941 agentes
600 2901 634 2934 ei
657 2900 721 2940 qui
752 2908 817 2932 vos
850 2901 896 2932 ad
920 2899 1082 2932 caelestia
1113 2907 1228 2939 regna
1251 2899 1409 2932 vocavit.
1435 2890 1471 2918 38
1498 2898 1662 2938 surgite,
1686 2899 1724 2930 et
1751 2899 1868 2936 state,
1891 2898 1928 2929 et
1951 2897 2074 2928 videte
2101 2903 2226 2928 nume-

110 2960 200 2985 rum
221 2953 455 2993 signatorum
481 2952 520 2985 in
544 2951 716 2985 convivio
741 2951 899 2984 Domini.
930 2943 967 2970 39
985 2951 1053 2990 Qui
1077 2959 1115 2984 30
1139 2952 1184 2984 (10
1203 2952 1337 2983 umbra
1357 2950 1484 2983 saeculi
1508 2950 1798 2988 transtulerunt,
1818 2947 2027 2988 splendidas
2043 2947 2187 2979 tunicas
2204 2955 2228 2980 a

118 3004 274 3037 Domino
290 3007 525 3046 acceperunt.
552 2997 590 3023 ⁴⁰
608 3005 754 3044 Recipe,
780 3004 876 3044 Sion,
900 3012 1099 3036 nnmerum
1124 3005 1244 3041 tuum,
1269 3004 1307 3035 et
1330 3003 1508 3035 conclude
1527 3001 1745 3034 candidatos
1761 3003 1846 3033 tuos
1865 2999 1929 3039 qui
1946 3001 2063 3038 legem
2081 2998 2227 3031 Domini

108 3057 408 3096 compleverunt.
430 3048 462 3075 ⁴¹
483 3056 660 3090 Filiorum
682 3058 854 3096 tum-um,
879 3063 971 3095 01103
991 3055 1161 3095 optabas,
1185 3055 1316 3095 plenus
1343 3056 1397 3087 est
1425 3062 1612 3086 numerus.
1641 3053 1743 3093 Roga
1770 3051 1964 3092 imperium
1993 3050 2160 3092 Domini,
2183 3051 2227 3083 ut

117 3107 374 3142 sanctificetur
396 3110 554 3149 populus
581 3111 672 3141 tuus
693 3109 758 3147 0111
782 3111 933 3140 vocatus
950 3111 1006 3140 est
1026 3107 1072 3139 ab
1095 3106 1213 3139 initio.

171 3150 211 3177 “⁰²
225 3159 301 3200 Ego
325 3161 461 3194 Esdras
487 3160 564 3193 vidi
582 3161 620 3193 in
638 3163 764 3192 monte
782 3159 867 3192 Sion
885 3160 1035 3191 turbam
1061 3167 1244 3198 magnam,
1269 3166 1382 3198 quam
1406 3165 1603 3190 numerare
1627 3165 1700 3188 non
1729 3155 1845 3195 potui,
1869 3157 1907 3188 et
1927 3162 2052 3187 omnes
2075 3152 2228 3186 canticis

110 3211 377 3246 -ooilaudabant
396 3213 606 3245 Dominum.
627 3205 666 3231 ⁴3
683 3213 732 3244 Et
749 3213 789 3244 in
809 3212 928 3243 medio
957 3219 1084 3244 eorum
1107 3213 1190 3243 erat
1210 3211 1356 3250 juvenis
1380 3212 1526 3242 statura
1546 3209 1682 3248 celsus,
1705 3206 1926 3240 eminentior
1942 3206 2112 3239 omnibus
2135 3205 2227 3246 illis,

120 3265 158 3296 et
177 3262 330 3303 singuiis
353 3272 480 3298 eorum
505 3263 686 3305 capitibus
712 3263 924 3304 imponebat
943 3271 1115 3302 coronas,
1136 3265 1173 3295 et
1194 3263 1309 3301 magis
1332 3261 1592 3300 exaltabatur3
1613 3267 1681 3299 ego
1704 3261 1828 3292 autem
1857 3258 2034 3291 miraculo
2061 3257 2225 3292 tenebar.

121 3307 158 3334 ⁴⁴
176 3315 280 3348 Tunc
307 3317 538 3357 interrogavi
563 3317 755 3356 angeium,
788 3318 827 3348 et
854 3314 930 3347 dixi
955 3325 963 3347 :
989 3314 1056 3353 Qui
1088 3317 1176 3366 synt
1200 3313 1257 3354 hi,
1283 3312 1438 3346 Domine
1455 3314 1471 3345 1)
1497 3304 1535 3330 ⁴⁵
1552 3311 1621 3351 Qui
1652 3311 1875 3350 respondens
1903 3309 2000 3342 dixit
2024 3308 2116 3342 mihi
2140 3309 2226 3343 rm

118 3370 208 3400 sunt
230 3366 295 3407 qui
313 3370 508 3402 mortalem
534 3368 699 3401 tunicam
724 3368 995 3408 deposuerunt,
1014 3367 1052 3398 et
1072 3365 1319 3398 immortalem
1344 3365 1600 3404 sumpserunt,
1625 3365 1664 3396 et
1683 3363 1839 3395 confessi
1865 3363 1953 3394 sunt
1977 3369 2111 3394 nomen
2132 3360 2225 3401 Dei;

121 3419 230 3451 modo
251 3425 493 3461 coronantur,
526 3423 563 3454 et
596 3419 782 3460 accipiunt
806 3419 955 3459 palmas.
981 3409 1018 3436 ⁴⁶
1038 3418 1085 3450 Et
1113 3416 1189 3449 dixi
1213 3418 1344 3456 angelo
1368 3427 1377 3449 ς
1401 3417 1469 3449 1110
1499 3414 1660 3455 juvenis,
1687 3414 1769 3454 quis
1802 3416 1876 3455 est,
1905 3414 1970 3453 qui
1996 3413 2048 3446 eis
2075 3420 2228 3446 coronas

122 3470 295 3512 imponit,
323 3474 363 3504 et
386 3473 530 3512 palmas
553 3474 592 3505 in
620 3479 749 3504 manus
775 3470 892 3504 tradit
908 3471 924 3503 ?
950 3462 986 3489 ⁴⁷
1005 3469 1053 3502 Et
1082 3469 1308 3509 respondens
1335 3469 1431 3501 dixit
1462 3466 1554 3500 mihi
1579 3476 1588 3500 :
1611 3466 1694 3506 Ipse
1715 3468 1771 3499 est
1800 3465 1914 3498 Filius
1942 3464 2028 3505 Dei,
2051 3472 2160 3505 quem
2187 3465 2227 3497 in

122 3522 259 3555 saeculo
283 3522 441 3556 confessi
468 3524 584 3565 sunt3
609 3533 676 3564 ego
701 3526 825 3556 autem
847 3521 1082 3562 magnificare
1106 3528 1166 3553 eos
1194 3520 1306 3561 coepi,
1334 3519 1396 3560 qui
1423 3519 1575 3552 fortiter
1597 3526 1664 3558 pro
1684 3519 1833 3551 nomine
1857 3517 2002 3550 Domini
2026 3518 2226 3550 steterunt.

121 3565 160 3592 ⁴⁸
177 3572 280 3607 Tunc
304 3574 400 3608 dixit
427 3575 518 3609 mihi
542 3577 696 3617 angelus
719 3584 728 3608 t
752 3575 873 3615 Vade,
897 3572 1082 3608 annuntia
1101 3573 1239 3612 populo
1268 3579 1350 3605 meo
1377 3571 1504 3612 qualia
1531 3573 1570 3604 et
1593 3572 1733 3610 quanta
1763 3568 1948 3603 mirabilia
1980 3568 2128 3602 Domini
2159 3568 2226 3602 Dei

120 3624 256 3660 vidisti.
