2423 3861
601 132 752 173 Eccm.
786 128 945 175 XVII,
979 128 1036 169 30
1068 152 1126 159 -—
1158 125 1343 177 XVIII,
1377 125 1447 166 24.
1856 119 1937 162 751

111 245 345 253 ——-——--*—--

288 306 325 330 3⁰
347 305 459 354 Quid
484 302 673 345 lucidius
698 300 789 341 sole
804 301 824 341 ἱ)

407 369 451 405 et
471 361 543 404 hic
569 358 757 402 deficiet.

350 425 443 464 Aut
467 419 572 476 quid
598 416 781 473 nequius
804 429 937 470 quam
963 414 1078 470 quod
1105 411 1378 468 excogitavit
1404 423 1504 452 caro
1528 415 1569 453 et
1597 407 1810 465 sanguis?

409 487 452 524 ct
478 481 559 522 hoc
585 481 807 532 argue-tur.

289 542 320 566 “¹
349 541 572 583 Virtutem
598 534 850 579 altitudinis
877 533 975 575 carli
1003 533 1095 588 ipse
1119 530 1365 586 conspicit3

409 604 455 641 et
481 610 631 640 omnes
656 593 854 637 homines
881 597 998 634 terra
1021 598 1064 633 et
1088 590 1211 632 cinis.

172 659 277 704 CAI‘.
306 659 486 701 XVIII.
509 683 567 688 --
597 653 705 704 *Qui
733 652 846 694 vivit
867 651 910 692 in
935 657 1149 693 zeternuni
1175 647 1342 691 creavit
1369 649 1515 691 omnia
1541 644 1688 689 simul.

414 719 531 760 Deus
558 715 674 758 solus
699 710 1031 769 justificabitur,

410 786 453 819 et
477 780 627 817 manet
652 772 845 815 invictus
870 784 948 812 rex
967 769 1013 810 in
1041 774 1267 811 aeternum,

309 836 326 861 '2
348 836 453 886 Quis
479 833 650 877 sufficit
675 843 878 875 enarrare
905 842 1036 884 opera
1061 826 1213 869 illius?

369 896 387 919 ²³
408 894 513 944 Quis
540 893 657 936 enim
681 888 971 943 investigabit
998 885 1225 941 magnalia
1251 885 1382 940 ejus?

311 955 327 980 ‘'¹
351 955 575 996 Virtutem
601 957 750 994 autem
776 945 1100 1003 magnitudinis
1125 945 1225 1000 ejus
1247 944 1345 1000 quis
1367 940 1651 985 enuntia-bit?

411 1018 488 1055 aut
514 1011 610 1067 quis
631 1009 817 1065 adjiciet
843 1020 1044 1050 enarrare
1070 1003 1421 1047 misericordiam
1448 1001 1578 1057 ejus?

313 1073 331 1098 ³²
353 1073 452 1114 Non
479 1076 546 1114 est
572 1070 788 1123 minuere,
812 1080 952 1122 neque
975 1065 1190 1121 adjicere,

413 1145 493 1174 nec
516 1135 583 1173 est
604 1127 804 1171 invenire
830 1124 1056 1180 magnalia
1084 1123 1179 1166 Dei.

312 1191 331 1216 ⁶
353 1192 465 1234 Cum
493 1186 867 1232 consumma-verit
889 1186 1040 1238 homo,
1068 1189 1174 1225 tunc
1199 1180 1411 1238 incipiet3

414 1255 458 1292 et
480 1263 581 1292 cum
607 1246 838 1303 quieverit,
864 1242 1151 1300 aporiabitur.

313 1308 329 1335 7
351 1308 465 1360 Quid
489 1314 554 1351 est
578 1304 746 1350 homo?
774 1310 818 1348 et
840 1318 937 1359 quae
965 1309 1029 1346 est
1054 1302 1199 1357 gratia
1225 1300 1344 1343 illius
1360 1299 1381 1341 i>

414 1373 458 1411 et
479 1367 585 1423 quid
611 1372 676 1409 est
701 1365 867 1407 bonum
889 1367 967 1405 aut
989 1361 1093 1418 quid
1116 1374 1307 1416 nequam
1332 1359 1485 1403 illius?

314 1428 333 1454 8
353 1429 574 1471 Numerus
600 1426 771 1468 dierum
797 1422 1048 1473 hominnm,
1075 1427 1124 1463 ut
1145 1420 1336 1462 multum
1363 1424 1541 1462 centum
1565 1419 1691 1473 anni,

415 1486 539 1541 quasi
567 1490 695 1540 gutta
721 1497 846 1538 aquae
870 1481 1003 1523 maris
1031 1479 1230 1535 deputati
1257 1482 1386 1531 sunt,

416 1552 460 1588 et
484 1544 599 1587 sicut
622 1542 819 1585 calculus
842 1554 1009 1594 arenae,
1037 1539 1098 1581 sic
1126 1537 1275 1592 exigui
1302 1537 1408 1578 anni
1435 1537 1480 1578 in
1508 1536 1577 1578 die
1602 1534 1698 1578 aevi.

313 1606 332 1633 9
353 1607 538 1662 Propter
558 1604 642 1645 hoc
664 1600 840 1658 patiens
863 1604 929 1642 est
954 1600 1072 1641 Deus
1098 1598 1144 1639 in
1166 1596 1276 1650 illis,

413 1670 458 1708 et
480 1661 674 1706 effundit
699 1674 829 1716 super
856 1673 927 1701 eos
951 1656 1301 1700 misericordiam
1328 1670 1466 1714 suam.

295 1725 333 1751 11)
354 1723 483 1769 Vidit
507 1720 901 1779 praesumptionem
928 1717 1071 1760 cordis
1094 1730 1263 1770 eorum,
1293 1715 1501 1770 quoniam
1525 1714 1643 1755 mala
1670 1718 1765 1768 est3

415 1789 459 1827 et
486 1781 696 1838 cognovit
722 1777 1054 1822 subversionem
1077 1776 1276 1829 illorum,
1304 1773 1514 1829 quoniam
1541 1786 1731 1827 nequam
1756 1777 1837 1816 est,

297 1844 330 1870 11
354 1844 464 1888 Ideo
486 1840 750 1898 adimplevit
775 1836 1138 1894 propitiationem
1164 1848 1290 1876 suam
1313 1833 1358 1875 111
1385 1832 1494 1886 illis,

417 1907 462 1945 et
488 1900 681 1944 ostendit
706 1899 768 1942 eis
794 1898 914 1940 viam
939 1895 1175 1951 aequitatis.

304 1962 336 1989 ¹⁵2
356 1961 584 2005 Miseratio
606 1958 798 2003 hominis
827 1957 944 2000 circa
965 1955 1216 2012 proximum
1241 1968 1369 1996 suum
1389 1970 1398 2008 ς

419 2019 721 2064 misericordia
743 2023 894 2060 autem
921 2015 1004 2058 Dei
1030 2029 1161 2070 super
1188 2027 1365 2056 omnem
1388 2025 1580 2055 carnem.

304 2083 337 2108 ¹3
357 2081 440 2132 Qui
463 2078 812 2122 misericordiam
837 2076 992 2130 habet,
1021 2075 1149 2117 docet
1175 2079 1218 2115 et
1241 2071 1386 2115 erudit

419 2139 544 2196 quasi
570 2143 721 2195 pastor
746 2150 928 2192 gregem
953 2149 1094 2178 snum.

307 2200 339 2226 11
360 2200 595 2243 Miseretur
620 2195 883 2253 excipientis
906 2194 1156 2237 doctrinam
1178 2190 1494 2246 miserationis,

421 2265 464 2302 et
491 2258 564 2314 qui
586 2256 775 2299 festinat
798 2255 845 2296 in
867 2253 1046 2310 judiciis
1074 2253 1184 2309 ejus.

306 2320 339 2346 ¹5
361 2319 463 2373 Fili,
490 2318 535 2359 in
561 2316 688 2359 bonis
710 2329 797 2357 non
824 2314 900 2356 des
926 2312 1168 2369 querelam,

423 2378 534 2420 etin
556 2375 676 2419 omni
703 2375 806 2417 dato
829 2388 916 2415 non
942 2373 1018 2415 des
1045 2371 1273 2414 tristitiam
1300 2370 1421 2414 verbi
1446 2367 1566 2412 mali.

308 2439 341 2466 16
362 2439 521 2481 Nonne
548 2435 751 2478 ardorem
776 2431 1063 2488 refrigerabit
1087 2431 1190 2474 ros?

422 2498 485 2540 sic
508 2501 550 2539 et
573 2494 757 2538 verbum
784 2491 940 2534 melius
962 2506 1094 2546 quam
1121 2491 1288 2533 datum.

305 2557 341 2584 ¹7
364 2558 524 2600 Nonne
547 2569 649 2598 ecce
675 2553 859 2596 verbum
885 2565 1015 2607 super
1038 2551 1193 2593 datum
1215 2548 1414 2591 bonum?

425 2616 503 2659 sed
530 2620 712 2669 utraque
736 2626 837 2655 cum
859 2611 1036 2653 homine
1058 2609 1314 2665 justificato.
1378 2618 1381 2621 ’

308 2676 342 2703 18
365 2676 535 2720 Stultus
561 2673 721 2716 acriter
742 2669 1061 2727 improperabit
1082 2685 1090 2722 ;

427 2741 472 2778 et
497 2735 626 2778 datus
651 2729 975 2786 indisciplinati
1001 2728 1228 2781 tabescere
1249 2727 1363 2770 facit
1391 2727 1551 2770 oculos.

308 2795 345 2822 ‘¹9
366 2796 486 2838 Ante
512 2793 730 2850 judicium
756 2804 861 2847 para
887 2787 1109 2844 justitiam
1131 2787 1235 2843 tibi,

427 2859 470 2897 et
496 2858 736 2908 antequam
762 2849 953 2905 loquaris
976 2847 1108 2896 disce.

308 2914 344 2941 2⁰
366 2916 486 2957 Ante
506 2913 767 2968 languorem
792 2908 954 2951 adhibe
972 2905 1250 2950 >medicinam
1268 2923 1277 2960 3

429 2978 473 3017 et
497 2978 602 3016 ante
627 2970 845 3027 judicium
871 2968 1095 3022 interroga
1120 2965 1331 3022 teipsum,

428 3039 472 3076 et
494 3032 539 3074 111
562 3036 801 3086 conspectu
825 3028 906 3071 Dei
932 3025 1132 3068 invenies
1158 3024 1532 3082 propitiationem.

309 3092 344 3119 2¹
367 3093 487 3135 Ante
513 3092 773 3147 languorem
798 3086 986 3130 humilia
1011 3092 1075 3141 te,

428 3157 472 3195 et
495 3151 543 3194 in
565 3156 762 3207 tempore
789 3145 1060 3189 infirmitatis
1087 3144 1269 3188 ostende
1296 3144 1681 3187 conversationem
1707 3146 1845 3186 tuam.

311 3210 349 3237 ⁵²2
370 3213 471 3255 Non
496 3208 754 3267 impediaris
782 3221 904 3250 orare
930 3219 1114 3261 semper,

429 3276 472 3314 et
497 3284 552 3313 ne
577 3268 769 3312 verearis
796 3280 930 3321 usque
951 3264 1008 3307 ad
1035 3270 1222 3307 mortem
1247 3263 1503 3320 justificari,

430 3329 640 3386 quoniam
667 3340 833 3370 merces
861 3324 943 3368 Dei
968 3329 1119 3367 manet
1143 3323 1189 3366 in
1216 3329 1443 3366 aeternum.

311 3389 349 3416 ⁵³²3
369 3390 491 3433 Ante
517 3389 763 3432 orationem
787 3399 989 3442 praepara
1013 3384 1211 3426 animam
1236 3388 1380 3437 tuam,

433 3455 477 3492 et
501 3449 591 3492 noli
615 3462 709 3492 esse
735 3445 858 3502 quasi
885 3445 1013 3486 homo
1037 3443 1109 3499 qui
1136 3448 1278 3486 tentat
1306 3444 1461 3485 Deum.

311 3509 349 3536 ‘24
370 3510 599 3553 Memento
625 3508 701 3550 irae
729 3507 773 3549 in
800 3505 870 3548 dic
899 3502 1313 3556 consummationis,

135 3658 166 3692 1]
187 3657 267 3686 Gen.
286 3656 312 3691 Ι,
331 3659 355 3684 l.
376 3670 413 3674 —
433 3656 482 3688 20]
502 3655 516 3682 I
534 3656 605 3682 Cor.
626 3653 690 3683 XI,
709 3656 753 3680 2⁵¹.
772 3667 804 3670 μ
824 3652 871 3683 232]
901 3650 978 3677 Luc.
1004 3649 1141 3683 XVIII,
1161 3651 1184 3675 1.
1207 3649 1222 3675 I
1240 3648 1353 3675 Thess.
1375 3646 1411 3676 V.
1431 3649 1472 3673 17.
1491 3661 1526 3665 -
1544 3646 1591 3679 24]
1611 3645 1688 3677 Sup.
1706 3644 1792 3678 VII,
1809 3645 1854 3671 13.

2104 650 2163 679 Dei

2046 693 2226 727 magnalia.

2064 1303 2221 1332 Hominis

2038 1347 2182 1376 miseriae
2208 1351 2243 1375 et

2019 1393 2081 1421 Dei
2093 1400 2174 1426 erga
2186 1399 2259 1420 eum

2048 1436 2236 1465 miseratio.

2064 2319 2236 2351 Praecepta

2097 2369 2200 2391 varia.
