2423 3861
731 181 867 222 ,ΜΛΝ
903 181 1035 235 XIX,
1076 182 1126 226 17
1160 207 1218 214 —
1251 181 1356 233 XX,
1391 181 1430 222 2.
1881 179 1985 220 1211

173 349 348 396 Jesuln.
388 357 429 392 et
471 350 731 393 eduxerunt.
774 350 804 376 ¹⁷
833 352 889 393 Et
926 351 1132 405 bajulans
1172 351 1256 393 sibi
1295 365 1490 405 crucem,
1526 349 1665 393 exivit
1699 349 1747 391 iu
1784 363 1882 391 cum
1920 349 1992 403 qui

173 407 335 450 (licitur
365 408 582 451 Calvariae
616 409 782 463 locum,
814 409 1018 451 hebraice
1046 414 1196 452 auteur
1230 409 1472 464 Golgotha,
1514 408 1548 434 ¹⁸
1575 407 1649 451 ubi
1683 407 1994 450 crucifixerunt

169 480 293 523 eum,
320 474 364 511 et
385 481 484 510 cum
511 481 561 510 eo
582 466 693 509 alios
719 466 847 521 duos,
872 467 974 510 hinc
997 472 1041 510 ct
1063 468 1185 523 hinc,
1214 468 1409 511 medium
1431 474 1581 511 autem
1603 467 1771 510 Jesum.

225 527 257 554 Ν
270 527 456 584 Scripsit
475 531 628 570 autem
652 530 696 568 et
720 525 902 568 titulum
930 526 1114 580 Pilatus,
1130 534 1174 569 et
1196 528 1341 583 posuit
1367 542 1497 583 super
1519 540 1707 570 crucem.
1721 526 1829 568 Erat
1841 531 1990 567 autem

167 588 378 644 scriptum
411 603 420 630 :
447 587 577 629 Jesus
604 586 879 640 Nazarenus,
904 599 979 628 rex
1005 586 1278 629 Judaeorum.
1314 586 1350 612 '2⁰
1370 588 1502 629 Hunc
1524 601 1626 642 ergo
1653 585 1832 628 titulum
1863 584 1989 626 multi

167 646 423 688 Judaeorum
460 644 681 700 legerunt,
717 643 820 700 quia
856 658 990 700 prope
1021 644 1249 702 civitatem
1283 651 1377 688 erat
1406 645 1525 688 locus
1560 645 1631 687 ubi
1663 643 1896 688 crucifixus
1926 648 1991 686 est

165 705 320 758 Jesus,
348 709 392 746 et
413 709 506 747 erat
527 703 739 760 scriptum
764 702 1165 758 hebraice‚graece,
1186 709 1229 746 et
1255 703 1404 746 latine.
1424 703 1455 729 '2¹
1475 704 1696 746 Dicebant
1717 717 1820 758 crgo
1848 702 1992 745 Pilato

165 762 394 818 pontifices
416 763 444 805 J
449 762 676 805 udaeorum
712 779 720 806 :
745 761 846 804 Noli
869 761 1060 804 scribere
1083 778 1090 804 :
1116 763 1210 804 Rex
1232 762 1488 804 Judaeorum
1504 797 1512 816 ,
1528 763 1603 805 sed
1623 762 1724 817 quia
1744 762 1835 818 ipse
1859 760 1989 804 dixit:

166 822 259 865 Rex
281 836 377 865 sum
400 822 427 864 J
432 821 672 864 udaeorum.
692 820 729 846 22
744 820 988 876 Respondit
1009 820 1180 863 Pilatus
1210 837 1218 863 :
1245 820 1368 870 Quod
1390 820 1564 876 scripsi,
1588 821 1755 877 scripsi.

223 879 260 907 ‘²³
276 880 441 924 Milites
467 894 570 936 ergo
596 894 697 923 cum
720 879 1042 923 crucifixissent
1067 893 1187 934 eum,
1213 884 1479 935 acceperunt
1511 879 1776 922 vestimenta
1805 879 1923 935 ejus,
1950 883 1994 922 et

164 940 367 983 fecerunt
392 944 578 995 quatuor
599 944 766 995 partes,
791 938 1027 994 unicuique
1049 937 1179 980 militi
1200 943 1391 994 partem,
1411 942 1455 980 et
1480 939 1689 980 tunicam.
1715 939 1821 980 Erat
1842 943 1993 980 autem

164 998 314 1042 tunica
334 998 634 1053 inconsutilis,
662 998 850 1055 desuper
874 1002 1082 1041 contexta
1104 1011 1180 1053 per
1205 1002 1360 1040 totum.
1383 996 1419 1022 ‘24
1436 997 1656 1039 Dixerunt
1674 1010 1775 1051 ergo
1802 997 1857 1039 ad
1881 995 1990 1038 invi-

164 1071 261 1101 cem
290 1074 298 1101 :
326 1058 424 1101 Non
446 1057 702 1101 scindamus
727 1071 846 1111 eam,
873 1057 950 1100 sed
976 1057 1211 1100 sortiamur
1244 1056 1297 1099 de
1322 1055 1399 1098 illa
1423 1055 1548 1111 cujus
1582 1055 1652 1097 sit.
1681 1056 1744 1098 Ut
1769 1055 1992 1111 Scriptura

162 1116 432 1173 impleretur,
456 1116 607 1160 dicens
639 1133 648 1161 ε
675 1115 833 1159 Partiti
857 1121 960 1159 sunt
981 1115 1246 1159 vestimenta
1269 1129 1366 1158 mea
1391 1114 1496 1169 sibi,
1520 1119 1564 1157 et
1584 1114 1629 1156 in
1651 1119 1820 1157 vestem
1850 1128 1993 1156 meam

164 1175 377 1219 miserunt
393 1180 568 1220 sortem.
593 1177 650 1219 Et
671 1175 835 1219 milites
862 1175 1038 1232 quidem
1065 1175 1160 1218 haec
1185 1175 1402 1218 fecerunt.

222 1233 258 1261 2⁵
274 1235 460 1279 Stabant
480 1240 631 1278 autem
656 1235 785 1291 juxta
811 1249 987 1278 crucem
1012 1235 1119 1277 Jesu
1149 1239 1290 1277 mater
1319 1234 1435 1290 ejus,
1460 1238 1503 1276 et
1534 1247 1654 1276 soror
1687 1232 1840 1275 matris
1874 1232 1993 1288 ejus,

163 1294 305 1337 Maria
331 1294 562 1350 Cleophae,
582 1300 625 1338 et
650 1294 792 1337 Maria
818 1293 1098 1350 Magdalene.
1118 1292 1154 1320 ‘²⁶
1172 1293 1283 1336 Cum
1306 1293 1490 1336 vidisset
1512 1307 1615 1348 ergo
1635 1292 1663 1335 J
1667 1305 1765 1335 esus
1791 1296 1991 1347 matrem,

163 1359 207 1397 et
247 1353 513 1410 discipulum
553 1359 767 1409 stantem,
802 1368 932 1409 quem
969 1352 1205 1408 diligebat,
1233 1352 1342 1395 dicit
1371 1351 1501 1394 matri
1527 1366 1619 1394 suae
1657 1367 1665 1395 :
1695 1350 1869 1405 Mulier,
1892 1364 1995 1393 ecce

162 1412 279 1456 filius
320 1418 433 1456 tuus.
471 1411 506 1439 ‘²⁷
539 1413 711 1456 Deinde
752 1412 861 1456 dicit
895 1411 1111 1468 discipulo
1149 1428 1157 1455 ε
1184 1412 1301 1454 Εο06
1328 1416 1468 1454 mater
1492 1416 1582 1454 tua.
1610 1411 1667 1453 Et
1693 1424 1747 1452 ex
1777 1409 1856 1462 illa
1888 1409 1994 1452 hora

161 1472 335 1528 accepit
359 1486 457 1515 eam
482 1472 723 1528 discipulus
748 1472 802 1514 in·
819 1486 909 1515 sua.

221 1529 257 1557 2⁸
277 1531 435 1574 Postea
460 1531 603 1573 sciens
626 1531 654 1573 J
659 1545 756 1574 esus
779 1531 882 1585 quia
900 1530 1048 1574 omnia
1068 1535 1376 1573 consummata
1397 1535 1519 1585 sunt,
1538 1534 1587 1572 ut
1612 1533 1994 1572 consummaretur

163 1590 406 1646 Scriptura,
435 1589 548 1632 dixit
570 1605 578 1632 ε
607 1589 729 1633 Sitio.
752 1588 789 1615 29
811 1590 898 1632 Vas
923 1604 1026 1645 ergo
1053 1594 1146 1632 erat
1171 1589 1363 1645 positum
1384 1594 1509 1632 aceto
1532 1588 1725 1644 plenum.
1746 1587 1820 1630 Illi
1844 1593 1995 1630 autem

161 1648 394 1704 spongiam
427 1648 606 1704 plenam
640 1654 787 1702 aceto,
822 1648 1013 1704 hyssopo
1047 1648 1451 1704 circumponentes,
1486 1646 1740 1690 obtulerunt
1777 1647 1839 1689 ori
1880 1646 1992 1702 ejus

147 1707 198 1734 '³⁰
217 1708 328 1751 Cum
355 1721 457 1763 ergo
482 1707 728 1764 accepisset
754 1708 781 1750 J
787 1721 885 1750 esus
907 1712 1103 1761 acetum,
1127 1705 1241 1748 dixit
1267 1723 1274 1749 :
1298 1707 1663 1750 Consummatum
1685 1710 1763 1748 est.
1791 1706 1850 1748 Et
1866 1705 1992 1748 incli-

160 1771 264 1810 nato
291 1766 457 1823 capite,
480 1766 666 1810 tradidit
690 1766 907 1824 spiritum.
1171 1796 1174 1798 v

221 1826 254 1851 3¹·
276 1825 423 1869 Judaei
461 1839 584 1882 ergo,
623 1826 832 1882 quoniam
868 1840 1106 1883 parasceve
1140 1830 1252 1881 erat,
1283 1831 1331 1868 ut
1363 1840 1451 1868 non
1479 1828 1759 1868 remanerent
1793 1823 1840 1866 in
1866 1837 1994 1866 cruce

162 1899 342 1942 corpora
363 1884 571 1940 sabbato,
596 1891 689 1928 erat
711 1885 830 1929 enim
855 1900 1044 1941 magnus
1066 1885 1159 1928 dies
1183 1883 1260 1927 ille
1286 1884 1481 1939 sabbati,
1504 1887 1773 1939 rogaverunt
1797 1882 1992 1925 Pilatum

161 1951 209 1987 ut
234 1944 548 2000 frangerentur
573 1958 724 1988 eorum
750 1959 897 2000 crura,
923 1950 967 1988 et
991 1944 1264 1988 tollerentur.
1295 1942 1332 1970 3⁹²
1347 1944 1576 1987 Venerunt
1605 1956 1707 1998 ergo
1738 1941 1923 1997 milit-es,
1950 1946 1993 1985 et

161 2003 292 2060 primi
318 2003 496 2059 quidem
520 2003 752 2059 fregerunt
774 2018 920 2059 crura,
941 2008 986 2047 et
1006 2003 1187 2047 alterius
1209 2002 1282 2059 qui
1305 2002 1539 2046 crucifixus
1561 2006 1627 2045 est
1651 2015 1752 2044 cum
1777 2015 1841 2044 eo.
1867 2000 1904 2027 33
1921 2000 1993 2043 Ad

162 2064 189 2106 J
195 2077 317 2106 esum
339 2067 489 2105 autem
512 2077 612 2105 cum
637 2063 883 2120 venissent,
906 2068 955 2106 ut
986 2063 1196 2106 viderunt
1220 2076 1322 2105 eum
1342 2062 1436 2118 jam
1457 2065 1700 2115 mortuum,
1727 2074 1814 2103 non
1847 2059 1992 2115 frege-

160 2127 264 2164 runt
288 2122 385 2178 ejus
412 2136 556 2177 crura,
584 2121 620 2148 34
638 2122 714 2165 sed
741 2137 853 2165 unus
879 2123 1073 2165 militum
1098 2122 1254 2165 lancea
1279 2121 1394 2164 latus
1427 2121 1524 2177 ejus
1554 2119 1746 2176 aperuit,
1775 2124 1818 2162 et
1854 2119 1993 2162 conti-

161 2195 250 2224 nuo
286 2181 425 2224 exivit
458 2181 638 2237 sanguis
672 2187 715 2225 et
751 2197 878 2238 aqua.
913 2182 950 2209 35
984 2184 1040 2225 Ε1
1077 2181 1151 2237 qui
1188 2180 1303 2223 vidit
1338 2179 1644 2223 testimonium
1676 2178 1920 2235 perhibuit,
1951 2182 1994 2220 et

160 2255 314 2284 verum
335 2245 401 2283 est
424 2239 728 2283 testimonium
751 2241 860 2297 ejus.
889 2242 947 2284 Et
970 2241 1047 2284 ille
1071 2241 1155 2284 scit
1181 2239 1283 2295 quia
1303 2253 1406 2282 vera
1429 2238 1562 2292 dicit;
1584 2243 1633 2280 ut
1665 2242 1708 2280 et
1740 2251 1816 2279 vos
1843 2236 1992 2280 creda—

160 2300 233 2342 tis.
257 2299 293 2326 3⁶
311 2300 451 2342 Facta
469 2304 572 2342 sunt
594 2300 712 2342 enim
734 2301 830 2343 haec
852 2306 901 2343 ut
923 2301 1149 2357 Scriptura
1172 2299 1430 2355 impleretur
1455 2315 1463 2341 :
1490 2298 1548 2341 Os
1574 2311 1663 2340 11011
1685 2295 1992 2339 comminuetis

161 2373 216 2402 ex
254 2373 317 2403 60.
353 2357 388 2385 3⁷
408 2359 466 2400 Et
501 2358 662 2401 iterum
698 2359 788 2402 alia
822 2359 1045 2416 Scriptura
1080 2358 1189 2401 dicit
1222 2358 1485 2402 :Videbunt
1519 2357 1566 2399 in
1600 2369 1730 2412 quem
1762 2354 1991 2397 transfixe-

160 2424 275 2461 runt.

221 2477 256 2504 3⁸
286 2478 393 2521 Post
423 2478 521 2521 haec
555 2483 705 2521 autem
735 2478 912 2534 rogavit
944 2478 1140 2522 Pilatum
1171 2477 1337 2533 Joseph
1369 2477 1425 2519 ab
1459 2475 1756 2530 Arimathaea,
1791 2488 1840 2517 60
1876 2474 1993 2530 quod

161 2542 277 2580 esset
298 2537 542 2594 discipulus
569 2537 698 2593 Jesu,
723 2537 922 2580 occultus
955 2543 1106 2581 autem
1130 2541 1308 2594 propter
1333 2539 1502 2578 metum
1528 2534 1810 2588 Judaeorum,
1836 2538 1885 2576 ut
1910 2533 1992 2576 tol-

161 2596 272 2640 leret
305 2610 461 2653 corpus
487 2597 514 2639 J
520 2611 607 2640 esu.
636 2597 694 2639 Et
726 2596 928 2653 permisit
954 2596 1138 2640 Pilatus.
1162 2595 1298 2640 Venit
1323 2608 1446 2650 ergo,
1471 2599 1514 2637 et
1547 2594 1650 2637 tulit
1679 2607 1836 2649 corpus
1868 2592 1895 2635 ‚J
1902 2606 1991 2635 esu.

161 2654 199 2681 39
216 2656 353 2698 Venit
376 2661 526 2699 autem
551 2661 594 2699 et
615 2655 907 2712 Nicodemus,
927 2656 1000 2712 qui
1014 2660 1196 2700 venerat
1212 2654 1269 2697 ad
1288 2655 1317 2697 J
1321 2668 1444 2697 esum
1464 2658 1593 2696 nocte
1615 2653 1827 2710 primum,
1843 2651 1992 2694 ferens

162 2714 404 2757 mixturam
427 2715 619 2770 myrrhae
646 2720 689 2758 61
709 2714 851 2770 aloes,
878 2715 1002 2771 quasi
1024 2715 1160 2758 libras
1183 2718 1375 2757 centum.
1401 2712 1438 2739 4⁰
1455 2714 1737 2768 Acceperunt
1770 2725 1873 2766 ergo
1900 2724 1991 2754 cor-

161 2787 242 2830 pus
269 2774 396 2829 Jesu,
423 2779 466 2816 et
487 2773 741 2829 ligaverunt
764 2774 877 2817 illud
903 2774 1052 2817 linteis
1087 2789 1187 2818 cum
1220 2772 1512 2828 aromatibus,
1542 2771 1657 2814 sicut
1690 2784 1783 2813 mos
1813 2774 1878 2813 est
1912 2770 1991 2813 Ju-

161 2832 272 2875 daeis
308 2832 506 2889 sepelire.
539 2831 573 2858 ²¹¹
595 2833 703 2875 Erat
738 2838 886 2876 autem
919 2833 966 2875 in
1002 2833 1120 2889 loco,
1155 2832 1230 2875 ubi
1269 2831 1504 2874 crucifixus
1541 2836 1626 2884 est,
1664 2830 1838 2883 hortus3
1867 2833 1911 2872 et
1945 2829 1992 2871 in

160 2892 287 2936 horto
313 2896 651 2934 monumentum
677 2905 862 2947 novum,
888 2892 934 2934 in
960 2906 1044 2948 quo
1070 2892 1268 2936 nondum
1290 2891 1521 2946 quisquam
1543 2890 1711 2947 positus
1734 2893 1839 2932 erat.
1862 2887 1899 2914 42
1920 2887 1992 2931 Ibi

162 2965 266 3007 ergo
293 2956 470 3008 propter
502 2965 769 3007 parasceven
803 2951 1083 3008 Judaeorum,
1107 2951 1211 3007 quia
1243 2949 1372 3006 juxta
1401 2955 1495 2992 erat
1528 2952 1885 3003 monumentum,
1916 2961 1992 3005 po-

161 3015 343 3053 suerunt
364 3011 392 3053 J
397 3024 532 3053 esum.

540 3121 562 3174 ξ
594 3119 657 3161 ΙΙ.
690 3143 750 3151 —
786 3117 950 3163 Christi
969 3118 1223 3162 resurrectio
1248 3124 1287 3162 et
1307 3118 1617 3174 apparitiones.

223 3233 330 3278 CAP.
353 3235 452 3278 XX.
474 3260 534 3267 —
554 3234 567 3259 ¹
586 3235 687 3278 Una
708 3238 859 3277 autem
876 3232 1071 3290 sabbati,
1099 3233 1243 3276 Maria
1266 3232 1534 3289 Magdalene
1564 3231 1686 3275 venit
1717 3244 1867 3285 mane,
1892 3243 1990 3272 cum

163 3292 308 3336 adhuc
343 3293 539 3336 tenebrae
578 3300 742 3348 essent,
781 3292 838 3336 ad
875 3297 1236 3348 monumentum;
1272 3296 1317 3335 et
1345 3291 1458 3334 vidit
1489 3290 1686 3348 lapidem
1718 3289 1944 3332 sublatum
1965 3302 1991 3330 a

165 3358 465 3396 monumento.
496 3352 513 3377 2
530 3352 734 3397 Cucurrit
756 3366 878 3408 ergO,
906 3356 949 3394 et
970 3351 1092 3395 venit
1123 3352 1180 3395 ad
1208 3351 1437 3395 Simonem
1470 3351 1670 3403 Petrum,
1698 3354 1741 3392 et
1773 3347 1830 3390 ad
1851 3346 1990 3390 alium

165 3410 428 3467 discipulum
457 3425 585 3467 quem
610 3412 792 3454 amabat
812 3411 840 3454 J
845 3425 964 3467 esus,
983 3416 1026 3454 61
1047 3410 1156 3454 dicit
1175 3410 1265 3453 illis
1292 3409 1533 3454 :Tulcrunt
1559 3407 1800 3451 Dominum
1819 3406 1872 3449 de
1898 3419 1990 3448 mo-

164 3557 213 3590 17]
234 3557 355 3585 Matth.
372 3557 519 3592 XXVII,
542 3560 587 3586 33.
612 3558 712 3585 Marc.
731 3557 803 3591 XV,
824 3558 868 3584 22.
892 3556 971 3583 Lue.
994 3555 1126 3590 XXIII,
1151 3558 1196 3583 33.
1223 3569 1252 3575 -
1277 3555 1325 3587 23]
1351 3553 1473 3581 Matth.
1492 3552 1637 3586 XXVII,
1655 3554 1700 3579 35.
1722 3551 1822 3578 Marc.
1848 3550 1920 3584 XV,
1943 3551 1986 3577 24.

163 3601 246 3629 Luc.
267 3601 390 3628 XXIII
403 3621 411 3636 ,
426 3604 471 3629 34.
488 3616 524 3620 —-
551 3602 599 3635 24]
619 3601 672 3629 Ps.
689 3601 771 3629 XXI
784 3621 792 3635 ,
809 3603 852 3628 19.
868 3615 903 3620 —
920 3600 967 3633 28]
987 3599 1040 3627 ΡΒ.
1058 3600 1206 3627 LXVIII
1219 3619 1226 3633 ‚
1247 3601 1291 3626 22.
1318 3613 1354 3616 —
1377 3598 1426 3630 36]
1446 3597 1506 3624 Ex.
1525 3596 1593 3624 XII
1605 3616 1612 3630 ,
1629 3598 1673 3623 46.
1692 3595 1788 3623 Num.
1808 3594 1876 3629 IX,
1893 3596 1937 3621 12.
1954 3609 1990 3613 —

160 3645 214 3678 37]
231 3645 326 3673 Zach.
343 3645 432 3679 XII,
450 3648 493 3674 10.
511 3661 547 3665 -
563 3647 611 3680 38]
630 3647 750 3674 Matth.
770 3645 922 3679 XXVII,
938 3647 983 3672 57.
1001 3645 1101 3672 Marc.
1119 3644 1193 3678 XV,
1208 3646 1254 3671 43.
1272 3642 1352 3669 Luc.
1371 3640 1514 3675 XXIII,
1530 3642 1575 3668 50.
1594 3653 1629 3659 —
1653 3640 1701 3673 39]
1724 3639 1802 3672 sup.
1822 3639 1895 3673 111,
1913 3642 1937 3666 2.
1955 3653 1989 3658 -

164 3689 194 3723 1]
216 3688 335 3717 Matth.
354 3689 520 3725 XXVIII,
537 3693 563 3719 1.
584 3691 684 3719 Marc.
705 3689 841 3725 XVI,1.
860 3689 940 3716 Luc.
959 3688 1083 3723 XXIV,
1102 3691 1126 3716 l.

2107 538 2239 566 'l'itul‘w

2119 582 2239 610 crucia.

2060 1239 2165 1268 Maria
2176 1239 2297 1268 Joanni

2101 1290 2264 1312 commen-

2126 1328 2236 1356 datur.

2078 1535 2168 1564 Mors
2186 1535 2279 1564 Jesu„

2116 1829 2247 1858 Lateris

2087 1871 2271 1901 transfixiot

2088 2484 2265 2530 ,Depositio

2084 2536 2101 2557 c
2119 2536 2216 2558 cruce
2238 2531 2272 2557 et

2087 2573 2273 2606 sepultura.

2071 3246 2268 3280 magdalena
2277 3268 2284 3281 ,

2091 3291 2210 3319 Petrus
2229 3295 2263 3318 et

2074 3335 2203 3363 Joanne
2210 3342 2221 3362 ·-;
2239 3334 2278 3362 ad

2075 3378 2278 3412 sepult-mxu
