2423 3861
700 132 773 177 ΕΖ,
811 131 962 187 XXX,
994 133 1050 175 22
1079 157 1138 164 —
1168 132 1346 188 XXXI,
1384 133 1449 175 18.
1907 131 1990 175 953

156 302 318 346 ‘robore
337 308 484 359 posset
503 308 653 346 tenere
675 303 890 358 gladium.
910 302 947 330 2²
964 304 1202 361 Propterea
1221 305 1316 347 haec
1338 304 1447 347 dicit
1472 302 1686 346 Dominus
1711 303 1828 345 Deus
1847 319 1854 345 :
1876 303 1990 345 Ecce

155 375 246 417 ego
271 362 327 404 ad
355 362 651 416 Pharaonem,
672 376 824 417 regem
850 362 1062 419 AEgypti,
1090 369 1133 406 ct
1152 363 1452 406 comminuam
1476 361 1707 405 brachium
1726 361 1827 416 ejus
1853 362 1995 416 forte,

154 421 239 464 sed
275 421 586 475 confractum3
624 428 670 464 et
704 421 918 477 dejiciam
951 422 1150 478 gladium
1184 423 1237 466 de
1271 437 1403 464 manu
1436 421 1547 477 ejus.
1580 419 1619 447 23
1647 420 1705 463 Et
1736 420 1989 476 dispergam

159 480 413 537 AEgyptum
437 480 484 521 in
509 480 730 535 gentibus,
751 486 797 524 et
812 481 1040 524 ventilabo
1065 496 1137 525 eos
1162 481 1206 523 in
1234 481 1372 524 terris.
1391 480 1427 508 Ἣ
1447 481 1504 523 Et
1525 478 1786 523 confortabo
1809 479 1991 522 brachia

161 539 278 594 regis
310 539 573 595 Babylonis,
607 539 809 595 daboque
842 540 1044 596 gladium
1073 555 1220 583 meum
1253 540 1298 582 in
1327 554 1459 582 manu
1489 540 1606 595 ejus,
1632 546 1678 582 et
1706 538 1990 593 confringam

162 598 344 641 brachia
371 598 634 652 Pharaonis,
658 604 702 641 et
727 604 907 654 gement
928 599 1167 655 gemitibus
1191 599 1418 642 interfecti
1436 612 1583 641 coram
1609 598 1729 641 facie
1749 598 1859 653 ejus.
1879 596 1916 623 ‘²⁵
1933 597 1991 639 Et

161 657 426 701 confortabo
464 657 646 700 brachia
682 657 798 713 regis
838 658 1106 714 Babylonis,
1139 664 1184 700 et
1221 658 1404 700 brachia
1443 657 1685 699 Pharaonis
1726 656 1986 711 concident3

162 721 206 759 et
241 716 383 759 scient
416 716 519 772 quia
541 730 622 772 ego
655 717 891 771 Dominus,
915 713 1024 759 ‘cum
1050 716 1210 760 dedero
1239 716 1439 772 gladium
1466 731 1612 759 mcum
1637 716 1684 757 in
1712 730 1845 758 manu
1872 715 1989 771 regis

164 775 426 832 Babylonis,
464 781 506 818 et
539 775 790 818 extenderit
832 790 935 818 cum
976 789 1106 832 super
1139 781 1301 818 terram
1334 776 1538 832 AEgypti.
1570 774 1606 800 2¹⁵
1639 775 1697 817 Et
1735 775 1988 831 dispergam

161 835 413 891 AEgyptum
437 834 483 876 in
509 834 732 889 nationes,
756 839 799 877 et
825 834 1052 878 ventilabo
1075 848 1149 878 eos
1174 834 1219 876 in
1243 840 1403 889 terras3
1433 840 1475 877 et
1500 834 1642 877 scient
1667 833 1769 889 quia
1791 848 1872 889 ego
1902 834 1987 876 Do-

162 894 319 937 minus.

219 953 326 996 CAP.
357 953 528 995 XXXI.
551 979 610 984 —-
638 953 647 979 ¹
669 953 727 995 Et
751 953 926 996 factum
952 959 1018 996 est
1043 953 1087 995 in
1119 967 1236 996 anno
1262 952 1517 1006 undecimo,
1548 953 1676 995 tertio
1704 967 1874 1007 mense,
1902 967 1988 995 una

159 1011 344 1066 mensis,
372 1012 547 1054 factum
579 1017 646 1055 est
670 1011 855 1055 verbum
882 1012 1061 1054 Domini
1087 1012 1143 1054 ad
1173 1026 1265 1067 me,
1289 1011 1441 1054 dicens
1463 1028 1472 1055 z
1499 1011 1516 1036 ²
1542 1012 1629 1054 Fili
1662 1011 1879 1065 hominis,
1918 1012 1988 1054 dic

159 1070 401 1124 Pharaoni,
423 1070 517 1125 regi
538 1071 750 1127 AEgypti,
769 1075 814 1114 et
835 1071 997 1128 populo
1019 1071 1116 1127 ejus
1137 1087 1146 1115 ε
1173 1071 1255 1114 Cui
1277 1070 1434 1113 similis
1455 1071 1605 1114 factus
1627 1084 1672 1114 es
1693 1070 1739 1112 in
1764 1070 1988 1126 magnitu-

149 1129 261 1172 dine
279 1129 384 1173 tua?
407 1129 424 1155 3
442 1129 560 1172 Ecce
578 1131 716 1172 Assur
734 1130 857 1186 quasi
877 1130 1031 1173 cedrus
1048 1130 1094 1172 in
1120 1129 1304 1185 Libano,
1325 1129 1522 1187 pulcher,
1540 1130 1676 1172 ramis
1694 1135 1737 1172 et
1755 1129 1988 1180 frondibus

159 1203 437 1244 nemorosus,
463 1189 749 1244 excelsusque
782 1189 1040 1243 altitudine,
1066 1195 1112 1233 et
1134 1189 1250 1232 inter
1273 1188 1519 1233 condensas
1552 1188 1732 1232 frondes
1764 1187 1988 1231 elevatum

147 1253 222 1290 -est
258 1261 473 1291 cacumen
513 1247 624 1304 ejus.
662 1247 679 1274 4
704 1249 846 1303 Aquae
882 1249 1132 1292 nutrierunt
1165 1247 1319 1304 illum,
1353 1248 1540 1305 abyssus
1576 1247 1793 1291 exaltavit
1829 1247 1984 1302 illum3

154 1306 340 1349 flumina
365 1307 461 1362 ejus
489 1306 732 1350 manabant
757 1307 803 1349 in
829 1307 1015 1350 circuitu
1044 1307 1246 1350 radicum
1266 1307 1387 1363 ejus,
1415 1313 1459 1351 et
1478 1307 1596 1350 rivos
1625 1320 1724 1350 suos
1751 1307 1898 1350 emisit
1928 1307 1986 1349 ad

153 1366 360 1409 universa
385 1366 506 1422 ligna
527 1366 733 1422 regionis.
761 1367 778 1392 ⁵
797 1367 1034 1422 Propterea
1059 1367 1234 1410 elevata
1256 1372 1326 1410 est
1349 1367 1540 1410 altitudo
1566 1367 1662 1421 ejus
1686 1380 1818 1422 super
1839 1366 1988 1409 omnia

154 1425 277 1480 ligna
311 1425 532 1481 regionis3
570 1431 613 1468 et
645 1425 946 1481 multiplicata
979 1430 1083 1468 sunt
1111 1426 1292 1469 arbusta
1321 1427 1437 1482 ejus,
1470 1431 1516 1469 et
1544 1425 1708 1469 elevati
1735 1430 1840 1467 sunt
1875 1425 1986 1468 rami

154 1484 250 1538 ejus
277 1499 365 1540 prae
391 1483 517 1538 aquis
543 1484 707 1528 multis.
728 1484 745 1509 ⁶
763 1484 961 1538 Cumque
983 1484 1257 1527 extendisset
1275 1486 1478 1528 umbram
1496 1500 1643 1539 suam,
1666 1485 1713 1526 in
1734 1484 1869 1526 ramis
1892 1484 1987 1540 ejus

154 1543 359 1585 fecerunt
393 1542 522 1584 nidos
556 1542 709 1584 omnia
741 1542 942 1584 volatilia
980 1543 1107 1598 caeli3
1143 1548 1187 1585 et
1223 1543 1304 1585 sub
1337 1544 1572 1586 frondibus
1607 1544 1703 1599 ejus
1739 1548 1988 1598 genuerunt

152 1615 304 1644 omnes
326 1601 482 1644 bestiae
509 1601 726 1656 saltuum,
751 1606 796 1643 et
820 1602 901 1644 sub
924 1601 1184 1644 umbraculo
1205 1601 1323 1644 illius
1349 1603 1584 1645 habitabat
1613 1608 1753 1645 coetus
1786 1602 1987 1656 gentium

151 1659 457 1716 plurimarum.
478 1659 493 1686 ⁷
513 1661 707 1715 Eratque
733 1660 1038 1716 pucherrimus
1064 1660 1110 1702 in
1130 1661 1441 1717 magnitudine
1467 1675 1564 1716 sua,
1589 1666 1633 1703 et
1653 1661 1700 1703 in
1727 1661 1987 1703 dilatatione

150 1719 432 1762 arbustorum
461 1733 640 1762 suorum
663 1735 674 1764 z
700 1724 795 1762 erat
825 1720 945 1762 enim
977 1720 1106 1762 radix
1137 1719 1258 1762 illius
1290 1720 1419 1776 juxta
1451 1734 1589 1775 aquas
1622 1720 1799 1762 multas.
1823 1718 1839 1745 8
1859 1720 1986 1763 Cedri

151 1792 239 1821 non
260 1779 445 1821 fuerunt
464 1779 644 1822 altiores
665 1778 743 1821 illo
766 1778 811 1821 in
834 1779 1039 1835 paradiso
1061 1778 1170 1834 Dei3
1195 1779 1365 1822 abietes
1386 1794 1474 1822 non
1498 1779 1850 1834 adaequaverunt
1871 1793 1987 1821 sum-

151 1838 356 1881 mitatem
381 1838 501 1894 ejus,
518 1843 566 1882 et
586 1838 761 1894 platani
777 1852 864 1881 non
887 1839 1072 1881 fuerunt
1091 1850 1229 1894 aequae
1246 1838 1483 1882 frondibus
1501 1838 1621 1881 illius
1642 1852 1797 1882 :omne
1816 1837 1987 1894 lignum

150 1897 346 1953 paradisi
381 1897 467 1940 Dei
494 1912 584 1941 non
613 1903 680 1941 est
711 1898 1009 1940 assimilatum
1036 1898 1125 1954 illi,
1159 1902 1205 1941 et
1237 1898 1559 1954 pulchritudini
1589 1898 1701 1954 ejus.
1728 1897 1745 1923 9
1771 1897 1986 1948 Quoniam

151 1956 399 2013 speciosum
424 1956 517 2000 feci
541 1971 663 2013 eum,
689 1962 736 2000 et
757 1957 909 2000 multis
935 1957 1255 2013 condensisque
1288 1958 1542 2012 frondibus,
1569 1963 1614 2000 et
1643 1957 1854 2000 aemulata
1884 1962 1988 2000 sunt

151 2029 251 2058 eum
274 2017 422 2059 omnia
448 2016 573 2072 ligna
598 2016 865 2072 voluptatis,
889 2031 986 2072 quae
1009 2022 1135 2059 erant
1158 2016 1205 2058 in
1231 2017 1436 2073 paradiso
1460 2017 1556 2060 Dei.

211 2075 247 2102 ¹⁰
265 2077 504 2132 Propterea
528 2076 628 2118 haec
654 2075 762 2118 dicit
787 2076 1005 2119 Dominus
1027 2077 1176 2119 Deus:
1196 2076 1289 2120 -Pro
1316 2090 1370 2120 eo
1397 2076 1514 2132 quod
1530 2076 1808 2119 <sublimatus
1841 2082 1908 2120 est
1938 2077 1987 2119 in

150 2135 410 2191 altitudine,
453 2141 496 2178 et
533 2135 656 2178 dedit
692 2135 998 2178 summitatem
1033 2150 1160 2179 suam
1200 2135 1418 2179 virentem
1449 2142 1582 2191 atque
1617 2136 1910 2192 condensam,
1942 2142 1986 2180 et

142 2194 373 2237 >elevatum
398 2200 463 2238 est
488 2209 562 2238 cor
587 2194 684 2251 ejus
700 2195 748 2237 in
766 2194 1005 2238 altitudine
1028 2209 1126 2253 sua,
1151 2194 1183 2220 ¹¹
1209 2195 1375 2237 tradidi
1396 2209 1497 2238 eum
1523 2194 1568 2237 in
1594 2209 1729 2237 manu
1751 2195 1984 2238 fortissimi

152 2254 375 2310 gentium,
408 2254 583 2297 faciens
612 2253 752 2297 faciet
783 2253 849 2306 ei;
881 2253 1010 2309 juxta
1035 2253 1313 2310 impietatem
1339 2254 1435 2310 ejus
1458 2254 1574 2309 ejeci
1605 2268 1721 2297 eum.
1750 2252 1784 2279 ¹2
1803 2255 1860 2296 Et
1887 2269 1984 2298 suc-

153 2313 302 2355 cident
339 2328 440 2356 eum
476 2313 632 2367 alieni,
669 2318 714 2356 et
747 2313 1040 2356 crudelissimi
1077 2313 1331 2368 nationum,
1370 2318 1414 2355 et
1448 2313 1688 2369 projicient
1721 2327 1824 2355 eum
1857 2327 1986 2370 super

151 2379 353 2426 montes,
379 2378 423 2416 et
457 2373 505 2414 in>
536 2373 707 2415 cunctis
738 2372 1015 2414 convallibus
1045 2377 1249 2415 corruent
1277 2372 1389 2414 rami
1418 2372 1536 2428 ejus,
1570 2377 1616 2415 et
1648 2372 1986 2428 confringentur

79 2480 82 2481 ⁷
140 2432 332 2474 *arbusta
360 2433 458 2488 ejus
483 2432 529 2474 in
558 2431 774 2474 universis
802 2431 985 2488 rupibus
1009 2436 1163 2474 terrae:
1198 2436 1242 2474 et
1272 2431 1482 2474 recedent
1511 2431 1564 2474 de
1596 2431 1856 2474 umbraculo
1889 2432 1984 2487 ejus

141 2505 304 2534 omnes
337 2491 490 2548 populi
524 2496 673 2546 terrae,
712 2496 756 2534 et
787 2491 1039 2546 relinquent
1075 2505 1189 2534 eum.
1225 2490 1260 2516 ¹3
1284 2490 1340 2532 In
1376 2490 1502 2533 ruina
1540 2491 1636 2547 ejus
1670 2490 1986 2534 habitaverunt

141 2551 300 2593 -omnia
323 2551 524 2593 volatilia
554 2551 674 2605 caeli,
702 2556 744 2593 et
768 2550 815 2593 in
840 2550 973 2592 ramis
1000 2550 1096 2606 ejus
1125 2550 1307 2592 fuerunt
1340 2549 1558 2592 universae
1588 2549 1743 2593 bestiae
1776 2549 1984 2605 regionis.

155 2610 188 2636 ¹4
205 2610 503 2660 Quamobrem
536 2624 624 2653 non
657 2609 950 2653 elevabuntur
977 2609 1023 2651 in
1047 2609 1285 2651 altitudine
1317 2623 1397 2651 sua
1419 2609 1571 2651 omnia
1599 2609 1723 2664 ligna
1747 2623 1982 2665 aquarum,

151 2683 233 2712 nec
258 2675 425 2726 ponent
455 2669 778 2712 sublimitatem
807 2683 932 2711 suam
961 2668 1076 2711 inter
1101 2682 1331 2711 nemorosa
1358 2674 1490 2723 atque
1519 2667 1760 2722 frond05a3
1786 2681 1868 2711 nec
1896 2674 1984 2711 sta-

150 2729 264 2772 bunt
287 2729 334 2772 in
363 2728 639 2772 sublimitate
669 2743 748 2772 sua
773 2728 920 2771 omnia
946 2742 1044 2783 quae
1069 2727 1309 2783 irrigantur
1331 2727 1483 2783 aquis,
1513 2728 1618 2783 quia
1650 2740 1802 2770 omnes
1831 2727 1983 2770 traditi

139 2794 253 2832 -sunt
274 2788 319 2830 in
342 2794 530 2832 mortem
554 2788 611 2831 ad
634 2793 796 2831 terram
817 2787 1043 2843 ultimam,
1070 2786 1116 2829 in
1144 2785 1291 2829 medio
1319 2786 1510 2828 filiorum
1540 2787 1790 2840 hominum,
1821 2786 1879 2829 ad
1910 2800 1984 2830 eos

151 2848 224 2904 qui
247 2847 523 2891 descendunt
544 2848 590 2890 in
612 2847 773 2890 lacum.

212 2907 246 2934 ¹5
265 2908 378 2951 Haec
401 2907 509 2950 dicit
536 2907 753 2950 Dominus
772 2907 919 2950 Deus:
938 2906 993 2948 In
1010 2906 1082 2949 die
1099 2905 1275 2961 quando
1294 2905 1524 2949 descendit
1539 2904 1598 2947 ad
1621 2904 1808 2960 inferos,
1826 2903 1984 2948 induxi

142 2967 347 3023 vluctum;
376 2967 526 3024 operui
552 2981 653 3009 eum
682 2965 862 3022 abysso,
895 2970 940 3008 et
968 2964 1172 3022 prohibui
1205 2964 1388 3007 flumina
1411 2965 1532 3020 ejus,
1567 2968 1611 3007 et
1638 2963 1814 3007 coercui
1844 2978 1982 3020 aquas

149 3026 338 3081 multas3
366 3026 654 3069 contristatus
677 3031 744 3068 est
767 3039 898 3082 super
918 3038 1020 3067 eum
1043 3024 1253 3078 Libanus,
1274 3028 1319 3067 et
1341 3024 1490 3066 omnia
1511 3023 1634 3079 ligna
1651 3023 1748 3079 agri
1770 3037 1983 3066 concussa

139 3091 266 3128 sunt.
293 3085 389 3128 16Α
419 3086 567 3129 sonitu
595 3085 735 3128 ruinae
769 3085 866 3140 ejus
899 3083 1118 3126 commovi
1150 3088 1328 3139 gentes,
1363 3097 1464 3126 cum
1493 3082 1758 3126 deducerem
1791 3096 1893 3126 eum
1925 3082 1982 3125 ad

150 3143 378 3187 infernum
403 3159 505 3188 cum
534 3145 603 3188 his
628 3144 701 3200 qui
732 3142 1064 3187 descendebant
1087 3142 1133 3184 in
1159 3142 1330 3197 lacum3
1353 3148 1397 3185 et
1422 3142 1649 3185 consolata
1673 3147 1777 3184 sunt
1798 3142 1847 3184 in
1867 3146 1982 3184 terra

148 3203 303 3247 infima
329 3205 478 3248 omnia
504 3204 627 3260 ligna
644 3202 886 3259 voluptatis
905 3201 1085 3257 egregia
1105 3207 1238 3257 atque
1259 3201 1473 3258 praeclara
1493 3201 1540 3244 in
1567 3201 1754 3255 Libano,
1777 3201 1982 3243 universa

151 3276 248 3319 quae
275 3264 576 3319 irrigabantur
604 3263 743 3319 aquis.
778 3262 808 3288 ¹7
834 3262 951 3303 Nam
976 3266 1020 3304 et
1048 3260 1132 3317 ipsi
1159 3275 1261 3304 cum
1293 3275 1344 3304 eo
1377 3260 1649 3304 descendent
1679 3260 1727 3302 in
1755 3259 1982 3302 infernum

140 3322 206 3366 ad
235 3323 499 3366 interfectos
525 3323 701 3379 gladio3
725 3328 769 3365 et
791 3320 1023 3363 brachium
1049 3319 1395 3376 uniuscujusque
1417 3320 1593 3364 sedebit
1617 3319 1698 3362 sub
1722 3317 1983 3361 umbraculo

144 3382 247 3437 -ejus
272 3382 319 3424 in
347 3382 494 3425 medio
520 3382 765 3425 nationum.
790 3381 824 3407 ¹8
847 3379 929 3424 Cui
962 3379 1233 3422 assimilatus
1262 3393 1327 3433 es,
1359 3394 1384 3423 o
1412 3380 1579 3435 inclyte
1613 3383 1746 3434 atque
1778 3376 1982 3420 sublimis

146 3439 266 3484 inter
290 3441 414 3497 ligna
439 3441 713 3498 voluptatis?
741 3442 856 3483 Ecce
882 3439 1097 3482 deductus
1120 3453 1168 3482 es
1194 3453 1294 3481 cum
1320 3438 1454 3494 lignis
1476 3437 1718 3495 voluptatis
1738 3437 1797 3480 ad
1819 3441 1982 3479 terram

150 3499 383 3555 ultimam3
421 3500 469 3543 in
509 3501 656 3547 medio
695 3498 1105 3543 incircumcisorum
1147 3497 1360 3553 dormies,
1399 3512 1499 3540 cum
1540 3497 1602 3540 eis
1642 3496 1717 3552 qui
1752 3495 1982 3539 interfecti

138 3563 255 3601 :sunt
282 3558 462 3614 gladio:
497 3559 591 3617 ipse
624 3564 690 3603 est
720 3559 909 3611 Pharao,
943 3562 986 3600 et
1018 3556 1162 3600 omnis
1193 3556 1432 3599 multitudo
1465 3556 1586 3612 ejus,
1621 3555 1731 3599 dicit
1764 3554 1981 3598 Dominus

140 3616 286 3662 Deus.

2086 963 2263 991 Oraculum

2084 1006 2238 1039 quintum
2255 1015 2261 1034 ε

2053 1053 2084 1079 1⁰
2096 1050 2292 1079 Sublimitas

2117 1096 2232 1122 Assur.

2087 2092 2120 2117 2⁰
2150 2083 2256 2118 Assur

2103 2136 2238 2166 propter

2078 2177 2265 2210 superbiam

2066 2221 2275 2250 humiliatus.

2068 2927 2100 2954 3⁰
2121 2924 2274 2953 Effectus

2046 2967 2151 3002 hujus
2164 2968 2284 3003 ruinae;

2092 3012 2244 3046 AEgyptii

2105 3057 2232 3090 pariter

2075 3100 2276 3149 evertendi..
