2423 3861
452 93 537 135 [372
1075 91 1217 152 PRoY.
1251 91 1314 147 X,
1351 91 1402 133 11
1437 116 1498 124 -—
1529 89 1619 146 XI,
1652 90 1693 134 5.

747 269 790 306 et
815 263 976 305 stultus
1001 261 1132 304 labiis
1158 261 1475 305 verberabitur.

629 322 661 348 ¹¹
686 324 812 365 Vena
833 321 938 364 vitae
965 335 1011 363 os
1036 320 1167 377 justi,
1567 367 1573 370 ,

748 387 791 424 et
817 395 863 424 os
884 380 1124 437 impiorum
1147 380 1289 437 operit
1313 380 1613 436 iniquitatem.

628 440 665 467 ¹⁶²
687 440 850 485 Odium
874 439 1063 482 suscitat
1086 439 1227 496 rixas,

747 505 790 543 et
814 500 1020 543 universa
1047 499 1212 542 delicta
1238 499 1380 557 operit
1406 500 1581 543 caritas.

628 560 664 587 ¹3
684 560 739 603 In
767 559 897 602 labiis
923 559 1138 616 sapientis
1164 559 1389 603 invenitur
1414 558 1654 616 sapientia,

745 625 788 663 et
813 619 943 675 virga
968 619 1013 661 in
1035 619 1163 662 dorso
1191 619 1286 675 ejus
1309 619 1383 675 qui
1410 619 1584 675 indiget
1606 618 1751 662 corde.

627 678 663 705 ¹4
686 679 917 736 Sapientes
942 678 1225 722 abscondunt
1249 679 1485 721 scientiam
1506 696 1514 733 ;

744 752 789 781 os
815 744 965 781 autem
987 738 1112 780 stulti
1139 738 1391 782 confusioni
1418 739 1671 795 proximum
1696 742 1775 782 est.

627 797 662 824 ¹5
682 797 944 841 Substantia
971 797 1124 841 divitis
1150 797 1252 840 urbs
1279 797 1560 841 fortitudinis
1586 798 1713 854 ejus3

744 872 882 915 pavor
905 872 1152 914 pauperum
1177 861 1351 913 egestas
1378 871 1541 900 eorum.

627 917 664 944 ¹⁶
685 918 806 975 Opus
831 917 938 974 justi
965 917 1022 960 ad
1049 916 1210 973 vitam,

744 978 918 1020 fructus
940 982 1092 1019 autem
1117 976 1244 1033 impii
1266 976 1323 1020 ad
1346 982 1594 1033 peccatum.

627 1036 660 1064 ¹⁷
683 1037 772 1081 Via
797 1037 902 1079 vitae
929 1036 1196 1080 custodienti
1225 1036 1511 1092 disciplinam
1532 1054 1541 1091 ς

744 1096 818 1152 qui
841 1101 990 1139 autem
1016 1095 1344 1152 increpationes
1369 1095 1581 1152 relinquit
1606 1101 1734 1140 errat.

626 1155 662 1183 ¹8
683 1155 980 1199 Abscondunt
1006 1155 1156 1198 odium
1182 1154 1304 1197 labia
1328 1155 1563 1198 mendacia
1584 1173 1592 1210 3

743 1215 816 1271 qui
842 1215 1013 1271 profert
1039 1214 1359 1258 contumeliam
1384 1215 1601 1272 insipiens
1625 1218 1705 1258 est.

625 1273 662 1302 ¹9
682 1275 737 1319 In
763 1273 1043 1330 multiloquio
1071 1288 1157 1317 non
1184 1274 1327 1317 deerit
1351 1280 1607 1331 peccatum,

744 1334 816 1391 qui
839 1340 988 1377 autem
1015 1333 1269 1377 moderatur
1294 1333 1416 1377 labia
1437 1349 1516 1378 sua
1542 1334 1913 1391 prudentissimus
1941 1341 2022 1382 est.

623 1394 661 1422 90
680 1395 932 1450 Argentum
960 1394 1151 1437 electum
1177 1393 1333 1450 lingua
1359 1394 1469 1450 justi
1490 1412 1499 1449 3

744 1468 817 1496 cor
841 1460 992 1496 autem
1017 1453 1256 1510 impiorum
1282 1468 1360 1510 pro
1386 1454 1540 1498 nihilo.

624 1513 658 1541 ²¹
682 1512 825 1557 Labia
849 1513 959 1570 justi
983 1513 1189 1556 erudiunt
1214 1513 1428 1570 plurimos
1449 1531 1457 1568 3

742 1573 814 1629 qui
837 1578 987 1616 autem
1007 1572 1178 1615 indocti
1204 1578 1307 1615 sunt
1327 1573 1374 1615 in
1399 1574 1542 1616 cordis
1569 1579 1768 1630 egestate
1790 1574 2051 1619 morientur.

623 1633 661 1660 Ἦ
682 1632 944 1678 Benedictio
970 1632 1149 1675 Domini
1177 1631 1339 1676 divites
1361 1633 1495 1689 facit,

742 1707 822 1736 nec
848 1691 1090 1735 sociabitur
1115 1691 1177 1735 eis
1203 1691 1398 1736 afflictio.

625 1752 662 1780 23
681 1752 814 1804 Quasi
836 1767 913 1809 per
933 1752 1071 1794 risum
1093 1752 1256 1795 stultus
1283 1757 1489 1809 operatur
1511 1753 1676 1811 sceluS,

740 1811 960 1869 sapientia
984 1817 1136 1855 autem
1162 1816 1228 1855 est
1252 1811 1347 1854 viro
1372 1812 1624 1868 prudentia.

626 1871 661 1900 24
682 1872 805 1923 Quod
832 1871 961 1914 timet
982 1871 1145 1927 impius
1171 1870 1321 1914 veniet
1343 1886 1474 1928 super
1501 1886 1600 1914 eum
1619 1889 1628 1927 3

743 1931 1009 1975 desiderium
1037 1946 1166 1973 suum
1188 1930 1322 1987 justis
1348 1931 1541 1975 dabitur.

624 1991 661 2019 2⁵
683 1991 817 2043 Quasi
844 1996 1086 2047 tempestas
1112 1990 1333 2033 transiens
1358 2005 1447 2034 non
1471 1991 1553 2035 erit
1578 1991 1771 2050 impius;

743 2051 888 2107 justus
914 2056 1065 2093 autem
1092 2050 1216 2106 quasi
1238 2050 1587 2094 fundamentum
1609 2052 1945 2109 sempiternum.

623 2111 660 2139 ‘2ss
684 2110 808 2155 Sicut
833 2116 1011 2153 acetum
1033 2109 1262 2166 dentibuS,
1291 2116 1334 2153 et
1355 2111 1507 2153 fumus
1530 2111 1690 2169 oculis,

742 2170 805 2214 sic
830 2170 956 2227 piger
976 2169 1046 2212 his
1073 2169 1147 2226 qui
1172 2169 1388 2213 miserunt
1413 2184 1527 2214 eum.

622 2230 657 2257 27
680 2230 832 2274 Timor
858 2229 1041 2273 Domini
1067 2235 1262 2287 apponet
1285 2230 1399 2286 dies,

741 2295 785 2334 et
810 2289 915 2332 anni
940 2289 1180 2346 impiorum
1204 2289 1540 2333 breviabuntur.

623 2350 658 2377 28
680 2349 946 2406 Expectatio
968 2349 1190 2405 justorum
1212 2349 1392 2406 laetitia,

742 2424 841 2465 spes
867 2418 1018 2452 autem
1044 2408 1284 2466 impiorum
1310 2409 1487 2466 peribit.

625 2468 662 2495 29
683 2469 916 2512 Fortitudo
943 2468 1159 2525 simplicis
1187 2469 1259 2511 via
1287 2469 1488 2526 Domini,

744 2534 787 2572 et
810 2543 948 2586 pavor
969 2528 1038 2571 his
1064 2529 1138 2584 qui
1166 2534 1405 2586 operantur
1426 2529 1608 2575 malum.

625 2588 662 2616 3⁰
682 2589 838 2632 <Iustus
859 2588 907 2630 in
931 2594 1147 2631 aeternum
1174 2603 1262 2631 non
1285 2589 1650 2645 commovebitur,

743 2647 868 2704 impii
895 2653 1045 2691 autem
1071 2662 1159 2691 non
1185 2648 1458 2692 habitabunt
1482 2663 1613 2706 super
1633 2654 1810 2692 terram.

624 2708 657 2735 3¹
683 2708 741 2752 Os
763 2707 871 2763 justi
894 2707 1110 2764 parturiet
1135 2707 1404 2764 sapientiam
1424 2726 1433 2764 3

743 2767 897 2823 lingua
922 2781 1160 2823 pravorum
1185 2767 1363 2824 peribit.

625 2826 660 2853 32
683 2826 825 2870 Labia
851 2826 959 2883 justi
983 2826 1267 2870 considerant
1291 2827 1481 2884 placita,

743 2892 787 2929 et
812 2900 859 2929 os
881 2886 1119 2943 impiorum
1144 2901 1365 2943 perversa.

168 2949 352 3002 prox-'ferma
506 2946 613 2990 CAP.
637 2948 719 2990 XI.
744 2973 803 2978 —
825 2945 838 2971 ¹
858 2946 1033 2989 Statera
1060 2945 1211 2989 dolosa
1234 2946 1509 2990 abominatio
1535 2951 1602 2990 est
1626 2950 1745 3004 apud
1769 2948 2035 3004 Dominum,

161 3004 362 3033 promiscua.
744 3010 788 3049 et
813 3005 985 3062 pondus
1014 3019 1190 3061 aequum
1215 3006 1422 3049 voluntas
1445 3005 1557 3062 ejus.

645 3065 662 3090 ”²
684 3065 774 3109 Ubi
800 3064 937 3108 fuerit
963 3065 1189 3122 superbia,
1215 3065 1279 3108 ibi
1307 3065 1389 3109 erit
1414 3070 1458 3108 et
1484 3066 1782 3120 contumelia,

747 3124 822 3166 ubi
848 3129 998 3167 autem
1021 3130 1087 3167 est
1112 3124 1362 3181 humilitas,
1389 3124 1453 3167 ibi
1489 3131 1535 3171 et
1569 3125 1801 3183 sapientia.

645 3183 663 3209 3
685 3183 955 3240 Simplicitas
977 3184 1196 3240 justorum
1220 3184 1383 3241 diriget
1407 3198 1501 3241 eos,

745 3248 788 3286 et
812 3243 1117 3299 supplantatio
1138 3258 1445 3301 perversorum
1470 3243 1667 3287 vas-tabit
1687 3243 1802 3288 illos.

645 3301 663 3328 4
685 3302 785 3345 Non
806 3301 1048 3358 proderunt
1074 3302 1243 3346 divitiae
1269 3303 1316 3345 in
1343 3303 1414 3347 die
1439 3303 1649 3359 ultionis3

744 3361 918 3417 justitia
942 3367 1093 3405 autem
1119 3362 1327 3405 liberabit
1351 3378 1377 3406 a
1403 3367 1556 3406 morte.

646 3421 664 3447 5
684 3422 711 3464 J
717 3420 869 3464 ustitia
893 3420 1110 3477 simplicis
1136 3421 1299 3478 diriget
1322 3422 1444 3465 viam
1471 3422 1587 3478 ejus,

744 3484 788 3523 et
811 3479 858 3522 in
881 3479 1112 3537 impietate
1137 3495 1216 3523 sua
1242 3486 1415 3524 corruet
1438 3480 1617 3538 impius.

451 3627 496 3660 12]
518 3627 779 3663 Icor.xl1.¹,4.
805 3628 815 3654 1
838 3628 925 3654 retr.
947 3627 1002 3662 Ν,
1019 3629 1045 3654 s.
1063 3642 1098 3645 —
1116 3627 1144 3661 4]
1164 3626 1241 3658 sup.
1260 3627 1301 3660 X,
1319 3629 1343 3654 2.
