2423 3861
675 155 785 197 Aer.
819 154 944 209 xiv,
982 153 1034 196 15
1066 179 1125 184 —
1156 151 1356 206 xv,.18.
1814 150 1920 191 1231

577 256 669 267 —Affl-
675 258 1535 265 ----—-——————————————..—

104 342 246 382 mare,
269 332 312 370 et
341 325 491 369 omnia>
520 339 618 380 quae
646 325 687 366 in
715 325 776 367 eis
809 332 935 378 s-nnt3
968 324 999 349 ¹5
1026 323 1098 378 qui
1128 323 1170 365 in
1207 321 1440 378 praeteritis
1473 320 1835 376 generationibus
1861 320 1925 362 di-

106 386 225 428 misit
246 399 398 428 omnes
423 389 577 439 gentes
606 383 777 437 ingredi
805 383 898 424 vias
931 397 1045 425 suas.
1081 381 1112 407 ¹⁶
1143 383 1196 423 Et
1220 380 1399 435 quidem
1433 394 1516 422 non
1550 379 1643 421 sine
1673 378 1926 421 testimonio

101 444 389 500 semetipsum
415 442 611 497 reliquit,
638 442 926 484 benefaciens
952 440 1005 483 de
1032 440 1162 494 caelo,
1190 440 1299 481 dans
1325 439 1498 494 pluvias
1532 443 1575 481 et
1608 444 1805 493 tempora
1835 437 1928 479 fru-

106 503 285 557 ctifera,
320 501 510 558 implens
543 500 641 543 cibo
674 507 717 543 et
751 500 908 542 laetitia
945 499 1078 542 corda
1111 506 1272 540 nostra.
1312 498 1341 523 ¹⁷
1373 497 1430 539 Et
1469 498 1561 539 haec
1600 496 1816 550 dicentes,
1854 495 1927 537 vix

105 561 371 605 sedaverunt
396 560 546 602 turbas
572 573 631 601 ne
652 559 733 601 sibi
763 558 1055 601 immolarent.

166 620 198 646 ¹⁸
215 620 573 676 Sul·ie1·i›‘e11e'1·unt
597 625 745 661 autem
772 617 948 673 qnidam
973 615 1028 657 ab
1057 616 1295 658 Antiochia
1321 628 1364 658 ct
1391 615 1540 657 Iconio
1567 614 1736 668 Judaei,
1763 617 1807 655 et
1832 626 1926 668 per-

101 679 247 721 suasis⁴
274 677 432 732 turbis,
461 677 519 734 la·l
540 676 795 732 ,dantesque
830 675 1038 729 Paulum,
1074 680 1302 717 traxerunt
1336 680 1462 716 extra
1494 673 1743 727 civitatem,
1779 670 1928 714 existi—

103 743 276 780 mantes
306 751 404 779 eum
439 741 659 778 mortuum
700 749 806 778 esse.
853 734 886 760 19
915 733 1304 778 Circumdantibus
1345 740 1493 775 autem
1535 747 1634 774 eum
1677 729 1925 786 discipulis,

101 809 284 851 surgens
308 794 494 837 intravit
520 794 773 849 civitatem,
801 799 847 837 et
869 800 1042 849 postera
1073 791 1142 835 die
1176 792 1404 848 profectus
1434 799 1499 834 est
1525 805 1624 833 cum
1654 789 1857 832 Barnaba
1883 789 1927 831 in

102 854 293 898 Derben.

160 912 414 969 ‘²⁰Cumque
446 912 828 968 evangelizassent
858 911 1031 954 civitati
1063 911 1150 966 illi,
1186 916 1230 953 et
1263 909 1518 952 docuissent
1551 909 1731 963 inultos,
1767 907 1928 951 reversi

96 978 204 1016 sunt
230 973 456 1028 Lystram‚
483 977 528 1014 et
550 971 774 1025 Iconium,
803 975 845 1012 et
871 969 1178 1023 Antiochiam,
1203 968 1237 995 21
1259 968 1570 1012 confirmantes
1597 967 1769 1009 animas
1797 966 1928 1009 disci-

101 1031 323 1088 pulorum,
351 1031 726 1086 exhortantesque
747 1035 795 1072 ut
820 1035 1130 1085 permanerent
1153 1028 1200 1070 in
1222 1027 1328 1082 fide,
1355 1032 1400 1070 et
1425 1027 1631 1082 quoniam
1665 1040 1741 1082 per
1767 1025 1928 1068 multas

99 1090 411 1132 tribulationes
436 1094 606 1146 oportet
631 1103 709 1132 nos
734 1089 898 1131 intrare
920 1088 964 1130 in
991 1102 1178 1143 regnum
1204 1087 1298 1130 Dei.
1333 1085 1370 1112 22
1384 1086 1444 1129 Et
1476 1100 1575 1128 cnm
1598 1085 1930 1128 constituissent

100 1149 190 1192 illis
216 1163 290 1205 per
319 1148 516 1204 singulas
539 1148 748 1191 ecclesias
778 1147 1078 1204 presbyterOS,
1112 1152 1156 1190 et
1185 1151 1386 1189 orassent
1417 1159 1517 1188 cum
1550 1143 1928 1200 jejunationibus,

96 1207 525 1251 commendaverunt
565 1221 638 1250 eos
682 1207 892 1262 Domino,
923 1207 968 1248 in
1001 1220 1130 1262 quern
1160 1205 1454 1249 crediderunt.
1489 1204 1525 1230 23
1546 1205 1931 1258 Transeuntesque

102 1267 337 1321 Pisidiam,
366 1272 582 1310 ven-erunt
613 1265 658 1308 in
690 1265 1016 1322 Pamphyliam.
1049 1265 1084 1291 21
1105 1265 1162 1307 Et
1195 1265 1423 1320 loquentes
1459 1263 1644 1306 verbum
1676 1262 1860 1306 Domini.
1884 1262 1931 1304 in

102 1326 263 1382 Perge,
287 1325 609 1369 descenderunt
640 1325 684 1368 in
720 1325 962 1379 Attaliam3
999 1324 1035 1351 ‘2⁵
1053 1329 1098 1367 et
1125 1324 1230 1367 inde
1259 1323 1585 1379 navigaverunt
1622 1322 1928 1378 Antiochiam,

104 1385 220 1428 unde
247 1391 372 1428 era-nt
397 1384 548 1427 traditi
576 1385 732 1441 gratiae
760 1384 843 1427 Dei
868 1384 924 1426 in·
941 1398 1052 1440 opus·
1074 1383 1190 1440 quod
1221 1382 1566 1439 compleverunt.
1593 1380 1631 1407 26
1645 1382 1757 1426 Cum
1781 1386 1931 1424 autem

102 1444 325 1487 venissent
355 1449 400 1486 et
426 1449 771 1499 congregassent
807 1443 1061 1499 ecclesiam,
1103 1442 1348 1485 retulerunt
1389 1446 1554 1497 quanta
1593 1441 1775 1484 fecisset
1814 1441 1932 1483 Deus

98 1516 201 1545 cum
223 1503 333 1557 illis,
356 1508 400 1545 et
425 1502 529 1558 quia
556 1503 800 1559 aperuisset
828 1502 1035 1557 gentibus
1061 1501 1224 1545 ostium
1257 1501 1371 1544 fidei.
1406 1499 1440 1526 21
1465 1500 1626 1543 Mox-ati
1658 1506 1761 1542 sunt
1782 1505 1932 1542 autem

100 1568 275 1617 tempus
300 1576 388 1603 non
415 1561 639 1604 modicum
665 1575 766 1603 cum
788 1560 1030 1616 discipulis.

553 1684 575 1737 ξ
608 1682 671 1725 Π.
694 1708 761 1714 ---
780 1681 1023 1727 Concilium
1044 1682 1476 1737 Jerosolymitanum,

160 1799 267 1844 CAP.
294 1799 394 1841 XV.
423 1824 480 1830 —
502 1797 515 1824 1
532 1798 590 1840 Et
616 1797 797 1853 quidam
824 1797 1142 1841 descendentes
1180 1797 1234 1840 de
1263 1797 1444 1852 juda-za,
1480 1796 1699 1842 doce-bant
1729 1796 1891 1839 fratres
1923 1813 1932 1840 :

67 1904 69 1906 ,
97 1858 212 1908 Quia
237 1858 321 1900 nisi
348 1857 730 1900 circumcidamini
756 1857 1000 1900 secundum
1023 1871 1191 1900 morem
1216 1856 1380 1913 Moysi,
1412 1870 1499 1899 non
1529 1856 1715 1912 potestis
1752 1855 1930 1901 salvari.

101 1916 119 1942 2
139 1917 277 1960 Facta
304 1931 408 1972 ergo
433 1916 650 1960 seditione
672 1930 759 1959 non
787 1916 973 1959 minima
997 1916 1134 1959 Paulo
1153 1921 1195 1959 et
1216 1916 1436 1959 Barnabae
1462 1915 1673 1959 adversus
1699 1915 1817 1971 illos,
1844 1921 1932 1958 sta-

101 1982 279 2019 tuerunt
309 1981 356 2018 ut
387 1975 678 2019 ascenderent
700 1976 865 2018 Paulus
899 1982 945 2018 et
973 1975 1224 2027 Barnabas,
1253 1980 1297 2018 et
1322 1976 1503 2031 quidam
1532 1975 1609 2017 alii
1642 1989 1696 2018 ex
1729 1974 1848 2031 aliis,
1875 1974 1932 2017 ad

100 2035 324 2092 apostolos
353 2042 396 2079 et
429 2035 706 2092 presbyteros
738 2035 786 2078 in
819 2035 1092 2090 Jerusalem,
1127 2050 1256 2091 super
1289 2035 1371 2083 hac
1401 2035 1658 2091 quaestione.
1696 2034 1803 2077 3Illi
1830 2048 1932 2090 ergo

99 2094 285 2138 deducti·
318 2095 374 2137 ab
409 2095 616 2149 ecclesia,
651 2095 982 2151 pertransibant
1022 2095 1285 2150 Phoenicen,
1321 2099 1364 2137 et
1399 2094 1667 2149 Samariam,
1702 2100 1932 2136 narrantes

101 2154 435 2197 conversionem
453 2154 655 2209 gentium
671 2171 679 2208 3
697 2159 741 2197 et
764 2154 995 2197 faciebant
1012 2154 1224 2210 gaudium
1248 2168 1460 2210 magnum
1481 2153 1684 2196 omnibus
1703 2153 1930 2196 fratribus.

99 2213 119 2239 4
145 2213 255 2256 Cum
287 2218 438 2257 autem
473 2213 700 2256 venissent
733 2213 1080 2269 Jerosolymam‚
1118 2213 1311 2270 suscepti
1348 2219 1454 2256 sunt
1484 2213 1539 2255 ab
1567 2213 1777 2267 ecclesia,
1808 2218 1850 2256 et
1875 2211 1931 2255 ab

98 2272 312 2329 apostolis
355 2277 398 2315 et
435 2272 700 2326 senioribus,
740 2273 1060 2315 annuntiantes
1094 2279 1260 2328 quanta
1305 2274 1425 2316 Deus
1464 2273 1646 2315 fecisset
1683 2287 1782 2315 cuin
1826 2271 1929 2317 illis.

101 2331 428 2375 ⁵Surrexerunt
467 2336 617 2375 autem
657 2332 837 2388 quidam
875 2332 936 2376 de·
965 2332 1123 2377 haeresi
1164 2332 1482 2389 pharisaeorum
1519 2331 1592 2388 qui
1630 2331 1930 2387 crediderunt,

100 2391 303 2492 &cen-tes
335 2390 479 2442 :Quia
505 2396 677 2448 oportet
703 2391 961 2434 circumcidi
988 2406 1082 2448 eos,
1105 2392 1346 2449 praecipere
1378 2405 1549 2447 quoque
1583 2405 1757 2434 servare
1786 2391 1932 2447 legem

100 2480 118 2492 i
148 2464 259 2506 oyffl.

163 2510 181 2536 G
198 2509 596 2567 Conveneruntque
620 2511 813 2568 apostoli
833 2517 879 2555 et
903 2513 1099 2555 seniores
1122 2512 1272 2555 videre
1299 2512 1353 2555 d³e
1385 2511 1519 2556 verbo
1548 2511 1644 2554 hoc.
1681 2510 1695 2536 ⁷
1719 2511 1831 2555 Cum
1856 2525 1932 2554 au-

102 2574 193 2612 tem
217 2584 383 2625 magna
405 2570 668 2626 conquisitio
690 2572 833 2626 fieret,
860 2585 1044 2627 surgens
1070 2572 1226 2615 Petrus
1260 2571 1380 2614 dixit
1404 2571 1459 2614 ad
1487 2585 1558 2614 eos
1588 2587 1596 2614 :
1629 2570 1722 2613 Viri
1748 2570 1930 2626 fratres,

103 2642 179 2670 vos
204 2628 327 2671 scitis
353 2628 562 2685 quoniam
587 2629 643 2672 ab
669 2630 862 2686 antiquis
889 2630 1044 2673 diebus
1069 2632 1188 2674 Deus
1212 2631 1258 2673 in
1283 2631 1409 2674 nobis
1436 2629 1592 2685 elegit,
1615 2644 1692 2686 per
1712 2644 1759 2672 os
1784 2644 1933 2672 meum

103 2687 256 2730 audire
277 2693 434 2744 gentes
459 2689 646 2732 verbum
678 2690 922 2746 evangelii,
950 2697 993 2733 et
1027 2690 1215 2740 credere.
1246 2690 1262 2717 8
1282 2692 1339 2733 Et
1368 2690 1440 2746 qui
1474 2689 1598 2732 novit
1631 2688 1765 2732 corda
1793 2690 1931 2744 Deus,

102 2746 409 2790 testimonium
434 2748 680 2804 perhibuit,
705 2749 813 2791 dans
840 2749 930 2792 illis
955 2749 1168 2806 Spiritum
1201 2755 1428 2805 sanctum,
1455 2749 1569 2792 sicut
1602 2754 1645 2791 et
1679 2748 1830 2803 nobis3
1855 2747 1874 2774 9
1890 2756 1934 2791 et

105 2805 216 2848 nihil
241 2806 452 2850 discrevit
475 2807 592 2850 inter
617 2821 696 2851 nos
720 2813 764 2851 et
788 2808 901 2864 illos,
921 2809 1008 2852 fide
1032 2809 1270 2865 purificans
1293 2808 1425 2851 corda
1447 2822 1607 2851 eorum.
1630 2806 1664 2833 ¹⁰
1679 2807 1810 2850 Nunc
1830 2821 1933 2863 ergo

101 2865 213 2921 *quid
237 2865 418 2908 tentatis
446 2867 615 2923 Deum,
641 2867 868 2923 imponere
893 2868 1051 2924 jugum
1073 2882 1204 2924 super
1230 2867 1421 2910 cervices
1453 2866 1790 2923 discipulorum,
1817 2866 1933 2923 quod

103 2939 245 2981 neque
271 2930 417 2981 patres
440 2925 576 2968 nestri
600 2940 743 2981 neque
768 2940 847 2969 nos
874 2934 1047 2983 portare
1073 2926 1333 2983 potuimus?
1354 2925 1385 2952 11
1416 2926 1499 2970 Sed
1525 2940 1607 2982 per·
1627 2925 1819 2982 grat-iam
1845 2927 1933 2969 Do-

105 2984 213 3026 mini
240 2985 266 3027 J
272 2999 347 3027 esu
373 2984 543 3028 Christi
560 2984 780 3028 credimus
804 2986 988 3042 salvari,
1013 2986 1388 3040 quemadmodum
1410 2991 1454 3030 et
1474 2985 1555 3028 illi.

165 3042 378 3087 1-‘2-'Tacuit
402 3050 553 3087 autem
576 3044 718 3087 omnis
739 3044 980 3088 multitudo
996 3062 1013 3099 ;Ἰ
1035 3050 1078 3088 et
1102 3045 1347 3088 audiebant
1374 3045 1626 3088 Barnabam
1653 3050 1703 3088 et·
1722 3045 1931 3101 Paulum,

104 3108 335 3147 narrantes
372 3109 539 3159 quanta
576 3103 694 3146 Deus
731 3104 914 3147 fecisset
951 3103 1079 3160 signa
1113 3110 1160 3147 et·
1189 3104 1392 3161 prodigia
1427 3104 1474 3146 in
1507 3104 1714 3160 gentibus
1743 3119 1820 3161 per
1847 3109 1933 3147 eosL

106 3161 143 3188 '¹3
157 3164 214 3205 Et
234 3168 469 3220 postquam
491 3168 745 3218 tacuerunt,
771 3163 1000 3220 respondit
1021 3164 1048 3206 J
1053 3163 1231 3219 acobus,
1259 3163 1414 3206 dicens·
1432 3180 1445 3207 τ
1467 3163 1564 3206 Viri
1586 3163 1760 3218 fiatres,
1783 3163 1934 3206 audite

104 3236 190 3265 me.
213 3221 414 3265 “Simon
439 3222 639 3265 narravit
668 3222 1044 3278 quemadmodum
1073 3222 1268 3280 primum·
1299 3223 1418 3266 Deus
1449 3223 1650 3265 visitavit
1679 3236 1849 3265 sumere
1880 3236 1934 3264 ex

105 3281 312 3336 gentibus
339 3281 551 3339 populum
576 3282 744 3325 nomini
770 3295 861 3325 suo;
890 3281 925 3308 ¹5
943 3283 1007 3324 Et·
1024 3281 1127 3325 huie
1152 3282 1423 3326 concordant
1443 3282 1578 3325 verba
1599 3282 1931 3338 prophetarum,

104 3340 221 3382 sicut
240 3343 453 3396 scriptum
477 3346 569 3385 est:
589 3341 624 3368 ¹⁶
643 3342 750 3385 Post
770 3341 864 3384 haec
889 3347 1096 3396 revertar,
1116 3346 1163 3384 et
1181 3341 1462 3385 reaedificabo
1486 3340 1823 3384 tabernaculum
1846 3341 1933 3382 Da-

107 3399 203 3455 vid,
230 3400 344 3455 quod
368 3400 623 3456 decidit5>et
648 3401 792 3444 diruta
815 3401 912 3456 ejus
936 3401 1227 3457 reaedifi‘eabo,
1244 3406 1288 3444 et
1308 3401 1476 3457 erigam
1501 3400 1638 3454 illud3
1672 3399 1703 3425 ¹⁷
1723 3404 1772 3441 ut
1792 3399 1934 3454 requi-

105 3468 209 3501 rant
232 3459 366 3502 ceteri
390 3460 621 3503 hominum
648 3460 910 3515 Dominum,
938 3467 981 3503 et
1003 3475 1157 3504 omnes
1180 3466 1356 3516 gentes,
1383 3474 1514 3516 super
1537 3473 1644 3514 quas
1677 3458 1946 3500 invocatum'

106 3524 174 3560 est
203 3532 363 3562 nornen
397 3533 565 3575 meum,
600 3519 710 3562 dicit
743 3519 960 3562 Dominus
990 3519 1167 3563 faciens
1198 3520 1306 3563 haec.
1345 3519 1378 3546 ¹⁸
1397 3519 1563 3561 Notum
1600 3532 1626 3559 a
1665 3516 1826 3560 saeculo
1868 3522 1934 3560 est

108 3666 157 3699 25]
179 3666 465 3701 Sup.X111,1.—
484 3667 512 3700 1]
531 3666 598 3695 Gal.
616 3667 656 3700 v,
673 3669 697 3695 2.
715 3681 751 3686 —
772 3665 801 3698 7]
818 3664 897 3696 sup.
916 3663 965 3699 x,
985 3666 1028 3692 20.
1047 3679 1081 3683 —
1099 3665 1130 3697 ε]
1147 3664 1224 3696 sup.
1243 3663 1292 3697 x,
1307 3666 1349 3690 45.
1372 3677 1404 3681 —
1425 3663 1471 3694 xc]
1492 3664 1564 3689 Am.
1586 3662 1652 3697 ix,
1676 3665 1718 3689 ιι.

2015 911 2159 940 Reditus
2185 911 2217 939 in

2010 954 2225 983 Antiochiam

2062 999 2173 1032 syriae.

2002 1806 2238 1838 Controversia

2036 1853 2075 1880 de
2093 1854 2204 1880 obser-

2015 1905 2032 1925 v
2038 1896 2141 1925 antiis
2158 1902 2227 1924 mo-

2065 1938 2175 1969 saicis.

2019 2519 2058 2546 In
2076 2516 2221 2546 concilio

2025 2560 2213 2589 deliberant

2042 2604 2197 2638 apostoli.
