2456 3861
649 79 735 123 JOB
769 79 998 134 xxvnr,
1032 79 1087 122 26
1120 105 1179 110 -
1209 78 1388 130 XXIX,
1422 76 1493 119 25.
1902 73 1984 116 531

171 177 1988 199 ,u———ffl—-ffi-——ss

460 255 502 294 et
525 262 662 305 aquas
688 247 903 304 appendit
922 247 969 289 in
996 261 1211 291 mensura.

345 309 381 335 ²⁶
398 307 582 360 Quando
603 305 798 364 ponebat
821 305 984 362 pluviis
1011 305 1177 361 legem,

462 373 505 411 et
528 366 648 409 viam
673 363 877 422 procellis
898 363 1178 420 sonantibus,

344 426 378 452 ‘²⁷
398 433 503 470 tunc
527 423 641 468 vidit
664 423 790 466 illam
816 428 859 466 et
881 422 1122 478 enarravit,

462 490 505 528 et
529 482 817 541 praeparavit,
844 486 889 524 et
908 481 1211 537 investigavit.

347 544 382 570 '²⁸
401 544 458 587 Et
483 542 596 586 dixit
620 539 789 585 homini
812 556 821 584 ε
850 541 965 583 Ecce
987 540 1120 582 timor
1147 539 1348 596 Domini,
1376 540 1471 597 ipsa
1497 545 1564 584 est
1585 538 1824 596 sapientia,

462 609 506 645 et
531 601 732 645 recedere
753 614 780 642 a
801 599 939 654 malo,
961 598 1276 654 intelligentia.

228 663 334 707 CAP.
362 662 530 705 XXIX.
553 685 611 692 —
635 659 649 686 1
670 658 858 702 Addidit
887 671 1060 714 quoque
1089 657 1189 712 Job,
1224 671 1453 700 assumens
1486 656 1744 713 parobolam
1777 670 1923 711 suam,
1950 660 1995 698 et
2065 664 2292 738 ³31>lptjistinn

170 720 282 764 dixit
311 738 319 763 :
2111 716 2129 738 e
2146 713 2267 742 lenas}

363 779 380 804 '2
398 779 502 830 Quis
525 778 634 821 mihi
656 777 821 820 tribuat
844 782 893 819 ut
917 776 1001 819 sim
1027 776 1156 831 juxta
1182 789 1356 818 menses
1381 774 1608 831 pristinos,

463 837 707 881 secundum
728 836 820 880 dies
843 835 1002 892 quibus
1029 836 1147 878 Deus
1170 833 1449 877 custodiebat
1474 847 1545 876 me
1559 833 1580 876 i>

365 896 383 922 3
401 896 583 948 Quando
606 895 870 953 splendebat
894 894 1073 938 lucerna
1098 894 1195 950 ejus
1221 907 1352 949 super
1377 897 1510 948 caput
1531 906 1700 948 meum,

465 959 510 999 et
533 955 590 998 ad
616 955 767 998 lumen
793 954 889 1010 ejus
914 953 1203 996 ambulabam
1228 951 1274 994 in
1299 951 1491 994 tenebris
1512 968 1521 1006 ;

365 1013 382 1040 ‘²
400 1013 514 1057 sicut
538 1014 607 1057 fui
631 1014 678 1056 in
709 1013 863 1057 diebus
885 1012 1200 1056 adolescentiae
1227 1025 1360 1066 meae,

465 1073 641 1128 quando
663 1078 829 1117 secreto
857 1073 977 1115 Deus
1003 1077 1094 1115 erat
1119 1071 1166 1113 in
1192 1069 1480 1113 tabernaculo
1500 1084 1630 1127 meo3

368 1131 385 1158 ⁵
402 1131 578 1187 quando
603 1138 696 1175 erat
722 1131 1012 1188 Omnipotens
1037 1144 1232 1185 mecum,

467 1195 511 1233 et
535 1190 582 1233 in
608 1191 795 1234 circuitu
818 1205 914 1234 meo
937 1190 1061 1246 pueri
1084 1189 1170 1232 mei
1191 1206 1200 1244 3

367 1249 385 1276 ‘⁵
401 1250 577 1305 quando
599 1250 808 1293 lavabam
833 1250 966 1307 pedes
993 1263 1112 1292 meos
1137 1249 1317 1305 butyro,

468 1313 511 1351 et
532 1314 656 1365 petra
678 1309 898 1352 fundebat
919 1308 1029 1350 mihi
1051 1308 1167 1351 rivos
1193 1307 1279 1350 olei
1299 1325 1308 1362 3

370 1367 384 1394 '¹
403 1368 577 1424 quando
603 1368 898 1425 procedebam
922 1367 978 1410 ad
1005 1372 1178 1424 portam
1201 1365 1412 1423 civitatis,

405 1470 411 1481 ,
465 1432 508 1470 et
532 1427 578 1469 in
601 1427 748 1484 platea
772 1427 991 1483 parabant
1016 1426 1274 1468 cathedram
1301 1425 1422 1470 mihi.

369 1486 386 1513 ⁸
403 1485 631 1529 Videbant
652 1499 725 1528 me
746 1485 951 1541 juvenes,
979 1489 1022 1528 et
1043 1483 1430 1527 abscondebantur
1447 1500 1457 1541 3

468 1550 512 1588 et
536 1559 662 1588 senes
687 1548 970 1600 assurgentes
995 1542 1188 1586 stabant.

370 1603 387 1631 9
403 1604 631 1661 Principes
656 1603 891 1647 cessabant
916 1601 1056 1659 loqui,

470 1669 514 1707 et
536 1663 729 1719 digitum
753 1661 1112 1719 superponebant
1137 1662 1198 1705 ori
1224 1676 1317 1706 suo.

358 1722 390 1749 ¹⁰
406 1724 575 1767 Vocem
600 1736 727 1765 suam
753 1721 1023 1764 cohibebant
1050 1721 1204 1776 duces,

470 1787 514 1825 et
538 1781 694 1838 lingua
719 1795 869 1824 eorum
895 1780 1063 1836 gutturi
1089 1795 1167 1823 suo
1193 1779 1465 1824 adhaerebat.

359 1841 388 1868 1¹
408 1841 541 1884 Auris
561 1841 748 1884 audiens
770 1839 1059 1884 beatificabat
1083 1854 1175 1896 me,

471 1906 513 1944 et
539 1900 691 1943 oculus
716 1899 873 1943 videns
895 1898 1201 1942 testimonium
1221 1899 1438 1942 reddebat
1462 1898 1590 1954 mihi,

358 1959 390 1986 ¹²
407 1974 456 2003 eo
482 1959 598 2015 quod
622 1959 882 2003 liberassem
906 1972 1145 2015 pauperem
1166 1957 1513 2013 vociferantem,

474 2024 518 2061 et
541 2019 762 2075 pupillum
788 2017 860 2061 cui
884 2032 973 2061 non
995 2022 1110 2061 esset
1134 2017 1326 2072 adjutor.

361 2079 392 2105 ¹3
411 2078 668 2121 Benedictio
691 2077 873 2134 perituri
898 2091 1029 2133 super
1050 2091 1121 2120 me
1145 2076 1377 2131 veniebat,

474 2142 518 2180 et
539 2151 613 2180 cor
634 2136 783 2179 viduae
809 2136 1060 2180 consolatus
1086 2150 1196 2178 sum.

362 2196 393 2222 ¹²*
412 2198 439 2239 J
443 2195 597 2239 ustitia
621 2195 803 2239 indutus
827 2211 946 2252 sum,

476 2261 519 2298 et
544 2254 704 2297 vestivi
730 2269 819 2310 me,
845 2255 962 2298 sicut
981 2255 1248 2299 vestimento
1274 2259 1318 2298 et
1339 2254 1613 2309 diademate,
1636 2252 1806 2310 judicio
1827 2265 1938 2294 meo.

358 2316 394 2341 '¹5
412 2314 576 2358 Oculus
597 2313 666 2356 fui
693 2327 832 2370 caeco,

478 2379 522 2417 et
546 2388 622 2431 pes
649 2372 820 2416 claudo.

359 2434 394 2460 1⁰
412 2434 545 2477 Pater
571 2447 691 2476 eram
716 2446 980 2489 pauperum,

477 2497 521 2536 et
546 2506 726 2535 causam
751 2505 883 2547 quam
908 2492 1161 2536 nesciebam
1183 2491 1524 2548 diligentissime
1549 2487 1891 2545 investigabam.

361 2552 393 2579 1⁷
414 2551 708 2595 Conterebam
733 2550 872 2593 molas
893 2550 1056 2608 iniqui,

477 2616 521 2655 et
543 2611 598 2654 de
622 2609 828 2653 dentibus
854 2609 975 2652 illius
999 2610 1260 2654 auferebam
1285 2608 1501 2666 praedam.

361 2670 396 2696 18
415 2669 719 2725 Dicebamque
744 2686 753 2713 ε
779 2669 836 2712 In
862 2667 1013 2712 nidulo
1040 2683 1137 2713 meo
1162 2668 1336 2723 moriar,

479 2733 524 2772 et
546 2729 661 2772 sicut
686 2728 836 2785 palma
863 2727 1171 2784 multiplicabo
1193 2727 1301 2771 dies.

363 2789 399 2815 19
417 2788 562 2832 Radix
583 2802 683 2831 mea
707 2793 860 2844 aperta
883 2792 949 2830 est
970 2801 1097 2830 secus
1117 2800 1274 2842 aquas,

479 2853 523 2891 et
542 2862 612 2891 ros
636 2847 880 2891 morabitur
901 2846 948 2888 in
974 2846 1191 2889 messione
1213 2859 1326 2888 mea.

357 2907 401 2934 ‘⁵²⁰
417 2906 570 2952 Gloria
592 2922 692 2951 mea
717 2920 888 2963 semper
913 2905 1213 2960 innovabitur,

479 2972 524 3010 et
548 2981 676 3010 arcus
698 2980 822 3010 meus
846 2965 892 3007 in
920 2978 1054 3007 manu
1079 2978 1177 3008 mea
1201 2963 1532 3008 instaurabitur.

362 3025 396 3052 ²¹
415 3025 499 3078 Qui
524 3040 596 3070 me
619 3025 884 3080 audiebant,
913 3023 1208 3080 expectabant
1229 3022 1517 3079 sententiam,

481 3091 525 3129 et
548 3085 711 3130 intenti
733 3084 942 3128 tacebant
963 3083 1020 3126 ad
1047 3083 1281 3126 consilium
1305 3096 1467 3125 meum.

364 3143 401 3170 '2'2
416 3145 577 3188 Verbis
603 3145 713 3188 meis
738 3144 902 3187 addere
924 3142 1036 3185 nihil
1057 3141 1301 3198 audebant,

481 3210 525 3248 et
545 3219 676 3261 super
700 3204 800 3247 illos
826 3202 1026 3245 stillabat
1047 3201 1270 3258 eloquium
1291 3215 1452 3245 meum.

362 3263 402 3290 23
418 3263 732 3321 Expectabant
757 3277 827 3306 me
853 3262 968 3304 sicut
990 3260 1208 3318 pluviam,

483 3328 528 3367 et
553 3337 599 3366 os
624 3337 752 3365 suum
777 3320 1038 3378 aperiebant
1061 3320 1186 3376 quasi
1207 3319 1264 3363 ad
1285 3318 1475 3362 imbrem
1500 3319 1754 3363 serotinum.

365 3381 401 3409 24
416 3382 464 3426 Si
484 3382 662 3438 quando
681 3381 882 3425 ridebam
907 3379 964 3422 ad
989 3393 1083 3435 eos,
1109 3393 1198 3422 non
1219 3379 1482 3434 credebant,

481 3447 527 3485 et
551 3441 629 3484 lux
651 3441 800 3484 vultus
822 3439 911 3483 mei
932 3452 1021 3481 non
1041 3438 1230 3482 cadebat
1251 3437 1297 3480 in
1321 3442 1498 3482 terram.

366 3499 402 3526 25
421 3500 466 3545 Si
489 3500 725 3544 voluissem
750 3500 813 3543 ire
833 3499 890 3542 ad
911 3511 1005 3554 θος,
1031 3497 1240 3542 sedebam
1263 3496 1455 3554 primus;

484 3573 670 3616 cumque
691 3559 890 3602 sederem
912 3556 1036 3613 quasi
1056 3571 1152 3613 rex,
1179 3555 1494 3599 circumstante
1519 3555 1737 3613 exercitu,
