2456 3861
844 106 891 149 II
927 106 1036 148 PAR.
1071 105 1177 161 XX,
1216 106 1374 148 10-31.
1936 105 2020 150 425

195 277 356 331 fames,
395 277 610 319 stabimus
646 291 794 319 coram
828 276 958 319 domo
990 276 1074 318 hac
1104 275 1147 318 in
1170 279 1408 331 conspectu
1448 278 1542 329 tuo,
1577 273 1622 316 in
1652 288 1737 329 qua
1767 274 2023 317 invocatum

198 340 264 378 est
304 349 464 378 nomen
501 341 650 390 tuum3
695 340 739 378 et
779 335 1071 377 clamabimus
1108 335 1162 376 ad
1205 340 1247 377 te
1281 334 1325 376 in
1363 332 1722 376 tribulationibus
1764 333 1947 388 nostris3
1979 337 2024 376 et

195 393 427 449 exaudies,
454 394 686 450 salvosque
706 394 860 437 facies
892 394 924 419 ¹0
950 394 1078 436 Nunc
1100 393 1235 447 igitur
1260 407 1362 436 ecce
1389 392 1467 434 filii
1490 393 1702 447 Ammon,
1727 397 1770 434 et
1800 392 1952 447 Moab,
1980 396 2024 435 et

197 467 323 495 mons
350 454 461 508 Seir,
489 468 566 509 per
588 468 694 509 quos
721 467 807 495 non
830 452 1083 495 concessisti
1113 451 1249 494 Israel
1274 457 1321 494 ut
1351 451 1588 494 transirent
1620 450 1794 506 quando
1825 451 2022 506 egredie-

197 511 359 554 bantur
380 512 434 554 de
460 513 680 568 AEgypto‚
715 511 790 554 sed
821 511 1157 553 declinaverunt
1189 511 1244 552 ab
1274 511 1356 564 eis,
1380 516 1424 553 et
1446 524 1531 553 non
1554 510 1876 553 interfecerunt
1897 510 2020 564 illos;

200 570 229 596 ¹¹
259 571 505 614 econtrario
537 576 696 626 agunt,
731 575 775 612 et
804 569 1003 611 nituntur
1036 569 1198 624 ejicere
1232 584 1309 611 nos
1339 569 1392 611 de
1426 569 1698 625 possessione
1727 583 1859 624 quam
1889 568 2023 611 tradi-

195 629 301 671 disti
322 630 461 673 nobis.
493 629 525 656 ¹2
552 630 671 673 Deus
693 633 859 682 noster,
883 641 987 682 ergo
1014 642 1099 670 non
1122 627 1344 682 judicabis
1371 628 1475 670 eos?
1502 628 1555 670 In
1583 628 1708 670 nobis
1731 628 1909 683 quidem
1936 641 2023 670 non

197 693 264 731 est
301 693 426 731 tanta
466 687 703 742 fortitudo,
743 691 790 729 ut
826 686 1044 742 possimus
1081 685 1182 728 huic
1217 685 1491 728 multitudini
1525 687 1746 741 resistere,
1774 701 1872 742 quaa
1900 686 2025 728 irruit

194 761 327 803 snper
355 762 446 790 nos.
475 747 557 791 Sed
591 760 691 788 cum
729 745 982 800 ignoremus
1004 744 1108 800 quid
1141 758 1272 799 agere
1306 743 1565 800 debeamus,
1601 745 1683 788 hoc
1717 745 1857 788 solum
1891 745 2024 788 habe-

199 820 294 848 mus
319 805 503 861 residui,
527 810 576 848 ut
600 804 748 847 oculos
773 808 944 846 nostros
970 803 1212 858 dirigamus
1236 803 1291 846 ad
1312 807 1368 845 te.

262 864 294 891 ¹3
319 864 473 909 Omnis
498 877 601 906 vero
624 862 742 905 Juda
767 862 915 905 stabat
938 876 1085 905 coram
1110 862 1325 917 Domino,
1357 876 1457 904 cum
1479 862 1694 918 parvulis,
1726 868 1770 905 et
1796 863 2023 918 uxoribus,

195 929 242 966 et
267 924 416 966 liberis
445 922 548 965 suis.

261 982 293 1008 ¹⁴
315 983 423 1024 Erat
448 985 598 1024 autem
624 981 849 1036 Jahaziel,
876 981 991 1024 filius
1017 980 1264 1036 Zachariae,
1290 980 1370 1023 filii
1407 981 1611 1035 Banaiae,
1639 980 1718 1022 filii
1753 981 1780 1023 J
1785 981 1919 1036 ehicl,
1947 981 2026 1024 filii

199 1040 464 1096 Mathaniae,
491 1040 648 1084 levites
673 1040 727 1083 de
749 1040 852 1083 filiis
874 1040 1041 1096 Asaph,
1071 1054 1200 1096 super
1224 1053 1355 1095 quem
1380 1039 1528 1082 factus
1554 1044 1621 1083 est
1645 1039 1824 1095 spiritus
1849 1040 2027 1082 Domini

198 1099 242 1142 in
263 1099 410 1142 medio
436 1099 602 1155 turbae3
631 1099 664 1126 ¹5
688 1104 733 1142 et
753 1099 818 1142 ait
845 1116 854 1143 :
878 1099 1133 1153 Attendite,
1156 1099 1299 1142 omnis
1325 1100 1350 1142 J
1358 1099 1464 1155 uda,
1499 1104 1543 1142 et
1567 1098 1641 1154 qui
1663 1098 1876 1141 habitatis
1900 1099 1927 1141 J
1932 1112 2026 1141 eru-

195 1158 356 1214 salem,
383 1164 428 1202 et
459 1164 529 1214 tu,
570 1173 647 1202 rex
684 1159 916 1215 Josaphat.
950 1158 1062 1201 Haec
1093 1157 1202 1201 dicit
1237 1158 1452 1201 Dominus
1481 1158 1606 1201 vobis
1632 1174 1641 1201 :
1676 1157 1826 1200 Nolite
1849 1157 2025 1213 timere,

194 1231 279 1260 nec
304 1218 505 1274 paveatis
538 1219 653 1261 hanc
691 1217 1048 1272 multitudinem3
1083 1232 1172 1261 non
1209 1222 1276 1260 est
1303 1217 1422 1260 enim
1448 1222 1596 1260 vestra
1627 1231 1799 1273 pugna,
1827 1216 1903 1259 sed
1931 1216 2026 1260 Dei.

196 1276 235 1303 '¹6
260 1277 365 1321 Cras
391 1277 669 1320 descendetis
688 1282 854 1333 *contra
888 1291 985 1331 eos;
1020 1276 1243 1320 ascensuri
1277 1276 1396 1320 enim
1425 1281 1527 1319 sunt
1559 1290 1636 1332 per
1661 1276 1825 1319 clivum
1851 1276 2029 1319 nomine

199 1336 286 1392 Sis,
309 1341 353 1379 et
375 1336 610 1379 invenietis
632 1336 733 1379 illos
764 1336 811 1379 in
837 1335 1094 1379 summitate
1123 1336 1329 1379 torrentis
1359 1335 1432 1391 qui
1462 1340 1529 1378 est
1562 1339 1715 1377 contra
1744 1335 2029 1378 solitudinem

197 1395 363 1438 Jeruel.
398 1395 432 1421 ⁴¹⁷
464 1396 563 1438 Non
590 1395 711 1438 eritis
743 1409 821 1438 vos
854 1395 927 1451 qui
963 1394 1260 1450 dimicabitis3
1295 1394 1371 1437 sed
1411 1394 1719 1437 tantummodo
1758 1394 2030 1437 confidenter

197 1459 334 1509 state,
361 1460 406 1497 et
430 1454 641 1497 videbitis
663 1454 881 1496 auxilium
906 1453 1086 1497 Domini
1110 1468 1239 1510 super
1263 1468 1362 1508 vos,
1386 1467 1410 1497 o
1443 1454 1470 1496 J
1476 1454 1562 1496 uda
1588 1457 1631 1495 et
1653 1453 1680 1495 J
1685 1453 1928 1508 erusalem3
1953 1467 2029 1496 no-

199 1513 276 1556 lite
298 1514 475 1568 timere,
500 1527 582 1556 nec
606 1513 832 1570 paveatis3
867 1527 961 1556 cras
996 1512 1286 1568 egrediemini
1321 1517 1473 1555 contra
1499 1526 1591 1567 eos,
1622 1516 1667 1554 et
1701 1512 1918 1554 Dominus
1948 1511 2031 1555 erit

198 1572 442 1616 vobiscum.
478 1572 512 1598 1⁸
538 1572 759 1628 Josaphat
788 1586 912 1628 ergo,
947 1576 992 1615 et
1025 1571 1166 1626 Juda,
1204 1577 1248 1614 et
1273 1585 1426 1614 omnes
1458 1570 1730 1614 habitatores
1757 1570 2027 1626 Jerusalem,

197 1631 452 1674 ceciderunt
476 1631 603 1687 proni
624 1631 669 1673 in
691 1636 855 1674 terram
877 1645 1025 1674 coram
1060 1630 1271 1686 Domino,
1298 1635 1343 1674 et
1367 1630 1663 1673 adoraverunt
1689 1644 1802 1672 eum.
1836 1629 1870 1655 ¹9
1896 1630 2030 1672 Porro

198 1690 349 1733 levitae
373 1691 426 1733 de
451 1690 554 1733 filiis
587 1690 750 1746 Caath,
776 1696 822 1733 et
846 1690 900 1733 de
933 1690 1035 1733 filiis
1068 1691 1197 1746 Core,
1230 1689 1475 1733 laudabant
1509 1688 1769 1744 Dominum,
1795 1689 1939 1732 Deum
1964 1689 2029 1731 Is-

196 1749 288 1792 rael
314 1764 420 1792 voce
447 1764 631 1805 magna,
660 1750 705 1792 in
729 1750 969 1795 excelsum.

256 1807 294 1835 20
318 1808 516 1864 Cumque
539 1823 669 1852 mane
695 1809 1000 1865 surrexissent,
1025 1809 1190 1865 egressi
1223 1814 1325 1852 sunt
1349 1824 1427 1866 per
1453 1809 1676 1852 desertum
1701 1808 1904 1864 Thecue3
1932 1823 2030 1865 pro-

197 1867 418 1923 fectisque
451 1868 535 1924 eis,
569 1873 692 1911 stans
725 1869 943 1926 Josaphat
971 1868 1016 1910 in
1050 1868 1197 1911 medio
1233 1882 1404 1924 eorum,
1438 1867 1553 1911 dixit
1583 1884 1591 1911 :
1624 1867 1789 1911 Audite
1819 1882 1910 1924 me,
1947 1867 2031 1910 viri

198 1928 227 1970 J
231 1927 317 1969 uda
343 1932 387 1970 et
411 1941 563 1970 omnes
586 1927 859 1971 habitatores
881 1927 1131 1971 Jerusalem
1157 1945 1166 1971 :
1195 1927 1361 1971 credite
1381 1928 1429 1970 in
1462 1927 1654 1970 Domino
1677 1927 1771 1970 Deo
1794 1931 1960 1983 vestro,
1987 1931 2031 1970 et

197 1986 339 2029 securi
365 1986 515 2041 eritis3
541 1986 707 2030 credite
727 1987 954 2044 prophetis
984 1987 1102 2043 ejus,
1127 1992 1171 2030 et
1200 1992 1362 2029 cuncta
1394 1986 1601 2030 evenient
1633 2000 1853 2042 prospera.
1881 1985 1915 2012 2¹
1944 1986 2029 2029 De-

199 2045 350 2100 ditque
373 2045 608 2088 consilium
628 2046 812 2102 populo,
835 2051 880 2089 et
904 2046 1059 2089 statuit
1081 2051 1282 2089 cantores
1309 2046 1512 2101 Domini,
1534 2050 1583 2088 ut
1608 2045 1841 2088 laudarent
1862 2059 1963 2088 eum
1985 2045 2032 2087 in

199 2104 354 2147 turmis
376 2103 486 2160 suis,
517 2110 561 2148 et
581 2105 898 2148 antecederent
918 2105 1186 2162 exercitum,
1209 2119 1262 2148 ac
1291 2120 1398 2149 voce
1424 2119 1617 2148 consona
1649 2104 1847 2147 dicerent
1877 2120 1885 2147 :
1918 2104 2031 2147 Con-

199 2162 387 2206 fitemini
414 2163 626 2219 Domino,
652 2164 862 2219 quoniam
882 2164 927 2206 in
952 2170 1167 2207 aeternum
1192 2163 1495 2208 misericordia
1519 2164 1630 2220 ejus.
1658 2162 1695 2189 22
1721 2164 1919 2219 Cumque
1945 2177 2031 2206 coe-

198 2222 368 2279 pissent
409 2222 564 2266 laudes
600 2237 777 2279 canere,
822 2223 957 2266 vertit
993 2224 1210 2267 Dominus
1247 2223 1434 2266 insidias
1475 2237 1626 2266 eorum
1662 2223 1709 2265 in
1749 2222 2028 2279 semetipsos,

198 2281 390 2324 filiorum
412 2282 584 2325 scilicet
609 2284 825 2338 Ammon,
853 2287 897 2325 et
922 2282 1076 2338 Moab,
1100 2287 1145 2326 et
1166 2283 1330 2326 montis
1357 2283 1470 2339 Seir,
1498 2282 1573 2338 qui
1595 2281 1760 2338 egressi
1781 2282 1963 2324 fuerant
1983 2286 2033 2325 ut

198 2346 451 2396 pugnarent
483 2346 636 2384 contra
664 2341 852 2396 Judam,
884 2347 928 2385 et
960 2342 1154 2398 percussi
1188 2347 1304 2385 sunt,
1343 2341 1380 2369 23
1412 2343 1616 2397 Namque
1644 2341 1724 2384 filii
1759 2342 1955 2384 Ammon
1988 2345 2033 2383 et

197 2400 332 2443 Moab
366 2406 735 2444 consurrexerunt
763 2401 998 2443 adversum
1028 2401 1300 2444 habitatores
1329 2401 1493 2444 montis
1515 2401 1629 2456 Seir,
1656 2405 1704 2443 ut
1731 2400 2033 2442 interficerent

199 2464 244 2502 et
271 2459 469 2503 delerent
505 2474 602 2514 eos3
643 2474 830 2515 cumque
863 2460 945 2502 hoc
986 2474 1114 2516 opere
1144 2465 1491 2516 perpetrassent,
1524 2460 1659 2503 etiam
1688 2459 1734 2501 in
1771 2459 2032 2515 semetipsos

198 2518 334 2574 versi,
357 2519 521 2562 mutuis
544 2519 775 2562 concidere
797 2518 1068 2562 vulneribus.
1094 2517 1131 2544 24
1154 2519 1286 2562 Porro
1313 2519 1341 2561 J
1346 2519 1434 2561 uda
1455 2533 1557 2562 cum
1578 2518 1773 2561 venisset
1794 2517 1850 2559 ad
1877 2531 2031 2573 specu-

198 2576 289 2620 lam
310 2592 408 2633 quae
432 2577 614 2635 respicit
635 2577 941 2633 solitudinem,
965 2577 1081 2620 vidit
1104 2578 1256 2634 procul
1283 2592 1459 2620 omnem
1485 2577 1574 2620 late
1600 2577 1828 2633 regionem
1850 2576 2031 2632 plenam

199 2637 516 2694 cadaveribus,
566 2651 647 2680 nec
687 2651 913 2694 superesse
954 2651 1219 2692 quemquam
1260 2636 1334 2692 qui
1373 2651 1529 2679 necem
1572 2636 1787 2693 potuisset
1828 2634 2030 2678 evadere.

198 2694 235 2722 25
260 2695 397 2739 Venit
418 2711 523 2753 ergo
549 2698 577 2740 J
582 2697 789 2754 osaphat,
817 2701 861 2739 et
886 2695 1029 2739 omnis
1058 2696 1245 2752 populus
1274 2710 1375 2738 cum
1398 2710 1470 2751 eo,
1500 2695 1556 2738 ad
1588 2694 1860 2738 detrahenda
1889 2694 2031 2750 spolia

199 2761 484 2801 mortuorum.
515 2756 876 2811 Inveneruntque
910 2755 1025 2798 inter
1054 2755 1269 2798 cadavera
1302 2753 1473 2797 variam
1506 2753 1849 2811 supellectilem,
1885 2758 2030 2796 vestes

198 2828 389 2870 quoque,
417 2820 462 2858 et
485 2830 592 2858 vasa
617 2815 955 2872 pretiosissima,
995 2819 1040 2857 et
1065 2813 1370 2870 diripuerunt;
1397 2814 1463 2857 ita
1487 2818 1536 2857 ut
1565 2813 1713 2856 omnia
1741 2817 1916 2870 portare
1942 2826 2031 2856 non

197 2880 396 2933 possent,
421 2888 502 2918 nec
526 2889 604 2932 per
625 2880 714 2918 tres
740 2874 834 2917 dies
859 2874 998 2931 spolia
1020 2873 1219 2928 auferre,
1245 2888 1336 2930 prae
1361 2873 1526 2930 praedae
1550 2872 1873 2928 magnitudine.

257 2932 294 2959 2⁶
324 2933 408 2977 Die
442 2939 592 2977 autem
625 2938 782 2990 quarto
815 2931 1073 2989 congregati
1106 2938 1208 2975 sunt
1241 2933 1287 2975 in
1316 2932 1447 2976 Valle
1477 2931 1829 2987 benedictionis3
1865 2930 2031 2974 etenim

196 2992 407 3048 quoniam
429 2993 493 3035 ibi
515 2993 837 3036 benedixerant
860 2992 1071 3047 Domino,
1098 2997 1370 3035 vocaverunt
1399 2991 1545 3035 locum
1578 2991 1704 3034 illum
1727 2990 1872 3035 Vallis
1897 2990 2030 3033 bene-

197 3051 427 3108 dictionis,
450 3066 588 3108 usque
611 3052 659 3095 in
683 3057 949 3109 praesentem
984 3051 1114 3094 diem.
1142 3049 1177 3077 2⁷
1205 3052 1508 3107 Reversusque
1535 3056 1601 3095 est
1626 3050 1769 3094 omnis
1794 3049 1862 3092 vir
1887 3050 1915 3092 J
1920 3049 2029 3105 uda,

197 3115 242 3153 et
266 3110 540 3154 habitatores
563 3111 833 3168 Jerusalem,
861 3117 905 3154 et
927 3111 954 3154 J
959 3110 1146 3167 osaphat
1173 3115 1278 3154 ante
1301 3125 1394 3167 eos,
1425 3110 1471 3153 in
1500 3110 1750 3153 Jerusalem
1783 3123 1884 3152 cum
1917 3108 2029 3150 laeti-

197 3169 262 3212 tia
301 3184 485 3226 magna,
525 3183 575 3213 eo
607 3170 724 3226 quod
761 3170 956 3214 dedisset
996 3169 1056 3213 eis
1096 3169 1312 3213 Dominus
1353 3169 1566 3227 gaudium
1604 3169 1658 3212 de
1695 3167 1888 3211 inimicis
1925 3167 2027 3209 suis.

198 3227 234 3255 2⁸
261 3229 543 3285 Ingressique
568 3229 738 3273 suntin
756 3230 1005 3273 Jerusalem
1028 3243 1128 3272 cum
1160 3229 1402 3285 psalteriis,
1435 3234 1480 3272 et
1509 3228 1712 3283 citharis,
1740 3232 1785 3271 et
1816 3226 1955 3281 tubis,
1982 3226 2028 3268 in

199 3287 382 3331 domum
409 3289 603 3332 Domini.
630 3288 667 3315 '²⁹
693 3289 827 3332 Irruit
851 3294 1001 3332 autem
1033 3302 1170 3344 pavor
1195 3288 1377 3331 Domini
1402 3302 1533 3345 super
1554 3288 1759 3331 universa
1780 3300 1917 3342 regna
1943 3290 2028 3328 ter-

199 3361 366 3404 rarum,
393 3362 495 3391 cum
526 3348 755 3391 audissent
784 3348 900 3404 quod
932 3351 1175 3404 pugnasset
1208 3347 1430 3397 Dominus
1455 3353 1609 3390 contra
1640 3345 1844 3389 inimicos
1874 3343 2028 3387 Israel.

202 3403 238 3431 ³⁰
258 3406 521 3463 Quievitque
542 3421 729 3463 regnum
752 3408 780 3450 J
785 3407 995 3464 osaphat,
1022 3412 1066 3449 et
1086 3406 1278 3462 praebuit
1296 3407 1335 3450 ei
1359 3409 1477 3450 Deus
1499 3420 1655 3463 pacem
1676 3420 1753 3462 per
1778 3403 2026 3446 circuitum.

260 3464 294 3490 3¹
323 3466 546 3522 Regnavit
567 3465 703 3522 igitur
727 3466 756 3509 J
760 3467 947 3523 osaphat
971 3479 1100 3521 super
1120 3465 1148 3508 J
1153 3465 1307 3521 udam,
1333 3470 1379 3509 et
1403 3470 1497 3508 erat
1524 3465 1710 3521 triginta
1732 3463 1925 3519 quinque
1950 3476 2027 3504 an-

203 3608 248 3641 10]
268 3608 366 3637 Dent.
384 3609 434 3643 11,
456 3611 481 3638 1.
498 3624 535 3629 -—
554 3611 603 3643 21]
622 3611 675 3638 ΡΞ.
693 3611 852 3640 CXXXV.
873 3613 898 3639 1.

2141 990 2292 1023 Benigua

2146 1033 2280 1062 Domini

2125 1077 2308 1111 responsio-

2140 1823 2290 1857 Insignis

2142 1867 2294 1896 victoria.

2126 3455 2301 3483 Postrema

2125 3500 2145 3528 J
2150 3499 2300 3532 osaphat.
