2456 3861
637 182 657 224 Ι
693 183 804 224 mm.
840 181 963 228 xiv,
998 182 1053 223 48
1086 206 1144 212 -
1177 179 1274 226 XV,
1307 179 1376 220 20.
1834 175 1919 216 267

98 353 135 382 ⁴3
156 356 520 411 Congregatoquc
553 352 769 407 exercitu,
805 351 1015 408 percussit
1052 349 1257 403 Amalec,
1296 354 1339 390 et
1373 346 1484 390 cruit
1522 345 1657 388 Israel
1696 344 1749 386 de
1786 357 1920 385 manu

99 419 372 456 vastatorum
397 413 505 469 ejus.

159 471 196 498 19
215 472 409 514 Fuerunt
433 476 583 514 autem
608 470 686 512 filii
710 470 834 524 Saul,
863 469 1101 521 -Ionatlias,
1129 471 1173 509 et
1198 467 1366 520 Jessui,
1397 470 1441 508 et
1469 462 1741 516 Melchisua;
1769 466 1813 504 et
1846 474 1920 503 no-

99 532 221 574 mina
268 531 452 573 duarum
495 530 685 572 tiliarum
729 528 847 584 ejus,
893 541 1052 569 nomen
1094 525 1401 582 primogenitae
1452 522 1626 577 Merob,
1670 525 1714 564 et
1762 534 1921 563 nomen

99 589 280 632 minoris
307 588 486 631 Michol.
512 588 548 615 ⁵⁰
567 588 625 630 Et
649 601 808 630 nomen
842 586 989 628 uxoris
1022 585 1122 629 Saul
1151 585 1420 637 Achinoam,
1456 582 1548 625 filia
1582 580 1850 633 Achimaa83
1879 584 1923 622 et

98 662 258 692 nomen
284 647 495 704 principis
529 646 702 688 militiae
728 645 826 700 ejus
854 644 1018 696 Abner,
1044 644 1160 685 filius
1195 644 1296 696 Ner,
1331 641 1543 698 patruelis
1573 639 1705 694 Sa1113
1741 638 1774 665 5¹
1796 652 1922 695 porro

99 707 172 752 Cis
196 706 285 749 fuit
310 712 436 762 pater
461 705 584 757 Saul,
615 709 661 747 et
682 705 772 746 Ner
795 708 921 759 pater
944 703 1106 755 Abncr,
1132 702 1247 744 filius
1277 701 1418 743 Abiel.

157 764 193 791 ³¹⁸²
221 766 328 807 Erat
359 769 508 806 autem
541 763 706 806 bellum
737 767 893 817 potens
927 761 1161 803 adversum
1204 760 1487 802 Philisthaeos
1526 758 1730 801 omnibus
1772 756 1924 799 diebus

99 824 215 867 Saul.
247 825 363 866 Nam
395 835 715 877 quemcumque
749 819 921 862 viderat
955 818 1058 863 Saul
1090 818 1232 861 virum
1266 817 1449 872 fortem,
1477 824 1521 860 et
1553 822 1706 873 aptum
1732 815 1787 858 ad
1814 829 1926 871 prae-

100 882 226 937 lium,
250 880 450 924 sociabat
475 892 576 923 eum
598 879 696 922 sibi.

535 1002 558 1055 ξ
582 1000 646 1042 II.
674 1024 725 1031 —
759 998 939 1042 Bellum
963 998 1176 1041 adversus
1201 996 1488 1039 Amalecitas.

156 1116 263 1160 CAP.
290 1115 390 1158 XV.
416 1140 476 1148 —
499 1113 512 1140 ’1
534 1114 593 1156 Et
616 1113 731 1156 dixit
757 1113 934 1157 Samuel
959 1112 1015 1155 ad
1041 1111 1146 1156 Saul
1178 1128 1187 1155 ε
1225 1112 1296 1154 Μ6
1327 1109 1449 1152 misit
1476 1109 1692 1152 Dominus
1719 1113 1768 1151 ut
1790 1122 1927 1163 unge·

97 1188 191 1218 rem
226 1179 271 1216 te
307 1173 352 1216 in
393 1187 545 1229 regem
581 1186 711 1229 super
746 1171 959 1229 populum
996 1171 1094 1227 ejus
1128 1171 1281 1214 Israel.
1321 1170 1450 1212 Nunc
1487 1182 1591 1224 ergo
1627 1166 1732 1210 audi
1773 1180 1928 1209 vocem

101 1233 294 1276 Domini.
329 1231 347 1257 '²
374 1233 488 1274 Haec
521 1231 631 1275 dicit
664 1230 882 1274 Dominus
908 1230 1180 1273 exercituum
1213 1246 1221 1272 :
1251 1228 1470 1272 Recensui
1503 1239 1792 1283 quaecumque
1816 1225 1929 1268 fecit

101 1292 285 1335 Amalec
320 1291 495 1346 Israeli,
532 1290 751 1346 quomodo
784 1289 948 1332 restitit
983 1289 1022 1332 ei
1048 1289 1093 1331 in
1118 1289 1192 1331 via
1219 1303 1319 1331 cum
1349 1286 1608 1331 ascenderet
1635 1285 1688 1328 de
1710 1285 1925 1340 AEgypto.

100 1350 118 1378 ³
144 1351 273 1393 Nunc
303 1364 407 1406 ergo
439 1349 574 1405 vade,
612 1346 656 1392 et
687 1344 867 1405 percute
898 1348 1106 1403 Amalec,
1140 1353 1186 1391 et
1211 1346 1421 1390 demolire
1447 1345 1652 1388 universa
1678 1344 1803 1400 ejus3
1839 1357 1925 1386 non

101 1423 256 1466 parcas
292 1409 351 1463 ei,
390 1414 434 1452 et
468 1422 557 1451 non
594 1408 882 1464 concupiscas
915 1421 970 1450 ex
1003 1407 1132 1450 rebus
1165 1406 1303 1463 ipsius
1336 1405 1532 1461 aliquid3
1564 1404 1642 1447 sed
1671 1402 1869 1446 interfice
1898 1417 1924 1444 a

103 1468 195 1511 viro
225 1482 359 1523 usque
386 1467 443 1510 ad
469 1466 719 1521 mulierem,
747 1472 791 1509 et
816 1466 1051 1523 parvulum
1073 1471 1208 1521 atque
1233 1465 1496 1519 lactentem,
1522 1463 1684 1506 bovem
1709 1467 1754 1505 et
1779 1475 1923 1516 ovem,

102 1527 320 1570 camelum
347 1532 391 1569 et
416 1526 604 1569 asinum.

160 1585 176 1612 4
195 1584 414 1641 Praecepit
439 1584 590 1640 itaque
617 1584 723 1628 Saul
745 1584 932 1641 populo,
959 1588 1003 1627 et
1031 1583 1253 1627 recensuit
1278 1597 1351 1626 eos
1377 1582 1501 1637 quasi
1528 1595 1667 1637 agnos
1699 1597 1706 1623 :
1736 1580 1929 1622 ducenta

101 1644 243 1688 millia
276 1643 497 1701 peditum,
532 1648 577 1686 et
610 1643 764 1686 decem
789 1643 932 1686 millia
956 1642 1150 1685 virorum
1180 1642 1313 1685 Juda.
1341 1642 1357 1667 5
1376 1642 1571 1696 Cumque
1597 1638 1792 1681 venisset
1824 1638 1929 1681 Saul

101 1717 236 1759 usque
281 1703 338 1745 ad
377 1702 608 1746 civitatem
644 1702 851 1758 Amalec,
890 1701 1083 1745 tetendit
1113 1700 1300 1744 insidias
1335 1700 1382 1743 in
1421 1704 1630 1742 torrente.
1671 1698 1687 1723 ⁶
1718 1697 1928 1752 Dixitque

101 1762 206 1806 Saul
243 1762 394 1805 Cinaeo
433 1780 441 1806 :
480 1761 636 1817 Abite,
673 1761 888 1817 recedite,
926 1766 1058 1816 atque
1093 1760 1348 1804 descendite
1385 1759 1442 1802 ab
1476 1758 1682 1812 Amalec,
1720 1771 1776 1800 ne
1812 1756 1929 1799 forte

101 1821 330 1864 involvam
358 1825 402 1863 te
428 1835 527 1863 cum
554 1834 634 1876 eo,
664 1826 714 1863 tu
747 1820 866 1864 enim
898 1820 1049 1863 fecisti
1077 1819 1427 1862 misericordiam
1461 1832 1562 1860 cum
1595 1816 1798 1859 omnibus
1827 1815 1929 1858 filiis

103 1880 241 1923 Israel
283 1894 382 1922 cum
424 1879 716 1923 ascenderent
760 1880 813 1922 de
857 1881 1072 1936 AEgypto.
1124 1879 1182 1921 Et
1228 1877 1411 1921 recessit
1459 1877 1635 1920 Cinaeus
1684 1875 1737 1918 de
1784 1874 1929 1917 medio

104 1939 302 1982 Amalec.
339 1939 353 1965 7
381 1938 688 1994 Percussitque
723 1938 825 1983 Saul
859 1939 1066 1994 Amalec,
1102 1938 1158 1981 ab
1195 1937 1362 1981 Hevila
1394 1937 1533 1980 donec
1567 1934 1719 1978 venias
1752 1933 1809 1977 ad
1833 1934 1926 1989 Sur,

103 2012 200 2054 quae
238 2003 305 2041 est
339 2012 362 2041 e
398 1998 579 2054 regione
611 1997 814 2054 AEgypti.
853 1998 869 2025 8
901 1999 958 2040 Et
996 1996 1292 2055 apprehendit
1331 1997 1485 2052 Agag,
1527 2009 1679 2050 regem
1719 1994 1927 2047 Amalec,

101 2057 283 2112 vivum;
312 2071 440 2100 omne
465 2063 615 2100 autem
646 2057 808 2113 vulgus
836 2056 1068 2100 interfecit
1099 2057 1144 2099 in
1178 2071 1250 2100 ore
1284 2055 1437 2112 gladii.
1471 2055 1488 2080 9
1506 2056 1564 2097 Et
1593 2052 1794 2109 pepercit
1825 2052 1931 2096 Saul

103 2121 148 2159 et
171 2116 360 2172 populus
386 2117 540 2172 Agag,
567 2122 612 2159 et
637 2116 814 2172 optimis
841 2116 1052 2172 gregibus
1076 2116 1226 2159 ovium
1251 2120 1295 2158 et
1319 2119 1640 2167 armentorum,
1665 2117 1709 2154 et
1733 2112 1930 2155 vestibus

104 2182 148 2218 et
181 2175 413 2230 arietibus,
449 2180 494 2218 et
527 2175 743 2218 universis
777 2189 874 2231 quae
907 2175 1092 2232 pulchra
1126 2180 1274 2230 erant,
1301 2188 1382 2218 nec
1407 2174 1643 2216 voluerunt
1679 2170 1930 2227 disperdere

104 2248 155 2277 ea
176 2251 184 2281 :
213 2233 426 2289 quidquid
452 2248 555 2276 vero
580 2234 669 2277 vile
694 2234 784 2276 fuit
809 2239 853 2277 et
877 2234 1131 2290 reprobum,
1158 2235 1241 2278 hoc
1269 2233 1470 2277 demoliti
1495 2237 1609 2277 sunt.

122 2296 125 2300 '
166 2293 201 2319 ¹0
228 2293 417 2335 Factum
447 2298 514 2335 est
539 2298 689 2336 autem
714 2293 899 2336 verbum
925 2293 1106 2336 Domini
1138 2293 1194 2336 ad
1228 2292 1429 2346 Samuel,
1456 2291 1607 2334 dicens
1635 2309 1644 2336 ι
1680 2291 1712 2317 11
1738 2289 1932 2333 Poenitet

105 2367 175 2395 me
213 2351 329 2407 quod
367 2351 674 2394 constituerim
709 2352 815 2395 Saul
847 2366 1019 2409 regem,
1054 2353 1157 2408 quia
1191 2351 1426 2408 dereliquit
1459 2365 1549 2406 me,
1589 2356 1633 2394 et
1665 2350 1801 2393 verba
1834 2362 1934 2391 mea

106 2425 235 2467 opere
268 2425 357 2454 non
389 2410 607 2467 implevit.
642 2411 1025 2467 Contristatusque
1052 2416 1118 2454 est
1147 2411 1347 2466 Samuel,
1381 2415 1426 2453 et
1451 2410 1665 2453 clamavit
1697 2409 1754 2452 ad
1781 2407 1932 2450 Domi-

106 2484 212 2512 num
233 2475 329 2512 tota
346 2475 488 2513 nocte.

170 2528 202 2555 ¹'2
221 2530 418 2584 Cumque
453 2529 505 2572 de
536 2535 665 2572 nocte
691 2530 950 2573 surrexisset
979 2529 1155 2574 Samuel
1187 2534 1235 2572 ut
1260 2529 1342 2573 iret
1367 2529 1423 2572 ad
1447 2528 1554 2572 Saul
1579 2542 1729 2582 mane,
1756 2527 1932 2569 nuntia-

105 2593 201 2631 tum
235 2593 302 2631 est
336 2589 528 2632 Samueli
558 2603 608 2631 eo
644 2590 759 2644 quod
786 2589 981 2633 venisset
1012 2589 1117 2632 Saul
1151 2589 1197 2631 in
1233 2587 1505 2648 Carmelum,
1533 2591 1577 2630 et
1610 2586 1823 2630 erexisset
1848 2585 1933 2628 sibi

107 2647 327 2690 fornicem
359 2647 696 2705 triumphalem,
731 2654 775 2691 et
806 2662 1007 2692 reversus
1040 2647 1291 2701 transisset,
1324 2645 1710 2701 descendissetque
1743 2645 1789 2687 in
1827 2645 1932 2689 Gal-

108 2707 224 2762 gala.
252 2707 389 2749 Venit
414 2721 518 2762 ergo
543 2707 722 2750 Samuel
748 2708 804 2750 ad
837 2707 962 2762 Saul,
990 2713 1034 2750 et
1065 2707 1171 2750 Saul
1204 2705 1423 2750 offerebat
1448 2705 1754 2748 holocaustum
1781 2703 1932 2747 Domi-

108 2779 165 2808 no
198 2765 252 2808 de
285 2764 426 2808 initiis
458 2766 709 2822 praedarum
743 2781 839 2822 quae
874 2767 1085 2809 attulerat
1116 2781 1172 2809 ex
1204 2765 1405 2808 Amalec.
1443 2763 1480 2791 ¹3
1505 2765 1564 2806 Et
1601 2777 1701 2806 cum
1737 2762 1932 2806 venisset

108 2825 286 2868 Samuel
312 2825 368 2867 ad
395 2825 518 2881 Saul,
543 2825 658 2868 dixit
683 2826 723 2868 ei
746 2826 853 2869 Saul
884 2842 892 2869 ε
923 2825 1191 2868 Benedictus
1215 2830 1265 2867 tu
1293 2823 1510 2878 Domino3
1538 2822 1722 2879 implevi
1747 2821 1932 2866 verbum

110 2883 303 2950 Domini.
331 2883 366 2910 ¹4
386 2884 598 2940 Dixitque
624 2885 802 2928 Samuel
834 2902 841 2928 :
871 2886 928 2927 Et
953 2899 1051 2940 quae
1079 2889 1144 2927 est
1168 2885 1264 2927 haec
1286 2898 1375 2926 vox
1400 2897 1606 2939 gregum,
1632 2896 1731 2938 quae
1757 2886 1933 2924 resonat

109 2956 155 2984 111
189 2943 366 2986 auribus
398 2943 521 2998 meis,
555 2948 599 2986 et
632 2949 950 2998 armentorum,
985 2958 1116 2999 quam
1152 2958 1236 3000 ego
1267 2942 1399 2985 audio
1414 2942 1435 2985 ⁶?
1462 2942 1498 2968 ’15
1516 2942 1574 2984 Et
1600 2940 1663 2984 ait
1689 2940 1793 2985 Saul
1820 2956 1829 2984 ε
1866 2941 1932 2982 De

111 3001 297 3044 Amalec
333 3002 615 3045 adduxerunt
652 3017 734 3058 ea3
777 3003 975 3060 pepercit
1011 3003 1130 3045 enim
1170 3002 1358 3060 populus
1398 3000 1654 3044 melioribus
1695 2999 1849 3043 ovibus
1891 3004 1934 3042 et

111 3061 343 3117 armentis,
382 3067 430 3104 ut
465 3061 800 3105 immolarentur
838 3062 1028 3105 Domino
1064 3063 1158 3105 Deo
1190 3067 1295 3116 tu03
1333 3060 1501 3116 reliqua
1537 3073 1642 3103 vero
1679 3059 1932 3102 occidimus.

113 3119 147 3146 16
161 3120 240 3162 Ait
263 3125 414 3163 autem
440 3120 620 3164 Samuel
649 3121 705 3164 ad
738 3121 843 3165 Saul
874 3138 883 3165 :
908 3121 1012 3164 Sine
1038 3135 1129 3176 me,
1153 3126 1197 3164 et
1218 3120 1425 3163 indicabo
1450 3119 1533 3162 tibi
1558 3133 1655 3175 quae
1682 3119 1852 3162 locutus
1878 3117 1934 3159 sit

112 3178 328 3222 Dominus
357 3180 413 3222 ad
445 3193 517 3222 me
546 3186 688 3225 nocte.
719 3181 930 3236 Dixitque
956 3180 996 3223 ei
1023 3196 1032 3223 ε
1062 3181 1274 3236 Loquere.
1298 3179 1332 3206 17
1351 3180 1411 3222 Et
1437 3179 1498 3222 ait
1522 3178 1700 3222 Samuel
1731 3194 1738 3220 :
1777 3179 1934 3221 Nonne

68 3281 70 3284 .
111 3251 211 3280 cum
247 3238 457 3294 parvulus
493 3253 611 3282 esses
648 3239 693 3282 in
731 3240 868 3284 oculis
905 3239 1013 3295 tuis,
1044 3245 1177 3296 caput
1209 3240 1255 3281 in
1289 3238 1491 3282 tribubus
1512 3236 1652 3280 Israel
1676 3237 1826 3279 factus
1851 3234 1933 3278 es?

110 3297 325 3362 unxitque
357 3302 401 3340 te
436 3297 653 3341 Dominus
686 3299 732 3342 in
755 3313 905 3355 regem
931 3312 1061 3355 super
1091 3299 1256 3352 Israe13
1294 3297 1329 3324 18
1346 3303 1391 3341 et
1422 3297 1545 3340 misit
1568 3301 1613 3341 te
1648 3295 1863 3339 Dominus
1890 3293 1935 3335 in

109 3369 252 3410 viam,
279 3361 323 3398 et
344 3356 408 3398 ait
437 3372 446 3399 ε
477 3357 622 3414 Vade,
650 3363 694 3401 et
719 3358 917 3401 interfice
942 3363 1196 3414 peccatores
1223 3357 1431 3411 Amalec,
1467 3362 1510 3400 et
1535 3354 1756 3412 pugnabis
1782 3359 1935 3396 contra

111 3427 185 3480 eos
207 3428 342 3471 usque
367 3415 424 3458 ad
449 3415 797 3460 internecionem
821 3431 984 3460 eorum.
1012 3416 1048 3457 19
1071 3418 1211 3467 Quare
1234 3430 1340 3472 ergo
1365 3430 1452 3459 non
1478 3413 1642 3458 audisti
1667 3426 1818 3455 vocem
1848 3412 1937 3454 Do-

113 3473 242 3527 mini,
279 3474 356 3516 sed
387 3488 541 3517 versus
574 3475 629 3518 ad
665 3476 863 3532 praedam
902 3490 968 3527 eS,
1003 3481 1046 3519 et
1078 3476 1229 3519 fecisti
1259 3476 1427 3518 malum
1460 3474 1506 3516 in
1543 3472 1681 3516 oculis
1720 3469 1936 3514 Domini?

113 3528 151 3556 2⁰
171 3532 226 3573 Et
250 3532 314 3574 ait
337 3533 442 3576 Saul
467 3533 523 3576 ad
548 3534 800 3578 Samuelem
831 3552 840 3577 ε
869 3535 1012 3576 Immo
1047 3534 1199 3578 audivi
1224 3548 1378 3577 vocem
1413 3531 1614 3587 Domini,
1640 3536 1685 3574 et
1710 3528 1939 3572 ambulavi

121 3673 151 3706 2]
164 3675 223 3702 Ex.
242 3674 353 3710 Xvu,
369 3679 395 3704 ε.

2011 465 2045 490 et
2064 461 2198 491 tamilire

2048 505 2166 533 Saulis.

2031 1116 2160 1144 Bellum
2179 1123 2196 1143 a

1994 1160 2060 1187 Deo
2084 1157 2233 1192 jubetur.

1995 1587 2104 1616 saulis
2129 1588 2234 1616 victo·

2019 1632 2087 1667 ria,
2109 1636 2142 1660 et
2164 1631 2209 1659 in-

2015 1675 2215 1704 obedientia.

1998 2297 2155 2324 Divinum
2189 2301 2240 2321 re·

2012 2338 2222 2373 probationis

2027 2384 2207 2412 decretum.
