2423 3861
817 113 905 156 Jon
937 112 1159 167 xxxvr,
1195 112 1328 155 4-31.

159 218 162 221 ⁴
171 218 365 228 0———-
371 221 438 226 -----

360 283 377 310 ’1
395 284 509 327 Vere
532 282 649 327 enim
671 282 836 338 absque
859 283 1090 325 mendacio
1114 296 1335 326 sermones
1362 281 1469 336 mei,

461 348 505 385 et
525 341 724 398 perfecta
749 340 935 384 scient-ia
960 341 1218 397 probabitur
1242 340 1337 384 tibi.

361 402 378 427 f‘
397 402 514 444 Deus
539 404 740 457 potentes
766 413 852 442 non
878 399 1056 454 abjicit,

461 473 560 503 cum
582 464 625 502 et
644 458 738 515 ipse
759 457 817 501 sit
841 463 1021 514 potens;

359 519 375 544 ὓ
393 518 468 561 scd
495 531 581 561 non
607 517 751 560 salvat
774 516 954 573 impios,

459 583 502 620 et
525 575 743 632 judicium
768 575 1033 632 pauperibus
1059 575 1229 619 tribuit.

358 635 373 661 7
394 637 492 679 Non
514 635 686 678 auferet
706 649 732 677 a
757 634 874 690 justo
898 634 1046 676 oculos
1068 648 1189 688 suos,

457 701 500 737 et
524 707 648 750 reges
673 692 717 735 in
743 692 853 736 solio
875 692 1065 736 collocat
1084 691 1129 734 in
1154 698 1433 750 perpetuum,

458 759 501 796 et
520 751 587 795 illi
614 752 853 808 eriguntur.

358 812 375 838 ⁸
394 813 450 854 Et
475 811 511 854 si
534 811 702 854 fuerint
722 811 767 854 in
794 811 984 866 catenis,

459 877 502 914 et
526 869 778 913 vinciantur
802 869 988 913 funibus
1013 869 1308 927 paupertatis,

356 932 373 956 ‘³
389 929 606 973 indicabit
631 929 693 972 eis
719 943 848 986 opera
874 943 1046 983 eorum,

457 994 501 1032 et
525 988 688 1032 scelera
711 1002 881 1044 eorum,
909 988 1012 1044 quia
1036 987 1220 1031 violenti
1242 988 1439 1031 fuerunt.

339 1047 374 1075 ¹⁰
393 1047 627 1092 Revelabit
649 1061 819 1103 quoque
843 1061 994 1090 aurem
1020 1061 1191 1103 eorum,
1218 1051 1266 1089 ut
1288 1045 1521 1103 corripiat3

455 1113 497 1150 et
518 1106 739 1162 loquetur,
762 1111 811 1149 ut
835 1111 1112 1149 revertantur
1136 1107 1192 1149 ab
1214 1105 1463 1161 iniquitate.

1900 112 1983 157 539

342 1166 370 1192 ¹¹
393 1166 435 1211 Si
461 1165 704 1221 audierint,
730 1170 773 1208 et
799 1165 1150 1221 observaverint,
1170 1163 1456 1221 complebunt
1480 1162 1574 1207 dies
1599 1176 1698 1207 suos
1720 1162 1767 1206 in
1792 1162 1929 1220 bono,

457 1231 500 1268 et
516 1238 654 1267 annos
681 1238 781 1268 suos
805 1224 851 1266 in
877 1224 1042 1280 gloria,

340 1284 374 1310 ¹2
390 1284 435 1328 si
461 1290 613 1327 autem
634 1297 722 1326 non
748 1283 989 1339 audierint,

456 1341 708 1385 transibunt
732 1356 810 1398 per
833 1341 1055 1397 gladium,

459 1411 503 1444 et
528 1406 842 1443 consumentur
861 1400 908 1443 in
934 1401 1138 1445 stultitia.

337 1460 373 1487 ¹3
392 1459 679 1504 Simulatores
707 1464 750 1502 et
775 1459 927 1502 callidi
953 1466 1195 1515 provocant
1220 1460 1332 1502 iram
1359 1460 1463 1515 Dei,

451 1531 594 1573 neque
619 1517 877 1560 clamabunt
899 1531 1000 1561 cum
1025 1518 1165 1561 vincti
1187 1518 1369 1561 fuerint.

335 1577 370 1604 1'*
388 1576 601 1620 Wlorietiu
624 1575 671 1618 in
696 1581 962 1632 tempestate
987 1576 1137 1620 anima
1164 1591 1340 1640 eomm,

452 1641 496 1679 et
519 1634 614 1678 vita
639 1649 790 1678 eorum
813 1635 930 1678 inter
954 1635 1249 1679 effeminatos.

334 1695 370 1722 ¹5
389 1694 559 1751 Eripiet
581 1694 635 1737 de
656 1694 866 1750 angustia
891 1709 970 1738 sua
996 1709 1258 1751 pauperem,

452 1758 495 1797 et-
515 1753 733 1796 revelabit
757 1753 803 1796 in
828 1753 1114 1797 tribulatione
1135 1768 1290 1797 aurem
1312 1754 1422 1811 ejus.

333 1812 370 1840 1⁶
388 1813 534 1869 Igitur
557 1813 751 1856 salvabit
775 1818 818 1856 te
844 1813 898 1856 de
924 1827 996 1856 ore
1016 1818 1208 1869 angusto
1233 1813 1470 1868 latissime,

452 1878 495 1915 et
512 1886 599 1915 non
625 1872 819 1916 habente
839 1870 1187 1915 fundamentum
1213 1872 1364 1915 subter
1388 1886 1459 1927 se3

451 1931 621 1987 requies
646 1935 798 1974 autem
820 1946 985 1975 mensae
1011 1936 1101 1974 tuae
1129 1931 1212 1975 erit
1233 1931 1366 1988 plena
1387 1929 1672 1988 pinguedine.

335 1990 369 2017 ¹7
389 1991 533 2034 Causa
558 1995 635 2033 tua
657 1990 782 2047 quasi
804 1990 931 2048 impii
957 1990 1160 2048 judicata
1188 1996 1278 2046 est3

453 2050 633 2093 ca'usam
655 2049 964 2106 judiciumque
990 2050 1190 2106 recipies.

334 2107 370 2135 ¹8
388 2109 489 2152 Non
511 2114 554 2152 te
577 2123 680 2165 ergo
705 2108 883 2166 superet
902 2109 968 2152 ira
994 2114 1043 2152 ut
1064 2109 1259 2165 aliquem
1286 2108 1535 2166 opprimas3

451 2182 533 2211 nec
559 2167 799 2212 multitudo
828 2168 1045 2212 donorum
1071 2168 1257 2211 inclinet
1282 2173 1340 2212 te.

335 2226 372 2253 19
389 2224 573 2284 Depone
598 2227 956 2283 magnitudinem
980 2232 1106 2270 tuam
1130 2227 1296 2283 absque
1322 2225 1630 2282 tribulatione,

452 2294 495 2329 et
521 2300 673 2329 omnes
696 2285 898 2330 robustos
924 2286 1202 2333 fortitudine.

335 2344 372 2372 2⁰
388 2345 456 2389 Ne
482 2346 711 2402 protrahas
737 2351 936 2400 noctem,

452 2411 501 2447 ut
526 2404 772 2448 ascendant
792 2404 944 2461 populi
970 2419 1048 2461 pro
1074 2405 1149 2448 eis.

334 2462 368 2489 2¹
388 2463 508 2507 Cave
533 2478 587 2507 ne
614 2463 810 2508 declines
834 2464 892 2507 ad
918 2464 1226 2519 iniquitatem3

450 2523 566 2566 hanc
593 2523 710 2566 enim
732 2523 906 2580 coepisti
929 2522 1051 2578 sequi
1077 2528 1176 2579 post
1197 2522 1434 2565 miseriam.

335 2581 372 2608 ²2
389 2583 526 2638 Ecce,
554 2584 672 2626 Deus
695 2582 895 2626 excelsus
919 2582 966 2625 in
992 2581 1256 2625 fortitudine
1281 2595 1384 2637 sua,

455 2648 498 2684 et
522 2642 670 2685 nullus
696 2641 734 2685 ei
757 2641 916 2685 similis
936 2641 985 2683 in
1010 2640 1352 2696 legislatoribus.

335 2699 372 2727 ⁹23
390 2700 495 2752 Quis
520 2700 682 2757 poterit
707 2700 893 2744 scrutari
920 2699 1015 2743 vias
1042 2699 1172 2756 ejus?

453 2766 532 2803 aut
556 2759 650 2816 quis
672 2764 818 2817 potest
840 2759 879 2803 ei
902 2759 1048 2802 dicere
1078 2775 1087 2803 :
1114 2759 1330 2816 Operatus
1352 2772 1397 2802 es
1421 2757 1734 2815 iniquitatem?

335 2817 372 2845 24
389 2819 614 2862 Memento
638 2819 754 2875 quod
779 2819 954 2875 ignores
982 2832 1089 2875 opus
1114 2817 1229 2874 ejus,

456 2878 510 2921 de
537 2893 620 2934 quo
648 2878 903 2922 cecinerunt
929 2877 1026 2920 viri.

336 2936 373 2964 ²5
392 2938 554 2982 Omnes
580 2937 782 2981 homines
808 2937 963 2980 vident
990 2950 1115 2992 eum,

454 2997 754 3054 unusquisque
774 2997 974 3040 intuetur
998 2996 1164 3052 procul.

336 3055 374 3083 2⁶
391 3058 528 3111 Ecce,
558 3057 677 3100 Deus
699 3070 888 3112 magnus
913 3056 1097 3098 vincens
1118 3055 1351 3099 scientiam
1376 3063 1598 3110 nostram3

453 3129 662 3159 numerus
687 3130 903 3159 annorum
929 3114 1026 3171 ejus
1050 3113 1393 3158 inaestimabilis.

336 3172 371 3199 2⁷
389 3173 472 3225 Qui
493 3175 643 3218 aufert
667 3174 811 3218 stillas
836 3174 1023 3231 pluviae,

457 3239 501 3277 et
522 3234 715 3277 effundit
738 3233 902 3277 imbres
928 3232 984 3275 ad
1009 3233 1150 3276 instar
1173 3233 1420 3290 gurgitum,

337 3291 374 3319 2⁸
393 3292 467 3349 qui
490 3293 545 3336 de
569 3293 762 3336 nubibus
786 3292 952 3347 fluunt,

456 3366 556 3408 quae
582 3358 832 3409 praetexunt
859 3358 1019 3394 cuncta
1045 3351 1242 3419 desuper.

338 3409 376 3437 ⁹⁹
391 3410 438 3455 Si
463 3411 654 3455 voluerit
677 3411 916 3455 extendere
940 3410 1078 3454 nubes
1103 3411 1228 3467 quasi
1251 3409 1491 3454 tentorium
1515 3424 1664 3467 suum,

397 3469 434 3497 3⁰
452 3475 497 3514 et
521 3470 750 3527 fulguiare
775 3470 944 3514 lumine
970 3483 1047 3513 suo
1073 3470 1284 3537 desuper,

457 3530 660 3573 cardines
686 3544 857 3586 quoque
882 3528 1015 3571 maris
1041 3528 1219 3586 operiet.

341 3587 374 3615 ²³¹
395 3589 478 3632 Pei
501 3589 599 3632 haec
621 3589 739 3633 enim
764 3588 937 3645 judicat
961 3588 1162 3644 populos,

2054 403 2140 428 Deus
2159 407 2220 433 ope
2235 402 2289 429 tri-

2068 444 2276 471 bulatinnum

2097 487 2248 515 homine<

2115 530 2236 559 crudit.

2094 1819 2271 1848 patienter

2086 1871 2167 1897 ergo
2184 1864 2273 1891 mala

2086 1908 2270 1937 toleranda.

2088 2595 2270 2624 Exaltatur

2058 2638 2119 2668 Dei
2137 2637 2303 2672 potentia,

2096 2683 2129 2711 in
2155 2682 2262 2716 ipsius

2103 2726 2262 2760 operibus

2085 2769 2275 2804 conspicua.
