2456 3861
704 136 817 178 Lssv.
852 136 1036 190 XVIII,
1074 138 1126 180 17
1159 164 1217 171 —
1249 139 1381 191 XIX,
1420 141 1487 183 18.
1931 144 2011 188 109

190 311 252 354 tui
287 316 364 353 est.
404 310 434 336 ¹⁷
467 310 806 367 Turpitudinem
838 312 985 355 uxoris
1019 317 1106 355 tuae
1138 319 1181 356 et
1206 313 1310 357 filiae
1340 315 1436 371 ejus
1470 329 1556 358 nen
1586 316 1816 360 revelabis,
1851 317 2014 362 Filiam

189 369 265 412 filii
293 369 410 425 ejus,
445 374 488 412 et
520 369 658 412 filiam
693 370 795 413 filiae
828 371 948 414 illius
980 385 1066 414 non
1097 386 1264 427 sumes,
1299 378 1347 415 ut
1372 373 1538 417 reveles
1570 373 1864 430 ignominiam
1890 376 2011 432 ejus3

187 428 289 483 quia
315 442 415 470 caro
439 427 559 471 illius
592 435 715 484 sunt,
742 435 785 472 et
818 429 919 472 talis
954 430 1094 473 coitus
1127 431 1320 475 incestus
1350 437 1428 475 est.
1456 432 1491 459 ¹⁸
1515 433 1714 476 Sororem
1744 435 1892 478 uxoris
1925 440 2013 479 tuae

187 486 231 528 in
256 486 515 543 pellicatum
539 486 660 530 illius
688 502 773 531 non
806 488 1018 545 accipies,
1045 504 1125 533 nec
1152 491 1367 533 revelabis
1393 491 1715 548 turpitudinem
1745 493 1842 549 ejus
1867 494 2013 538 adhuc

186 544 262 588 illa
288 545 478 589 vivente.

248 603 280 630 ¹⁹
306 604 376 647 Ad
405 605 634 649 mulierem
661 620 758 661 quae
786 605 952 661 patitur
975 613 1220 662 menstrua,
1248 622 1333 651 non
1360 609 1567 664 accedeS,
1594 624 1674 653 nec
1700 611 1918 655 revelabis
1929 612 2014 655 foe-

185 663 371 706 ditatem
398 664 506 720 ejus.
531 663 568 690 ²⁰
593 665 704 707 Cum
731 677 864 706 uxore
890 664 1078 720 proximi
1106 665 1169 707 tui
1201 680 1287 709 non
1311 666 1469 722 coibis,
1497 683 1576 711 nec
1603 669 1783 713 seminis
1810 671 2014 714 commis-

186 722 303 765 tione
330 722 637 766 maculaberis.
662 721 695 747 2¹
726 723 792 764 De
813 723 981 765 semine
1011 728 1086 766 tuo
1112 738 1199 766 non
1234 724 1359 767 dabis
1394 731 1442 768 ut
1468 733 1746 771 consecretur
1771 729 1888 773 idolo
1920 730 2012 773 Mo—

186 779 304 834 loch,
340 795 419 823 nec
453 780 622 837 pollues
658 795 818 823 nomen
855 781 936 824 Dei
971 781 1048 824 tui.
1089 783 1183 837 Ego
1218 783 1447 827 Dominus.
1480 783 1516 810 '²¹’-
1549 785 1660 828 Cum
1694 788 1889 832 masculo
1927 803 2014 832 non

183 839 509 881 commiscearis
528 839 646 882 coitu
668 839 885 895 femineo,
909 840 1011 895 quia
1028 840 1301 885 abominatio
1324 847 1402 885 est.
1421 842 1458 869 2³
1475 843 1587 885 Cum
1609 845 1727 887 omni
1751 861 1905 902 pecore
1928 862 2014 890 non

183 897 348 951 coibis,
384 911 464 940 nec
499 898 794 941 maculaberis
835 912 936 941 cum
977 912 1040 942 eo.
1075 899 1236 942 Mulier
1267 914 1355 944 non
1385 902 1645 945 succumbet
1673 903 1894 960 jumento,
1934 920 2014 949 nec

182 956 440 999 miscebitur
465 957 525 1012 ei,
554 957 655 1013 quia
680 957 824 1000 scelus
851 962 928 1000 est.

240 1014 275 1040 '2¹
302 1015 394 1058 Nec
421 1015 682 1072 polluamini
708 1016 753 1058 in
779 1016 984 1059 omnibus
1010 1017 1099 1071 his,
1126 1017 1285 1073 quibus
1311 1020 1627 1063 contaminatae
1660 1026 1763 1064 sunt
1796 1022 2013 1067 universae

179 1080 354 1130 gentes,
383 1089 489 1130 quas
516 1089 596 1130 ego
631 1075 811 1131 ejiciam
836 1080 939 1118 ante
965 1081 1252 1132 conspectum
1277 1082 1494 1134 vestrum,
1521 1078 1558 1105 “²5
1580 1084 1623 1122 et
1651 1079 1811 1136 quibus
1844 1081 2012 1137 polluta

180 1137 246 1175 est
270 1138 410 1188 terra,
439 1134 567 1190 cujus
593 1148 673 1190 ego
700 1133 865 1177 scelera
891 1134 1103 1190 visitabo,
1131 1140 1180 1177 ut
1206 1141 1382 1179 evomat
1407 1137 1678 1182 habitatores
1704 1153 1818 1183 suos,
1845 1139 1882 1167 26
1907 1140 2013 1184 Cus—

178 1191 318 1234 todite
344 1192 547 1248 legitima
573 1207 671 1236 mea
696 1198 829 1250 atque
854 1193 1044 1250 judicia,
1072 1199 1115 1236 et
1140 1208 1227 1237 non
1260 1195 1441 1239 faciatis
1471 1211 1525 1240 ex
1550 1197 1755 1241 omnibus
1784 1199 2012 1242 abomina-

178 1250 373 1293 tionibus
409 1251 527 1307 istis,
565 1257 657 1294 tam
693 1251 904 1308 indigena
938 1267 1071 1309 quam
1104 1252 1284 1296 colonus
1318 1254 1391 1310 qui
1417 1255 1754 1312 peregrinantur
1777 1258 1895 1315 apud
1921 1273 2009 1302 vos.

180 1307 215 1334 ²7
237 1309 400 1353 Omnes
427 1311 545 1353 enim
568 1311 868 1354 execrationes
889 1311 997 1355 istas
1024 1312 1228 1355 fecerunt
1252 1313 1418 1356 accolae
1445 1319 1586 1371 terrae,
1609 1315 1682 1371 qui
1704 1316 1887 1360 fuerunt
1907 1322 2011 1361 ante

178 1382 275 1422 vos,
303 1374 346 1412 et
377 1370 630 1426 polluerunt
656 1384 766 1413 eam.
794 1369 830 1396 ²⁸
863 1370 1028 1414 Cavete
1053 1385 1156 1427 ergo
1182 1385 1237 1414 ne
1267 1377 1310 1414 et
1334 1386 1411 1415 vos
1444 1373 1649 1417 similiter
1678 1381 1875 1431 evomat,
1910 1390 2011 1419 cum

177 1427 300 1484 paria
325 1428 543 1484 feceritis,
570 1429 685 1471 sicut
710 1429 908 1472 evomuit
929 1435 1109 1485 gentem
1135 1444 1233 1485 quae
1256 1430 1346 1473 fuit
1370 1437 1473 1475 ante
1499 1446 1589 1476 vos.
1612 1432 1649 1459 2⁹
1671 1433 1824 1477 Omnis
1845 1435 2007 1490 anima,

177 1500 275 1542 quae
301 1487 461 1530 fecerit
487 1487 540 1530 de
572 1487 979 1531 abominationibus
1012 1488 1080 1530 his
1115 1488 1364 1546 quippiam,
1399 1491 1560 1547 peribit
1593 1492 1647 1535 de
1680 1492 1826 1536 medio
1859 1494 2010 1551 populi

175 1545 256 1588 sui.
284 1544 321 1572 3⁰
345 1545 575 1590 Custodite
597 1546 810 1589 mandata
832 1561 944 1590 mea.
968 1546 1118 1591 Nolite
1139 1547 1290 1591 facere
1316 1563 1414 1604 quae
1436 1550 1641 1593 fecerunt
1664 1551 1710 1593 hi
1731 1552 1806 1607 qui
1827 1552 2011 1596 fuerunt

174 1610 278 1648 ante
304 1618 402 1660 vos,
434 1610 477 1648 et
501 1619 557 1648 ne
578 1605 844 1665 polluamini
869 1605 915 1648 in
942 1605 1017 1649 eis.
1045 1607 1141 1662 Ego
1168 1606 1386 1650 Dominus
1410 1609 1529 1651 Deus
1555 1614 1712 1653 vester.

433 1726 454 1779 ξ
487 1724 578 1766 III.
603 1750 663 1756 —
686 1723 911 1768 Sanctitas
934 1725 1196 1769 relationum
1221 1740 1319 1769 cum
1343 1726 1440 1770 Deo
1465 1733 1506 1770 et
1523 1729 1738 1783 proximo.

233 1828 339 1871 CAP.
367 1829 493 1870 XIX.
515 1854 575 1860 —
600 1827 612 1854 ¹
641 1829 836 1871 Locutus
861 1834 926 1872 est
961 1828 1178 1872 Dominus
1210 1829 1268 1873 ad
1294 1830 1501 1886 Moysen,
1535 1830 1686 1874 dicens
1721 1848 1730 1876 :
1759 1831 1776 1857 2
1808 1834 2006 1889 Loquere

172 1887 230 1930 ad
256 1900 433 1929 omnem
466 1891 633 1930 coetum
664 1887 856 1930 filiorum
886 1887 1047 1943 Israel,
1075 1893 1118 1931 et
1145 1888 1265 1931 dices
1297 1889 1355 1932 ad
1389 1903 1460 1932 eos
1494 1906 1503 1934 ε
1529 1890 1680 1934 Sancti
1712 1896 1870 1947 estote,
1905 1892 2006 1948 quia

173 1959 255 2002 ego
280 1950 458 1989 sanctus
484 1960 604 2001 sum,
633 1946 850 1989 Dominus
878 1948 998 1990 Deus
1022 1952 1180 1991 vester.
1207 1948 1225 1974 3
1251 1948 1564 2005 Unusquisque
1589 1955 1761 2006 patrem
1786 1965 1936 2006 suum,
1964 1957 2007 1994 et

172 2010 360 2048 matrem
385 2019 512 2048 suam
535 2005 706 2048 timeat.
733 2005 929 2049 Sabbata
952 2020 1050 2049 mea
1077 2006 1310 2050 custodite.
1338 2008 1434 2063 Ego
1462 2008 1678 2053 Dominus
1706 2010 1825 2052 Deus
1848 2015 2005 2053 vester.

172 2063 190 2090 1
210 2063 360 2107 Nolite
387 2064 583 2107 converti
605 2064 662 2107 ad
687 2064 827 2120 idola,
854 2079 935 2108 nec
962 2064 1066 2108 deos
1089 2065 1336 2109 conflatiles
1360 2066 1541 2110 faciatis
1567 2067 1706 2111 vobis.
1732 2070 1825 2124 Ego
1854 2069 2005 2112 Domi-

171 2137 252 2166 nus
281 2124 400 2166 Deus
425 2128 581 2166 vester.
616 2123 633 2150 5
658 2123 702 2168 Si
723 2123 1062 2167 immolaveritis
1096 2124 1288 2168 hostiam
1313 2125 1598 2182 pacificorum
1629 2127 1841 2182 Domino,
1868 2133 1916 2171 ut
1948 2128 2006 2172 sit

170 2182 426 2239 placabilis,
453 2182 470 2208 ⁶
495 2196 546 2225 eo
575 2182 646 2226 die
681 2197 764 2239 quo
790 2183 929 2226 fuerit
960 2183 1214 2240 immolata,
1249 2184 1490 2228 comedetis
1521 2200 1640 2241 eam,
1668 2192 1711 2230 et
1743 2187 1814 2230 die
1839 2186 2002 2241 altero;

171 2241 384 2297 quidquid
418 2247 569 2284 autem
600 2241 827 2285 residuum
854 2242 993 2285 fuerit
1018 2242 1065 2285 in
1095 2243 1213 2286 diem
1246 2243 1448 2299 tertium,
1474 2244 1578 2300 igne
1611 2246 1891 2290 comburetis.
1919 2245 1934 2272 ⁷
1958 2246 2003 2290 Si

170 2300 266 2356 quis
303 2306 401 2356 post
437 2300 624 2343 biduum
651 2301 892 2344 comederit
930 2315 984 2345 ex
1017 2316 1088 2357 ea,
1126 2302 1341 2359 profanus
1375 2303 1478 2358 erit,
1521 2309 1564 2346 et
1598 2304 1842 2361 impietatis
1884 2320 2002 2360 reus,

170 2358 187 2386 8
212 2359 494 2416 portabitque
518 2359 803 2416 iniquitatem
827 2373 975 2415 suam,
1003 2360 1106 2416 quia
1132 2367 1338 2404 sanctum
1365 2362 1545 2405 Domini
1567 2363 1747 2420 polluit,
1775 2369 1818 2407 et
1842 2364 2004 2421 peribit

169 2418 319 2461 anima
344 2418 422 2461 illa
449 2419 502 2462 de
527 2419 691 2476 populo
716 2434 808 2464 suo.

229 2477 246 2504 ⁹
271 2478 383 2521 Cum
409 2479 643 2522 messueris
673 2485 846 2536 segetes
872 2485 1000 2523 terrae
1026 2484 1137 2535 tuae,
1168 2494 1255 2523 non
1281 2480 1485 2524 tondebis
1515 2497 1652 2538 usque
1682 2483 1739 2525 ad
1762 2482 1905 2525 solum
1933 2498 2003 2526 su-

168 2537 393 2595 perficiem
426 2543 575 2594 terrae,
603 2552 684 2581 nec
716 2544 996 2582 remanentes
1029 2538 1173 2596 spicas
1208 2538 1403 2595 colliges.
1433 2539 1468 2566 ¹⁰
1499 2541 1653 2596 Neque
1685 2541 1732 2583 in
1765 2541 1894 2584 vinea
1927 2548 2001 2584 tua

168 2611 365 2640 racemos
396 2602 439 2640 et
474 2611 612 2652 grana
646 2597 898 2641 decidentia
929 2598 1241 2653 congregabis,
1276 2598 1352 2641 sed
1386 2599 1651 2655 pauperibus
1684 2605 1728 2642 et
1760 2600 2002 2657 peregrinis

168 2656 389 2712 carpenda
408 2655 619 2700 dimittes.
644 2658 739 2712 Ego
763 2657 980 2700 Dominus
1004 2657 1123 2700 Deus
1144 2661 1302 2700 vester.
1326 2656 1359 2683 ¹¹
1378 2658 1479 2700 Non
1500 2657 1678 2701 facietis
1697 2659 1883 2702 furtum.
1902 2660 2002 2702 Non

168 2715 469 2770 mentiemini,
503 2730 584 2759 nec
611 2716 802 2773 decipiet
834 2716 1135 2772 unusquisque
1167 2716 1419 2773 proximum
1451 2732 1593 2760 suum.
1617 2716 1653 2743 ¹²
1678 2718 1778 2761 Non
1804 2718 2000 2774 perjura-

168 2773 235 2816 bis
266 2773 311 2816 in
345 2774 524 2818 nomine
557 2789 676 2831 meo,
710 2789 791 2819 nec
824 2775 993 2832 pollues
1026 2789 1189 2818 nomen
1224 2774 1307 2818 Dei
1336 2775 1415 2818 tui.
1450 2776 1545 2832 Ego
1578 2777 1809 2820 Dominus.
1841 2776 1877 2803 ¹3
1902 2778 2002 2821 Non

167 2833 309 2876 facies
343 2834 615 2878 calumniam
651 2834 851 2892 proximo
885 2839 981 2889 tuo,
1014 2849 1096 2877 nec
1136 2834 1180 2877 vi
1217 2834 1438 2891 opprimes
1472 2849 1586 2879 eum.
1621 2836 1722 2879 Non
1759 2836 2003 2880 morabitur

167 2906 275 2948 opus
309 2893 570 2936 mercenarii
603 2894 667 2937 tui
699 2894 817 2951 apud
850 2899 894 2937 te
921 2907 1059 2949 usque
1089 2908 1232 2937 mane.
1269 2892 1304 2919 ¹4
1336 2894 1437 2937 Non
1466 2894 1705 2939 maledices
1734 2895 1886 2950 surdo,
1920 2910 2001 2939 nec

167 2965 316 2994 coram
349 2966 468 2995 caeco
505 2968 640 3010 pones
673 2952 1021 3008 offendiculum3
1064 2953 1142 2996 sed
1174 2952 1352 2996 timebis
1391 2954 1634 2997 Dominum
1675 2955 1820 2998 Deum
1853 2959 1998 3009 tuum,

166 3010 269 3066 quia
296 3025 377 3066 ego
399 3026 496 3054 sum
523 3013 756 3056 Dominus.
784 3011 820 3038 ¹⁵
844 3012 945 3055 Non
969 3012 1112 3055 facies
1139 3012 1255 3069 quod
1287 3012 1489 3069 iniquum
1513 3018 1599 3068 est,
1625 3027 1706 3057 nec
1739 3013 1906 3070 injuste
1929 3013 1998 3070 ju-

166 3069 350 3113 dicabis.
374 3071 475 3114 Non
497 3071 747 3115 consideres
772 3085 1005 3128 personam
1030 3070 1257 3129 pauperis,
1283 3086 1364 3115 nec
1389 3072 1575 3116 honores
1597 3072 1771 3116 vultum
1792 3072 1998 3130 pot-entis.

165 3129 194 3171 J
200 3134 294 3171 uste
319 3129 472 3185 judica
497 3130 698 3188 proximo
722 3136 811 3174 tuo.
848 3130 882 3156 ¹⁶
903 3130 1004 3174 Non
1030 3131 1112 3174 eris
1139 3130 1417 3186 criminator,
1442 3146 1523 3175 nec
1547 3146 1723 3175 susurro
1743 3132 1790 3175 in
1822 3131 1998 3189 populo.

165 3187 265 3230 Non
298 3189 436 3231 stabis
471 3195 623 3233 contra
657 3190 921 3246 sanguinem
950 3190 1140 3246 proximi
1174 3190 1253 3233 tui.
1288 3191 1382 3246 Ego
1418 3191 1649 3234 Dominus.
1670 3190 1703 3217 ¹⁷
1726 3192 1827 3235 Non
1856 3190 1997 3234 oderis

164 3247 352 3290 fratrem
377 3253 505 3291 tuum
527 3248 574 3292 in
600 3249 731 3293 corde
756 3254 854 3304 tuo,
880 3248 956 3292 sed
979 3249 1156 3306 publice
1181 3263 1318 3305 argue
1343 3264 1466 3305 eum,
1492 3264 1548 3293 ne
1572 3250 1890 3306 habeassuper
1919 3248 1996 3292 illo

164 3312 411 3362 peccatum.
439 3307 474 3334 18
496 3308 598 3351 Non
624 3323 794 3364 quaeras
821 3307 1057 3364 ultionem,
1088 3322 1169 3352 nec
1196 3322 1365 3351 memor
1387 3308 1470 3352 eris
1498 3308 1676 3365 injuriae
1704 3308 1869 3352 civium
1901 3313 1995 3351 tuo-

164 3378 274 3408 rum.
305 3366 475 3422 Diliges
497 3367 693 3410 amicum
718 3373 845 3410 tuum
863 3366 978 3410 sicut
1003 3367 1208 3424 teipsum.
1237 3368 1333 3423 Ego
1360 3367 1590 3411 Dominus.

164 3509 212 3542 21]
239 3509 303 3537 Inf.
330 3510 410 3544 XX,
427 3512 453 3538 2.
471 3525 508 3529 —
527 3511 575 3543 23]
596 3510 660 3538 Inf.
676 3510 749 3545 XX,
771 3512 814 3538 16.
832 3525 868 3530 —
889 3510 918 3543 2]
933 3510 1011 3542 Sul).
1025 3510 1086 3545 XI,
1101 3511 1147 3539 44.
1170 3511 1185 3538 Ι
1200 3510 1289 3538 Petr.
1306 3511 1332 3544 Ι,
1347 3512 1391 3538 16.
1413 3525 1449 3530 ——
1470 3511 1499 3543 9]
1518 3509 1581 3537 Ins.
1600 3510 1733 3544 XXIII,
1751 3511 1795 3538 22.
1812 3524 1850 3530 —
1871 3511 1917 3544 12]
1934 3511 1993 3539 Ex.

165 3552 239 3586 XX,
255 3556 280 3581 7.
296 3568 329 3572 ——
352 3555 399 3587 13]
417 3553 518 3582 Eccli.
537 3554 579 3589 X,
593 3557 618 3582 6.
642 3555 739 3582 Deut.
758 3554 882 3589 XXIV,
901 3557 944 3582 14.
959 3554 1036 3582 Tob.
1057 3555 1114 3589 IV,
1132 3557 1176 3583 15.
1193 3570 1230 3574 -
1246 3555 1294 3589 15]
1310 3555 1408 3583 Deut.
1432 3555 1458 3589 I,
1482 3556 1514 3582 17
1528 3556 1562 3582 et
1580 3554 1672 3589 XVI,
1691 3556 1734 3582 19.
1755 3554 1852 3582 Prov.
1870 3554 1994 3589 XXIV,

164 3598 209 3624 23.
231 3597 332 3626 Eccli.
350 3599 459 3634 XLII,
472 3601 498 3627 1.
516 3599 588 3627 Jac.
607 3599 699 3633 II,2.
728 3614 764 3618 —
789 3599 837 3632 17]
856 3599 872 3627 Ι
886 3599 983 3627 Joan.
1003 3599 1056 3634 II,
1078 3601 1111 3626 11
1130 3601 1165 3627 et
1188 3600 1260 3633 ΙΙΙ,
1280 3601 1324 3627 14.
1347 3597 1448 3627 Eccli.
1468 3598 1569 3633 XIX,
1588 3600 1632 3627 13.
1654 3598 1776 3626 Matth.
1794 3598 1931 3633 XVIII,
1950 3599 1993 3627 15.

165 3639 246 3668 Luc.
263 3639 363 3668 XVII
377 3662 384 3676 ,
397 3645 423 3670 3.
441 3657 478 3662 -
498 3643 545 3676 18]
560 3643 682 3671 Matth.
700 3644 739 3678 V,
752 3645 787 3671 43
805 3645 839 3670 et
853 3642 967 3678 XXII,
983 3645 1028 3671 39.
1051 3642 1131 3671 Luc.
1149 3643 1207 3677 VI,
1225 3645 1269 3671 27.
1292 3643 1387 3671 Rom.
1406 3642 1543 3676 X111,9.

2086 621 2322 654 Turpituumos

2130 664 2281 694 vitandae.

2114 1034 2298 1065 conclusio.

2140 1847 2258 1876 Officia.

2096 1892 2233 1925 pietatis
2262 1891 2294 1920 In

2095 1940 2250 1969 parentes
2265 1938 2299 1965 et

2115 1980 2148 2009 in
2168 1981 2289 2013 Deum:

2121 2496 2272 2526 caritatis

2074 2547 2154 2574 erga
2206 2548 2261 2574 pro
2267 2541 2312 2569 xi-

2141 2591 2230 2613 mum
2240 2606 2247 2620 ,
