2423 3861
778 127 865 170 JoB
897 126 1172 180 XXXVIII,
1209 125 1340 168 1-26.
1472 156 1474 158 ψ
1889 121 1970 164 541

778 357 1086 412 TERTIA
1136 356 1350 411 PARS

699 481 823 519 DEI
885 481 1433 520 INTERVENTUS

664 601 688 657 ξ
725 601 759 642 Ι.
793 626 852 631 -
883 601 1069 643 Primus
1109 615 1246 643 sermo
1279 601 1468 643 dit-inus.

210 711 318 757 CAP.
334 708 600 754 XXXVIII.
615 734 674 741 —
698 707 708 733 ¹
731 707 1016 764 Respondens
1041 713 1192 750 autem
1213 707 1429 750 Dominus
1450 708 1535 750 dob
1558 708 1612 751 de
1631 708 1819 763 turbine,
1840 708 1980 754 dixit:

347 769 364 795 '²
380 769 486 820 Quis
507 773 577 812 est
596 767 680 810 iste
705 766 937 810 involvens
960 765 1205 810 sententias

444 826 722 872 sermonibus
747 824 995 882 imperitis?

347 887 366 914 3
382 886 580 942 Accinge
602 885 717 928 sicut
741 884 807 929 vir
827 884 1003 928 lumbos
1026 889 1149 939 tuos;

445 944 727 1001 interrogabo
750 949 815 999 te,
843 949 886 988 et
909 943 1126 1000 responde
1148 943 1271 987 mihi.

345 1005 362 1032 1
381 1005 470 1049 Ubi
489 1018 586 1049 eras
606 1003 786 1060 quando
812 1002 1033 1071 ponebam
1056 1002 1353 1046 fundamenta
1381 1002 1539 1046 terrae‘?

446 1063 603 1107 Indica
626 1063 761 1118 mihi,
793 1063 829 1106 si
854 1062 992 1105 habes
1016 1061 1377 1117 intelli-gentiam.

349 1124 366 1150 5
382 1123 488 1174 Quis
512 1122 659 1180 posuit
685 1136 912 1166 mensuras
935 1121 1056 1177 erS,
1081 1121 1119 1165 si
1143 1119 1294 1164 nosti?

447 1183 517 1226 vel
543 1182 641 1238 quis
664 1181 856 1226 tetendit
878 1194 1011 1237 super
1036 1194 1135 1224 eam
1156 1179 1351 1223 lineam?

348 1243 366 1269 ⁶
380 1234 520 1298 Supel
545 1255 630 1309 quo
654 1241 783 1284 bases
808 1239 928 1283 illius
950 1239 1155 1283 solidatae
1175 1238 1313 1282 sunt?

446 1306 524 1344 aut
549 1300 644 1357 quis
666 1299 846 1344 demisit
867 1299 1063 1356 lapidem
1079 1298 1341 1365 angularem
1365 1299 1482 1356 ejus,

348 1359 363 1386 ⁷
382 1374 482 1403 cum
508 1374 578 1403 me
600 1359 834 1404 laudarent
855 1358 992 1403 simul
1017 1363 1137 1403 astra
1162 1357 1404 1412 matutina,

449 1424 492 1462 et
512 1418 757 1474 jubilarent
776 1431 930 1462 omnes
955 1416 1036 1462 filii
1062 1416 1178 1460 Dei?

348 1478 365 1505 ⁸
382 1477 488 1528 Quis
514 1477 732 1520 conclusit
757 1477 881 1521 ostiis
905 1491 1048 1530 mare,

465 1536 642 1592 quando
664 1536 924 1592 erumpebat
946 1535 1070 1591 quasi
1097 1536 1151 1579 de
1176 1535 1312 1579 vulva
1334 1536 1601 1592 procedens3

347 1596 365 1623 ⁹
382 1610 484 1639 cum
509 1609 718 1652 ponerem
744 1596 909 1639 nubem
932 1595 1250 1639 vestimentum
1275 1595 1393 1651 ejus,

446 1660 489 1699 et
515 1655 706 1711 caligine
727 1654 841 1697 illud
866 1654 993 1711 quasi
1019 1654 1178 1711 pannis
1201 1653 1412 1697 infantiae
1439 1655 1751 1700 obvolverem?

329 1714 366 1741 ¹⁰
386 1714 670 1758 Circumdedi
697 1714 809 1758 illud
835 1713 1037 1758 terminis
1059 1713 1191 1768 meis,

448 1779 490 1818 et
514 1773 641 1831 posui
664 1778 842 1818 vectem
867 1779 911 1818 et
937 1773 1070 1829 ostia,

331 1833 363 1859 11
383 1838 427 1877 et
451 1833 586 1878 dixi:
614 1834 766 1889 Usque
791 1834 877 1878 huc
898 1833 1072 1888 venies,
1095 1839 1138 1877 et
1163 1848 1252 1876 non
1274 1834 1484 1890 procedes
1509 1833 1731 1908 amplius,

447 1897 492 1936 et
516 1869 588 1935 hic
610 1893 868 1949 confringes
891 1899 1114 1936 tumentes
1140 1892 1300 1936 fluetus
1326 1898 1437 1936 tuos.

329 1951 365 1978 12
384 1951 612 2008 Numquid
635 1957 735 2010 post
761 1958 905 1996 ortum
927 1957 1053 1996 tuum
1079 1952 1331 2009 praecepisti
1356 1952 1572 2009 diluculo,

447 2016 491 2054 et
513 2012 746 2055 ostendisti
767 2026 936 2055 aurorae
961 2012 1110 2056 10011111
1135 2011 1297 2055 suum?

331 2070 367 2096 ¹3
384 2072 442 2113 Et
466 2071 650 2114 tenuisti
676 2071 932 2115 concutiens
961 2078 1158 2116 extrema
1182 2076 1334 2126 terrae,

448 2134 492 2173 et
516 2130 750 2173 excussisti
770 2131 931 2188 impios
956 2145 1012 2175 ex
1032 2131 1114 2175 ea?

331 2188 366 2215 ¹4
385 2189 659 2234 Restituetur
682 2194 733 2234 ut
752 2190 898 2236 lutum
921 2190 1226 2247 signaculum,

448 2253 492 2291 et
515 2248 654 2291 stabit
674 2249 790 2292 sicut
813 2250 1144 2294 vestimentum.

333 2307 369 2334 ¹5
386 2307 630 2350 Auferetur
651 2308 707 2351 ab
730 2308 880 2366 impiis
901 2309 980 2353 lux
1003 2324 1104 2365 sua,

447 2373 490 2410 et
514 2367 748 2410 brachium
775 2369 1000 2412 excelsum
1025 2369 1346 2425 confringetur.

332 2425 368 2452 16
392 2426 621 2482 Numquid
646 2427 871 2483 ingressus
898 2443 942 2473 es
964 2428 1188 2484 profunda
1214 2429 1380 2473 maris?

449 2491 492 2528 et
515 2486 563 2528 in
588 2486 840 2529 novissimis
863 2487 1012 2544 abyssi
1040 2487 1367 2531 deambulasti?

332 2544 367 2571 17
385 2545 614 2601 Numquid
636 2551 802 2602 apertae
825 2551 929 2590 sunt
952 2546 1035 2590 tibi
1059 2551 1199 2603 portae
1222 2546 1394 2600 mortis,

450 2610 493 2648 et
518 2605 630 2648 ostia
656 2605 889 2649 tenebrosa
914 2605 1100 2648 vidisti?

332 2663 368 2690 ¹⁸
385 2664 614 2720 Numquid
639 2664 927 2707 considerasti
953 2664 1239 2709 latitudinem
1265 2664 1425 2708 terrae?

449 2723 608 2767 Indica
635 2724 766 2778 mihi,
790 2724 826 2767 si
851 2723 987 2779 nosti,
1010 2723 1188 2778 omnia5

332 2781 429 2826 19111
455 2797 540 2839 qua
565 2783 638 2826 via
659 2782 738 2826 lux
758 2783 951 2839 habitet,

452 2843 801 2886 et.tenebrarum
828 2843 923 2898 quis
945 2843 1069 2886 locus
1088 2843 1174 2887 sit:

332 2899 369 2927 2⁰
386 2907 433 2944 ut
455 2902 591 2945 ducas
617 2902 960 2958 unumquodque
985 2902 1042 2945 ad
1069 2902 1423 2959 terminossuos,

451 2966 494 3004 et
518 2961 746 3017 intelligas
773 2961 954 3004 semitas
979 2961 1137 3004 domus
1160 2962 1269 3017 ejus.

332 3017 366 3045 ²¹
386 3020 567 3064 Sciebas
589 3026 695 3063 tunc
721 3020 838 3076 quod
862 3021 1110 3064 nasciturus
1130 3035 1270 3077 esses,

451 3084 494 3123 et
519 3094 753 3123 numerum
779 3080 950 3123 dierum
973 3086 1149 3123 tuorum
1171 3080 1395 3124 noveras?

334 3136 371 3163 ²⁴²
390 3139 656 3195 Numquid
645 3154 870 3195 inglessus
895 3153 942 3183 es
970 3139 1198 3182 thesauros
1225 3139 1366 3185 ‘nivis

452 3204 530 3241 aut
554 3199 784 3242 thesaulos
793 3198 1041 3266 grandinis
1067 3199 1302 3256 aspexisti,

333 3255 371 3283 ²3
387 3272 486 3314 quae
511 3258 760 3314 praeparavi
789 3258 836 3302 in
860 3263 1035 3313 tempus
1061 3257 1222 3314 hostis,

450 3316 497 3359 in
523 3316 641 3360 diem
666 3332 829 3384 pugnae
852 3323 895 3360 et
917 3316 1055 3360 belli?

334 3373 371 3400 24
390 3376 473 3421 Per
497 3391 630 3434 quam
649 3377 770 3421 viam
795 3376 1019 3433 spargitur
1043 3377 1141 3428 lux

454 3435 669 3478 dividitur
696 3443 827 3478 aestus
853 3441 1191 3491 superterram
1179 3436 1200 3462 ‘²

336 3491 372 3519 25
389 3494 494 3545 Quis
519 3494 642 3562 dedit
662 3494 1053 3541 vehementissimo
1079 3494 1210 3538 imbri
1237 3511 1433 3551 cursum,

416 3568 419 3569 ⁷
455 3558 499 3596 et
523 3553 644 3596 viam
668 3554 868 3598 sonantis
894 3554 1102 3610 tonitrui,
1380 3586 1384 3590 .

336 3609 373 3638 ²⁶
390 3618 440 3655 ut
463 3612 635 3669 plueret
659 3628 790 3670 super
811 3619 972 3656 tellam
997 3613 1163 3669 absque
1188 3613 1404 3657 homine
1392 3628 1438 3656 111
1464 3613 1658 3670 deserto,

2065 720 2274 757 (quaesti-‘mes

2055 770 2290 799 proponuntur

2084 810 2150 838 Job
2165 809 2253 838 circa

2060 852 2274 883 creationem.

2138 1967 2220 1995 Alia:

2074 2011 2280 2044 quaestiones

2056 2056 2145 2084 circa
2183 2053 2298 2083 1111111011

2109 2107 2245 2128 cursum

2066 2142 2290 2172 ordinarium:

2023 2185 2027 2189 ’
2077 2192 2107 2216 10
2119 2187 2281 2221 mysteria.

2105 2237 2162 2260 Πῖὶῑ
2169 2239 2236 2260 ὶὶῖὶὶ·
2249 2239 2258 2265 ζ,
