2456 3861
741 79 883 122 EsTn.
917 79 980 133 X,
1014 80 1040 122 4
1068 103 1131 112 --
1161 76 1277 134 XII,
1310 78 1350 119 4.
1873 75 1955 118 501

135 250 324 291 fian-um
342 262 542 300 suomm,
566 260 766 304 quaerens
796 247 912 290 bona
941 248 1102 304 populo
1130 261 1228 302 8110,
1252 252 1295 290 et
1324 246 1505 302 loquens
1526 258 1577 288 ea
1603 256 1701 300 quae
1726 245 1781 287 ad
1804 256 1960 301 pacem

133 307 313 350 seminis
335 306 401 349 sui
429 307 712 363 pertinerent.

318 437 853 496 APPENDICES
904 436 1778 496 DEUTEROCANONICAE

196 564 299 615 Quoe
336 562 550 605 habentur
581 564 627 605 in
666 562 872 615 Hebraeo,
904 561 1158 618 plcnaficle
1194 563 1395 617 capre-ssi.
1440 562 1550 605 Haee
1588 567 1733 604 autem
1770 574 1864 616 quoe
1900 574 1964 602 se-

130 628 325 677 quuntur
349 624 514 677 scripta
546 623 687 677 reperi
718 623 763 664 in
792 621 976 664 editione
999 620 1206 676 vulyata,
1232 635 1327 676 qucc
1365 620 1616 665 Groecormn
1647 621 1802 677 linqua
1830 625 1870 662 et
1893 619 1962 661 lic·
1987 636 1989 639 ·

134 682 233 723 teris
266 683 559 733 continentwr,=
595 687 637 723 et
676 681 848 723 interim
875 685 980 736 post
1003 679 1141 735 finem
1179 678 1283 720 libri
1322 679 1399 721 hoc
1435 680 1678 734 capitulum
1701 676 1963 734 ferebatw';

129 740 393 795 quodjuxta
417 739 765 782 consuetudinem
790 746 982 781 nostram
1008 738 1146 790 obelo,
1168 737 1217 779 id
1240 743 1301 780 est
1323 752 1428 780 veru
1441 741 1799 793 praenotavimus.

190 796 207 824 ⁴
231 797 444 854 Dixitque
476 796 786 840 Mardochaeus
820 813 828 840 z
864 800 902 840 A
943 798 1036 840 Deo
1073 796 1198 839 facta
1238 801 1341 838 sunt
1376 796 1475 838 ista.
1514 796 1530 823 5
1562 797 1832 839 Recta-datus
1866 809 1963 839 sum

131 856 312 911 somnii,
341 856 455 912 quod
490 855 710 912 videram,
745 857 841 898 haec
879 856 1033 899 eadem
1070 854 1384 911 significantis,
1424 869 1504 898 nec
1538 869 1689 898 eorum
1723 855 1964 911 quidquam

130 916 303 958 irritum
328 915 429 957 fuit.
461 914 481 941 6
506 914 673 958 Parvus
703 914 805 957 fons
831 915 904 970 qui
939 914 1077 958 crevit
1108 914 1156 956 in
1190 913 1397 968 fiuvium,
1422 918 1464 956 et
1492 914 1537 956 in
1564 914 1709 957 lucem
1738 914 1963 969 solemque

131 987 366 1018 conversus
404 980 490 1027 est,
518 981 561 1017 et
592 974 639 1017 in
676 987 812 1030 aquas
849 973 1063 1030 plurimas
1095 972 1364 1016 redundavit
1391 987 1398 1015 :
1436 973 1594 1016 Esther
1619 978 1703 1027 est,
1732 986 1863 1028 quam
1887 986 1966 1016 rex

130 1033 303 1090 accepit
328 1047 530 1087 uxorem,
552 1038 594 1075 et
619 1033 760 1076 voluit
786 1046 880 1076 esse
903 1033 1119 1088 reginam.
1147 1031 1161 1058 7
1186 1033 1284 1074 Duo
1307 1037 1456 1075 autem
1479 1030 1689 1074 dracones
1716 1046 1724 1075 :
1749 1045 1828 1087 ego
1850 1044 1961 1086 sum,

130 1099 174 1136 et
196 1094 357 1135 Aman.
387 1091 404 1119 8
427 1092 593 1136 Gentes
616 1106 713 1148 quae
736 1097 1034 1135 convenerant
1067 1107 1075 1134 :
1109 1091 1154 1133 hi
1180 1096 1283 1133 sunt
1309 1090 1382 1146 qui
1413 1090 1559 1133 conati
1594 1096 1696 1133 sunt
1720 1090 1864 1133 delere
1888 1104 1963 1133 no-

131 1166 232 1194 men
258 1151 532 1195 Judaeorum.
560 1150 577 1177 9
600 1152 719 1195 Gens
744 1155 893 1194 autem
916 1165 1013 1193 mea
1043 1167 1051 1194 :
1087 1149 1225 1193 Israel
1252 1155 1337 1205 est,
1362 1163 1460 1205 quae
1491 1149 1703 1192 clamavit
1727 1147 1784 1191 ad
1812 1149 1963 1192 Domi-

130 1225 258 1266 1111111,
283 1215 326 1254 et
347 1210 521 1264 salvum
550 1209 662 1253 fecit
689 1210 906 1253 Dominus
936 1209 1149 1267 populum
1177 1223 1334 1264 suum;
1362 1209 1654 1264 liberavitque
1679 1222 1758 1251 1108
1787 1207 1843 1251 ab
1874 1221 1964 1250 om-

131 1269 260 1312 nibus
288 1270 439 1324 malis,
463 1274 506 1313 et
530 1269 642 1313 fecit
667 1269 795 1324 signa
820 1282 984 1325 magna
1005 1274 1137 1324 atque
1162 1272 1366 1326 portenta
1390 1267 1505 1311 inter
1530 1273 1710 1324 gentes3
1736 1266 1772 1293 ¹0
1790 1267 1963 1310 et‘duas

130 1335 267 1372 sortes
301 1342 395 1372 esse
427 1329 660 1385 praecepit,
694 1342 830 1370 unam
862 1328 1012 1385 populi
1041 1328 1145 1382 Dei,
1180 1332 1223 1370 et
1247 1327 1434 1370 alteram
1461 1332 1722 1370 cunctarum
1748 1326 1963 1382 gentium.

135 1388 164 1413 ¹¹
194 1388 414 1443 Venitque
452 1393 635 1443 utraque
659 1401 751 1430 sors
789 1388 834 1429 in
869 1392 1086 1429 statutum
1119 1400 1172 1429 ex
1205 1385 1283 1428 1110
1316 1386 1411 1442 jam
1447 1391 1644 1442 tempore
1672 1384 1790 1428 diem
1817 1399 1964 1427 coram

133 1446 224 1490 Deo
251 1446 466 1489 universis
496 1446 718 1502 gentibus.
749 1445 782 1472 1'2
805 1447 861 1488 Et
891 1445 1144 1488 recordatus
1174 1450 1240 1487 est
1271 1445 1489 1487 Dominus
1515 1444 1665 1501 populi
1687 1444 1775 1499 sui,
1802 1458 1854 1485 ac
1884 1444 1964 1485 mi-

132 1511 270 1549 sertus
301 1511 366 1548 est
402 1505 660 1548 hereditatis
699 1519 804 1548 suae.
834 1504 868 1530 13
892 1505 949 1546 Et
976 1503 1327 1547 observabuntur
1360 1503 1452 1545 dies
1488 1503 1563 1545 isti
1596 1503 1643 1545 in
1669 1517 1818 1545 mense
1844 1502 1963 1556 adar,

132 1571 287 1620 quarta
313 1564 486 1607 decima
509 1570 550 1607 et
576 1564 729 1619 quinta
753 1563 926 1606 decima
953 1563 1023 1606 die
1049 1562 1250 1618 ejusdem
1276 1562 1460 1617 mensis,
1481 1576 1582 1604 cum
1607 1561 1727 1604 omni
1750 1559 1897 1603 studio
1923 1566 1966 1603 et

131 1623 294 1679 gaudio
326 1623 373 1665 in
398 1637 537 1665 unum
570 1628 736 1666 coetum
768 1622 921 1679 populi
951 1620 1231 1677 congregati,
1261 1621 1307 1663 in
1333 1626 1515 1664 cunctas
1551 1621 1757 1676 deinceps
1784 1634 1966 1675 genera-

134 1683 274 1726 tiones
301 1682 452 1741 populi
476 1682 628 1725 Israel.

191 1743 297 1786 GAP.
325 1743 406 1784 XI.
429 1768 488 1773 --
513 1741 526 1767 1
549 1742 681 1784 Anno
712 1747 887 1798 quarto,
915 1741 1205 1797 regnantibus
1233 1740 1477 1783 Ptolemaeo
1507 1744 1550 1782 et
1573 1738 1827 1795 Cleopatra,
1850 1742 1968 1780 attu-

131 1801 276 1844 lerunt
299 1801 573 1857 Dosithaeus,
597 1801 670 1857 qui
695 1815 742 1844 se
763 1800 1038 1844 sacerdotem
1064 1805 1106 1843 et
1135 1799 1304 1843 levitici
1330 1799 1503 1855 generis
1534 1797 1728 1855 ferebat,
1753 1803 1796 1840 et
1822 1796 1967 1840 Ptole-

132 1873 292 1915 maeus,
318 1860 434 1903 filius
457 1860 573 1916 ejus,
599 1859 715 1903 hanc
746 1859 980 1916 epistolam
1005 1859 1202 1916 phurim,
1235 1873 1369 1914 quam
1394 1858 1600 1901 dixerunt
1627 1856 1968 1913 interpretatum

131 1933 226 1963 csse
253 1919 592 1976 Lysimachum,
621 1919 853 1962 Ptolemaei
879 1918 1042 1974 filium,
1064 1919 1108 1961 in
1138 1918 1400 1961 Jerusalem.
1680 1922 1683 1925 '

191 1979 291 2022 Hoc
323 1994 492 2034 quoque
507 1980 782 2035 principium
812 1985 906 2022 erat
937 1980 984 2021 in
1012 1980 1194 2021 editione
1219 1978 1419 2033 vulyata,
1444 1977 1563 2033 quod
1581 1991 1656 2019 nec
1680 1977 1726 2018 in
1754 1974 1942 2018 Hebraeo
1959 2008 1970 2028 ‚

131 2053 206 2082 ozee
228 2039 352 2095 apud
375 2038 517 2080 ullum
564 2045 682 2081 artur
706 2040 1001 2095 interpretum.

192 2098 208 2123 2
229 2099 361 2140 Anno
387 2110 521 2140 secun
558 2111 600 2153 0,
627 2103 841 2153 regnante
862 2098 1110 2140 Artaxerxe
1132 2096 1349 2152 maximo,
1369 2095 1512 2153 prima
1539 2095 1610 2138 die
1632 2094 1794 2137 mensis
1822 2093 1967 2149 nisan,

133 2157 246 2200 vidit
275 2156 498 2200 somnium
531 2156 860 2212 Mardochaeus,
892 2156 1008 2199 filius
1046 2155 1180 2211 Jairi,
1214 2155 1295 2198 filii
1328 2154 1494 2209 Semei,
1521 2154 1601 2196 filii
1639 2153 1733 2209 Cis,
1762 2153 1816 2196 de
1851 2152 1970 2195 tribu

136 2216 374 2272 Beujamin
404 2232 412 2259 :
447 2215 464 2241 3
488 2216 620 2258 homo
652 2215 858 2270 Judaeus,
893 2215 966 2272 qui
1002 2214 1238 2258 habitabat
1269 2215 1316 2257 in
1351 2212 1459 2257 urbe
1493 2213 1633 2268 Susis,
1657 2213 1725 2255 vir
1758 2225 1967 2268 magnus,

135 2283 176 2319 et
198 2276 313 2318 inter
338 2275 501 2331 primos
527 2275 643 2317 aulae
669 2275 817 2330 regiae.
840 2275 857 2301 4
880 2276 989 2318 Erat
1010 2280 1161 2317 autem
1191 2274 1244 2317 de
1269 2289 1318 2317 00
1350 2287 1532 2316 numero
1560 2272 1839 2329 captivorum
1862 2284 1969 2326 quos

135 2334 420 2377 transtulerat
444 2334 865 2389 Nabuchodonosor,
884 2348 962 2377 rex
985 2333 1240 2390 BabyloniS,
1262 2333 1316 2376 de
1339 2332 1602 2387 Jerusalem,
1619 2345 1720 2374 cum
1737 2328 1967 2385 Jechonia,

134 2408 237 2450 rege
260 2393 393 2437 Juda.
425 2393 441 2420 ⁵
460 2392 518 2436 Et
542 2394 625 2436 hoc
651 2394 748 2450 ejus
778 2393 1000 2436 somnium
1025 2393 1115 2435 fuit
1140 2409 1148 2436 ε
1175 2393 1489 2449 Apparuerunt
1511 2405 1639 2434 voces
1663 2396 1706 2433 et
1730 2389 1967 2444 tumultus,

135 2463 177 2497 et
211 2453 427 2508 tonitrua,
458 2458 501 2495 et
534 2457 832 2508 terraemotus,
868 2457 911 2496 et
943 2451 1222 2495 conturbatio
1255 2465 1385 2508 super
1417 2456 1607 2505 terram3
1643 2450 1660 2476 6
1682 2455 1725 2492 et
1754 2463 1855 2492 ecce
1884 2448 1969 2490 duo

134 2513 347 2556 dracones
370 2512 541 2568 magni,
569 2512 799 2569 paratique
825 2517 978 2554 contra
1004 2525 1049 2554 se
1072 2511 1119 2553 in
1141 2510 1359 2568 praelium.
1384 2509 1398 2536 ⁷
1425 2509 1496 2552 Ad
1521 2523 1705 2565 quorum
1731 2508 1971 2550 clamorem

136 2578 309 2615 cunctae
338 2571 573 2614 concitatae
600 2576 704 2614 sunt
729 2571 951 2627 nationes,
978 2575 1027 2612 ut
1055 2574 1305 2627 pugnarent
1339 2574 1491 2612 contra
1525 2573 1704 2624 gentem
1737 2567 1968 2622 J'ustorum.

135 2631 152 2658 8
175 2631 366 2687 Fuitque
391 2630 483 2673 dies
515 2630 594 2672 illa
625 2630 906 2673 tenebrarum
937 2635 980 2673 et
1010 2629 1298 2684 discriminis,
1325 2626 1625 2670 tribulationis
1652 2631 1694 2669 et
1728 2624 1969 2681 angustiae,

136 2697 178 2734 et
208 2690 367 2746 ingens
399 2690 595 2732 formido
628 2703 757 2746 super
786 2695 961 2732 terram.
996 2688 1013 2714 9
1035 2687 1396 2742 Conturbataque
1421 2692 1487 2729 est
1520 2699 1628 2742 gens
1662 2684 1883 2741 justorum
1915 2683 1971 2726 ti-

134 2750 353 2793 mentium
392 2749 510 2792 mala
551 2763 650 2804 sua,
693 2753 735 2791 et
777 2752 1026 2806 praeparata
1062 2747 1119 2790 ad
1157 2751 1357 2789 mortem.
1401 2744 1437 2771 1⁰
1470 2744 1874 2799 Clamaveruntque
1913 2742 1985 2789 ad,

137 2811 310 2864 Deum;
335 2812 379 2852 et
405 2808 495 2851 illis
528 2808 902 2863 vociferantibus,
929 2807 1031 2849 fons
1060 2819 1223 2863 parvus
1254 2804 1392 2848 crevit
1420 2804 1466 2846 in
1492 2803 1678 2846 fluvium
1700 2803 1969 2858 maximum,

134 2874 178 2912 et
210 2868 257 2910 in
290 2881 426 2924 aquas
463 2867 677 2925 plurimas
714 2866 994 2910 redundavit.
1037 2864 1069 2891 1¹
1095 2866 1194 2907 Lux
1231 2869 1273 2907 et
1313 2861 1378 2907 sol
1416 2868 1534 2906 ortus
1569 2867 1664 2919 est3
1704 2868 1747 2905 et
1779 2861 1969 2905 humiles

134 2927 320 2972 exaltati
346 2931 469 2983 sunt,
493 2932 537 2970 et
563 2927 885 2970 devoraverunt
911 2925 1116 2981 inclytos

195 2985 231 3012 ¹2
256 2985 382 3036 Quod
415 3000 516 3029 cum
540 2986 726 3029 vidisset
754 2984 1082 3039 Mardochaeus,
1112 2989 1155 3027 et
1187 2983 1447 3027 surrexisset
1473 2983 1534 3034 de
1556 2986 1714 3038 strato,
1742 2978 1970 3035 cogitabat

135 3045 240 3101 quid
269 3045 388 3088 Deus
417 3045 567 3089 facere
593 3045 757 3100 vellet3
783 3050 825 3088 et
851 3044 988 3086 fixum
1014 3043 1208 3086 habebat
1240 3043 1287 3085 in
1320 3042 1491 3098 animo,
1510 3041 1633 3085 scire
1657 3040 1838 3098 cupiens
1864 3037 1969 3094 quid

137 3103 410 3160 significaret
435 3104 670 3147 somnium.
1633 3134 1636 3137 -

197 3164 303 3208 CAP.
326 3164 434 3207 XII.
456 3190 516 3197 —
541 3163 554 3190 ¹
578 3163 837 3207 Morabatur
868 3168 1018 3206 autem
1057 3176 1106 3205 eo
1142 3167 1338 3220 tempore
1370 3161 1417 3204 in
1450 3161 1553 3204 aula
1584 3160 1721 3215 regis,
1749 3173 1851 3201 cum
1885 3159 1970 3200 Ba-

135 3223 274 3279 gatha
296 3228 339 3266 et
359 3223 526 3278 Thara,
555 3223 768 3267 eunuchis
793 3223 929 3279 regis,
955 3221 1026 3277 qui
1055 3221 1269 3277 janitores
1299 3226 1424 3264 erant
1439 3219 1615 3278 palatii.
1642 3218 1659 3245 2
1680 3218 1879 3273 Cumque
1902 3216 1969 3259 in-

137 3281 381 3325 tellexisset
418 3282 710 3338 cogitationes
749 3296 916 3337 eorum,
958 3286 1001 3324 et
1037 3294 1162 3323 curas
1200 3278 1460 3336 diligentius
1498 3278 1780 3336 pervidisset,
1812 3274 1969 3319 didicit

138 3340 254 3396 quod
276 3347 539 3385 conarentur
559 3341 606 3384 in
627 3355 778 3397 regem
803 3343 1098 3384 Artaxerxem
1123 3354 1279 3383 manus
1306 3339 1502 3394 mittere,
1523 3343 1566 3382 et
1591 3336 1815 3380 nuntiavit
1839 3348 1970 3391 super

138 3414 188 3442 eo
221 3398 328 3456 regi.
365 3400 384 3427 3
409 3401 491 3451 Qui
526 3400 580 3444 de
613 3406 796 3457 utroque
855 3399 1010 3442 habita
1043 3399 1307 3454 quaestione,
1343 3397 1570 3442 confessos
1610 3396 1740 3452 jussit
1778 3393 1880 3437 duci
1911 3393 1969 3436 ad

138 3465 338 3503 mortem.
365 3458 382 3486 4
405 3461 500 3502 Rex
529 3464 680 3503 autem
701 3459 817 3516 quod
845 3463 1020 3515 gestum
1047 3463 1140 3501 erat
1160 3456 1338 3516 scripsit
1361 3457 1409 3500 in
1434 3453 1763 3500 commentariis
1784 3471 1793 3509 3
1824 3452 1901 3496 sed
1926 3455 1970 3496 et

145 3589 197 3622 11,
214 3587 243 3620 4]
263 3586 310 3613 1v
325 3586 554 3621 Reg.xx1v‚
571 3587 614 3614 15.
632 3586 709 3618 sup.
729 3587 780 3622 11,
798 3589 824 3615 a.
841 3601 878 3607 -
894 3588 923 3620 1]
939 3587 1017 3620 sup.
1035 3588 1089 3624 11,
1107 3591 1140 3616 21
1157 3592 1191 3617 et
1208 3589 1274 3622 VI,
1290 3593 1316 3618 2.

2088 800 2216 830 Somnii

2050 844 2251 873 mardochaei

2071 889 2235 922 interpre-

2104 932 2200 961 tatio.

2067 2101 2239 2129 Somnium

2047 2142 2258 2173 Mardochaei.

2046 3164 2276 3194 Mardochaeus

2087 3208 2226 3237 insidias

2045 3254 2277 3282 eunuchorum

2052 3296 2262 3327 manifestat.
