2423 3861
114 1008 355 1043 &azophylacia

195 1053 274 1082 atrii

148 1097 334 1127 interioris

171 3033 329 3064 Ambitus

193 3077 302 3105 totius

162 3123 346 3149 νΕΙᾝΟΙῙῙΙΓΣΒ.

425 104 511 149 966
989 103 1065 145 ΕΖ.
1099 101 1228 156 xm,
1262 102 1315 142 21
1351 127 1410 132 -
1441 76 1596 155 xm,
1632 101 1701 143 20.

2178 206 2275 214 -——-.

425 276 471 318 in
495 276 662 333 pariete
687 274 856 330 templi.
883 272 916 298 '²¹
940 272 1097 314 Limen
1123 270 1502 327 quadrangulum,
1535 275 1578 313 et
1610 270 1752 313 facies
1781 272 2023 315 sanetuarii
2056 277 2260 329 aspectus

425 341 577 379 contra
602 338 846 389 aspectum.
869 330 906 356 22
924 331 1094 375 Alta-ris
1118 331 1256 386 lignei
1283 331 1418 372 trium
1447 329 1700 373 cubitorum
1725 329 1936 385 altitudo,
1959 336 2004 374 et
2027 330 2263 388 longitudo

424 395 522 451 ejus
551 394 737 435 duorum
770 391 1048 445 cubitorum,
1087 395 1131 433 et
1163 389 1317 446 anguli
1351 390 1468 446 ejus,
1500 395 1544 432 et
1565 389 1810 445 longitudo
1842 390 1960 446 ejus,
1996 395 2039 433 et
2070 391 2261 447 parietes

424 454 519 509 ejus
542 451 692 507 lignei.
722 452 779 493 Et.
800 450 972 493 locutus
998 455 1064 493 est
1089 449 1145 492 ad
1171 464 1264 492 me:
1294 450 1407 492 Haec
1433 454 1500 492 est
1521 463 1675 492 mensa
1697 463 1846 492 coram
1870 449 2074 493 Domino.

461 511 519 537 ’23
536 512 596 553 Et
620 511 706 553 duo
732 510 845 552 ostia
871 514 998 552 erant
1025 509 1072 551 in
1101 509 1270 565 templo
1299 509 1411 552 etin
1437 508 1706 552 sanctuario.
1731 507 1768 534 24
1787 510 1845 551 Et
1870 508 1917 551 in
1943 508 2117 552 duobus
2140 509 2262 553 ostiis

422 587 477 615 ex
499 575 683 626 utraque
708 576 833 626 parte
859 569 965 611 bina
991 573 1118 612 erant
1140 569 1298 611 ostiola
1325 583 1424 625 quae
1448 568 1495 610 in
1521 582 1566 611 se
1591 567 1787 612 invicem
1815 568 2123 625 plicabantur3
2158 567 2264 611 bina

422 629 541 674 enim
573 629 685 674 ostia
715 633 841 672 erant
874 643 929 672 ex
960 633 1146 685 utraque
1176 633 1302 685 parte
1336 627 1563 671 ostiorum.
1586 626 1624 653 25
1643 629 1699 670 Et
1730 623 1890 671 caelata
1920 632 2046 671 erant
2078 627 2124 670 in
2156 627 2265 685 ipsis

421 689 545 734 ostiis
570 688 727 746 templi
758 688 1010 744 cherubim,
1037 697 1082 742 et
1106 688 1348 744 sculpturae
1378 687 1650 744 palmarum,
1674 687 1789 730 sicut
1813 689 1859 730 in
1885 686 2134 744 parietibus
2151 701 2266 744 quo·
2327 697 2331 700 ·

421 764 504 806 que
537 763 758 806 expressae
797 752 950 802 erant3
987 748 1275 804 quamobrem
1311 752 1356 790 et
1389 747 1619 803 grossi-ora
1647 751 1773 790 erant
1809 747 1934 803 ligna
1969 747 2017 789 in
2052 746 2266 790 vestibuli

420 811 569 853 fronte
591 809 854 853 forinsecus.
874 806 911 834 26
927 808 1068 864 Super
1089 822 1188 863 quae
1212 808 1426 851 fenestrae
1453 806 1658 862 obliquae,
1677 811 1722 849 et
1743 806 1993 850 similitudo
2015 806 2281 864 palmarum-

420 869 525 912 hinc
546 873 680 925 atque
703 868 810 912 inde
833 868 879 910 in
904 867 1147 910 humerulis
1174 867 1405 922 vestibuli,
1425 866 1671 910 secundum
1693 865 1833 909 latera
1860 866 2036 922 domus,
2064 865 2266 908 latitudi-

420 944 609 985 nemque
634 929 869 985 parietum.

480 989 587 1032 CAP.
618 989 768 1031 XLII.
793 1015 853 1021 —-
877 988 887 1014 ¹
909 989 968 1031 Et
989 988 1146 1031 eduxit
1171 1002 1241 1031 me
1269 987 1316 1029 in
1342 987 1506 1030 atrium
1537 986 1752 1042 exterius,
1782 1000 1860 1043 per
1880 986 2002 1028 viam
2028 985 2266 1029 ducente-m

421 1050 477 1092 ad
503 1048 775 1105 aquilonem,
804 1054 848 1091 et
871 1047 1121 1090 introduxit
1145 1061 1216 1090 me
1241 1047 1288 1090 in
1314 1046 1689 1104 gazophylacium
1711 1045 1827 1101 quod
1851 1052 1944 1088 erat
1965 1051 2119 1089 contra
2141 1059 2266 1102 sepa-

420 1115 565 1151 ratum
601 1108 861 1163 aedificium,
898 1113 941 1151 et
974 1111 1127 1150 contra
1162 1107 1305 1150 aedem
1330 1111 1590 1163 vergentem
1626 1105 1684 1148 ad
1719 1105 1988 1160 aquilonem.
2020 1104 2038 1131 2
2058 1105 2114 1148 In
2146 1105 2266 1147 facie

421 1168 736 1223 longitudinis,
761 1173 940 1211 centum
974 1166 1147 1210 cubitos
1182 1166 1282 1210 ostii
1316 1165 1559 1223 aquilonis,
1589 1170 1633 1208 et
1661 1164 1914 1208 latitudinis
1939 1164 2267 1221 quinquaginta

423 1228 617 1282 cubitos,
653 1227 670 1254 3
701 1232 855 1270 contra
880 1226 1042 1283 viginti
1078 1226 1253 1270 cubitos
1285 1227 1388 1270 atrii
1420 1225 1667 1281 interioris,
1700 1229 1743 1268 et
1772 1230 1925 1267 contra
1958 1224 2267 1282 pavimentum

422 1293 610 1331 stratum
639 1287 789 1344 lapide
817 1287 919 1330 atrii
954 1286 1204 1342 exterioris,
1239 1286 1315 1330 ubi
1346 1291 1441 1330 erat
1468 1285 1665 1342 porticus
1691 1284 1850 1340 juncta
1870 1283 2059 1341 porticui
2086 1282 2265 1340 triplici.

422 1347 439 1373 4
466 1349 522 1390 Et
560 1353 662 1390 ante
701 1347 1024 1404 gazophylacia
1064 1346 1368 1389 deambulatio
1405 1347 1560 1389 decem
1602 1344 1854 1388 cubitorum
1893 1343 2171 1399 latitudinis,
2210 1343 2267 1387 ad

421 1407 632 1451 interiora
653 1407 896 1464 respiciens
922 1407 1008 1449 viae
1035 1405 1174 1449 cubiti
1200 1406 1345 1450 unius.
1374 1408 1431 1449 Et
1457 1405 1571 1449 ostia
1596 1419 1747 1448 eorum
1770 1404 1826 1447 ad
1849 1404 2130 1459 aquilonem3
2151 1403 2168 1430 5
2190 1402 2268 1445 ubi

422 1472 548 1511 erant
572 1466 896 1524 gazophylacia
921 1466 968 1508 in
993 1466 1294 1522 superioribus
1317 1466 1575 1521 humiliora,
1596 1464 1700 1520 quia
1721 1464 2047 1520 supportabant
2073 1463 2267 1520 porticus

422 1542 521 1584 quae
548 1542 602 1571 ex
630 1526 721 1569 illis
751 1525 1010 1570 eminebant
1040 1526 1095 1569 de
1118 1525 1429 1581 inferioribus,
1461 1531 1504 1569 et
1531 1525 1585 1568 de
1609 1523 1769 1566 mediis
1805 1522 1997 1566 aedifioii.
2024 1523 2042 1549 ‘⁵
2063 1522 2268 1578 Tristega

422 1587 541 1631 enim
576 1592 722 1642 erant,
750 1591 793 1629 et
822 1600 910 1629 non
935 1586 1165 1629 habebant
1194 1585 1445 1635 columnas,
1477 1584 1591 1627 sicut
1616 1588 1744 1626 erant
1772 1583 1993 1626 columnae
2020 1581 2264 1635 atriorum;

422 1652 654 1704 propterea
681 1646 939 1690 eminebant
971 1645 1026 1688 de
1050 1645 1357 1700 inferioribus,
1395 1650 1438 1688 et
1472 1644 1526 1687 de
1559 1642 1718 1686 mediis
1745 1657 1771 1684 a
1796 1647 1911 1685 terra
1942 1642 2105 1684 cubitis
2140 1642 2264 1698 quin-

423 1706 651 1763 quaginta.
680 1705 773 1755 7Et
797 1704 1022 1762 peribolus
1055 1704 1247 1748 exterior
1279 1704 1524 1748 secundum
1557 1701 1901 1759 gazophylacia,
1933 1716 2032 1758 quae
2063 1706 2189 1745 erant
2221 1701 2266 1743 in

422 1766 498 1809 Via
519 1766 622 1809 atrii
649 1765 878 1809 exterioris
904 1770 1008 1807 ante
1038 1764 1386 1821 gazophylacia3
1412 1763 1645 1819 longitudo
1673 1762 1768 1817 ejus
1792 1761 2118 1817 quinquaginta
2145 1761 2267 1803 cubi-

422 1831 597 1870 torum:
627 1825 644 1852 8
663 1826 766 1881 quia
794 1824 1028 1881 longitudo
1062 1828 1157 1867 erat
1185 1823 1610 1881 gazophylaciorum
1639 1821 1741 1864 atrii
1768 1820 2019 1876 exterioris,
2052 1821 2267 1876 quinqua·

424 1885 550 1942 ginta
589 1885 859 1939 cubitorum,
896 1889 940 1928 et
972 1883 1205 1939 longitudo
1238 1889 1342 1926 ante
1375 1883 1542 1926 faciem
1575 1880 1755 1938 templi,
1786 1884 1967 1923 centum
2002 1879 2278 1923 cubitorum.·

424 1945 441 1972 9
459 1946 518 1988 Et
543 1950 638 1989 erat
663 1945 814 1988 subter
839 1943 1162 2000 gazophylacia
1188 1943 1284 1986 haec
1310 1942 1518 1985 introitus
1544 1941 1600 1984 ab
1628 1941 1817 1996 oriente,
1845 1938 2197 1996 ingredientium
2222 1939 2269 1982 in

425 2020 475 2049 ea
501 2005 555 2048 de
580 2005 692 2048 atrio
719 2004 938 2048 exteriori.
1748 2033 1751 2038 ,

487 2064 521 2091 10
538 2066 593 2108 In
618 2064 858 2107 latitudine
878 2062 1065 2121 periboli
1092 2063 1193 2105 atrii
1224 2062 1341 2118 quod
1368 2067 1463 2105 erat
1493 2067 1646 2105 contra
1672 2059 1794 2102 viam
1820 2059 2103 2115 orientalem,
2126 2059 2174 2101 in
2199 2059 2291 2116 fa·>

425 2125 539 2168 ciem
577 2123 753 2167 aedificii
785 2122 998 2180 separati,
1035 2128 1078 2166 et
1109 2128 1235 2166 erant
1267 2127 1371 2165 ante
1408 2121 1648 2164 aedificium
1681 2118 2019 2176 gazophylacia.
2051 2118 2084 2145 ¹¹
2113 2119 2172 2161 Et
2196 2118 2268 2160 via

424 2190 527 2228 ante
556 2184 724 2226 faciem
749 2198 922 2240 eorum,
949 2183 1080 2239 juxta
1105 2182 1449 2225 similitudinem
1478 2179 1903 2236 gazophylaciorum,
1932 2193 2031 2234 quae
2066 2182 2192 2222 erant
2225 2177 2269 2220 izn

423 2245 497 2287 via
523 2243 768 2301 aquilonis3
801 2242 1047 2286 secundum
1076 2242 1408 2298 longitudinem
1437 2255 1609 2296 eorum,
1637 2239 1700 2282 sic
1727 2245 1770 2282 et
1803 2238 1996 2282 latitudo
2025 2252 2198 2293 eorum,
2227 2243 2269 2280 et

427 2304 568 2348 omnis
606 2303 815 2346 introitus
852 2317 1024 2358 eorum,
1061 2307 1104 2345 et
1140 2301 1482 2356 similitudines,
1522 2307 1566 2342 et
1603 2299 1716 2342 ostia
1753 2313 1918 2342 eorum.
1953 2296 1990 2323 12
2016 2296 2268 2342 Secundum

427 2363 537 2407 ostia
559 2362 1003 2420 gazophylaciorum,
1024 2377 1124 2418 quae
1143 2366 1268 2405 erant
1291 2361 1336 2404 in
1360 2360 1434 2403 via
1456 2359 1721 2417 respiciente
1743 2358 1800 2402 ad
1826 2364 1983 2401 notum
2005 2375 2014 2402 ε
2037 2357 2202 2401 ost-ium
2222 2356 2269 2399 in

381 2433 383 2435 '
426 2424 572 2480 capite
597 2423 703 2477 viae,
729 2437 825 2479 quie
843 2423 917 2464 via
943 2429 1036 2465 erat
1058 2427 1163 2465 ante
1187 2421 1459 2465 vestibulum
1484 2424 1736 2475 separatum
1765 2433 1842 2475 per
1862 2418 1981 2461 viam
2007 2416 2268 2463 orientalem

425 2483 796 2538 ingredientibus.

487 2542 524 2569 ¹3
542 2542 601 2584 Et
618 2541 734 2584 dixit
749 2541 807 2584 ad
826 2556 896 2584 me
923 2557 930 2584 z
952 2539 1289 2597 Gazophylacia
1313 2538 1555 2595 aquilonis,
1575 2542 1619 2581 et
1644 2534 1969 2592 gazophylacia
1993 2531 2153 2588 austri,
2174 2545 2272 2587 quae

426 2607 530 2646 sunt
553 2607 657 2644 ante
685 2600 926 2644 aedificium
948 2604 1225 2657 separatum,
1250 2599 1347 2641 lieec
1368 2602 1473 2641 sunt
1496 2594 1821 2652 gazophylacia
1845 2597 2022 2648 sancta,
2041 2592 2090 2635 in
2112 2591 2273 2647 quibus

426 2665 668 2705 vescuntur
692 2659 944 2703 sacerdotes
969 2658 1044 2715 qui
1077 2658 1440 2716 appropinquant
1467 2656 1525 2699 ad
1560 2654 1805 2701 Dominum
1829 2653 1875 2695 in
1907 2657 2065 2695 sancta
2097 2655 2273 2710 sancto-

426 2736 552 2776 rum3
584 2720 648 2762 ibi
678 2724 845 2776 ponent
877 2724 1033 2761 sancta
1060 2723 1336 2772 sanctorum,
1356 2721 1401 2760 et
1417 2716 1692 2760 oblationem
1717 2727 1795 2771 pro
1813 2716 1999 2769 peccato
2025 2716 2068 2754 et
2093 2724 2172 2766 pro
2198 2708 2274 2752 de-

428 2780 559 2835 licto,
586 2780 709 2823 locus
735 2779 855 2822 enim
888 2784 1070 2822 sanctus
1096 2783 1175 2821 est.
1200 2777 1236 2803 Μ
1254 2777 1368 2820 Cum
1395 2781 1548 2819 autem
1572 2773 1763 2830 ingressi
1795 2771 1966 2815 fuerint
1998 2767 2272 2813 sacerdotes.

427 2854 517 2883 non
542 2839 824 2895 egredientur
850 2838 904 2882 de
926 2837 1093 2881 sanctis
1116 2837 1163 2879 in
1187 2836 1354 2879 atrium
1377 2835 1572 2878 exterius
1589 2851 1600 2886 ;
1618 2838 1662 2877 et
1686 2832 1750 2876 ibi
1771 2834 1987 2888 reponent
2003 2827 2261 2893 vestimenta

428 2913 528 2955 sua,
561 2899 607 2941 in
641 2898 802 2954 quibus
840 2898 1117 2952 ministrant,
1141 2896 1246 2952 quia
1278 2900 1435 2938 sancta
1467 2898 1591 2941 sunt.
1625 2891 1959 2946 vestienturque
1989 2887 2274 2933 vestimentis

428 2957 548 3013 aliis,
573 2963 618 3002 et
641 2958 705 3001 sic
727 2957 970 3015 procedent
995 2956 1051 2999 ad
1076 2955 1304 3013 populum.

496 3020 528 3046 ¹5
544 3017 745 3074 'Cu-mque
775 3018 1041 3074 complesset
1064 3031 1292 3060 mensuras
1318 3016 1473 3058 domus
1498 3012 1742 3067 interioris,
1765 3009 1920 3053 eduxit
1949 3024 2019 3052 me
2049 3024 2127 3067 per
2151 3008 2273 3052 viam

433 3085 571 3136 portae
602 3093 699 3134 quae
729 3077 996 3134 respiciebat
1021 3076 1078 3119 ad
1104 3076 1224 3119 viam
1251 3074 1537 3128 orientalem3
1566 3078 1610 3116 et
1638 3084 1816 3114 mensus
1850 3075 1916 3112 est
1945 3083 2046 3112 eam
2077 3068 2272 3124 undique

433 3152 510 3194 per
546 3137 794 3180 circuituum
836 3137 870 3163 1ss
897 3137 1077 3180 Mensus
1114 3140 1180 3178 est
1212 3141 1361 3178 autem
1399 3138 1552 3176 contra
1586 3135 1769 3174 ventum
1804 3128 2068 3172 orientalem
2099 3127 2272 3173 calamo

433 3210 673 3251 mensurae,
704 3196 971 3251 quingentos
1001 3195 1197 3238 calamos
1225 3195 1273 3237 in
1307 3194 1480 3237 calamo
1513 3203 1731 3234 mensurae
1764 3203 1843 3245 per
1875 3188 2125 3231 circuitum.
2152 3185 2186 3213 17
2214 3187 2272 3229 Et

434 3270 612 3300 mensus
639 3259 704 3298 est
726 3261 877 3297 contra
903 3260 1087 3298 ventum
1112 3253 1333 3310 aquilonis
1362 3252 1629 3309 quingentos
1658 3247 1854 3292 calamos
1878 3247 1925 3290 in
1951 3247 2124 3290 calamo
2150 3259 2270 3290 men-

434 3330 552 3359 surae
570 3329 647 3372 per
671 3328 842 3370 gyrum.
876 3313 906 3340 ¹8
927 3315 984 3356 Et
1009 3314 1066 3357 ad
1087 3319 1272 3362 ventum
1300 3311 1541 3356 australem
1563 3321 1741 3351 mensus
1772 3312 1838 3350 est
1863 3307 2134 3363 quingentos.
2155 3304 2272 3349 cala-

435 3389 529 3419 mos
557 3375 603 3417 in
638 3374 812 3417 calamo
847 3387 1068 3416 mensu-rae
1103 3387 1180 3429 per
1217 3373 1467 3416 circuitum.
1496 3368 1532 3395 ¹⁴³
1555 3369 1611 3410 Et
1643 3367 1700 3409 ad
1730 3372 1915 3410 ventum
1948 3363 2272 3409 occidentalem

435 3448 610 3478 men-sus
635 3438 701 3477 est
727 3432 992 3489 quingentos
1018 3431 1213 3475 calamos
1234 3432 1282 3474 in
1304 3431 1477 3474 calamo
1500 3441 1731 3470 mensurae.
1754 3426 1792 3452 ‘2⁰
1810 3427 1894 3469 Per
1910 3430 2101 3481 quatuor
2115 3427 2270 3466 ventos

436 3508 612 3537 mensus
639 3498 705 3536 est
731 3506 905 3534 murum
932 3491 1028 3546 ejus
1054 3491 1247 3546 undique
1272 3505 1350 3546 per
1374 3486 1629 3541 circuitum,
1659 3485 1987 3542 longitudinem
2007 3481 2285 3539 quingenta-⁴

435 3567 530 3595 rum
574 3552 847 3607 cubitorum,
890 3556 934 3594 et
974 3549 1257 3592 latitudinem
1294 3549 1638 3604 quingentorum
1676 3544 1953 3599 cubitorum,
1995 3541 2271 3586 dividentem

435 3610 550 3653 inter
573 3611 875 3653 sanctuarium
900 3614 944 3653 et
970 3608 1094 3664 vulgi
1119 3608 1277 3650 locum.
