2456 3861
625 66 648 107 1
681 65 792 108 PAR.
826 65 936 119 XX,
970 65 997 108 2
1028 91 1087 96 -
1119 64 1252 119 XXI,
1288 65 1355 107 17.
1820 65 1906 107 399

79 234 256 289 Babba,
284 240 329 278 et
357 235 575 278 destruxit
600 250 712 278 eam.
739 234 756 260 ‘²
773 235 894 277 Tulit
918 239 1068 276 autem
1096 233 1241 277 David
1269 248 1474 277 coronam
1505 234 1726 276 Melchom
1756 234 1810 277 dc
1835 248 1907 276 ca-

76 293 169 350 pite
198 294 315 349 ejus,
341 298 386 337 ct
418 293 590 337 invenit
614 294 659 336 in
689 309 740 336 ea
765 294 858 336 auri
888 293 1034 349 pondo
1069 293 1305 348 talentum,
1336 297 1380 336 et
1413 293 1752 349 pretiosissimas
1786 306 1902 348 gem-

77 366 191 406 mas,
223 353 421 408 fecitque
448 353 530 395 sibi
557 353 660 395 inde
691 352 921 407 diadema3
951 351 1183 394 manubias
1208 366 1378 407 quoque
1404 351 1522 394 urbis
1552 351 1764 408 plurimas
1789 351 1904 396 tulit.

76 410 95 437 3
114 411 328 467 Populum
360 417 529 467 autem,
557 412 631 467 qui
661 417 754 454 erat
778 411 823 453 in
853 425 926 466 ea,
953 410 1133 465 eduxit3
1159 416 1204 454 et
1232 411 1344 454 fecit
1371 425 1503 467 super
1526 425 1600 454 eos
1626 411 1832 466 tribulas,
1863 415 1908 454 et

74 471 247 525 trahas,
266 475 310 512 et
335 470 503 512 ferrata
529 475 739 526 carpenta
760 470 966 525 transire,
987 470 1050 512 ita
1077 475 1123 512 ut
1148 469 1473 513 dissecarentur
1498 474 1542 513 et
1563 474 1905 515 contererentur.

76 529 148 571 Sic
180 528 292 571 fecit
327 528 472 570 David
506 528 677 570 cunctis
708 527 890 570 urbibus
922 528 1113 571 filiorum
1145 529 1364 583 Ammon3
1401 535 1446 573 et
1475 543 1676 572 reversus
1706 535 1776 572 est
1807 543 1907 572 cum

69 586 195 630 omn-i
220 586 383 642 populo
403 601 480 629 suo
505 586 552 629 in
571 587 597 628 J
604 586 834 631 erusalcin.

133 645 151 671 4
173 646 279 688 Post
312 645 408 687 haec
437 645 599 687 initum
621 650 688 688 est
717 646 884 688 bellum
908 646 955 688 in
982 646 1126 689 Gazer
1147 646 1381 688 adversum
1412 647 1717 702 Philisthaeos,
1747 647 1793 690 in
1823 662 1908 703 quo

69 704 290 761 percussit
313 703 529 747 Sobochai
552 704 838 759 Husathites,
863 703 1026 760 Saphai
1049 704 1102 746 de
1126 718 1284 760 genere
1316 705 1554 761 Raphaim,
1579 712 1621 748 et
1654 706 1908 749 humiliavit

66 777 161 806 eos.
188 763 204 789 ⁵
222 762 358 805 Aliud
381 775 551 818 quoque
577 762 744 805 bellum
773 768 949 818 gestum
973 767 1042 806 est
1070 763 1281 805 adversus
1309 763 1614 813 Philisthaeos,
1637 765 1683 806 in
1706 779 1791 819 quo
1814 780 1907 822 per-

69 822 211 865 cussit
236 821 514 876 Adeodatus‚
542 821 657 864 filius
684 821 852 876 Saltus,
878 821 1251 877 BetlilehemiteS‚
1278 822 1467 865 fratrem
1500 823 1681 866 Goliath
1708 824 1905 879 Gethaei,

66 881 201 936 cujus
237 881 378 923 hastae
418 880 594 936 lignum
629 885 725 923 erat
764 881 889 936 quasi
930 880 1197 923 liciatorium
1237 881 1499 924 texentium.
1535 882 1552 908 ⁰
1583 882 1667 924 Sed
1703 888 1746 925 et
1786 883 1907 926 aliud

72 939 241 982 bellum
262 939 426 982 accidit
451 939 496 981 in
513 939 657 994 Geth,
681 939 727 982 111
751 954 835 995 quo
856 939 947 983 fuit
969 940 1104 982 homo
1124 939 1430 996 longissimus,
1450 954 1577 983 senos
1603 941 1772 983 habens
1794 942 1906 997 digi-

68 1004 160 1055 tos,
187 999 233 1042 id
254 1003 321 1042 est
340 998 475 1041 simul
490 998 654 1054 viginti
676 1004 886 1054 quatuor3
908 999 983 1055 qui
1005 1004 1049 1041 et
1070 999 1164 1055 ipse
1190 999 1243 1042 de
1271 999 1427 1055 Rapha
1451 999 1600 1042 fuerat
1621 999 1756 1056 stirpe
1776 1015 1907 1056 gene-

68 1064 206 1101 ratus.
226 1057 241 1084 ⁷
263 1057 351 1100 Hic
374 1057 704 1114 blasphemavit
725 1058 865 1101 Israel
883 1076 891 1113 ;
914 1064 958 1101 et
980 1058 1196 1115 percussit
1217 1073 1319 1101 eum
1337 1059 1365 1101 J
1370 1059 1578 1114 onathan,
1597 1058 1713 1101 filius
1733 1059 1905 1115 Samaa,

71 1117 224 1159 fiatris
248 1117 408 1160 David.
430 1117 492 1159 Hi
515 1121 618 1160 sunt
642 1116 722 1159 filii
747 1118 905 1174 Rapha
929 1117 975 1159 in
997 1117 1136 1173 Geth,
1161 1117 1235 1173 qui
1257 1117 1513 1161 ceciderunt
1529 1117 1579 1160 in
1602 1132 1736 1161 manu
1762 1118 1908 1162 David

64 1181 116 1218 et
137 1190 367 1219 servorum
393 1176 504 1232 ejus.

675 1291 698 1348 ξ
733 1292 814 1335 VI.
847 1317 907 1325 -—-
938 1292 1108 1348 Populi
1139 1307 1300 1335 census.

129 1412 236 1457 CAP.
266 1412 392 1455 XXI.
422 1438 483 1444 —
510 1411 523 1438 1
544 1412 830 1456 Consul-rexit
854 1417 1005 1454 autem
1040 1413 1175 1455 Satan
1210 1418 1362 1455 contra
1396 1413 1556 1468 Israel,
1587 1419 1631 1456 et
1665 1414 1908 1458 concitavit

69 1471 217 1514 David
251 1476 300 1513 ut
332 1475 586 1513 numeraret-
614 1471 768 1513 Israel.
795 1470 812 1495 “2
839 1470 1052 1526 Dixitque
1086 1471 1233 1513 David
1266 1471 1323 1513 ad
1357 1472 1384 1513 J
1390 1471 1492 1527 oab,
1514 1477 1565 1514 <et
1597 1472 1653 1514 ad
1687 1472 1908 1529 principes

67 1530 251 1586 populi:
275 1530 369 1585 Ite,
396 1535 441 1573 et
469 1534 699 1572 numerate
725 1529 867 1572 Israel
897 1544 924 1571 a
955 1529 1174 1572 Bersabee
1204 1544 1339 1586 usque
1374 1531 1495 1585 Dan,
1531 1535 1575 1573 et
1607 1530 1764 1574 afferte
1798 1532 1907 1574 mihi

67 1595 301 1632 numerum
343 1593 391 1631 ut
427 1589 579 1632 sciam.
614 1588 631 1614 3
662 1587 993 1646 Responditque
1028 1589 1144 1631 Joab
1178 1605 1187 1633 2
1224 1589 1404 1644 Augeat
1442 1589 1658 1632 Dominus
1695 1591 1907 1646 populum

61 1661 196 1690 *sunm
229 1648 508 1705 centuplum,
543 1662 678 1704 quam
712 1652 828 1690 sunt.
864 1648 1042 1703 Nonne,
1080 1647 1257 1691 domine
1291 1647 1352 1690 mi
1380 1662 1478 1704 rex,
1515 1662 1664 1691 omnes
1698 1649 1814 1692 servi
1842 1650 1906 1693 tui

63 1707 206 1750 sunt?
238 1707 384 1758 Quare
424 1707 508 1750 hoc
545 1707 703 1763 quaerit
744 1707 948 1750 dominus
984 1721 1132 1763 meus,
1171 1707 1286 1762 quod
1328 1707 1374 1749 in
1414 1713 1648 1763 peccatum
1680 1714 1908 1764 reputetur

68 1764 261 1809 Israeli?
287 1765 304 1792 1
323 1766 406 1811 Sed
428 1781 570 1809 sermo
595 1767 713 1822 regis
735 1766 879 1822 magis
901 1766 1161 1822 praevaluit;
1192 1781 1477 1822 egressusque
1504 1772 1570 1810 est
1596 1768 1620 1810 J
1629 1767 1732 1822 oab,
1760 1774 1805 1810 et
1826 1768 1906 1810 cir-

62 1826 208 1868 cuivit
240 1825 497 1869 universum
534 1826 693 1881 Israel,
730 1831 774 1868 et
810 1840 1008 1868 reversus
1047 1830 1113 1868 est
1151 1826 1412 1869 Jerusalem.
1445 1826 1462 1852 5
1483 1826 1706 1882 Deditque
1742 1827 1906 1870 Davidi

67 1899 299 1928 numerum
329 1899 481 1928 eorum
511 1899 617 1940 quos
648 1885 909 1939 circuierat3
939 1890 982 1928 et
1005 1885 1215 1928 inventus
1242 1890 1309 1928 est
1339 1886 1481 1928 omnis
1506 1900 1714 1928 numerus
1745 1887 1904 1941 Israel,

64 1944 190 1987 mille
227 1944 370 1987 millia
407 1949 450 1987 et
486 1949 666 1987 centum
699 1944 841 1986 millia
875 1945 1069 1988 virorum
1108 1944 1388 1988 educentium
1426 1945 1654 2001 gladium;
1695 1945 1749 1988 de
1787 1946 1906 1988 Juda

60 2009 217 2046 autem
243 2003 569 2059 quadringenta
596 2004 889 2060 septuaginta
918 2003 1062 2046 millia
1087 2004 1367 2047 bellatorum.
1394 2004 1411 2030 6
1429 2005 1546 2046 Nam
1573 2004 1682 2047 Levi
1712 2010 1757 2047 et
1791 2005 1904 2048 Ben-

60 2062 210 2118 jamin
244 2077 331 2105 non
357 2062 628 2118 numeravit,
649 2077 699 2106 eo
725 2063 840 2118 quod
865 2064 893 2106 J
898 2063 980 2106 oab
1007 2063 1174 2106 invitus
1196 2068 1485 2119 exequeretur
1509 2064 1625 2119 regis
1655 2063 1903 2119 imperium.

126 2121 141 2148 7
162 2122 403 2178 Displicuit
427 2126 577 2164 autem
601 2123 696 2165 Deo
722 2122 837 2177 quod
859 2122 1033 2177 jussum
1049 2127 1164 2178 erat,
1185 2128 1229 2165 et
1249 2122 1466 2179 percussit
1484 2123 1638 2166 Israel.
1657 2123 1673 2149 8
1692 2122 1904 2179 Dixitque

68 2181 216 2224 David
240 2181 299 2223 ad
326 2182 468 2224 Deum
492 2197 500 2224 :
525 2180 718 2224 Peccavi
743 2180 876 2224 nimis
901 2187 950 2224 ut
983 2181 1066 2224 hoc
1095 2181 1318 2237 facerem3
1351 2182 1551 2237 obsecro,
1586 2182 1716 2225 aufer
1745 2182 1904 2238 iniqui-

62 2245 207 2283 tatem
237 2240 353 2283 servi
381 2240 469 2294 tui,
500 2240 609 2297 vquia
640 2239 900 2296 insipienter
925 2240 1009 2296 egi.
1039 2240 1057 2266 9
1074 2242 1132 2283 Et
1157 2240 1329 2284 locutus
1361 2246 1429 2284 est
1455 2241 1671 2284 Dominus
1696 2241 1753 2284 ad
1783 2242 1902 2297 Gad,

65 2296 306 2342 Videntem
321 2299 527 2355 Dmidis,
557 2299 737 2344 dicens:
765 2298 798 2325 ¹0
816 2299 962 2355 Vade,
989 2304 1034 2343 et
1055 2299 1232 2355 loquere
1257 2300 1315 2343 ad
1341 2300 1510 2356 David,
1533 2306 1578 2344 et
1603 2300 1674 2343 dic
1697 2301 1762 2344 ei:
1789 2301 1904 2344 Haec

61 2357 177 2401 dicit
200 2358 447 2403 Dominus:
474 2359 627 2402 Trium
651 2358 734 2402 tibi
761 2359 987 2415 optionem
1013 2359 1092 2413 do3
1121 2374 1261 2402 unum
1293 2359 1408 2415 quod
1441 2359 1652 2416 volueris,
1690 2360 1826 2416 elige,
1860 2365 1905 2403 et

64 2417 236 2460 faciam
263 2417 360 2461 tibi.
388 2417 640 2474 1lvCumque
665 2418 861 2461 venisset
891 2418 990 2461 Gad
1019 2418 1075 2461 ad
1103 2418 1270 2474 David,
1305 2418 1419 2461 dixit
1436 2419 1480 2462 ei
1504 2437 1514 2463 ς
1539 2419 1651 2461 Haec
1681 2419 1791 2462 dicit
1817 2420 1902 2462 Do-

68 2476 242 2520 minus:
271 2476 401 2533 Elige
431 2477 546 2533 quod
568 2477 772 2520 volueris.
801 2476 836 2503 ¹2
853 2477 946 2520 Aut
972 2477 1112 2520 tribus
1136 2477 1265 2520 annis
1290 2478 1485 2535 famem;
1508 2483 1586 2520 aut
1609 2478 1750 2521 tribus
1781 2492 1902 2521 men-

62 2535 188 2579 sibus
211 2541 256 2579 te
277 2536 440 2592 fugere
472 2537 621 2580 hostes
651 2542 771 2591 tuos,
802 2541 847 2579 et
873 2536 1073 2592 gladium
1105 2551 1255 2579 eorum
1287 2550 1377 2579 11011
1411 2550 1538 2593 posse
1574 2537 1791 2591 evadere;
1826 2543 1903 2580 aut

67 2595 208 2638 tribus
230 2595 386 2638 diebus
411 2595 611 2652 gladium
639 2595 840 2651 Domini,
865 2602 910 2638 et
934 2595 1238 2652 pestilentiam
1260 2596 1427 2638 versari
1453 2596 1502 2638 in
1531 2601 1666 2651 terra,
1698 2601 1742 2638 et
1768 2610 1902 2652 ange-

67 2653 161 2697 lum
187 2654 370 2698 Domini
395 2655 642 2698 interficere
667 2655 715 2698 in
737 2655 953 2707 universis
978 2655 1141 2698 finibus
1166 2655 1319 2698 Israel.
1348 2655 1478 2698 Nunc
1505 2655 1644 2710 igitur
1668 2655 1770 2698 vide
1795 2655 1902 2711 quid

64 2714 359 2770 respondeam
379 2714 424 2757 ei
453 2715 527 2770 qui
557 2715 682 2758 misit
709 2729 793 2758 me.
819 2714 855 2741 ¹3
872 2716 929 2757 Et
955 2714 1070 2757 dixit
1100 2713 1247 2757 David
1276 2713 1334 2757 ad
1360 2714 1460 2757 Gad
1487 2730 1496 2757 ε
1533 2715 1602 2757 Ex
1627 2714 1747 2757 omni
1776 2720 1900 2771 parte

67 2787 137 2816 me
172 2773 391 2830 angustiae
424 2780 659 2830 premunt3
695 2774 771 2817 sed
804 2773 962 2816 melius
996 2773 1104 2816 mihi
1130 2778 1216 2829 est,
1246 2778 1292 2816 ut
1323 2773 1521 2816 incidam
1549 2773 1595 2815 in
1627 2787 1784 2817 manus
1813 2775 1900 2817 Do-

61 2832 196 2888 mini,
233 2833 342 2888 ·quia
376 2833 530 2876 multae
563 2839 671 2877 -sunt
711 2832 1016 2876 miserationes
1053 2833 1170 2889 ejus„
1210 2847 1342 2888 quam
1381 2832 1427 2875 in
1464 2847 1621 2876 manus
1657 2833 1900 2877 homin-um.

11 2919 18 2926 -
63 2891 104 2918 14
127 2891 253 2934 Misit
285 2906 389 2948 ergo
426 2893 646 2936 Dominus
679 2891 983 2950 pestilentiam
1016 2891 1066 2935 in
1102 2892 1270 2947 Israel,
1309 2896 1354 2935 et
1386 2891 1642 2935 ceciderunt
1674 2892 1728 2935 de
1760 2893 1901 2935 Israel

61 2951 353 3007 septuaginta
388 2952 531 2995 millia
560 2953 769 2996 virorum.
806 2950 841 2978 1⁵
872 2951 994 2994 Misit
1023 2965 1194 3008 quoque
1219 2951 1436 3008 angelum
1467 2950 1514 2994 in
1545 2951 1818 3008 Jerusalem,
1853 2957 1901 2995 ut

64 3015 316 3066 percuteret
346 3025 472 3066 eam3
502 3026 694 3068 cumque
730 3015 1044 3068 percuteretur,
1082 3011 1196 3059 vidit
1237 3010 1474 3067 Dominus,
1513 3015 1557 3054 et
1593 3010 1797 3054 misertus
1834 3016 1900 3054 est

64 3083 196 3125 super
227 3070 537 3126 magnitudine
569 3071 704 3124 -mali3
732 3075 777 3114 et
809 3070 1047 3126 imperavi-t
1066 3070 1228 3126 angelo
1255 3069 1328 3126 qui
1358 3070 1636 3126 percutiebat
1660 3087 1669 3114 :
1700 3070 1896 3125 Sufficit,

66 3127 160 3184 jam
190 3134 331 3172 cesset
360 3144 516 3173 manus
547 3135 636 3173 tua.
664 3131 798 3174 Porro
823 3129 1009 3185 angelus
1035 3129 1215 3172 Domini
1243 3129 1394 3172 stabat
1417 3129 1549 3186 Juxta
1574 3144 1723 3172 aream
1750 3130 1899 3173 Ornan

67 3187 280 3230 Jebusaei.
300 3187 336 3214 16
352 3189 615 3245 Levansque
640 3189 790 3233 David
810 3189 960 3232 oculos
984 3202 1106 3245 suos,
1124 3189 1238 3232 vidit
1263 3188 1475 3245 angelum
1499 3188 1680 3231 Domini
1705 3193 1898 3230 stantem

61 3245 182 3289 inter
204 3247 361 3290 caelum
382 3252 431 3291 et
455 3253 638 3305 terram,
664 3254 709 3292 et
733 3248 1022 3304 evaginatum
1043 3248 1246 3304 gladium
1266 3248 1317 3291 in
1346 3262 1481 3291 manu
1509 3248 1626 3304 ejus,
1654 3252 1698 3290 et
1722 3261 1898 3289 versum

66 3310 222 3348 contra
252 3307 514 3352 Jerusalem.
550 3309 609 3351 Et
641 3308 897 3352 oeciderunt
929 3312 1022 3350 tam
1052 3307 1168 3364 ipse,
1199 3322 1332 3363 quam
1362 3307 1555 3362 majores
1588 3311 1716 3361 natu,
1747 3305 1897 3348 vestiti

59 3365 240 3423 ciliciis,
258 3367 385 3425 proni
409 3368 456 3411 in
480 3373 657 3412 terram.
675 3367 709 3394 ¹⁷
723 3367 936 3423 Dixitque
960 3367 1108 3411 David
1129 3368 1187 3411 ad
1209 3369 1356 3411 Deum
1375 3385 1384 3412 ε
1403 3368 1562 3412 Nonne
1584 3381 1666 3422 ego
1682 3381 1801 3420 sum,
1821 3365 1896 3421 qui

61 3428 176 3484 jussi
202 3435 249 3473 ut
273 3436 576 3474 numeraretur
608 3429 831 3488 populus?
867 3431 981 3486 Ego,
1018 3429 1090 3485 qui
1110 3431 1317 3486 peccavi3
1341 3444 1443 3486 ego,
1470 3430 1542 3485 qui
1576 3429 1743 3471 malum
1770 3428 1889 3484 feci3

63 3574 98 3607 4]
117 3574 151 3601 ΙΙ
171 3574 253 3607 Reg.
271 3575 367 3609 XXI,
385 3577 428 3603 18.
453 3589 490 3594 —
515 3576 543 3609 1]
563 3576 597 3603 ΙΙ
616 3575 699 3608 Reg.
719 3576 845 3610 XXIV,
863 3577 888 3603 1.
912 3574 976 3602 Ins.
995 3574 1148 3607 XXVII,
1165 3575 1209 3601 24.
1231 3587 1268 3592 -
1289 3574 1335 3606 12]
1357 3574 1389 3600 ΙΙ
1410 3574 1492 3605 Reg.
1511 3572 1635 3605 XXIV,
1653 3575 1697 3601 13.

2022 649 2167 684 Egregia

1987 695 2078 723 facta
2094 694 2199 723 trium

2021 739 2168 767 heroum.

2041 1427 2147 1456 David

1973 1473 2127 1500 numerat
2158 1479 2215 1505 po-

2031 1516 2158 1548 pulum.

2014 2135 2070 2163 Ira
2090 2134 2166 2171 Dei,

1969 2179 2167 2212 pestilentia
2176 2179 2210 2209 in

2033 2223 2147 2253 [srael¹
