2456 3861
198 1925 296 1954 Urbis

144 1969 346 2000 devastatio.

188 2640 306 2669 medus

137 2682 347 2712 instauratur

146 2728 186 2755 ad
204 2734 335 2757 montes

188 2773 294 2801 Henal

136 2818 173 2844 -et
192 2817 341 2846 Garizirn.

447 156 531 199 204
1087 155 1181 198 Jos.
1218 155 1358 209 vrri,
1395 155 1447 196 12
1480 179 1502 184 -
1524 155 1596 198 35.

445 326 748 369 ascendissent
795 340 849 367 ex
889 325 1075 366 adverso
1118 323 1335 378 civitatis,
1376 328 1596 365 steterunt
1632 322 1689 364 ad
1728 322 2120 378 septentrionalem
2157 323 2278 367 urbis

445 385 645 451 plagam
679 384 794 426 inter
828 397 959 438 quam
994 388 1037 424 et
1070 397 1142 425 303
1173 387 1267 424 erat
1298 381 1428 423 vallis
1458 381 1619 424 media.
1659 379 1692 406 ¹⁸²
1717 381 1918 436 Quinque
1951 386 2100 424 autem
2134 382 2278 426 millia

444 444 560 485 viros
587 443 801 497 elegerat,
834 447 877 484 et
905 447 1111 508 posuerat
1132 441 1178 483 in
1203 440 1378 483 insidiis
1399 440 1516 483 inter
1540 439 1698 483 Bethel
1725 444 1768 482 et
1791 440 1902 495 Hai,
1934 454 1988 483 ex
2011 440 2278 484 occidentali

443 507 567 557 parte
601 500 802 555 ejusdem
836 499 1045 543 civitatis.
1083 500 1118 526 ¹3
1147 499 1302 543 Omnis
1328 513 1432 542 vero
1464 499 1658 554 reliquus
1689 499 1909 541 exercitus
1935 498 1991 541 ad
2024 499 2278 554 aquilonem

442 560 584 602 aciem
607 558 841 615 dirigebat,
865 558 929 601 ita
955 564 1004 601 ut
1024 558 1255 602 novissimi
1280 558 1400 601 illius
1423 557 1723 601 multitudinis
1750 557 2074 601 occidentalem
2095 559 2278 615 plagam

441 619 561 661 urbis
590 618 877 673 attingerent.
913 617 1041 660 Abiit
1074 632 1177 674 ergo
1207 619 1344 661 ‚Josue
1377 622 1507 661 nocte
1533 617 1631 674 illa,
1662 622 1706 660 et
1732 617 1857 659 stetit
1887 617 1935 659 in
1955 616 2086 660 vallis
2116 618 2277 663 medio.

445 677 477 703 11
496 677 617 727 Quod
646 691 747 719 cum
772 677 957 720 vidisset
978 692 1055 720 rex
1081 677 1191 734 Hai,
1214 677 1452 721 festinavit
1476 691 1628 732 mane,
1653 682 1697 719 31
1719 690 1919 732 egressus
1942 681 2007 719 est
2033 690 2135 719 cum
2158 678 2278 721 omni

442 736 636 779 exercitu
659 735 876 792 civitatis,
905 736 1153 793 direxitque
1175 737 1319 780 aciem
1341 741 1495 779 contra
1517 737 1760 791 desertum,
1794 735 2003 791 ignorans
2033 735 2149 791 quod
2180 741 2279 792 post

440 802 615 851 tergum
649 795 840 838 laterent
867 795 1056 838 insidiae.
1092 796 1127 823 15
1153 797 1289 839 ι103113
1323 810 1424 839 vero
1463 800 1507 838 et
1540 795 1682 838 omnis
1721 794 1862 838 Israel
1901 800 2126 838 cesserunt
2159 795 2276 852 loco,

441 855 701 897 simulantes
729 860 917 911 metum,
938 860 982 898 et
1003 855 1229 911 fugientes
1252 870 1329 912 per
1351 854 1604 898 solitudinis
1630 854 1765 898 viam.
1799 854 1835 880 16
1853 856 1914 897 Α1
1936 853 2001 896 1111
2025 854 2277 897 vociferan-

440 920 506 956 tes
528 913 705 981 pariter,
729 920 773 957 et
794 928 839 957 se
862 919 1016 957 mutuo
1039 916 1333 971 cohortantes,
1358 914 1576 971 persecuti
1604 920 1707 956 sunt
1733 928 1833 968 eos,
1859 927 2047 969 cumque
2072 914 2277 957 recessis-

440 978 538 1016 sent
566 988 592 1015 a
621 973 825 1029 civitate,
855 973 888 999 ¹7
905 979 949 1017 et
973 988 1029 1017 ne
1054 988 1166 1017 unus
1197 973 1377 1030 quidem
1407 973 1455 1016 in
1481 973 1587 1016 urbe
1619 973 1709 1015 Hai
1741 978 1785 1016 et
1808 972 1965 1016 Bethel
1991 973 2278 1018 remansisset

440 1032 512 1088 qui
539 1046 626 1075 non
649 1038 982 1088 persequeretur
1005 1033 1143 1076 Israel
1174 1033 1302 1091 (sicut
1326 1037 1560 1089 eruperant
1585 1037 1739 1099 aperta
1759 1032 1920 1088 oppida
1942 1032 2274 1090 relinquentes),

444 1091 475 1117 ¹⁸
495 1091 610 1134 dixit
637 1091 855 1134 Dominus
877 1092 933 1135 ad
956 1093 1092 1135 Josue
1123 1110 1130 1137 :
1161 1093 1281 1135 Leva
1309 1093 1536 1148 clypeum,
1564 1091 1638 1147 qui
1667 1090 1713 1133 in
1740 1105 1875 1134 manu
1900 1096 1977 1134 tua
2003 1096 2089 1148 est,
2121 1098 2276 1136 contra

438 1151 592 1193 urbem
625 1151 713 1193 Hai
727 1151 968 1207 ,quoniam
994 1151 1077 1194 tibi
1104 1151 1279 1194 tradam
1307 1165 1419 1194 eam.
1448 1150 1483 1176 19
1505 1150 1704 1206 Cumque
1737 1150 1954 1193 elevasset
1983 1150 2190 1207 clypeum
2221 1166 2276 1195 ex

438 1210 623 1253 adverso
651 1187 868 1266 civitat-is,
896 1210 1093 1267 insidiae,
1121 1225 1221 1266 quae
1249 1210 1471 1266 latebant,
1495 1214 1780 1253 surrexerunt
1810 1209 2048 1252 confestim
2070 1227 2078 1265 ;
2104 1215 2147 1253 et-
2179 1225 2275 1266 per-

438 1274 592 1325 gentes
618 1269 674 1311 ad
698 1269 950 1325 civitatem,
979 1275 1210 1326 ceperunt,
1236 1275 1279 1313 et
1308 1269 1632 1312 succenderunt
1658 1283 1770 1313 eam.
1803 1267 1839 1294 2⁰
1864 1268 1963 1312 Viri
1991 1273 2141 1312 autem
2167 1269 2275 1313 civi-

436 1328 555 1383 tatis,
584 1328 656 1384 qui
683 1329 1061 1384 persequebantur
1086 1330 1236 1385 Josue,
1265 1328 1553 1385 respicientes
1582 1333 1626 1371 et
1647 1328 1850 1372 videntes
1872 1328 2049 1371 fumum
2071 1329 2192 1372 urbis
2217 1329 2275 1373 ad

437 1387 597 1430 caelum
627 1402 763 1443 usque
795 1388 1111 1444 conscendere,
1148 1402 1235 1431 non
1266 1393 1506 1444 potuerunt
1539 1388 1655 1431 ultra
1686 1388 1772 1430 huc
1806 1387 1999 1443 illucque
2032 1387 2274 1446 diffugere,

434 1446 681 1503 praesertim
708 1461 809 1489 cum
834 1447 879 1490 hi
907 1447 982 1503 qui
1003 1447 1326 1491 simulaverant
1351 1448 1525 1504 fuga-m,
1554 1452 1599 1490 et
1619 1447 1866 1490 tendebant
1890 1447 1947 1490 ad
1972 1447 2273 1505 solitudinem,

436 1511 588 1548 contra
619 1512 931 1562 persequentes
962 1507 1207 1550 fortissime
1232 1507 1513 1550 restitissent.
1549 1505 1583 1532 ²¹
1612 1506 1867 1562 Vidensque
1896 1507 2031 1550 Josue
2058 1512 2101 1550 et
2131 1508 2274 1551 omnis

436 1565 573 1608 Israel
617 1566 732 1633 quod
776 1571 908 1622 capta
945 1572 1060 1609 33331
1101 1566 1281 1622 01171133,
1326 1572 1369 1609 31
1408 1567 1561 1609 fumus
1595 1566 1716 1609 urbis
1753 1566 2032 1621 ascenderet,
2075 1581 2274 1611 13131333

433 1624 650 1680 percussit
689 1625 805 1669 viros
848 1624 1032 1668 Η31.1’“2
1063 1625 1290 1682 Siquidem
1329 1630 1373 1669 et
1409 1625 1476 1668 illi
1506 1625 1580 1682 qui
1620 1631 1829 1682 ceperant
1867 1630 1912 1668 31
1951 1626 2275 1670 succenderant

434 1683 685 1741 0111131331,
714 1685 877 1740 egressi
908 1700 962 1728 ex
992 1677 1098 1728 urbe
1125 1690 1278 1728 contra
1301 1700 1421 1741 suos,
1454 1685 1623 1728 medios
1648 1685 1843 1728 hostium
1872 1684 2007 1728 ferire
2030 1690 2271 1741 coeperunt.

433 1743 544 1787 Cum
571 1758 674 1800 ergo
696 1758 750 1787 ex
776 1749 961 1801 utraque
986 1750 1112 1801 parte
1138 1744 1379 1788 adversarii
1407 1745 1692 1800 caederentur,
1724 1745 1787 1787 ita
1818 1749 1866 1787 ut
1896 1744 2043 1787 nullus
2065 1745 2119 1788 de
2146 1750 2273 1788 tanta

432 1802 720 1846 multitudine
746 1804 1003 1860 salvaretur,
1031 1803 1068 1830 23
1084 1818 1237 1860 regem
1259 1818 1430 1860 quoque
1453 1803 1572 1846 urbis
1596 1803 1687 1846 Hai
1709 1804 2097 1862 apprehenderunt
2119 1804 2272 1848 viven-

431 1866 543 1918 tem,
572 1867 615 1905 et
637 1862 891 1906 obtulerunt
912 1864 1061 1907 Josue.

491 1921 526 1948 2⁴
552 1922 699 1978 Igitur
732 1922 936 1965 omnibus
969 1923 1243 1979 interfectis,
1282 1923 1355 1980 qui
1391 1923 1604 1966 Israelem
1629 1923 1684 1966 ad
1713 1923 1888 1966 deserta
1916 1923 2174 1967 tendentem
2199 1925 2271 1968 fu-

432 1986 558 2024 erant
583 1982 824 2038 persecuti,
849 1987 892 2025 et
920 1982 966 2024 in
992 1982 1147 2026 eodem
1179 1983 1275 2026 loco
1299 1982 1451 2038 gladio
1478 1982 1804 2037 corruentibus,
1832 1996 1909 2025 131
1914 1982 1996 2025 ersi
2023 1982 2102 2025 filii
2131 1984 2271 2027 Israel

430 2047 739 2096 percusserunt
777 2041 1020 2086 civitatem.
1053 2041 1089 2068 25
1116 2043 1256 2085 Erant
1286 2047 1438 2085 auteur
1470 2042 1543 2098 qui
1569 2041 1615 2084 in
1643 2041 1799 2084 eodem
1829 2041 1900 2084 die
1928 2042 2215 2085 conciderant
2244 2057 2271 2085 a

429 2099 524 2143 viro
556 2114 693 2156 usque
726 2100 782 2143 311
816 2101 1048 2144 mulierem
1082 2101 1317 2145 duodecim
1353 2101 1496 2144 millia
1529 2101 1779 2157 hominum,
1816 2115 1967 2143 omnes
2004 2101 2123 2144 urbis
2163 2102 2269 2147 Hai.

430 2158 466 2185 ²⁶
484 2160 511 2202 J
516 2173 619 2202 osne
644 2174 747 2203 vero
770 2174 857 2203 non
885 2161 1108 2204 contraxit
1131 2176 1333 2217 manum,
1363 2175 1497 2216 quam
1523 2160 1568 2203 in
1595 2160 1785 2203 sublime
1809 2165 2085 2216 porrexerat,
2114 2166 2269 2205 tenens

430 2218 649 2274 clypeum,
674 2219 812 2262 donec
833 2219 1187 2263 interficerentur
1210 2235 1361 2264 omnes
1388 2220 1663 2263 habitatores
1691 2219 1795 2264 Hai.
1823 2218 1858 2245 27
1879 2220 2094 2262 Jumenta
2118 2226 2269 2264 autem

430 2282 473 2320 et
494 2278 692 2334 praedam
718 2279 914 2321 0117113113
941 2279 1188 2322 diviserunt
1214 2279 1298 2322 sibi
1325 2279 1406 2322 filii
1435 2280 1587 2335 Israel,
1612 2279 1728 2322 sicut
1749 2284 2023 2335 praeceperat
2048 2279 2267 2323 Dominus

429 2337 578 2380 ..10333
617 2336 653 2364 28
679 2338 761 2388 Qui
795 2338 1026 2382 succendit
1063 2339 1239 2395 urbem,
1281 2345 1323 2382 et
1361 2339 1474 2382 fecit
1516 2354 1614 2382 eam
1651 2338 1874 2381 tumulum
1915 2339 2264 2395 sempiternum,

429 2394 465 2421 ²9
489 2411 641 2452 regem
674 2411 844 2453 quoque
877 2398 973 2453 ejus
1003 2375 1239 2454 suspendit
1267 2398 1313 2441 in
1341 2398 1543 2456 patibulo
1574 2412 1710 2454 usque
1738 2398 1795 2440 ad
1828 2412 2059 2464 vesperam
2090 2403 2133 2441 et
2162 2398 2267 2441 solis

430 2469 647 2499 occasum.
684 2457 989 2525 Praecepitque
1031 2458 1187 2513 Josue,
1227 2463 1272 2501 et
1307 2459 1614 2526 deposuerunt
1652 2457 1842 2501 03113131
1879 2457 1976 2512 ejus
2018 2457 2072 2500 de
2106 2471 2264 2513 cruce3
2330 2467 2333 2473 '

427 2515 797 2571 projeceruntque
832 2516 878 2558 in
915 2517 1012 2573 ipso
1052 2517 1236 2560 introitu
1279 2518 1496 2573 civit-atis,
1540 2522 1750 2573 congesto
1791 2530 1921 2572 super
1962 2530 2063 2559 eum
2102 2530 2266 2573 magno

427 2587 586 2617 acervo
612 2574 832 2632 lapidum,
857 2576 929 2631 qui
952 2581 1184 2632 permanet
1209 2591 1345 2632 usque
1372 2576 1416 2619 in
1442 2582 1709 2633 praesentem
1727 2576 1859 2619 diem.

486 2633 523 2659 30
548 2634 672 2677 Tunc
703 2634 944 2678 aedificavit
978 2636 1113 2678 Josue
1148 2636 1288 2679 altare
1326 2636 1519 2680 Domino
1547 2638 1642 2679 Deo
1668 2635 1806 2678 Israel
1835 2635 1881 2677 in
1908 2641 2058 2678 monte
2094 2635 2263 2692 Hebal,

427 2692 596 2735 31310111
623 2700 898 2750 praeceperat
924 2695 1100 2751 Moyses
1125 2695 1324 2738 famulus
1353 2695 1534 2739 Domini
1564 2695 1667 2738 filiis
1693 2695 1853 2750 Israel,
1883 2699 1926 2738 et
1954 2694 2170 2751 scriptum
2199 2699 2266 2738 est

425 2751 471 2793 in
502 2752 728 2796 volumine
758 2753 869 2809 legis
902 2754 1061 2810 Moysi.
1093 2755 1248 2798 Altare
1282 2769 1385 2798 vero
1419 2755 1473 2798 de
1506 2754 1730 2812 lapidibus
1755 2754 1991 2810 impolitis,
2028 2769 2134 2810 quos
2172 2754 2263 2798 fer-

425 2825 522 2853 rum
553 2825 639 2854 non
665 2812 845 2868 tetigit3
882 2819 927 2856 et
956 2813 1120 2856 obtulit
1149 2828 1280 2870 super
1313 2828 1363 2857 eo
1393 2814 1652 2857 holocausta
1688 2813 1900 2869 Domino,
1924 2813 2139 2856 1111310131
2142 2813 2265 2870 itque

426 2870 635 2926 pacificas
675 2872 896 2915 victimas.
939 2872 975 2899 3'2
1006 2875 1062 2916 Et
1107 2873 1283 2930 scripsit
1321 2888 1450 2930 super·
1491 2873 1662 2930 lapides
1713 2873 2107 2916 Deuteronomium
2151 2873 2264 2929 legis

427 2929 591 2985 Moysi,
619 2931 735 2985 quod
766 2931 842 2974 ille
872 2932 1118 2988 digesserat
1149 2947 1298 2976 coram
1331 2933 1434 2976 filiis
1465 2932 1618 2977 Israel.
1645 2932 1682 2959 33
1701 2932 1856 2976 Omnis
1877 2937 2027 2976 autem
2053 2932 2261 2989 populus,

426 2993 470 3031 et
500 2989 692 3044 majores
722 2996 848 3045 natu,
877 2991 1096 3048 ducesque
1123 3006 1175 3034 ac
1205 2991 1379 3048 judices
1409 2992 1591 3035 stabant
1620 3006 1675 3036 ex
1701 2997 1885 3046 utraque
1908 2997 2032 3048 parte
2054 3006 2192 3047 arcae,
2215 2991 2262 3034 in

427 3053 664 3103 conspectu
698 3026 977 3093 33031·110111111
1007 3051 1080 3106 qui
1107 3051 1347 3108 portabant
1372 3066 1523 3094 arcam
1553 3051 1737 3094 foederis
1763 3027 2258 3107 Ι)01111111,11131113113,

425 3106 490 3149 ita
534 3112 578 3150 et
613 3107 839 3164 indigena.
875 3110 1023 3152 Media
1056 3125 1156 3166 pars
1195 3125 1344 3154 eorum
1383 3111 1515 3167 juxta
1549 3115 1746 3153 montem
1783 3086 2001 3166 Garizirir,
2037 3115 2081 3153 et
2114 3109 2262 3153 media

425 3165 557 3221 juxta
581 3172 779 3210 montem
803 3168 970 3224 Hebal,
996 3170 1110 3212 sicut
1139 3175 1414 3226 praeceperat
1441 3171 1617 3227 Moyses
1643 3168 1841 3212 famulus
1870 3145 2065 3213 Domini.
2092 3170 2148 3212 Et
2174 3169 2262 3225 pri-
2268 3186 2270 3188 7

426 3239 548 3268 mum
582 3226 761 3282 quidem
795 3226 1026 3270 benedixit
1059 3229 1221 3284 populo
1255 3229 1496 3284 Ι31·331;31
1522 3235 1621 3286 post
1658 3229 1754 3271 haec
1793 3228 1903 3284 legit
1936 3229 2086 3272 onmia
2125 3228 2260 3271 131-03

425 3283 749 3328 benedictionis
787 3290 831 3328 et
872 3286 1313 3343 111313(1101101113,31
1361 3265 1524 3331 cuircta
1559 3302 1657 3344 quae
1695 3287 1861 3343 scripta
1897 3293 2023 3331 erant
2062 3288 2108 3330 in
2146 3286 2260 3343 legis

425 3344 664 3388 1013111133.
699 3344 735 3371 35
766 3345 889 3388 Nihil
923 3360 977 3388 ex
1010 3346 1078 3388 his
1112 3361 1210 3401 quae
1238 3347 1414 3403 Moyses
1443 3348 1656 3403 jusserat,
1688 3346 1869 3402 reliquit
1902 3347 2152 3401 intactum;
2181 3345 2259 3389 sed

424 3403 629 3446 universa
653 3404 888 3460 replicavit
915 3418 1061 3447 coram
1089 3405 1206 3447 0111111
1236 3406 1522 3450 1111111111111133
1545 3405 1706 3461 Israel,
1734 3405 1995 3449 mulieribus
2021 3419 2075 3448 ac
2097 3418 2258 3463 parvu-

425 3461 490 3516 lis,
519 3468 562 3504 31
587 3463 793 3519 3111731113,
821 3463 893 3519 qui
920 3463 1133 3506 intereos
1160 3464 1458 3509 morabantur.

422 3626 471 3659 31]
491 3626 550 3653 Ex.
570 3626 645 3661 XX,
663 3629 706 3654 25.
728 3627 824 3654 Dent.
844 3627 1030 3661 XXV11,5.
