2456 3861
624 122 689 165 iv
727 124 836 165 Bm.
870 122 950 177 1v,
984 124 1039 165 44
1072 150 1130 155 —
1162 125 1216 178 v,
1252 124 1321 168 22.
1801 125 1886 168 353

61 293 283 343 Quantum
310 297 375 335 est
397 291 499 346 hoc,
522 297 570 334 ut
591 306 811 349 apponam
834 298 1012 336 centum
1034 293 1172 336 viris?
1198 295 1387 337 Rursum
1409 294 1484 338 ille
1504 294 1593 338 ait:
1619 296 1686 337 Da
1712 294 1886 352 populo,

61 355 110 394 ut
135 350 362 405 comedat3
387 350 483 393 haec
506 351 625 394 enim
651 351 760 393 dicit
784 351 999 394 Dominus
1029 368 1037 396 :
1067 352 1334 408 Comedent,
1362 358 1403 396 et
1433 353 1659 409 supererit.
1682 353 1718 380 ‘¹⁴¹
1736 353 1890 397 Posuit

59 409 210 465 itaque
231 423 379 451 coram
401 409 487 464 eis;
512 409 585 465 qui
609 409 914 465 comederunt,
938 416 981 453 et
1002 411 1242 467 superfuit,
1265 411 1394 467 juxta
1417 412 1600 455 verbum
1628 412 1822 456 Domini.

601 530 625 585 ξ
661 530 722 572 ΙΙ.
752 556 811 561 -
842 530 1056 573 Naaman
1088 537 1127 574 et
1157 531 1348 574 Eliseus.

120 645 224 688 CAP.
251 646 303 688 V.
332 671 392 679 —-
420 645 432 671 ¹
458 646 682 700 Naaman,
718 645 920 702 princeps
947 646 1120 688 militiae
1149 647 1266 703 regis
1294 648 1454 703 Syriae,
1485 655 1577 692 erat
1607 649 1674 692 vir
1703 664 1890 706 magnus

60 704 176 761 apud
200 704 430 747 dominum
455 718 604 759 suum,
628 709 671 747 et
696 703 959 757 honoratus3
981 718 1056 760 per
1080 705 1208 747 illum
1235 706 1352 748 enim
1378 707 1501 750 dedit
1532 709 1747 751 Dominus
1776 709 1890 752 salu-

61 771 148 806 tem
171 763 336 819 Syriae3
361 767 454 806 erat
473 768 623 805 autem
645 762 713 805 vir
732 762 862 805 fortis
889 767 931 805 et
960 762 1104 818 dives,
1127 763 1203 806 sed
1233 763 1442 820 leprosus.
1470 765 1486 791 2
1512 767 1644 810 Porro
1679 768 1732 810 de
1764 768 1892 824 Syria

60 822 223 878 egressi
245 822 425 865 fuerant
446 820 708 876 latrunculi,
735 826 778 864 et
799 821 1025 877 captivam
1051 821 1269 865 duxerant
1298 822 1352 866 de
1381 828 1494 867 terra
1529 826 1666 869 Israel
1698 826 1891 882 puellam

60 880 312 937 parvulam,
336 893 435 936 quae
461 884 554 923 erat
582 879 627 922 in
658 879 868 935 obsequio
896 880 1044 923 uxoris
1074 881 1304 936 Naaman;
1329 881 1346 907 3
1366 896 1466 938 quae
1491 883 1555 926 ait
1579 884 1635 926 ad
1665 884 1891 928 dominam

59 953 212 983 suam:
237 939 423 983 Utinam
451 939 612 982 fuisset
642 938 847 982 dominus
878 953 1000 982 meus
1029 939 1086 982 ad
1116 940 1377 997 prophetam
1399 941 1471 997 qui
1501 947 1567 985 est
1595 942 1641 985 in
1668 943 1890 987 Samaria!

61 999 269 1042 Profecto
292 1002 488 1041 curasset
513 1012 614 1041 eum
635 1012 661 1040 a
684 998 804 1055 lepra
827 1012 960 1054 quam
977 998 1125 1042 habet.
1145 998 1162 1025 ⁴
1177 999 1409 1055 Ingressus
1430 1005 1497 1044 est
1517 1001 1667 1057 itaque
1689 1002 1892 1045 Naaman

59 1058 116 1101 ad
142 1057 373 1101 dominum
398 1071 548 1112 suum,
571 1061 614 1100 et
636 1057 862 1100 nuntiavit
888 1057 947 1113 ei,
968 1057 1118 1101 dicens
1137 1070 1148 1103 t
1169 1057 1242 1101 Sic
1264 1063 1307 1101 et
1328 1059 1391 1101 sic
1413 1058 1561 1103 locuta
1583 1065 1649 1104 est
1674 1060 1822 1117 puella
1840 1061 1894 1104 de

61 1122 174 1160 terra
202 1116 353 1160 Israel.
376 1116 393 1143 ⁵
413 1115 626 1172 Dixitque
647 1116 686 1160 ei
715 1130 792 1160 rex
812 1115 953 1172 Syriae
976 1133 984 1161 :
1010 1117 1157 1173 Vade,
1185 1122 1228 1160 et
1253 1117 1431 1161 mittam
1459 1118 1629 1162 litteras
1658 1119 1715 1163 ad
1743 1134 1894 1176 regem

61 1176 212 1219 Israel.
236 1175 319 1226 Qui
343 1190 444 1219 cum
469 1176 696 1233 profectus
719 1180 853 1231 esset,
880 1181 923 1219 et
947 1175 1122 1219 tulisset
1150 1190 1301 1220 secum
1327 1176 1479 1221 decem
1505 1177 1673 1222 talenta
1698 1179 1892 1235 argenti,

61 1241 104 1278 et
124 1249 202 1278 sex
225 1235 366 1277 millia
387 1249 563 1290 aureos,
587 1239 630 1278 et
655 1234 809 1278 decem
835 1235 1072 1279 mutatoria
1094 1235 1481 1293 vestimentorum,
1505 1237 1522 1264 6
1540 1237 1700 1281 detulit
1724 1238 1894 1281 litteras

60 1294 114 1337 ad
138 1308 288 1350 regem
311 1293 470 1348 Israel,
492 1293 539 1336 in
564 1294 661 1337 haec
679 1293 814 1337 verba
833 1309 842 1337 ε
865 1294 978 1338 Cum
999 1294 1220 1351 acceperis
1243 1295 1477 1352 epistolam
1501 1296 1630 1352 hanc,
1649 1297 1759 1340 scito
1779 1298 1892 1353 quod

63 1354 257 1396 miserim
282 1353 338 1396 ad
369 1359 412 1396 te
434 1353 639 1395 Naaman
665 1367 842 1396 servum
871 1367 1039 1409 meum,
1063 1359 1111 1397 ut
1136 1368 1260 1397 cures
1285 1368 1386 1398 eum
1411 1370 1437 1398 a
1462 1355 1583 1412 lepra
1609 1370 1700 1401 sua.
1729 1355 1743 1382 7
1763 1356 1894 1399 Cum-

62 1427 144 1468 que
171 1412 352 1469 legisset
377 1426 453 1455 rex
484 1410 622 1454 Israel
656 1411 846 1467 litteras,
877 1411 1009 1455 scidit
1037 1412 1304 1456 vestimenta
1333 1428 1432 1469 sua,
1463 1419 1506 1458 et
1538 1414 1633 1460 ait:
1668 1415 1895 1471 Numquid

64 1472 183 1515 Deus
206 1486 288 1527 ego
310 1485 427 1527 sum,
447 1477 496 1513 ut
519 1469 719 1514 occidere
744 1470 930 1527 possim,
954 1476 996 1514 et
1018 1470 1264 1528 vivificare,
1288 1472 1390 1528 quia
1407 1473 1491 1516 iste
1517 1473 1638 1516 misit
1655 1474 1712 1516 ad
1734 1488 1824 1529 me,
1849 1479 1897 1516 ut

63 1545 210 1574 curem
240 1529 466 1573 hominem
498 1544 524 1572 a
553 1529 675 1586 lepra
701 1528 814 1572 sua?
840 1529 1219 1587 Animadvertite,
1254 1536 1297 1574 et
1323 1531 1470 1575 videte
1499 1531 1615 1588 quod
1645 1533 1896 1576 occasiones

62 1594 232 1646 quaerat
255 1589 493 1633 adversum
518 1603 602 1632 me.

120 1648 137 1676 ⁸
158 1648 284 1699 Quod
314 1663 417 1692 cum
447 1648 645 1691 audisset
675 1647 848 1692 Eliseus
877 1648 945 1691 vir
975 1648 1080 1705 Dei,
1115 1648 1299 1693 scidisse
1331 1649 1542 1694 videlicet
1573 1665 1725 1707 regem
1759 1651 1899 1696 Israel

61 1708 329 1752 vestimenta
358 1722 458 1764 sua,
490 1707 611 1750 misit
642 1706 699 1750 ad
733 1721 855 1764 eum,
894 1708 1077 1753 dicens:
1111 1708 1254 1759 Quare
1285 1709 1457 1752 scidisti
1487 1710 1754 1754 vestimenta
1787 1711 1897 1754 tua?

62 1767 226 1810 Veniat
257 1767 314 1810 ad
348 1781 438 1823 me,
470 1772 513 1810 et
541 1767 654 1810 sciat
684 1780 778 1810 esse
811 1767 1072 1824 prophetam
1103 1767 1151 1810 in
1180 1768 1333 1812 Israel.
1360 1768 1531 1812 ⁹Venit
1560 1783 1663 1826 ergo
1694 1770 1898 1812 Naaman

61 1841 163 1870 cum
192 1826 315 1882 equis
342 1831 385 1870 et
411 1826 631 1882 curribus,
659 1830 702 1869 et
726 1827 850 1870 stetit
882 1827 940 1870 ad
969 1827 1133 1870 ostium
1166 1827 1322 1870 domus
1352 1827 1518 1883 Elisei3
1547 1828 1584 1855 ¹⁰
1600 1829 1809 1885 misitque
1842 1827 1898 1871 ad

62 1900 161 1930 eum
188 1885 362 1929 Eliseus
383 1885 611 1942 nuntium,
636 1885 787 1929 dicens
806 1903 814 1930 :
834 1886 981 1942 Vade,
1004 1891 1047 1930 et
1068 1886 1218 1930 lavare
1239 1887 1400 1944 septies
1422 1887 1468 1930 in
1490 1888 1707 1943 Jordane,
1727 1893 1770 1931 et
1791 1887 1897 1931 reci-

61 1945 152 2002 piet
181 1945 420 1988 sanitatem
447 1959 546 1988 caro
568 1950 666 2001 tua,
692 1950 825 2002 atque
849 1945 1148 1990 mundaberis.
1176 1945 1209 1972 ¹¹
1230 1947 1376 1990 Iratus
1406 1947 1612 1990 Naaman
1643 1947 1898 2003 recedebat,

62 2004 244 2048 dicens:
285 2004 508 2047 Putabam
544 2004 661 2060 quod
698 2005 980 2061 egrederetur
1014 2005 1070 2048 ad
1109 2020 1200 2061 me,
1235 2010 1278 2049 et
1314 2011 1435 2049 stans
1475 2005 1703 2050 invocaret
1738 2020 1898 2049 nomen

64 2063 244 2107 Domini
287 2063 372 2107 Dei
409 2064 498 2119 sui,
540 2069 583 2107 et
619 2068 823 2120 tangeret
859 2079 994 2107 manu
1030 2079 1109 2108 sua
1146 2065 1293 2108 locum
1328 2065 1486 2122 leprae,
1526 2071 1569 2109 et
1605 2070 1777 2109 curaret
1814 2079 1897 2108 me.

63 2121 99 2149 ¹²
117 2122 347 2179 Numquid
372 2136 460 2166 non
486 2122 688 2166 meliores
711 2128 814 2166 sunt
839 2123 1000 2167 Abana
1021 2129 1065 2168 et
1091 2124 1332 2181 Pharphar,
1355 2124 1480 2167 fluvii
1508 2125 1738 2181 Damasci,
1758 2124 1897 2168 omni-

62 2181 143 2225 bus
173 2182 299 2238 aquis
329 2181 490 2239 Israel,
517 2187 566 2224 ut
598 2181 720 2225 laver
750 2182 797 2225 in
827 2183 910 2239 eis,
937 2188 979 2227 et
1005 2183 1228 2227 munder?
1255 2184 1366 2228 Cum
1395 2198 1497 2240 ergo
1527 2184 1730 2228 vertisset
1759 2198 1825 2239 se,
1856 2188 1898 2227 et

62 2241 205 2285 abiret
225 2241 480 2297 indignans,
505 2240 541 2267 ¹3
558 2247 839 2285 accesserunt
859 2242 916 2285 ad
942 2256 1043 2286 eum
1064 2243 1178 2287 servi
1200 2243 1290 2300 sui,
1313 2248 1356 2287 et
1376 2243 1513 2287 locuti
1535 2249 1638 2286 sunt
1659 2243 1699 2286 ei
1721 2260 1729 2287 :
1754 2244 1896 2298 Pater,

64 2306 107 2344 et
131 2300 168 2343 si
196 2315 290 2344 rem
319 2300 535 2357 grandem
561 2300 746 2344 dixisset
775 2301 858 2344 tibi
883 2302 1117 2358 propheta,
1144 2307 1261 2346 certe
1285 2303 1435 2346 facere
1464 2302 1702 2358 debueras3
1734 2308 1898 2358 quanto

63 2360 206 2416 magis
229 2360 331 2416 quia
357 2374 475 2403 nunc
501 2360 616 2403 dixit
636 2360 720 2403 tibi
742 2377 750 2404 :
774 2361 964 2416 Lavare,
989 2366 1032 2404 et
1057 2361 1367 2405 mundaberis!
1390 2361 1426 2388 ¹4
1445 2361 1705 2418 Descendit,
1725 2367 1768 2405 et
1789 2360 1899 2404 lavit

62 2419 109 2462 in
131 2419 327 2463 Jordane
347 2419 510 2477 septies
532 2419 661 2476 J'uxta
683 2433 930 2463 sermonem
948 2420 1031 2462 viri
1056 2420 1159 2476 Dei,
1180 2425 1224 2464 et
1243 2421 1447 2464 restituta
1469 2426 1535 2464 est
1553 2435 1654 2464 caro
1672 2421 1767 2476 ejus
1785 2420 1899 2463 sicut

64 2493 164 2522 caro
197 2477 320 2536 pueri
350 2478 545 2536 parvuli,
578 2484 620 2522 et
653 2479 892 2522 mundatus
922 2484 1000 2524 est.
1030 2479 1065 2506 ¹5
1088 2480 1391 2535 Reversusque
1419 2479 1477 2523 ad
1506 2479 1651 2522 virum
1682 2478 1764 2523 Dei
1798 2493 1899 2521 cum

68 2538 268 2582 universo
294 2538 510 2581 comitatu
535 2552 634 2593 suo,
663 2538 805 2595 venit,
829 2544 873 2582 et
897 2538 1020 2582 stetit
1050 2553 1198 2581 coram
1224 2553 1294 2595 eo,
1321 2543 1365 2582 et
1388 2539 1452 2581 ait
1478 2555 1486 2583 :
1519 2539 1631 2582 Vere
1660 2538 1750 2582 scio
1785 2537 1899 2594 quod

65 2611 150 2641 non
173 2597 231 2640 sit
251 2597 365 2640 alius
390 2598 508 2641 Deus
533 2597 580 2641 in
602 2597 806 2641 universa
833 2602 971 2653 terra,
993 2598 1078 2641 nisi
1101 2602 1275 2641 tantum
1296 2596 1343 2640 in
1369 2597 1521 2641 Israel.
1542 2597 1732 2642 Obsecro
1750 2597 1900 2653 itaque

65 2662 113 2699 ut
133 2656 327 2714 accipias
349 2656 708 2701 benedictionem
729 2672 755 2700 a
773 2672 898 2701 servo
916 2663 1006 2701 tuo.
1027 2657 1133 2700 ¹6At
1153 2657 1230 2700 ille
1249 2656 1476 2714 respondit
1494 2674 1502 2701 :
1521 2656 1647 2700 Vivit
1670 2656 1899 2711 Dominus,

65 2721 168 2759 ante
204 2730 335 2772 quem
371 2717 463 2760 sto!
498 2716 601 2772 quia
634 2731 723 2760 non
754 2716 988 2774 accipiam.
1023 2716 1223 2772 Cumque
1254 2715 1347 2759 vim
1379 2716 1568 2772 faceret,
1604 2715 1780 2773 penitus
1812 2729 1900 2758 non

65 2775 300 2831 acquievit.
325 2774 359 2802 ¹⁷
381 2775 594 2832 Dixitque
621 2777 851 2820 Naaman:
881 2777 943 2825 Ut
964 2775 1056 2831 vis3
1080 2775 1177 2832 sed,
1201 2774 1400 2831 obsecro,
1428 2775 1620 2819 concede
1641 2774 1750 2817 mihi
1776 2788 1900 2818 servo

69 2839 161 2890 tuo,
192 2839 242 2877 ut
273 2834 431 2878 tollam
459 2849 569 2878 onus
603 2835 791 2879 duorum
820 2834 1070 2878 burdonum
1104 2834 1158 2878 de
1188 2840 1326 2890 terra3
1357 2849 1445 2878 non
1475 2834 1593 2877 enim
1617 2834 1758 2877 faciet
1785 2834 1900 2877 ultra

0 2891 14 2914 ’·
65 2907 215 2937 servus
237 2898 339 2937 tuus
368 2893 678 2938 holocaustum
706 2900 784 2938 aut
812 2894 1045 2937 victimam
1074 2893 1158 2936 diis
1184 2893 1362 2950 alienis,
1392 2893 1477 2936 nisi
1512 2893 1717 2937 Domino.
1742 2892 1777 2920 ¹8
1801 2893 1900 2936 Hoc

66 2958 214 2996 autem
247 2953 393 2997 solum
428 2958 514 3010 est,
548 2954 602 2998 de
635 2968 720 3010 quo
757 2953 1002 3011 depreceris
1037 2952 1279 2996 Dominum
1312 2968 1389 3010 pro
1418 2967 1545 2996 servo
1577 2958 1651 2996 tuo
1681 2969 1690 2997 ε
1724 2951 1900 3008 quando

65 3011 339 3068 ingredietur
363 3012 570 3056 dominus
591 3028 714 3057 meus
737 3013 954 3070 templum
980 3014 1195 3056 Remmon
1222 3017 1271 3055 ut
1294 3012 1466 3068 adoret,
1490 3016 1554 3068 et,
1579 3012 1656 3056 illo
1681 3011 1900 3055 innitente

65 3085 195 3128 super
220 3085 404 3114 manum
437 3086 606 3129 meam,
633 3073 670 3116 si
702 3073 943 3116 adoravero
974 3071 1021 3114 111
1054 3071 1221 3129 templo
1255 3072 1492 3127 Remmon,
1526 3071 1739 3115 adorante
1772 3084 1822 3114 00
1854 3069 1899 3112 111

67 3130 221 3174 eodem
245 3130 363 3188 1000,
390 3137 440 3174 11ῖ
462 3131 668 3188 ignoscat
693 3131 802 3175 mihi
834 3130 1051 3175 Dominus
1077 3145 1202 3175 servo
1227 3135 1303 3175 tuo
1328 3145 1406 3188 pro
1430 3131 1513 3174 hac
1538 3145 1597 3174 re.
1624 3129 1660 3156 ¹9
1677 3129 1759 3181 Qui
1786 3128 1899 3172 dixit

67 3188 133 3233 ei:
155 3189 282 3234 Vade
305 3190 350 3233 in
374 3205 495 3248 pace.
523 3191 652 3234 Abiit
676 3206 779 3248 ergo
804 3191 860 3234 ab
883 3204 933 3234 00
958 3190 1096 3234 0100ῖο
1123 3195 1249 3234 terrae
1276 3196 1486 3247 tempore.

125 3247 162 3275 ²⁰
181 3248 396 3305 Dixitque
418 3250 543 3294 Giezi
569 3264 677 3307 puer
700 3250 783 3293 viri
811 3249 893 3293 Dei
915 3266 924 3293 :
951 3249 1154 3307 Pepercit
1179 3249 1383 3293 dominus
1410 3264 1532 3294 meus
1563 3249 1765 3293 Naaman
1793 3247 1900 3303 Syro

67 3306 162 3362 isti,
195 3314 244 3350 ut
280 3323 368 3351 non
404 3309 625 3366 acciperet
656 3310 713 3353 ab
743 3324 793 3353 eo
826 3323 924 3364 quae
957 3309 1122 3353 attulit.
1153 3309 1280 3352 Vivit
1315 3308 1556 3352 Dominus!
1591 3307 1692 3364 quia
1726 3320 1899 3349 curram

69 3371 167 3422 post
190 3381 313 3424 eum,
336 3373 379 3412 et
404 3368 624 3425 accipiam
648 3368 705 3412 ab
728 3383 777 3412 00
810 3367 993 3424 aliquid.
1015 3367 1049 3394 2¹
1074 3369 1131 3411 Et
1156 3373 1332 3412 secutus
1358 3373 1424 3412 est
1449 3367 1573 3412 Giezi
1602 3371 1702 3423 post
1726 3371 1900 3421 tergum

70 3424 303 3481 Naaman3
334 3441 464 3482 quem
491 3441 593 3470 cum
617 3427 802 3471 vidisset
833 3427 909 3470 ille
942 3432 1190 3471 currentem
1217 3427 1275 3470 ad
1307 3441 1373 3483 se,
1408 3426 1575 3470 desiliit
1607 3425 1661 3468 de
1694 3438 1821 3468 curru
1853 3423 1899 3466 in

71 3495 299 3527 occursum
326 3485 443 3541 erS,
469 3491 512 3529 et
540 3486 604 3530 ait
627 3503 636 3531 :
663 3487 856 3530 Rectene
881 3490 983 3529 sunt
1008 3485 1188 3529 omnia?
1212 3485 1249 3512 2²
1268 3487 1325 3536 Et
1348 3485 1426 3528 ille
1449 3485 1513 3528 ait
1538 3501 1546 3528 :
1572 3485 1719 3527 Recte.
1747 3482 1898 3526 Domi-

72 3627 120 3661 14]
140 3628 219 3656 Luc.
239 3629 296 3664 IV,
312 3632 356 3658 27.

1629 3816 1686 3859 23

2003 658 2146 686 Naaman

2000 702 2151 735 leprosus

1975 749 2112 774 sanatur
2135 747 2176 773 :ib

2020 789 2138 818 Eliseo.

2042 3262 2132 3292 Giezi

1963 3312 2101 3341 propter
2131 3314 2205 3334 ava-

1963 3349 2075 3380 ritiam
2106 3351 2204 3379 affici-

2002 3400 2058 3424 tur
2073 3395 2172 3428 lepra.
