2456 3861
174 344 351 377 Excipitur
369 353 383 369 ,1

177 396 255 423 rege
273 389 380 416 Banu:

177 1003 383 1032 vaticinium

203 1048 356 1081 primum.

183 2362 388 2392 vaticinium

191 2408 384 2436 secundum.

467 167 550 209 146
967 164 1094 208 Nom.
1130 164 1288 218 xxn,
1324 164 1380 206 36
1412 189 1471 194 -
1502 163 1688 217 xxm,
1722 163 1794 206 26.

523 334 560 361 3⁶
578 334 702 385 Quod
732 348 833 377 cum
861 333 1058 376 audisset
1089 332 1246 387 Balac,
1270 345 1471 387 egressus
1501 336 1567 374 est
1586 330 1633 373 in
1663 345 1894 373 occursum
1923 331 2039 387 ejus,
2060 331 2108 374 in
2133 332 2293 389 oppido

465 393 784 448 Moabitarum,
816 392 931 448 quod
964 391 1099 434 situm
1132 394 1198 433 est
1230 390 1276 432 in
1310 390 1518 433 extremis
1552 389 1713 432 finibus
1743 391 1921 444 Arnon3
1952 389 1987 416 3⁷
2007 390 2206 447 dixitque
2238 390 2296 434 ad

468 453 653 495 Balaam
676 469 684 496 ε
714 452 817 494 Misi
847 450 1025 493 nuntios
1047 455 1096 492 ut
1116 454 1328 492 vocarent
1348 454 1416 504 te3
1442 463 1522 500 cur
1539 463 1626 491 non
1655 448 1809 491 statim
1829 449 1991 492 venisti
2021 449 2078 492 ad
2107 450 2213 493 me‘?
2239 465 2296 493 an

465 512 568 567 quia
589 511 838 555 mercedem
866 508 1079 552 adventui
1102 514 1176 551 tuo
1201 508 1384 552 reddere
1405 508 1605 564 nequeo?
1629 508 1665 534 38
1684 507 1766 552 Cui
1794 507 1872 551 ille
1896 508 2124 565 respondit
2145 526 2153 552 :
2181 509 2297 552 Ecce

463 571 645 626 adsum3
669 569 884 625 numquid
911 567 1030 624 loqui
1052 573 1202 624 potero
1228 567 1371 623 aliud,
1395 567 1480 610 nisi
1506 567 1622 623 quod
1645 568 1764 610 Deus
1790 567 1984 624 posuerit
2004 567 2051 610 in
2073 582 2146 611 ore
2166 567 2296 611 meo?

465 629 502 656 39
523 631 814 673 Perrexerunt
843 642 946 683 ergo
975 627 1129 683 simul,
1160 632 1203 670 et
1225 631 1440 670 venerunt
1467 626 1514 669 in
1536 626 1711 681 urbem,
1739 640 1837 682 quae
1863 626 1910 668 in
1935 627 2144 670 extremis
2173 627 2297 682 regni

465 688 560 744 ejus
596 688 757 730 finibus
792 692 898 731 erat.
928 686 966 713 40
991 687 1191 742 Cumque
1231 686 1466 729 occidisset
1505 686 1641 729 Balac
1678 685 1813 728 boves
1846 690 1890 729 et
1923 699 2049 741 oves,
2085 685 2207 728 misit
2241 685 2298 728 ad

466 747 670 803 Balaam,
695 752 737 790 et
759 746 979 804 principes
1003 745 1076 802 qui
1099 760 1201 788 cum
1223 759 1272 789 eo
1295 750 1439 802 erant,
1463 759 1659 788 munera.

738 869 762 926 ξ
796 869 860 912 Π.
893 895 953 900 -
985 868 1182 911 Balaam
1215 868 1486 911 vaticinatur
1517 868 1563 910 in
1591 869 1789 923 ¹qratiam
1821 866 2020 910 Israelis.

523 985 555 1012 4¹
576 985 710 1028 Mane
730 989 880 1028 autem
901 984 1047 1039 facto,
1072 983 1201 1026 duxit
1226 997 1327 1026 eum
1352 983 1409 1025 ad
1433 982 1610 1026 excelsa
1636 983 1767 1038 Baal,
1791 986 1835 1025 et
1862 981 2050 1025 intuitus
2073 987 2139 1026 est
2163 986 2303 1026 extre-

465 1059 585 1089 mam
606 1050 778 1101 partem
799 1043 964 1100 populi.

525 1105 632 1149 CAP.
659 1103 838 1146 XXIII.
859 1129 919 1134 ——
944 1102 957 1127 ¹
980 1102 1192 1157 Dixitque
1215 1100 1402 1144 Balaam
1424 1101 1480 1143 ad
1509 1100 1665 1144 Balac:
1689 1101 1884 1143 AEdifica
1906 1100 2016 1142 mihi
2037 1100 2110 1143 1110
2132 1106 2301 1158 septem

465 1179 584 1219 aras,
607 1168 650 1207 et
671 1177 777 1219 para
799 1161 987 1205 totidem
1008 1161 1193 1215 vitulos,
1217 1159 1506 1215 ejusdemque
1528 1160 1699 1202 numeri
1721 1160 1894 1203 arietes.
1914 1158 1931 1185 9
1949 1159 2148 1215 Cumque
2168 1160 2301 1203 fecis-

465 1229 532 1267 set
556 1223 684 1279 juxta
709 1235 957 1264 sermonem
982 1220 1188 1275 Balaam,
1214 1219 1520 1275 imposuerunt
1541 1218 1675 1261 simul
1695 1219 1885 1261 vitulum
1907 1223 1951 1262 et
1971 1219 2155 1261 arietem
2173 1233 2302 1276 super

465 1297 602 1325 aram.
640 1281 658 1308 3
689 1280 902 1336 Dixitque
941 1280 1127 1322 Balaam
1161 1278 1217 1321 ad
1254 1279 1425 1322 Balac:
1461 1279 1536 1322 Sta
1569 1278 1793 1335 paulisper
1829 1279 1958 1334 juxta
1993 1277 2302 1321 holocaustum

466 1348 613 1397 tuum,
652 1340 792 1383 donec
823 1339 1007 1395 vadam,
1042 1339 1078 1381 si
1111 1339 1228 1381 forte
1265 1343 1466 1381 occurrat
1499 1337 1608 1379 mihi
1648 1337 1886 1394 Dominus,
1920 1343 1963 1380 et
1996 1337 2303 1394 quodcumque

464 1399 770 1457 imperaverit,
804 1399 958 1454 loquar
987 1398 1083 1441 tibi.
1110 1397 1127 1424 4
1145 1398 1344 1453 Cumque
1375 1397 1559 1440 abiisset
1586 1397 1817 1453 velociter,
1849 1397 2040 1440 occurrit
2067 1396 2134 1439 illi
2170 1398 2302 1440 Deus

467 1461 748 1515 Locutusque
768 1458 825 1501 ad
847 1472 948 1501 eum
972 1458 1157 1500 Balaam
1180 1473 1188 1501 :
1216 1457 1413 1513 Septem,
1436 1456 1601 1512 inquit,
1628 1471 1726 1498 aras
1749 1456 1888 1512 erexi,
1913 1461 1956 1499 et
1976 1456 2167 1513 imposui
2190 1456 2303 1499 vitu—

467 1520 560 1562 lum
590 1524 633 1562 et
653 1518 837 1561 arietem
864 1518 1063 1573 desuper.
1090 1517 1106 1543 5
1127 1516 1344 1559 Dominus
1365 1520 1516 1558 autem
1545 1515 1693 1572 posuit
1721 1516 1906 1558 verbum
1935 1515 1981 1557 111
2012 1530 2084 1558 010
2114 1515 2230 1572 ejus,
2260 1522 2304 1560 et

466 1579 556 1622 ait:
582 1580 816 1621 Revertere
833 1576 890 1619 ad
915 1576 1064 1631 Balac,
1084 1581 1127 1619 et
1148 1575 1246 1618 haec
1265 1575 1468 1630 loqueris.
1489 1575 1506 1601 6
1522 1576 1737 1617 Reversus
1760 1575 1932 1618 invenit
1954 1580 2147 1618 stantem
2168 1575 2304 1619 Balac

468 1638 596 1694 juxta
618 1637 925 1679 holocaustum
946 1650 1094 1691 suum,
1115 1640 1157 1678 et
1179 1648 1330 1678 omnes
1353 1633 1574 1690 principes
1604 1633 1930 1688 Moabitarum,
1959 1633 1974 1660 ⁷
1988 1640 2305 1691 assumptaque

468 1696 679 1754 parabola
708 1710 805 1750 sua,
839 1695 977 1738 dixit:
998 1696 1065 1738 De
1099 1694 1236 1736 Aram
1264 1693 1454 1736 adduxit
1491 1708 1560 1736 me
1592 1693 1749 1749 Balac,
1783 1708 1860 1736 rex
1894 1693 2215 1750 Moabitarum,
2251 1695 2304 1737 de

469 1755 694 1798 montibus
717 1754 922 1798 Orientis.
949 1754 1084 1809 Veni,
1110 1753 1276 1808 inquit,
1310 1758 1352 1795 et
1383 1752 1575 1795 maledic
1599 1752 1767 1807 Jacob3
1792 1767 1996 1809 propera,
2021 1758 2064 1795 et
2087 1753 2305 1797 detestare

468 1815 621 1858 Israel.
656 1814 672 1840 8
694 1814 920 1864 Quomodo
959 1813 1249 1867 maledicam,
1285 1811 1356 1854 cui
1401 1826 1489 1854 non
1531 1812 1766 1855 maledixit
1801 1812 1958 1855 Deus?
1993 1812 2087 1861 Qua
2134 1812 2305 1856 ratione

469 1875 678 1929 detester,
719 1887 848 1928 quem
880 1873 1096 1915 Dominus
1130 1886 1217 1913 non
1251 1870 1532 1914 detestatur?
1560 1870 1577 1896 9
1603 1871 1670 1913 De
1702 1871 1888 1913 summis
1917 1871 2118 1914 silicibus
2144 1871 2304 1915 videbo

469 1948 590 1989 eum,
615 1939 657 1976 et
688 1933 741 1976 de
771 1932 956 1975 collibus
979 1930 1266 1974 considerabo
1292 1930 1422 1972 illum
1445 1947 1454 1973 :
1478 1929 1666 1987 populus
1692 1930 1811 1972 solus
1840 1930 2089 1985 habitabit,
2120 1937 2164 1974 et
2191 1931 2306 1974 inter

469 1998 623 2049 gentes
659 2007 746 2035 non
781 1991 1070 2048 reputabitur.
1109 1989 1143 2016 '¹⁰
1164 1989 1269 2040 Quis
1305 1989 1585 2032 dinumerare
1623 1989 1761 2046 possit
1797 1989 2027 2045 pulverem
2060 1990 2228 2045 Jacob,
2263 1996 2305 2034 et

468 2066 596 2095 nosse
629 2066 861 2094 numerum
889 2050 1039 2107 stirpis
1069 2049 1242 2092 Israel?
1277 2048 1494 2091 Moriatur
1526 2048 1676 2091 anima
1710 2063 1808 2091 mea
1831 2053 1971 2091 morte
2000 2048 2240 2105 justorum,
2263 2055 2306 2093 et

469 2112 578 2154 fiant
606 2111 847 2154 novissima
878 2124 976 2153 mea
1001 2110 1159 2153 horum
1183 2108 1375 2151 similia!
1402 2107 1434 2133 ¹¹
1458 2107 1672 2163 Dixitque
1700 2108 1835 2150 Balac
1860 2108 1916 2150 ad
1949 2108 2137 2150 Balaam
2159 2125 2167 2152 :
2191 2108 2306 2159 Quid

469 2177 534 2215 est
555 2171 639 2214 1100
665 2170 781 2225 quod
803 2169 930 2225 agis?
959 2170 1020 2212 Ut
1042 2168 1329 2212 malediceres
1358 2166 1553 2209 inimicis
1588 2167 1697 2210 meis
1722 2167 1880 2209 vocavi
1910 2172 1978 2222 1ος
2003 2173 2047 2210 01
2075 2172 2122 2210 111
2153 2182 2176 2211 0
2205 2182 2306 2211 0011-

469 2230 602 2273 trario
625 2229 849 2272 benedicis
879 2228 956 2272 010.
988 2227 1023 2254 ’19
1041 2228 1122 2272 Cui
1152 2227 1228 2270 ille
1260 2226 1518 2283 respondit:
1542 2227 1662 2269 Num
1687 2226 1810 2268 aliud
1840 2240 2020 2283 possum
2050 2227 2190 2283 loqui,
2221 2227 2306 2270 nisi

470 2289 586 2345 quod
612 2289 790 2344 jusserit
813 2288 1060 2331 Dominus?

534 2348 566 2374 13
583 2348 709 2391 Dixit
728 2362 830 2403 ergo
852 2348 988 2391 Balac
1006 2365 1014 2391 :
1034 2346 1148 2390 Veni
1168 2361 1342 2390 mecum
1362 2347 1408 2389 in
1431 2347 1621 2389 alterum
1643 2345 1811 2401 locum,
1835 2345 1953 2389 unde
1974 2351 2146 2402 partem
2169 2347 2307 2390 Israel

427 2462 430 2464 .
471 2408 638 2463 videas,
659 2413 701 2450 et
723 2413 865 2450 totum
884 2407 1031 2450 videre
1054 2421 1141 2449 non
1163 2406 1328 2462 possis3
1352 2406 1456 2449 inde
1483 2405 1737 2448 maledicito
1761 2405 1813 2448 ei.
1836 2405 1870 2431 ¹4
1890 2405 2087 2460 Cumque
2109 2405 2308 2449 duxisset

473 2467 644 2511 eumin
675 2468 820 2509 locum
845 2466 1102 2521 sublimem,
1134 2480 1263 2522 super
1286 2466 1498 2509 verticem
1528 2464 1691 2507 montis
1723 2464 1921 2520 Phasga,
1952 2464 2193 2507 aedificavit
2224 2466 2306 2508 Ba-

473 2527 591 2569 laam
627 2531 796 2583 septem
830 2540 954 2581 aras,
993 2531 1035 2569 et
1070 2525 1291 2582 impositis
1328 2539 1460 2581 supra
1496 2524 1637 2567 vitulo
1681 2529 1815 2579 atque
1848 2523 2009 2580 ariete,
2049 2523 2082 2549 ¹5
2105 2524 2219 2566 dixit
2251 2524 2307 2567 ad

475 2586 649 2629 Balac:
689 2587 763 2629 Sta
804 2586 876 2628 hic
916 2585 1044 2641 juxta
1080 2585 1390 2628 holocaustum
1427 2589 1577 2639 tuum,
1617 2583 1757 2627 donec
1795 2597 1876 2639 ego
1915 2582 2071 2626 obvius
2110 2597 2301 2640 pergam.

474 2646 510 2672 16
531 2645 613 2689 Cui
644 2659 744 2688 cum
779 2645 996 2688 Dominus
1027 2644 1308 2700 occurrisset,
1343 2643 1647 2700 posuissetque
1673 2643 1858 2686 verbum
1889 2642 1935 2684 in
1962 2657 2035 2686 ore
2061 2643 2178 2699 ejus,
2209 2643 2305 2687 ait:

475 2707 709 2749 Revertere
738 2704 794 2747 ad
827 2705 983 2760 Balac,
1011 2709 1053 2746 et
1079 2704 1177 2746 haec
1202 2703 1391 2759 loqueris
1414 2703 1466 2746 01.
1493 2703 1525 2729 ¹7
1547 2704 1763 2746 Reversus
1785 2702 1958 2745 invenit
1983 2716 2085 2745 eum
2115 2707 2308 2746 stantem

473 2764 603 2820 juxta
636 2764 942 2806 holocaustum
979 2777 1134 2818 suum,
1169 2768 1212 2806 et
1244 2763 1465 2819 principes
1503 2762 1803 2805 Moabitarum
1837 2775 1938 2803 011111
1973 2776 2036 2805 eo.
2072 2762 2144 2805 Ad
2178 2776 2308 2818 quem

477 2823 613 2867 Balac
636 2839 643 2866 :
667 2822 801 2878 Quid,
827 2822 991 2878 inquit,
1018 2823 1189 2865 locutus
1213 2827 1278 2865 est
1302 2821 1552 2865 Dominus?
1580 2821 1615 2848 ¹8
1635 2823 1695 2865 At
1723 2821 1818 2876 ille,
1842 2827 2072 2878 assumpta
2098 2821 2309 2878 parabola

474 2897 573 2937 sua,
596 2881 686 2925 ait:
711 2883 805 2937 Sta,
832 2883 988 2937 Balac,
1009 2887 1052 2925 et
1073 2883 1300 2936 ausculta,
1323 2881 1449 2937 audi,
1474 2881 1535 2923 fili
1565 2881 1743 2938 Sephor.
1765 2879 1800 2905 19
1819 2881 1918 2922 Νο11
1943 2887 2009 2924 001
2033 2882 2152 2924 Deus
2183 2881 2308 2937 quasi

475 2943 626 2996 homo,
650 2946 698 2982 ut
720 2941 971 2997 mentiatur,
998 2955 1078 2984 nec
1100 2946 1149 2983 ut
1170 2941 1285 2984 tilius
1309 2940 1520 2996 hominis,
1548 2946 1596 2983 ut
1622 2944 1828 2983 mutetur.
1856 2940 1982 2982 Dixit
2005 2954 2129 2997 ergo,
2153 2946 2197 2984 et
2221 2954 2308 2983 non

475 3000 647 3044 faciet?
675 3000 844 3043 locutus
867 3006 951 3055 est,
975 3006 1018 3044 et
1040 3015 1126 3044 non
1149 3000 1386 3057 implebit?
1413 2999 1450 3026 90
1466 3000 1538 3043 Ad
1561 2998 1915 3043 benedicendum
1937 2999 2157 3043 adductus
2183 3014 2305 3054 sum;

475 3059 829 3103 benedictionem
858 3060 1086 3116 prohibere
1108 3074 1195 3102 non
1218 3060 1358 3103 valeo.
1378 3059 1411 3085 91
1430 3061 1529 3102 Νο11
1552 3064 1618 3103 001
1639 3058 1808 3102 idolum
1830 3059 1877 3101 in
1899 3059 2063 3115 Jacob,
2088 3073 2169 3102 nec
2186 3059 2308 3102 vide-

476 3125 546 3162 tur
577 3118 865 3162 simulacrum
898 3119 942 3160 in
975 3119 1125 3162 Israel.
1162 3119 1379 3162 Dominus
1416 3121 1534 3162 Deus
1572 3119 1667 3174 ejus
1705 3132 1805 3160 cum
1845 3132 1894 3161 eo
1929 3124 2015 3173 est,
2049 3124 2093 3163 et
2127 3119 2310 3175 clangor

476 3178 676 3221 victoriae
705 3178 822 3233 regis
854 3178 899 3219 in
925 3178 1015 3222 illo.
1043 3178 1079 3204 99
1104 3180 1221 3222 Deus
1255 3178 1411 3221 eduxit
1438 3179 1566 3221 illum
1601 3178 1654 3221 de
1679 3178 1901 3234 AEgypto,
1930 3178 2057 3234 cujus
2089 3177 2307 3221 fortitudo

477 3237 634 3281 similis
669 3243 733 3280 est
761 3237 1063 3281 rhinocerotis.
1089 3237 1125 3263 2³
1144 3239 1242 3281 Non
1275 3243 1342 3281 est
1374 3238 1610 3293 augurium
1642 3237 1688 3279 in
1718 3237 1881 3293 Jacob,
1906 3252 1985 3280 nec
2013 3237 2230 3280 divinatio
2260 3237 2307 3279 in

479 3297 630 3340 Israel.
654 3296 944 3353 Temporibus
970 3297 1058 3339 suis
1085 3297 1256 3340 dicetur
1284 3297 1427 3340 Jacob
1457 3302 1500 3340 et
1530 3296 1686 3340 Israeli
1718 3297 1821 3352 quid
1852 3302 2056 3353 operatus
2085 3297 2144 3339 sit
2175 3297 2305 3339 Deus.

478 3355 513 3382 91
534 3356 648 3399 Εο00
677 3356 863 3412 populus
890 3362 937 3398 ut
966 3357 1107 3399 lemna
1134 3362 1389 3412 consurget,
1413 3362 1456 3400 et
1481 3357 1605 3412 quasi
1630 3356 1696 3399 leo
1719 3356 1936 3411 erigetur;
1960 3371 2047 3400 non
2069 3355 2309 3399 accubabit

479 3415 617 3458 donec
644 3416 824 3458 devoret
849 3416 1066 3472 praedam,
1092 3422 1134 3458 et
1156 3415 1399 3459 occisorum
1423 3417 1686 3471 sanguinem
1712 3415 1850 3457 bibat.
1874 3414 1910 3442 95
1931 3415 2143 3471 Dixitque
2171 3415 2308 3471 Balac

478 3475 535 3516 ad
559 3475 771 3518 Balaam:
800 3476 891 3518 Nec
922 3475 1161 3518 maledicas
1188 3475 1247 3530 ei,
1278 3490 1359 3518 nec
1385 3475 1642 3518 benedicas.
1662 3473 1698 3500 “2⁶
1719 3475 1774 3516 Et
1803 3474 1879 3517 ille
1909 3475 1973 3516 ait
1995 3492 2002 3518 :
2027 3474 2185 3518 Nonne
2214 3471 2309 3516 dixi

479 3533 580 3589 tibi,
605 3534 717 3588 quod
742 3534 954 3589 quidquid
978 3534 1086 3575 mihi
1116 3535 1233 3576 Deus
1258 3534 1516 3590 imperaret,
1538 3534 1620 3577 hoc
1646 3529 1874 3576 facerem?

479 3679 526 3711 22]
544 3678 606 3705 Inf.
626 3679 748 3713 xxiv,
765 3684 789 3707 S.
