2456 3861
587 87 652 129 IV
687 88 798 130 ΒΕΘ.
831 87 974 141 XIII,
1010 88 1064 130 10
1094 113 1153 121 --
1182 88 1308 143 XIV,
1344 88 1411 133 10.
1825 89 1910 132 363

147 256 184 284 ¹⁹
207 256 340 301 Anno
363 257 592 313 trigesimo
616 256 803 314 septimo
829 256 957 311 JoaS,
979 256 1095 311 regis
1121 257 1149 299 J
1156 257 1261 311 uda,
1287 257 1491 312 regnavit
1506 257 1636 312 Joas,
1662 257 1779 301 filius
1803 258 1908 302 503,-

86 316 214 371 chaz,
236 330 372 372 super
396 316 534 359 Israel
557 316 604 358 in
631 315 828 359 Samaria
853 314 1047 358 sedecim
1067 315 1212 358 annis.
1240 315 1268 342 ¹¹
1294 317 1350 359 Et
1375 316 1487 360 fecit
1505 316 1625 372 quod
1652 316 1819 360 malum
1840 320 1910 360 est

84 375 129 418 in
165 381 404 431 conspectu
443 374 621 418 Domini
645 391 665 429 ;ι
689 388 775 417 11011
813 373 1057 417 declinavit
1087 373 1143 416 ab
1181 374 1383 418 omnibus
1417 374 1610 431 peccatis
1647 375 1907 430 Jeroboam,

83 433 161 476 filii
189 434 356 490 Nabat,
383 433 456 490 qui
483 447 666 490 peccare
689 433 801 476 fecit
824 432 985 487 Israe13
1008 431 1084 476 sed
1110 432 1156 475 in
1176 433 1284 488 ipsis
1308 433 1569 477 ambulavit.

143 492 179 519 ¹²
207 492 392 547 Reliqua
415 498 565 535 autem
591 506 840 535 sermonum
867 492 996 547 Joas,
1022 496 1065 534 et
1089 490 1291 534 universa
1324 507 1421 547 quae
1455 493 1586 548 fecit,
1617 498 1660 537 et
1692 493 1909 538 fortitudo

83 552 198 608 ejus,
233 550 453 606 quomodo
485 551 753 607 pugnaverit
791 556 944 593 contra
977 549 1229 604 Amasiam,
1268 565 1415 605 regem
1450 552 1589 607 Juda,
1628 566 1773 596 nonne
1811 553 1909 596 haec

81 610 246 666 scripta
265 615 368 652 sunt
391 609 439 652 in
459 609 592 652 Libro
614 623 868 652 sermonum
884 609 1057 652 dierum
1074 623 1230 664 regum
1251 609 1420 653 Israel?
1444 610 1480 637 ¹¹³
1495 613 1552 654 Et
1569 611 1779 655 dormivit
1801 612 1909 656 Joas

82 683 180 712 cum
202 661 402 725 patribus
427 668 792 724 suis3Jeroboam
815 674 967 711 autem
998 668 1115 711 sedit
1142 681 1272 724 super
1303 666 1463 711 solium
1495 670 1606 724 ejus.
1639 671 1771 714 Porro
1802 671 1908 715 Joas

31 773 33 775 ,
79 729 278 785 sepultus
300 733 366 771 est
385 727 432 770 in
453 727 652 771 Samaria
678 741 778 770 cum
803 726 980 779 regibus
1006 727 1158 770 Israel.

144 787 175 814 ¹⁵
200 787 371 830 Eliseus
391 793 541 830 autem
565 786 809 842 aegrotabat
835 785 1092 829 infirmitate
1122 800 1208 841 qua
1236 790 1280 828 et
1311 791 1509 830 mortuus
1539 794 1628 841 est3
1660 788 1907 832 descendit-

80 860 163 902 que
184 846 240 888 ad
264 859 365 889 eum
388 846 518 900 JoaS,
539 859 616 888 rex
640 845 800 899 Israel,
824 850 868 887 et
899 844 1036 887 flebat
1065 859 1214 888 coram
1236 858 1307 900 eo,
1338 845 1603 902 dicebatque
1632 864 1641 891 :
1673 848 1804 891 Pater
1825 847 1905 902 mi,

79 912 205 962 pater
226 904 308 959 mi,
332 918 482 947 currus
505 905 643 948 Israel
669 909 714 947 et
734 903 890 959 auriga
911 903 1027 959 ejus!
1052 903 1087 930 ¹5
1109 904 1168 946 Et
1187 903 1252 946 ait
1272 904 1339 947 illi
1361 904 1535 948 Eliseus
1565 922 1573 949 :
1599 905 1728 949 Affer
1757 920 1907 949 arcum

79 970 122 1007 et
143 963 344 1019 sagittas.
367 963 566 1019 Cumque
594 963 817 1006 attulisset
844 961 902 1005 ad
932 977 1033 1005 eum
1062 977 1213 1006 arcum
1240 968 1288 1007 et
1320 963 1528 1019 sagittas,
1556 964 1592 991 '¹⁶
1613 965 1727 1008 dixit
1754 964 1812 1007 ad
1841 979 1905 1008 re-

77 1036 178 1078 gem
204 1023 343 1066 Israel
373 1039 381 1066 :
405 1023 524 1066 Pone
546 1036 730 1065 manum
751 1027 871 1065 tuam
895 1036 1026 1078 super
1043 1036 1212 1065 arcum.
1250 1023 1309 1068 Et
1334 1036 1432 1066 cum
1461 1023 1682 1079 posuisset
1713 1023 1788 1066 ille
1814 1037 1905 1066 ma-

77 1096 183 1124 num
215 1096 362 1137 suam,
396 1081 676 1139 superposuit
713 1081 886 1124 Eliseus
923 1095 1081 1124 manus
1113 1095 1213 1124 suas
1250 1081 1455 1124 manibus
1487 1082 1625 1138 regis,
1665 1082 1699 1109 ¹⁷
1726 1087 1770 1125 et
1802 1082 1865 1125 ait
1897 1099 1906 1126 ε

77 1140 214 1197 Aperi
239 1140 486 1184 fenestram
507 1141 782 1184 orientalem.
810 1141 1007 1196 Cumque
1027 1140 1294 1197 aperuisset,
1316 1140 1432 1184 dixit
1459 1141 1635 1185 Eliseus
1662 1157 1670 1185 :
1690 1142 1803 1185 „Jaoe
1837 1155 1905 1183 sa-

77 1199 251 1255 gittam.
281 1201 338 1243 Et
358 1199 479 1255 jecit.
504 1201 561 1243 Et
582 1200 646 1242 ait
668 1199 841 1243 Eliseus
866 1215 874 1243 :
896 1199 1071 1255 Sagitta
1092 1199 1248 1242 salutis
1271 1199 1472 1254 Domini,
1495 1206 1540 1243 et
1563 1200 1730 1256 sagitt-a
1747 1200 1907 1244 salutis

77 1265 230 1301 contra
253 1259 449 1315 Syriam3
472 1259 778 1316 percutiesque
800 1257 975 1314 Syriam
996 1258 1042 1301 in
1063 1259 1220 1315 Aphec
1241 1258 1381 1302 donec
1405 1273 1637 1302 consumas
1651 1274 1768 1304 eam.
1793 1258 1827 1286 ¹⁸
1851 1260 1907 1303 Et

76 1317 139 1360 ait
168 1335 176 1362 ε
214 1317 339 1361 Tolle
372 1317 573 1374 sagittas.
604 1318 690 1368 Qui
724 1331 825 1361 cum
856 1317 1053 1370 tulisset,
1085 1331 1258 1361 rursum
1289 1317 1408 1360 dixit
1437 1317 1478 1362 ei
1506 1335 1514 1362 :
1546 1319 1729 1363 Percute
1758 1318 1906 1373 jaculo

75 1381 252 1421 terram.
276 1378 333 1419 Et
352 1391 455 1419 cum
482 1377 770 1433 percussisset
798 1376 939 1419 tribus
972 1377 1165 1430 vicibus,
1200 1382 1245 1419 et
1273 1376 1493 1431 stetisset,
1526 1376 1560 1403 ¹9
1580 1377 1717 1421 iratus
1747 1382 1813 1421 est
1841 1376 1908 1419 vir

78 1436 161 1479 Dei
183 1441 339 1479 contra
360 1449 476 1489 eum,
500 1441 544 1478 et
565 1435 628 1478 ait
658 1452 666 1479 ε
688 1435 734 1479 Si
757 1434 1048 1491 percussisses
1071 1434 1324 1491 quinquies,
1342 1440 1423 1478 aut
1444 1435 1601 1489 sexies,
1620 1436 1712 1479 sive
1731 1435 1905 1491 septies,

74 1495 363 1551 percussisses
384 1493 560 1550 Syriam
581 1508 717 1550 usque
738 1494 795 1536 ad
822 1494 1231 1550 consumptionem3
1254 1507 1373 1536 nunc
1399 1499 1550 1536 autem
1573 1494 1713 1537 tribus
1736 1494 1908 1537 vicibus

73 1553 292 1610 percuties
314 1568 428 1597 eam.

131 1611 170 1639 ²⁰
190 1613 389 1656 Mortuus
411 1617 477 1656 est
497 1627 602 1670 ergo
634 1613 827 1668 EliseUS,
858 1618 902 1656 et
932 1612 1202 1669 sepelierunt
1235 1626 1348 1656 eum.
1381 1611 1642 1656 Latrunculi
1670 1617 1821 1655 autem
1855 1612 1908 1656 de

73 1670 205 1715 Moab
227 1677 445 1715 venerunt
476 1671 522 1714 in
546 1677 711 1715 terram
732 1672 778 1714 in
805 1671 902 1729 ipso
930 1686 1072 1727 anno3
1104 1670 1138 1698 ‘²1
1162 1671 1347 1727 quidam
1372 1676 1523 1714 autem
1544 1670 1808 1727 sepelientes
1832 1671 1908 1714 ho-

73 1731 240 1774 minem
269 1731 477 1775 viderunt
501 1731 796 1787 latrunculos,
827 1736 871 1774 et
899 1731 1183 1788 projecerunt
1217 1730 1408 1773 cadaver
1439 1730 1484 1772 in
1516 1729 1716 1787 sepulcro
1756 1729 1907 1773 EliseL

71 1790 197 1841 Quod
219 1805 320 1833 cum
340 1791 564 1846 tetigisset
583 1805 687 1834 ⁴ossa
711 1790 868 1846 Elisei,
891 1790 1055 1834 revixit
1074 1790 1226 1845 homo,
1251 1795 1295 1832 et
1315 1789 1441 1833 stetit
1471 1803 1601 1845 super
1628 1788 1763 1845 pedes
1793 1803 1906 1832 suos.

129 1848 167 1877 Q
196 1849 342 1906 Igitur
371 1850 564 1905 Hazael,
599 1864 678 1893 rex
708 1850 876 1906 Syriae,
911 1849 1070 1892 afflixit
1103 1848 1242 1892 Israel
1280 1848 1452 1892 cunctis
1485 1848 1642 1892 diebus
1679 1848 1904 1902 Joachaz3

71 1907 108 1936 2³
124 1913 172 1952 et
193 1909 398 1952 misertus
421 1914 487 1953 est
510 1909 727 1953 Dominus
750 1924 921 1964 eorum,
947 1913 994 1952 et
1014 1922 1213 1951 reversus
1239 1912 1305 1951 est
1327 1907 1386 1950 ad
1415 1921 1488 1951 eos
1516 1912 1695 1965 propter
1726 1913 1908 1964 pactum

70 1982 199 2011 suum
216 1968 339 2024 quod
363 1968 559 2012 habebat
580 1983 680 2011 cum
703 1968 955 2023 Abraham,
979 1973 1023 2011 et
1044 1968 1196 2022 Isaac,
1223 1972 1267 2011 et
1289 1966 1457 2021 Jacob,
1489 1971 1533 2009 et
1563 1965 1706 2010 noluit
1741 1966 1906 2022 disper-

69 2027 173 2071 dere
194 2041 292 2083 eos,
315 2041 457 2083 neque
478 2027 695 2084 projicere
715 2027 894 2084 penitus
916 2041 1052 2083 usque
1074 2026 1122 2069 in
1141 2040 1336 2083 praesens
1355 2030 1545 2081 tempus.
1564 2024 1602 2051 24
1623 2025 1823 2068 Mortuus
1840 2029 1907 2068 est

69 2092 220 2129 autem
240 2086 424 2141 Hazael‚
444 2101 522 2129 rex
537 2087 678 2144 Syriae
696 2104 704 2142 3
726 2091 770 2130 et
782 2086 990 2142 regnavit
1009 2086 1236 2140 Benadad,
1259 2085 1376 2129 filius
1398 2084 1508 2140 ejus,
1527 2098 1605 2140 pro
1627 2097 1691 2126 eo.
1717 2082 1754 2110 25
1772 2084 1906 2126 Porro

69 2146 200 2201 Joas,
225 2145 343 2188 filius
365 2146 393 2188 J
397 2146 584 2200 oachaz,
607 2145 710 2188 tulit
731 2146 860 2189 urbes
886 2145 939 2188 de
962 2160 1097 2188 manu
1120 2144 1354 2199 Benadad,
1378 2143 1459 2187 filii
1485 2143 1677 2198 Hazael,
1705 2157 1812 2198 quas
1838 2147 1905 2184 tu-

69 2204 183 2248 lerat
203 2205 257 2248 de
278 2219 415 2248 manu
443 2205 472 2248 J
476 2204 662 2261 oachaZ,
692 2204 830 2262 patris
862 2204 950 2259 sui,
983 2204 1083 2260 {jure
1113 2203 1284 2260 praelii3
1319 2202 1460 2247 tribus
1491 2201 1663 2245 vicibus
1691 2200 1906 2258 percussit

68 2278 170 2307 eum
193 2265 322 2317 Joas,
345 2269 389 2307 et
409 2263 605 2306 reddidit
625 2264 831 2308 civitates
858 2263 1011 2306 Israel.

129 2323 236 2366 CAP.
267 2324 395 2366 XIV.
418 2349 481 2356 -—
509 2322 522 2349 ¹
546 2324 602 2366 In
633 2337 752 2366 anno
783 2323 976 2366 secundo
1002 2323 1136 2376 Joas,
1160 2321 1241 2365 filii
1261 2322 1482 2377 Joachaz,
1508 2321 1625 2377 regis
1652 2319 1813 2374 Israel,
1840 2334 1905 2363 re-

70 2383 228 2438 gnavit
248 2382 476 2437 Amasias,
499 2382 616 2425 filius
643 2383 671 2426 J
675 2397 770 2438 oas,
797 2382 914 2438 regis
944 2383 972 2425 J
977 2381 1078 2424 uda.
1104 2379 1122 2407 2
1146 2380 1322 2436 Viginti
1348 2381 1541 2436 quinque
1569 2393 1787 2423 annorum
1812 2383 1906 2422 erat

70 2455 171 2484 cum
192 2456 377 2497 regnare
402 2441 634 2498 coepisset3
664 2441 828 2498 viginti
857 2446 1008 2484 autem
1038 2444 1082 2484 et
1110 2454 1272 2483 novem
1299 2439 1428 2482 annis
1458 2438 1665 2494 regnavit
1696 2438 1743 2481 in
1777 2439 1904 2480 Jeru—

69 2500 222 2544 salem.
249 2502 422 2544 Nomen
447 2500 602 2544 matris
625 2501 722 2557 ejus
747 2500 947 2555 Joadan,
979 2500 1032 2543 de
1063 2498 1326 2542 Jerusalem.
1358 2497 1375 2524 3
1398 2499 1455 2542 Et
1484 2497 1596 2541 fecit
1630 2502 1800 2540 rectum
1833 2511 1903 2540 co-

69 2574 165 2603 ram
188 2560 399 2615 Domino,
432 2566 742 2603 verumtamen
773 2574 863 2603 non
895 2564 944 2602 ut
979 2558 1126 2602 David
1160 2562 1286 2614 pater
1317 2557 1427 2612 ejus.
1459 2557 1600 2600 ,Juxta
1629 2555 1777 2599 omnia
1807 2548 1904 2611 qi'iae

69 2619 181 2662 fecit
203 2621 310 2663 Joas
334 2625 461 2676 pater
485 2633 588 2662 suus
613 2619 746 2674 fecit,
773 2618 790 2645 4
815 2619 900 2662 nisi
923 2619 1005 2661 hoc
1031 2622 1207 2660 tantum
1236 2616 1352 2672 quod
1383 2615 1559 2659 excelsa
1583 2629 1670 2658 non
1693 2613 1902 2669 abstulit,

69 2678 215 2721 adhuc
240 2678 359 2721 enim
381 2679 568 2736 populus
594 2678 877 2734 immolabat,
902 2683 946 2721 et
959 2676 1174 2720 adolebat
1194 2676 1426 2719 incensum
1445 2675 1493 2717 in
1511 2673 1713 2718 excelsis.
1737 2673 1754 2700 ⁵
1771 2673 1902 2716 Cum-

70 2751 153 2793 que
181 2737 444 2781 obtinuisset
471 2752 682 2794 regnum,
714 2737 930 2794 percussit
959 2750 1106 2779 servos
1140 2749 1240 2778 suos
1270 2734 1344 2790 qui
1376 2734 1699 2777 interfecerant
1730 2746 1902 2788 regem,

69 2802 241 2854 patrem
263 2811 415 2852 suum3
439 2797 458 2824 6
481 2796 594 2840 filios
617 2802 768 2840 autem
790 2810 940 2839 eorum
958 2794 1032 2851 qui
1043 2794 1306 2838 occiderant
1326 2807 1414 2836 non
1435 2792 1618 2847 occidit,
1641 2792 1770 2847 juxta
1787 2791 1904 2847 quod

68 2856 280 2913 scriptum
304 2861 370 2899 est
391 2856 437 2899 in
459 2856 570 2900 libro
598 2856 710 2912 legis
732 2855 896 2911 Moysi,
924 2855 1038 2898 sicut
1070 2853 1283 2910 praecepit
1313 2852 1551 2906 Dominus,
1583 2851 1734 2894 dicens
1766 2867 1774 2894 :
1802 2851 1904 2893 Non

69 2915 310 2958 morientur
333 2921 480 2972 patres
505 2930 582 2972 pro
608 2915 732 2971 filiis,
756 2928 896 2970 neque
928 2913 1010 2956 filii
1031 2912 1274 2956 morientur
1302 2926 1378 2968 pro
1412 2911 1638 2968 patribus3
1661 2910 1738 2954 sed
1771 2924 1903 2953 unus-

68 2974 251 3030 quisque
274 2974 319 3018 in
339 2979 524 3031 peccato
545 2989 622 3018 suo
656 2974 880 3017 morietur.
904 2973 919 2999 7
950 2973 1052 3030 Ipse
1083 2971 1302 3028 percussit
1335 2971 1478 3014 Edom
1507 2970 1557 3013 in
1581 2969 1699 3014 valle
1730 2969 1902 3013 Salina-

67 3047 164 3076 rum
186 3033 341 3077 deeem
366 3033 528 3089 millia,
555 3039 599 3077 et
635 3031 926 3092 apprehendit
949 3035 1128 3077 Petram
1160 3030 1206 3074 in
1239 3030 1413 3088 praelio,
1447 3029 1712 3085 vocavitque
1741 3042 1902 3072 nomen

67 3092 165 3148 ejus
191 3093 416 3147 Jectehel‚
442 3092 647 3149 usquein
671 3097 937 3150 praesentem
963 3087 1094 3134 diem.

125 3151 143 3178 8
163 3152 293 3195 Tunc
318 3151 440 3194 misit
462 3152 671 3195 Amasias
694 3151 872 3195 nuntios
889 3150 946 3193 ad
968 3151 998 3194 J
1000 3164 1098 3205 oas,
1120 3150 1262 3193 filium
1284 3150 1502 3208 Joachaz,
1521 3148 1601 3192 filii
1623 3149 1653 3191 J
1655 3148 1762 3201 ehu,
1785 3146 1901 3202 regis

67 3211 230 3265 Israel,
256 3211 408 3253 dicens
441 3227 449 3254 :
475 3211 612 3266 Veni,
636 3216 680 3255 et
702 3211 933 3254 videamus
958 3223 1051 3253 nos.
1077 3209 1095 3236 9
1117 3209 1391 3265 Remisitque
1417 3210 1539 3263 Joas,
1565 3222 1641 3251 rex
1664 3205 1817 3259 Israel,
1844 3204 1902 3248 ad

68 3270 322 3324 Amasiam,
343 3283 495 3326 regem
521 3270 664 3326 Juda,
688 3270 840 3313 dicens
866 3286 878 3313 ·.
911 3268 1110 3312 Garduus
1149 3268 1310 3312 Libani
1348 3268 1470 3311 misit
1500 3267 1558 3310 ad
1589 3265 1767 3309 cedrum
1803 3278 1901 3319 quae

70 3335 136 3372 est
157 3329 206 3371 in
232 3328 427 3384 Libano,
455 3329 633 3373 dicens:
662 3331 729 3372 Da
751 3329 890 3371 filiam
915 3333 1040 3371 tuam
1062 3327 1156 3372 filio
1185 3342 1283 3371 meo
1309 3341 1517 3380 uxorem;
1545 3324 1900 3378 transieruntque

0 3412 1 3417 =
68 3386 224 3430 bestiae
240 3388 381 3431 sal-tus
407 3402 506 3444 quae
531 3393 635 3431 sunt
660 3389 706 3431 in
732 3388 925 3442 Libano,
951 3392 996 3430 et
1016 3387 1392 3431 conculcaverunt
1424 3385 1648 3429 carduum.
1683 3382 1718 3409 1⁰
1741 3383 1900 3425 Percu-

69 3445 184 3488 tiens
207 3446 437 3489 invaluisti
459 3461 588 3504 super
610 3447 775 3502 Edom,
813 3451 857 3489 et
885 3445 1137 3489 sublevavit
1169 3451 1213 3488 te
1247 3460 1320 3488 cor
1352 3450 1477 3487 tuum
1501 3461 1509 3487 :
1543 3447 1776 3486 contentus
1804 3444 1899 3484 esto

70 3594 120 3628 21]
138 3591 240 3620 Eccu.
258 3592 418 3627 XLvnr,
436 3594 480 3620 14.
504 3605 538 3611 —
559 3592 589 3625 2]
609 3592 643 3618 11
664 3591 737 3618 Par.
756 3589 862 3624 XXV,
881 3592 906 3617 1.
930 3604 967 3609 —
991 3590 1020 3623 ο]
1039 3590 1138 3617 Dent.
1157 3588 1282 3623 xxiv,
1301 3590 1345 3615 ιο.
1367 3587 1421 3615 Ez.
1441 3587 1631 3621 xv111‚20.

1976 270 2105 301 Regnat
2132 270 2217 298 Joas

2011 311 2043 340 in
2063 313 2175 341 Israel.

1984 799 2118 828 Eliseus
2135 807 2203 828 mo-

1987 843 2084 879 ritur,
2105 843 2198 872 edito

2011 886 2176 916 vaticinio

1972 934 2090 960 contra
2103 932 2217 965 Syros.

1990 1856 2199 1886 vaticinium·

1983 1900 2195 1934 adimpletur.

2026 2330 2159 2363 Regnat

1989 2373 2140 2402 Amasias
2158 2373 2193 2402 in

2043 2418 2063 2446 J
2068 2418 2141 2446 uda.

1967 3149 2162 3178 Percutitur
2189 3157 2210 3178 a

1998 3195 2079 3223 Joas
2096 3201 2174 3227 rege

2030 3238 2143 3266 Israel.
