2423 3861
665 118 740 161 Ps.
772 115 1016 169 CXXVII,
1051 115 1077 155 4
1109 138 1168 144 —
1199 110 1389 164 CXXX,
1426 110 1462 151 1.

351 289 369 316 4
391 290 506 332 Ecce
531 289 594 331 sic
619 287 904 331 benedicetur
929 285 1059 327 homo

451 348 522 404 qui
551 348 678 390 timet
703 346 957 389 Dominum.

352 408 368 434 ὅ
392 407 634 450 Benedicat
657 405 736 448 tibi
765 404 982 447 Dominus
1003 417 1059 446 ex
1085 401 1209 455 Sion,

451 471 495 509 et
519 465 670 508 videas
696 465 812 507 bona
837 462 1085 506 Jerusalem
1111 460 1315 503 omnibus
1338 457 1494 501 diebus
1515 455 1621 499 vitae
1648 459 1759 507 tuae3

352 525 370 551 ὃ
391 531 434 569 et
455 525 606 567 videas
628 523 740 566 filios
765 522 953 564 filiorum
980 526 1174 571 tuorum,

452 597 606 640 pacem
628 596 757 638 super
780 580 932 622 Israel.

825 687 1039 729 PsAmuus
1073 684 1317 727 CXXVIII

658 775 870 833 Hostiam
895 772 1081 816 Israelis
1100 772 1308 827 funestus
1333 771 1483 813 exitus.

216 866 232 894 ¹
258 867 490 913 Canticum
513 865 744 922 graduum.

394 942 519 997 Saepe
541 942 910 996 expugnaverunt
935 950 1005 979 me
1030 949 1057 977 a
1078 934 1310 990 juventute
1337 946 1455 987 mea,

455 1000 574 1043 dicat
600 1012 716 1040 nunc
740 996 879 1040 Israel
900 1013 908 1051 3

353 1059 370 1085 2
390 1073 509 1115 saepe
534 1061 901 1114 expugnaverunt
925 1069 994 1098 me
1019 1069 1045 1097 a
1070 1054 1304 1110 juventute
1331 1065 1451 1105 mea3

454 1117 619 1161 etenim
641 1131 728 1160 non
753 1119 991 1172 potuerunt
1017 1112 1140 1156 mihi.

355 1177 372 1204 3
390 1178 532 1234 Supra
558 1177 735 1219 dorsum
761 1189 909 1218 meum
932 1173 1269 1216 fabricaverunt
1289 1173 1570 1226 peccatores;

454 1236 829 1293 prolongaverunt
850 1233 1134 1288 iniquitatem
1158 1244 1297 1274 suam.

355 1297 372 1323 4
395 1295 612 1340 Dominus
634 1294 778 1351 justus

457 1354 652 1398 concidit
678 1354 870 1397 cervices
894 1356 1190 1409 peccatorum.

358 1416 375 1442 5
396 1413 758 1467 Confundantur,
787 1418 830 1455 et
854 1414 1168 1454 convertantur
1193 1412 1433 1450 retrorsum

456 1487 606 1516 omnes
630 1472 702 1527 qui
725 1471 912 1515 oderunt
933 1470 1051 1512 Sion.

357 1533 375 1559 ὃ
395 1533 529 1575 Fiant
551 1531 666 1573 sicut
691 1531 864 1573 foenum
886 1533 1124 1582 tectorum,

456 1590 572 1647 quod
598 1590 854 1646 priusquam
881 1587 1098 1631 evellatur
1119 1585 1321 1640 exaruit3

357 1650 373 1677 7
395 1650 449 1693 de
470 1664 553 1706 quo
578 1664 665 1692 non
689 1647 896 1705 implevit
919 1660 1101 1689 manum
1126 1659 1253 1688 suam
1279 1645 1353 1699 qui
1380 1641 1525 1696 metit,

457 1715 500 1753 et
521 1709 668 1751 sinum
693 1722 819 1751 suum
847 1707 921 1763 qui
947 1704 1199 1761 manipulos
1225 1702 1410 1758 colligit.

359 1770 376 1796 8
398 1771 455 1812 Et
476 1783 563 1811 non
586 1767 795 1810 dixerunt
818 1766 891 1822 qui
914 1763 1204 1823 praeteribant
1226 1774 1237 1803 ε

459 1826 719 1885 Benedictio
743 1825 925 1870 Domini
951 1838 1081 1881 super
1105 1837 1196 1866 vos.
1236 1818 1240 1822 ’

459 1885 777 1930 Benediximus
799 1884 924 1928 vobis
944 1884 993 1926 in
1018 1882 1196 1926 nomine
1221 1879 1416 1925 Domini.

863 1994 1077 2036 PsALMth
1111 1990 1307 2034 CXXIX

773 2081 881 2137 Spes
909 2081 955 2123 in
985 2079 1079 2122 Deo
1105 2076 1392 2120 misericorde.

225 2166 240 2192 ¹
267 2164 503 2209 Canticum
524 2167 755 2220 graduum.

405 2241 471 2282 De
493 2236 726 2295 profundis
753 2235 945 2279 clamavi
970 2234 1027 2277 ad
1049 2238 1117 2288 te,
1143 2231 1358 2285 Domine3

422 2298 440 2323 ’Ζ
464 2296 672 2351 Domine,
701 2294 862 2338 exaudi
885 2307 1040 2336 vocem
1062 2305 1222 2334 meam.

404 2357 540 2400 Fiant
557 2369 682 2398 aures
709 2360 798 2398 tuae
820 2352 1101 2396 intendentes

462 2417 509 2459 in
531 2429 687 2458 vocem
714 2412 1037 2470 deprecationis
1064 2425 1189 2454 meae.

365 2476 383 2502 3
404 2476 447 2519 Si
472 2474 732 2530 iniquitates
760 2470 1081 2525 observaveris,
1110 2467 1324 2522 Domine,

469 2534 678 2589 Domine,
706 2532 803 2588 quis
826 2529 1094 2574 sustinebit?

365 2594 383 2621 4
403 2594 513 2645 Quia
537 2592 655 2649 apud
678 2598 721 2635 te
746 2589 1001 2648 propitiatio
1023 2593 1113 2642 est3

469 2658 511 2696 et
536 2657 714 2709 propter
734 2651 879 2706 legem
903 2654 1026 2691 tuam
1048 2645 1236 2690 sustinui
1263 2650 1326 2700 te,
1356 2642 1562 2687 Domine.

410 2711 627 2757 Sustinuit
648 2710 798 2753 anima
824 2723 922 2751 mea
946 2708 992 2749 in
1018 2706 1152 2750 verbo
1174 2705 1295 2761 ejus;

429 2773 446 2798 5
467 2769 662 2828 speravit
682 2769 832 2812 anima
858 2781 957 2810 mea
978 2766 1025 2808 in
1053 2765 1257 2809 Domino.

368 2832 385 2858 ⁰
407 2832 448 2874 A
475 2829 675 2873 custodia
701 2827 921 2871 matutina
947 2839 1084 2881 usque
1110 2823 1167 2867 ad
1192 2828 1388 2880 noctem,

469 2893 615 2946 speret
641 2887 780 2931 Israel
801 2887 848 2929 in
872 2885 1091 2940 Domino;

371 2949 386 2976 ⁷
408 2948 511 3006 quia
532 2947 651 3005 apud
675 2946 918 2990 Dominum
944 2942 1266 2998 misericordia,

471 3012 515 3051 et
540 3006 716 3064 copiosa
739 3005 856 3063 apud
883 3018 983 3047 eum
1007 3001 1267 3059 redemptio.

373 3066 390 3094 8
409 3067 466 3110 Et
491 3067 584 3123 ipse
604 3065 792 3109 redimet
814 3063 953 3107 Israel

472 3140 527 3169 ex
547 3124 750 3173 omnibus
772 3120 1083 3179 iniquitatibus
1105 3119 1215 3176 ejus.

892 3231 1106 3273 PSALMUS
1131 3229 1300 3272 CXXX

728 3319 1016 3363 Humilitatis
1041 3317 1210 3360 sincera
1227 3315 1463 3373 professio.

242 3409 257 3438 ¹
275 3410 509 3456 Canticum
534 3408 753 3466 graduum
781 3405 942 3450 David.

411 3484 622 3539 Domine,
645 3497 733 3526 non
755 3486 820 3525 est
842 3479 1088 3524 exaltatum
1110 3493 1183 3522 cor
1208 3491 1376 3532 meum,

480 3557 620 3598 neque
642 3541 747 3585 elati
771 3545 874 3583 sunt
899 3538 1014 3582 oculi
1038 3537 1137 3581 mei.

421 3601 576 3657 Neque
601 3599 826 3643 ambulavi
849 3598 894 3640 in
917 3596 1112 3652 magnis,

1883 104 1977 147 '647

2074 399 2161 426 Vota
2178 397 2264 425 ulto-

2050 449 2149 471 r10r1s
2160 447 2290 474 prospe-

2109 483 2235 513 ritatis.

2102 861 2247 890 Titulus.

2057 935 2215 963 Israelem
2244 939 2298 965 op-

2083 980 2270 1011 pugnatum

2077 1023 2166 1050 Deus
2196 1028 2280 1052 saepe

2097 1065 2265 1094 liberavit.

2074 1410 2290 1442 Imprecatlo-

2061 1461 2121 1483 nes
2138 1453 2172 1481 in
2186 1453 2302 1480 hostes

2091 1496 2269 1529 malignos

2120 2172 2263 2201 Titulus.
2316 2164 2320 2168 ’

2082 2242 2300 2282 supplicatio.

2075 2472 2206 2506 Duplex
2227 2470 2316 2500 ratio

2092 2524 2158 2550 qua
2175 2515 2296 2549 petitio

2129 2559 2264 2589 nititur.

2076 2706 2316 2738 Exauditionis

2135 2751 2259 2780 fiducia

2077 2943 2114 2971 et
2132 2939 2314 2975 praedictio.

2129 3408 2273 3444 Titulus.

2141 3481 2266 3508 Sensus

2114 3524 2233 3552 animae
2250 3523 2291 3551 ab

2094 3568 2182 3596 omni
2200 3573 2313 3600 super-

2100 3611 2155 3640 bia
2178 3611 2303 3640 alienae.
