2391 3861
94 1675 321 1705 Allocutionis

129 1720 285 1748 effectus.

152 2509 278 2537 Paulus

161 2561 270 2582 coram

130 2596 298 2630 synedris.

408 132 518 174 1240
940 131 1053 173 Aer.
1086 130 1247 185 xxii,
1283 130 1309 172 s
1340 155 1398 160 —
1429 129 1616 184 xxm,
1649 131 1688 172 s.

403 296 494 343 divi
526 314 678 343 vocem
708 300 927 342 dicentem
961 298 1099 342 mihi:
1134 298 1286 352 Saule,
1320 298 1470 351 Saule,
1505 298 1610 352 quid
1644 313 1714 341 me
1750 300 2058 354 persequens?
2091 300 2108 326 3
2131 302 2226 356 Ego

402 364 554 402 autem
584 357 821 414 respondi:
862 356 967 407 Quis
1001 371 1069 412 es,
1104 356 1326 400 Domine?
1366 357 1576 412 Dixitque
1608 357 1665 399 ad
1698 371 1769 399 me
1798 373 1807 400 ε
1838 358 1935 412 Ego
1967 371 2068 400 sum
2099 359 2228 402 ι166116

404 419 681 471 Nazarenus,
711 430 841 472 quem
872 421 921 459 tu
949 416 1235 472 persequeris,
1263 415 1280 441 9
1302 417 1359 458 Et
1388 416 1463 471 qui
1495 430 1669 458 mecum
1695 420 1841 471 erant,
1867 415 2019 459 lumen
2050 417 2229 472 quidem

402 477 631 531 viderunt,
653 489 809 518 vocem
834 480 983 518 autem
1013 489 1100 518 non
1125 475 1363 518 audierunt
1393 475 1491 530 ejus
1516 475 1589 530 qui
1614 475 1877 530 loquebatur
1901 489 2089 520 mecum.
2115 475 2151 502 ¹⁰
2172 477 2230 519 Et

403 536 497 579 dixi
519 553 526 579 :
554 535 667 585 Quid
692 534 880 589 faciam,
906 533 1129 577 Domine?
1158 533 1375 577 Dominus
1397 539 1546 577 autem
1569 534 1683 576 dixit
1703 533 1759 576 ad
1783 548 1880 577 me:
1905 534 2100 589 Surgens
2117 535 2230 578 vade

405 596 699 647 Damascum3
728 599 772 636 et
799 593 862 635 ibi
893 592 974 635 tibi
1000 593 1172 636 dicetur
1193 593 1246 636 de
1273 593 1478 636 omnibus
1503 607 1599 648 quae
1625 598 1669 635 te
1695 598 1896 649 oporteat
1923 593 2089 636 facere.
2117 592 2149 619 ¹¹
2174 594 2232 636 Et

403 668 502 696 cum
536 667 625 696 non
660 652 860 695 viderem
891 667 982 709 prae
1017 652 1220 695 claritate
1253 651 1434 695 luminis
1465 652 1608 707 illius,
1642 652 1699 694 ad
1736 666 1920 694 manum
1955 652 2170 696 deductus
2203 667 2230 695 a

401 712 660 767 comitibus,
699 711 802 754 veni
840 713 1125 754 Damascum.
1167 710 1200 737 ¹⁶²
1222 711 1423 754 Ananias
1454 716 1605 754 antem
1639 710 1845 767 quidam,
1884 711 1952 753 vir
1987 711 2232 754 secundum

400 771 559 826 legem,
582 771 887 814 testimonium
907 771 1077 814 habens
1098 770 1154 813 ab
1178 770 1382 813 omnibus
1405 769 1766 821 cohabitantibus
1789 769 1976 825 Judaeis,
1996 769 2032 796 ¹3
2048 769 2231 813 veniens

399 831 457 873 ad
482 845 572 885 me,
597 835 641 873 et
672 835 846 884 astans,
873 830 988 872 dixit
1020 829 1129 872 mihi
1152 846 1160 873 ε
1195 830 1327 873 Saule
1353 830 1506 885 frater,
1533 829 1716 885 respice.
1745 830 1801 872 Et
1831 843 1912 884 ego
1943 829 2099 872 eadem
2125 829 2232 872 hora

400 890 572 946 respexi
599 889 643 931 in
669 904 785 932 eum.
812 888 847 915 ¹4
865 890 926 932 At
951 889 1026 932 1116
1052 889 1166 932 dixit
1187 906 1196 932 :
1229 891 1348 932 Deus
1373 894 1549 945 patrum
1574 893 1823 932 nostrorum
1849 888 2168 944 praeordinavit
2188 895 2231 931 te

400 954 449 991 ut
471 963 758 1004 cognosceres
780 949 1058 991 voluntatem
1091 948 1209 1004 ejus,
1236 954 1280 991 et
1301 948 1473 991 videres
1497 948 1523 990 J
1530 953 1700 1002 ustum,
1728 952 1772 990 et
1797 947 1973 991 audires
1999 961 2155 990 vocem
2176 961 2228 990 ex

401 1022 471 1050 orc
496 1008 620 1064 ejus3
657 1007 688 1034 ¹⁵
710 1007 813 1062 quia
846 1008 930 1050 eris
956 1008 1082 1050 testis
1108 1007 1228 1050 illius
1253 1007 1309 1050 ad
1341 1022 1492 1050 omnes
1521 1007 1742 1061 homines,
1771 1021 1922 1050 eorum
1951 1021 2050 1063 quae
2078 1005 2231 1050 vidisti

399 1072 444 1110 et
464 1067 642 1110 audisti.
673 1066 706 1092 ¹ss
724 1067 782 1109 Et
806 1081 925 1109 nunc
950 1067 1055 1122 quid
1082 1066 1297 1109 moraris?
1330 1067 1529 1122 Exurge,
1558 1072 1600 1109 et
1628 1066 1876 1122 baptizare,
1905 1070 1950 1110 et
1973 1066 2106 1109 ablue
2130 1079 2231 1122 pec·

400 1131 500 1170 cata
522 1131 618 1181 tua,
641 1126 849 1169 invocato
871 1126 1049 1169 nomine
1071 1126 1224 1183 ipsius.

462 1185 492 1211 ¹⁷
516 1186 707 1228 Factum
739 1190 806 1228 est
837 1191 988 1228 autem
1012 1185 1252 1228 revertenti
1282 1185 1392 1228 mihi
1423 1185 1468 1228 in
1496 1185 1765 1240 Jerusalem,
1797 1190 1842 1228 et
1865 1185 2009 1228 oranti
2042 1184 2089 1227 in
2120 1191 2229 1228 tem-

398 1245 493 1302 plo,
520 1245 613 1287 ficii
640 1259 710 1288 me
732 1245 777 1287 in
798 1250 976 1301 stupore
1002 1244 1177 1300 mentis,
1199 1244 1234 1271 ¹8
1252 1250 1296 1287 et
1313 1244 1465 1287 videre
1484 1244 1614 1286 illum
1636 1244 1857 1287 dicentem
1878 1244 1987 1287 mihi
2005 1261 2013 1288 :
2034 1244 2230 1299 Festina,

399 1310 444 1347 et
468 1304 538 1347 exi
563 1303 775 1347 velociter
800 1318 854 1347 ex
883 1304 1154 1358 Jerusalem,
1183 1303 1392 1359 quoniam
1417 1318 1502 1347 11011
1530 1304 1747 1360 recipient
1775 1303 2080 1347 testimonium
2106 1309 2232 1346 tuum

399 1363 453 1406 de
479 1377 563 1406 me.
594 1363 626 1388 ¹⁴³
645 1363 703 1405 Et
725 1377 806 1419 ego
833 1363 954 1406 dixi:
984 1364 1194 1418 Domine,
1221 1363 1306 1420 ipsi
1332 1363 1478 1406 sciunt
1505 1363 1609 1418 quia
1634 1377 1716 1418 ego
1743 1377 1865 1406 eram
1891 1362 2160 1406 concludens
2184 1362 2231 1406 iu

399 1437 641 1478 carcerem,
669 1427 714 1465 et
747 1422 922 1465 caedens
955 1437 1032 1479 per
1061 1437 1315 1478 synagogas
1350 1437 1421 1465 eos
1449 1423 1521 1478 qui
1556 1422 1796 1465 credebant
1825 1422 1873 1464 in
1905 1426 1975 1477 te,
1999 1421 2037 1448 ‘2⁰
2062 1428 2107 1465 et
2130 1436 2231 1464 cum

397 1482 661 1525 funderetur
692 1482 874 1537 sanguis
907 1482 1141 1538 Stephani,
1167 1481 1293 1525 testis
1323 1482 1408 1537 tui,
1436 1495 1517 1536 ego
1549 1482 1773 1535 astabam,
1802 1487 1846 1524 et
1875 1481 2230 1538 consentiebam,

399 1546 442 1584 et
467 1541 772 1584 custodiebam
790 1541 1058 1584 vestimenta
1082 1541 1446 1584 interficientium
1465 1540 1608 1584 illum.
1629 1540 1661 1566 ‘²¹
1684 1541 1743 1583 Et
1761 1540 1876 1583 dixit
1892 1540 1951 1583 ad
1971 1554 2067 1584 me:
2087 1540 2228 1595 Vade,

398 1601 609 1656 quoniam
635 1615 714 1656 ego
741 1601 787 1642 in
812 1601 1014 1644 nationes
1045 1601 1176 1655 longe
1203 1601 1378 1643 mittam
1402 1608 1460 1645 tc.

458 1659 494 1686 ‘²²'
512 1660 771 1703 Audiebant
795 1666 946 1702 autem
975 1674 1075 1702 eum
1107 1674 1243 1715 usque
1276 1660 1330 1702 ad
1362 1661 1444 1702 hcc
1475 1660 1680 1713 verbum,
1711 1664 1753 1702 et
1783 1659 2044 1702 levaverunt
2076 1673 2231 1702 vocem

399 1735 545 1775 suam,
570 1719 794 1763 dicentes:
821 1719 946 1762 Tolle
977 1719 1031 1762 de
1056 1724 1173 1762 terra
1198 1719 1473 1774 hujusmodi,
1498 1733 1585 1761 non
1608 1719 1725 1761 enim
1753 1718 1824 1760 fas
1851 1723 1917 1761 est
1942 1733 2040 1761 eum
2068 1719 2228 1762 vivere.

399 1778 436 1805 ‘²3
455 1778 820 1822 Vociferantibus
842 1784 992 1821 autem
1014 1778 1089 1833 eis,
1110 1784 1152 1821 et
1171 1778 1509 1835 projicientibus
1532 1778 1799 1821 vestimenta
1824 1791 1916 1833 sua,
1941 1782 1986 1820 et
2003 1777 2231 1834 pulverem

398 1838 674 1894 jactantibus
702 1838 749 1880 in
769 1853 937 1893 aerem,
962 1837 997 1863 '2¹
1015 1837 1147 1893 jussit
1172 1838 1374 1880 tribunus
1399 1837 1549 1880 induci
1583 1852 1684 1880 eum
1709 1837 1756 1878 in
1779 1847 1944 1891 castra,
1971 1842 2016 1879 et
2039 1836 2231 1893 flagellis

400 1898 525 1953 caedi,
553 1903 597 1940 et
621 1897 812 1953 torqueri
839 1912 952 1953 eum,
977 1904 1025 1939 ut
1049 1897 1183 1939 sciret.
1207 1903 1384 1953 propter
1405 1911 1536 1951 quam
1563 1910 1743 1938 causam
1765 1896 1829 1938 sic
1854 1896 2157 1938 acclamarent
2177 1897 2230 1939 ei.

399 1956 435 1983 25
454 1958 511 1999 Et
537 1971 637 2000 cum
658 1956 969 1999 astrinxissent
995 1971 1095 1999 eum
1114 1956 1236 2011 loris,
1262 1955 1371 1998 dicit
1391 1956 1555 1998 astanti
1582 1955 1667 1998 sibi
1691 1955 1937 1998 centurioni
1964 1954 2128 1998 Paulus
2153 1971 2162 1998 t
2185 1955 2230 1998 Si

399 2016 625 2059 hominem
649 2017 899 2058 Romanum
921 2022 965 2058 et
986 2016 1295 2058 indemnatum
1318 2015 1422 2057 licet
1446 2015 1572 2057 vobis
1597 2013 1863 2070 flagellare?
1891 2013 1927 2040 ⁰2⁶
1945 2014 2038 2064 Quo
2064 2013 2230 2069 audito,

400 2076 596 2119 centurio
622 2075 810 2118 accessit
835 2075 891 2117 ad
923 2075 1162 2130 tribunum,
1190 2080 1232 2117 et
1258 2074 1485 2116 nuntiavit
1509 2074 1563 2121 ei,
1591 2074 1741 2116 dicens
1771 2090 1779 2117 :
1806 2073 1921 2123 Quid
1944 2079 2124 2116 acturus
2149 2073 2231 2116 es?

399 2135 470 2177 hic
508 2135 627 2177 enim
663 2134 794 2177 homo
829 2134 938 2176 civis
974 2135 1198 2177 Romanus
1233 2143 1310 2177 est.
1346 2133 1380 2159 '²7
1411 2133 1644 2176 Accedens
1673 2138 1823 2175 autem
1859 2132 2082 2188 tribunus,
2118 2132 2232 2175 dixit

397 2194 464 2236 illi
497 2211 504 2238 :
535 2194 617 2237 Dic
647 2193 757 2236 mihi
781 2194 817 2236 si
851 2199 899 2236 tu
928 2194 1151 2237 Romanus
1179 2193 1258 2236 es‘?
1287 2195 1348 2236 At
1379 2193 1455 2236 ille
1489 2193 1603 2235 dixit
1633 2210 1641 2236 :
1670 2192 1835 2235 Etiam.
1861 2191 1897 2218 “2⁸
1917 2193 1974 2235 Et
2005 2191 2233 2248 respondit

399 2253 601 2296 tribunus
627 2270 635 2297 :
660 2253 756 2308 Ego
780 2253 920 2296 multa
945 2268 1118 2295 summa
1145 2253 1408 2296 civilitatem
1430 2253 1544 2295 lianc
1568 2256 1830 2295 consecutus
1852 2266 1963 2294 sum.
1989 2252 2046 2294 Et
2067 2251 2231 2294 Paulus

399 2313 461 2355 ait
490 2330 498 2356 :
526 2314 620 2368 Ego
645 2320 797 2355 autem
831 2321 874 2356 et
906 2319 1036 2356 natus
1069 2327 1181 2355 sum.
1208 2311 1244 2338 ‘29
1263 2312 1469 2355 Protinus
1504 2326 1606 2366 ergo
1643 2311 1939 2354 discesserunt
1967 2310 2023 2352 ab
2048 2309 2126 2353 illo
2156 2311 2231 2366 qui

399 2387 500 2415 eum
526 2372 682 2414 torturi
712 2378 866 2428 erant,
893 2372 1096 2414 tribunus
1119 2385 1290 2427 quoque
1316 2371 1486 2426 timuit,
1521 2375 1756 2427 postquam
1786 2369 1967 2412 rescivit
1992 2369 2095 2425 quia
2122 2369 2232 2417 civis

401 2432 626 2474 Romanus
649 2437 783 2488 esset,
811 2437 854 2475 et
877 2432 978 2488 quia
1001 2431 1233 2487 alligasset
1257 2446 1370 2474 eum.
2152 2454 2154 2456 v

458 2490 495 2517 3⁰
512 2491 695 2534 Postera
717 2497 866 2534 autem
893 2491 983 2546 die,
1011 2491 1162 2533 volens
1185 2491 1296 2533 scire
1323 2490 1397 2533 dili
1405 2490 1524 2546 genti
1534 2504 1582 2532 us
1609 2504 1695 2545 qua
1717 2503 1772 2532 ex
1795 2503 1928 2531 causa
1949 2488 2233 2531 accusaretur

398 2566 424 2593 a
446 2550 632 2607 Judaeis,
655 2550 791 2593 solvit
812 2565 940 2605 eum3
970 2555 1013 2593 et
1037 2550 1170 2606 jussit
1199 2550 1449 2592 sacerdotes
1473 2549 1721 2604 convenire,
1754 2553 1796 2590 et
1822 2561 1952 2590 omne
1978 2546 2230 2603 concilium,

402 2615 446 2652 et
471 2610 716 2667 producens
742 2610 953 2665 Paulum,
977 2609 1134 2652 statuit
1157 2609 1272 2661 inter
1297 2608 1408 2651 illos.
1506 2663 1510 2667 ⁵

459 2669 566 2712 CAP.
597 2669 777 2712 XXIII.
810 2697 862 2701 —
900 2669 1186 2712 ¹lntendens
1223 2674 1373 2711 autem
1407 2668 1452 2710 in
1490 2667 1750 2723 concilium,
1786 2667 1951 2709 Paulus
1988 2666 2053 2709 ait
2092 2683 2101 2710 ε
2140 2665 2232 2709 Viri

399 2729 582 2784 fratres,
617 2743 699 2784 ego
730 2729 850 2771 omni
884 2728 1157 2771 conscientia
1186 2728 1302 2770 bona
1331 2732 1615 2770 conversatus
1648 2740 1748 2769 611111
1782 2731 1887 2769 ante
1918 2727 2064 2769 Deum
2098 2738 2233 2780 usque

399 2789 443 2830 in
481 2788 743 2831 hodiernum
786 2788 917 2831 diem.
959 2787 976 2812 2
1010 2787 1221 2843 Princeps
1262 2794 1411 2829 autem
1453 2785 1734 2829 sacerdotum
1776 2781 1978 2828 Ananias
2020 2784 2232 2841 praecepit

400 2847 648 2890 astantibus
681 2847 765 2890 sibi
792 2852 1021 2904 percutere
1048 2861 1093 2890 os
1121 2847 1228 2902 ejus.
1258 2846 1275 2872 3
1300 2847 1424 2888 Tunc
1449 2845 1611 2888 Paulus
1635 2845 1749 2887 dixit
1770 2844 1826 2887 ad
1852 2859 1953 2888 eum
1978 2861 1986 2887 :
2009 2843 2231 2887 Percutiet

401 2913 444 2950 te
471 2908 611 2962 Deus,
638 2906 781 2963 paries
808 2907 1028 2949 dealbate.
1061 2907 1118 2948 Et
1146 2913 1194 2948 tu
1219 2905 1378 2948 sedens
1407 2905 1582 2961 judicas
1616 2918 1686 2947 1116
1718 2904 1964 2947 secundum
1989 2903 2154 2958 legem,
2191 2909 2231 2944 et

401 2971 555 3009 contra
585 2966 730 3022 legem
760 2966 889 3022 jubes
918 2981 988 3009 me
1017 2965 1222 3022 percuti‘.>
1253 2965 1270 2990 4
1299 2965 1356 3006 Et
1385 2965 1458 3020 qui
1489 2963 1697 3006 astabant
1728 2963 1935 3006 dixerunt
1967 2979 1976 3006 :
2002 2962 2232 3006 Summum

401 3025 675 3068 sacerdotem
707 3026 789 3068 Dei
819 3025 1083 3069 maledicis?
1110 3025 1127 3051 5
1147 3024 1273 3067 Dixit
1305 3030 1455 3066 autem
1491 3023 1654 3065 Paulus
1689 3039 1697 3066 :
1725 3022 2012 3076 Nesciebam,
2046 3020 2230 3077 fratres,

402 3083 504 3140 quia
530 3085 735 3141 princeps
761 3090 827 3128 est
849 3084 1143 3127 sacerdotum.
1171 3084 1394 3139 Scriptum
1428 3088 1495 3126 e³t
1528 3082 1646 3125 enim
1675 3099 1683 3125 :
1711 3081 1965 3138 Principem
1990 3078 2141 3136 populi
2168 3081 2231 3124 tui

402 3158 489 3186 non
512 3143 764 3187 maledices.

460 3203 478 3229 ⁶
501 3203 654 3246 Sciens
687 3208 837 3246 autem
868 3203 1031 3247 Paulus
1065 3203 1168 3259 quia
1201 3217 1289 3246 una
1322 3218 1421 3260 pars
1456 3207 1572 3246 esset
1608 3202 1964 3254 sadducaeorum,
2007 3203 2051 3241 et
2091 3199 2232 3242 altera

402 3262 739 3318 pharisaeorum,
767 3262 1039 3306 exclamavit
1070 3263 1115 3304 in
1143 3263 1329 3305 concilio
1359 3279 1367 3306 :
1399 3262 1490 3304 Viri
1523 3262 1707 3316 fratres,
1735 3275 1818 3317 ego
1843 3258 2086 3316 pharisaeus
2110 3272 2230 3308 sum,

403 3322 517 3364 tilius
539 3322 883 3378 pharisaeorum,
913 3321 967 3364 de
996 3336 1072 3378 spe
1099 3327 1143 3364 et
1168 3321 1483 3365 resurrectione
1516 3326 1787 3364 mortuorum
1812 3332 1894 3374 ego
1919 3316 2107 3373 judicor.
2136 3316 2150 3342 ⁷
2173 3318 2232 3360 Et.

404 3395 503 3422 611111
535 3382 631 3423 haec
662 3380 865 3435 dixisset,
893 3381 1017 3424 facta
1043 3386 1109 3424 est
1142 3381 1355 3424 dissensio
1385 3381 1498 3424 inter
1530 3380 1770 3437 pharisaeos
1795 3383 1840 3421 et
1868 3376 2157 3430 sadducaeos3
2186 3382 2231 3419 et-

403 3439 545 3482 soluta
568 3441 641 3483 'est
673 3439 925 3483 multitudo.
959 3441 976 3466 δ’
1003 3439 1237 3483 Sadducaei
1263 3440 1382 3483 euim
1415 3439 1568 3482 dicunt
1596 3452 1683 3482 non
1717 3451 1810 3480 6666
1843 3435 2227 3491 resurrectionem,

405 3599 450 3630 19]
480 3598 556 3631 sup.
581 3599 687 3633 v111,
718 3602 744 3627 3.
776 3613 811 3617 --
835 3598 882 3631 20]
910 3598 987 3630 6111».
1015 3598 1101 3633 vil,
1124 3601 1168 3627 58.
1191 3611 1226 3616 —
1251 3598 1281 3630 5]
1308 3597 1368 3624 Ex.
1396 3597 1516 3631 xxn,
1541 3599 1585 3624 2¹8.
1611 3611 1645 3615 -
1669 3596 1698 3629 ο]
1722 3593 1806 3623 Phil.
1841 3595 1911 3629 111,
1939 3598 1965 3622 5.
1993 3609 2026 3613 --
2050 3594 2080 3627 s]
2106 3591 2229 3622 matth.

404 3642 576 3676 xxli,23.
