2423 3861
168 703 265 736 eique
277 709 410 735 prospe-

223 746 361 775 ritatem

182 791 396 824 promittens.

211 1398 354 1427 Titulus.

192 1468 371 1498 Introitus.

230 1571 344 1598 Sermo

181 1614 241 1643 Dei
259 1615 391 1648 judicos

218 1659 353 1692 iniquos

190 1704 379 1738 arguentis.

182 2360 370 2390 Conclusio.

202 2705 345 2735 Titulus.

168 2777 380 2807 Imminentis

203 2821 343 2853 periculi

176 2865 370 2899 descriptio·

483 100 568 145 608
983 101 1057 144 rs.
1091 101 1282 156 LXXX,
1320 102 1368 144 11
1405 127 1464 135 -
1497 103 1741 158 LXXXII,
1776 103 1815 147 8.

661 272 692 298 ’11
714 274 809 328 Ego
835 272 953 315 enim
978 286 1076 315 sum
1104 272 1320 316 Dominus
1347 275 1466 317 Deus
1492 280 1611 331 tuus,

777 331 849 386 qui
877 331 1008 373 eduxi
1036 336 1078 373 te
1100 331 1155 374 de
1180 336 1295 374 terra
1319 333 1524 390 AEgypti.

777 390 928 433 Dilata
951 403 997 432 os
1019 398 1165 446 tuum,
1190 395 1233 433 et
1255 391 1452 448 implebo
1474 392 1599 435 illud.

658 448 693 474 ‘¹2
711 449 769 491 Et
794 464 881 492 non
907 449 1082 491 audivit
1106 450 1294 506 populus
1319 465 1442 495 meus
1468 465 1624 494 vocem
1649 466 1817 507 meam,

774 514 817 551 et
842 508 981 551 Israel
1006 523 1095 551 non
1119 508 1313 553 intendit
1338 511 1462 554 mihi.

657 566 694 593 ‘¹3
710 568 767 610 Et
790 567 937 610 dimisi
965 582 1037 611 eos
1059 568 1304 612 secundum
1328 569 1546 613 desideria
1572 570 1716 613 cordis
1738 585 1911 626 eorum3

771 626 901 669 ibunt
925 627 971 669 in
993 627 1385 672 adinventionibus
1408 629 1510 672 suis.

655 684 689 710 '²4
709 685 752 729 Si
775 686 963 743 populus
989 701 1113 730 meus
1137 687 1333 731 audisset
1359 703 1450 743 me,

774 746 914 789 Israel
939 746 976 789 si
1001 747 1047 788 in
1070 747 1154 790 viis
1180 747 1290 790 meis
1312 748 1606 803 ambulasset,

655 803 690 829 ¹5
707 818 782 860 pro
810 805 949 848 nihilo
970 806 1161 849 forsitan
1186 806 1390 850 inimicos
1417 821 1567 850 eorum
1593 808 1917 865 humiliassem,

770 868 814 907 et
835 879 965 921 super
985 865 1251 909 tribulantes
1277 881 1350 909 eos
1378 867 1598 909 misissem
1624 880 1807 910 manum
1830 881 1988 912 meam.

653 921 688 948 ¹⁶
706 923 884 967 Inimici
908 924 1089 967 Domini
1112 925 1288 967 mentiti
1314 931 1418 968 sunt
1441 926 1501 981 ei,

769 988 812 1025 et
835 983 915 1026 erit
941 989 1114 1040 tempus
1141 998 1292 1026 eorum
1316 984 1362 1026 in
1390 986 1566 1029 saecula.

651 1040 684 1066 ⁴¹7
704 1041 763 1084 Et
785 1042 953 1085 cibavit
974 1057 1046 1085 eos
1069 1057 1122 1086 ex
1148 1043 1280 1099 adipe
1304 1043 1542 1100 frumenti,

768 1107 811 1144 et
837 1101 890 1144 de
912 1106 1035 1158 petra
1059 1101 1191 1144 melle
1217 1102 1436 1146 saturavit
1461 1117 1547 1147 eos.

1167 1219 1384 1262 PSALMUS
1418 1219 1615 1262 LXXXI

1079 1313 1239 1358 Contra
1257 1314 1436 1370 judices
1470 1314 1701 1370 improbo-3.

530 1377 543 1403 1
562 1377 766 1421 Psalmus
794 1380 958 1436 Asaph.

708 1454 828 1496 Deus
854 1454 977 1497 stetit
1001 1454 1047 1497 in
1073 1470 1306 1511 synagoga
1327 1455 1532 1510 deorum3

765 1513 811 1555 in
837 1513 982 1557 medio
1008 1520 1157 1557 autem
1182 1514 1286 1558 deos
1312 1514 1547 1571 dijudicat.

665 1571 682 1596 ²
702 1572 939 1628 'Usquequo
964 1573 1179 1629 judicatis
1200 1573 1505 1629 iniquitatem,

765 1638 807 1674 et
828 1632 969 1675 facies
995 1638 1279 1689 peccatorum
1304 1632 1508 1676 sumitis?

666 1690 683 1716 3
700 1691 909 1734 Judicate
932 1706 1072 1747 egeno
1094 1697 1137 1735 et
1162 1692 1331 1748 pupillo
1349 1709 1358 1747 ;

765 1751 980 1794 humilem
1008 1757 1050 1794 et
1071 1765 1311 1808 pauperem
1334 1752 1589 1807 justificate.

667 1809 683 1834 ‘²
704 1809 871 1866 Eripite
893 1825 1152 1867 pauperem,

763 1874 806 1912 et
829 1884 1018 1925 egenum
1041 1870 1094 1912 de
1121 1885 1255 1913 manu
1282 1871 1528 1926 peccatoris
1554 1870 1754 1914 liberate.

663 1927 680 1953 ³
699 1928 982 1984 Nescierunt,
1010 1943 1150 1985 neque
1175 1929 1517 1986 intellexerunt3

759 1987 806 2030 in
832 1988 1025 2031 tenebris
1051 1988 1310 2044 ambulant;

761 2047 1059 2090 movebuntur
1085 2048 1233 2091 omnia
1259 2047 1557 2091 fundamenta
1583 2054 1724 2092 terrae.

661 2106 678 2132 ⁶
696 2108 789 2163 Ego
817 2107 909 2150 dixi
933 2124 940 2151 :
965 2107 1038 2150 Dii
1062 2107 1187 2164 estis,

761 2172 804 2210 et
829 2166 909 2209 filii
937 2167 1115 2210 Excelsi
1142 2181 1307 2210 omnes.

663 2224 677 2251 7
698 2226 787 2269 Vos
813 2231 963 2269 autem
989 2226 1103 2269 sicut
1128 2226 1330 2270 homines
1353 2227 1624 2281 moriemini,

759 2291 801 2329 et
827 2285 941 2328 sicut
966 2301 1079 2328 unus
1102 2286 1156 2329 de
1181 2285 1457 2344 principibus
1480 2287 1662 2330 cadetis.

659 2344 676 2371 8
694 2345 852 2401 Surge,
882 2347 1020 2401 Deus,
1048 2345 1201 2402 judica
1227 2351 1409 2402 terram,

759 2404 968 2460 quoniam
991 2410 1039 2448 tu
1065 2405 1337 2448 hereditabis
1359 2405 1406 2448 in
1434 2406 1638 2449 omnibus
1663 2406 1883 2461 gentibus.

1143 2515 1359 2557 PsALMUS
1393 2514 1615 2557 LXXXII

1088 2602 1250 2648 Contra
1293 2603 1432 2646 hostes
1475 2603 1674 2646 Israelis.

524 2688 532 2714 ¹
554 2689 788 2734 Canticum
814 2690 981 2734 Psalmi
1008 2690 1176 2747 Asaph.

659 2762 676 2788 ‘¹'
696 2765 836 2820 Deus,
864 2764 960 2821 quis
986 2764 1143 2807 similis
1170 2764 1253 2807 erit
1279 2764 1398 2807 tibi?

754 2824 823 2867 Ne
848 2830 1017 2880 taceas,
1042 2839 1183 2879 neque
1206 2824 1521 2880 compescaris,
1551 2826 1690 2868 Deus:

656 2882 674 2908 3
691 2883 901 2938 quoniam
924 2897 1025 2926 ecce
1050 2882 1221 2926 inimici
1249 2883 1311 2925 tui
1337 2890 1600 2939 sonuerunt,

753 2947 797 2985 et
819 2943 894 2999 qui
916 2942 1103 2986 oderunt
1128 2948 1171 2986 te
1197 2942 1454 2985 extulerunt
1480 2950 1625 3000 caput.

655 2999 672 3026 4
692 3002 828 3058 Super
853 3002 1066 3059 populum
1088 3007 1214 3045 tuum
1241 3001 1602 3057 malignaverunt
1627 3002 1880 3059 consilium,

753 3066 797 3104 et
823 3062 1132 3117 cogitaverunt
1153 3061 1366 3104 adversus
1390 3067 1567 3105 sanctos
1589 3067 1701 3105 tuos.

655 3118 672 3145 5
691 3119 910 3162 Dixerunt
933 3137 941 3164 :
966 3121 1147 3177 Venite,
1173 3126 1218 3164 et
1243 3120 1549 3176 disperdamus
1572 3134 1648 3164 >eos
1675 3120 1728 3164 de
1753 3126 1906 3177 gente,

753 3185 795 3221 et
820 3194 907 3222 non
930 3186 1196 3223 memoretur
1222 3194 1383 3224 nomen
1408 3180 1548 3223 Israel
1572 3179 1700 3222 ultra.

654 3237 671 3263 6
689 3237 905 3287 Quoniam
932 3239 1241 3294 cogitaverunt
1267 3239 1550 3295 unanimiter,

753 3297 884 3339 simul
907 3297 1142 3341 adversum
1166 3304 1209 3342 te
1235 3303 1555 3343 testamentum
1581 3298 1890 3355 disposuerunt
1912 3315 1922 3343 z

654 3355 669 3381 7
689 3355 975 3399 tabernacula
1003 3358 1304 3401 Idumaeorum
1331 3362 1373 3401 et
1400 3357 1693 3413 Ismahelitae,

752 3415 885 3458 Moab
913 3422 955 3458 et
980 3417 1199 3473 Agareni,

653 3474 670 3501 8
689 3474 830 3519 Gebal
856 3479 900 3518 et
923 3476 1137 3532 Ammon,
1166 3482 1209 3519 et
1233 3477 1445 3532 Amalec;

460 3620 506 3653 13]
525 3621 598 3647 Act.
617 3619 709 3654 XIV,
726 3623 769 3649 15.
787 3635 822 3640 —
840 3621 886 3654 14]
907 3620 979 3648 Bar.
1000 3620 1065 3655 111,
1084 3623 1126 3648 13.
1145 3635 1179 3640 -
1197 3623 1230 3648 81
1247 3641 1253 3655 ,
1268 3621 1296 3655 4]
1317 3620 1414 3649 I‘rov.
1435 3621 1560 3656 XXIV,
1579 3623 1621 3649 11.
1640 3635 1675 3641 --
1692 3623 1721 3656 6]
1739 3623 1836 3652 Jonn.
1854 3623 1896 3658 X,
1911 3623 1958 3652 34.
