2423 3861
114 224 353 231 ————

559 114 632 157 ΡΞ.
667 113 943 167 XXXVIII,
979 114 1027 156 11
1063 138 1122 146 —
1155 113 1378 167 XXXIX,
1416 117 1481 162 15.

346 284 378 311 11
397 298 553 327 amove
578 297 604 325 a
626 297 695 325 me
717 282 873 339 plagas
894 287 1007 325 tuas.

286 342 323 372 ¹2
340 345 382 387 A
406 341 669 386 fortitudine
695 356 851 384 manus
877 346 964 384 tuae
988 356 1070 397 ego
1096 341 1242 385 defeci
1267 341 1313 384 in
1339 340 1739 397 increpationibus3

345 463 403 504 Et
427 461 651 504 tabescere
676 459 825 502 fecisti
848 459 964 502 sicut
987 474 1195 502 araneam
1217 459 1413 502 animam
1443 459 1538 515 ejus
1558 474 1566 502 :

404 407 578 459 propter
601 399 884 455 iniquitatem
907 400 1154 457 corripuisti
1176 401 1414 444 hominem.

403 524 708 563 verumtamen
734 532 847 560 vane
873 518 1162 561 conturbatur
1187 519 1329 560 omnis
1352 518 1496 560 homo.

1847 112 1934 156 575

306 579 339 606 ¹3
358 578 534 622 Exaudi
555 577 799 621 orationem
822 591 987 631 meam,
1016 577 1229 633 Domine,
1257 582 1300 620 et
1326 576 1683 633 deprecationem
1709 589 1876 633 meam3

404 637 582 680 auribus
605 635 780 693 percipe
805 635 1025 691 lacrymas
1051 650 1184 678 meas.

349 698 415 740 Ne
437 697 588 751 sileas,
615 694 825 751 quoniam
849 694 1024 737 advena
1049 708 1131 750 ego
1153 708 1250 736 sum
1275 694 1394 750 apud
1419 699 1481 751 te,

406 762 450 799 et
471 754 725 812 peregrinus
751 753 866 796 sicut
892 767 1043 796 omnes
1066 759 1211 810 patres
1234 753 1335 796 mei.

289 815 324 842 ¹⁴
343 815 536 859 Remitte
561 813 692 868 mihi,
720 818 768 855 ut
791 811 1030 867 refrigerer

108 1069 205 1114 Deo
223 1069 438 1123 confidens
454 1068 508 1111 ob
516 1068 677 1126 priora
697 1067 900 1123 beneficia
909 1100 922 1121 ‚
945 1081 976 1109 a
992 1067 1131 1123 poem’s
1150 1073 1189 1109 et
1209 1066 1401 1109 inimicis
1420 1065 1718 1110 liberationem
1734 1057 1957 1124 postulat.⁸

407 873 662 931 priusquam
688 871 846 915 abeam
869 876 912 914 ct
937 870 1129 927 amplius
1156 885 1243 914 non
1269 885 1354 919 ero.

799 980 1014 1022 PsALMus
1052 979 1255 1021 XXXIX

172 1156 257 1199 ¹In
283 1156 437 1211 finem,
466 1155 670 1198 Psalmus
691 1154 776 1210 ipsi
804 1153 964 1196 David.

306 1229 323 1255 ‘²
342 1231 617 1287 Expectans,
645 1227 879 1286 expectavi
903 1228 1166 1284 Dominum,

408 1294 450 1332 et
474 1288 670 1332 intendit
695 1287 818 1331 mihi.

308 1348 326 1376 3
343 1350 401 1392 Et
423 1347 655 1391 exaudivit
679 1361 830 1403 preces
852 1361 994 1402 meas,

408 1413 451 1450 et
476 1406 633 1450 eduxit
657 1420 727 1449 me
752 1405 807 1448 de
831 1405 932 1447 lacu
957 1404 1147 1448 miseriae
1173 1410 1217 1448 et
1239 1405 1292 1449 de
1318 1406 1411 1450 luto
1432 1406 1576 1450 faecis.

349 1468 407 1510 Et
427 1465 586 1508 statuit
605 1479 735 1521 super
756 1469 928 1520 petram
951 1463 1086 1520 pedes
1108 1477 1249 1519 meos,

408 1529 453 1567 et
477 1523 641 1566 direxit
662 1536 838 1579 gressus
860 1536 994 1565 meos.

307 1583 326 1612 ⁴
343 1585 400 1627 Et
425 1582 614 1626 immisit
633 1581 682 1624 in
706 1596 753 1625 os
775 1596 923 1625 meum
945 1581 1170 1624 canticum
1195 1596 1378 1638 novum,

407 1656 585 1686 carmen
611 1642 707 1684 Deo
731 1645 894 1685 nostro.

347 1701 579 1745 Videbunt
604 1700 756 1755 multi,
780 1704 825 1743 et
849 1700 1094 1757 timebunt,

408 1766 452 1804 et
472 1760 714 1817 sperabunt
737 1760 785 1802 in
810 1760 1015 1803 Domino.

308 1820 326 1848 ⁵
344 1822 509 1865 Beatus
535 1819 602 1862 vir
627 1819 757 1875 cujus
780 1824 848 1862 est
868 1833 1030 1862 nomen
1056 1819 1239 1863 Domini
1261 1833 1359 1875 spes
1382 1820 1498 1875 ejus,

408 1885 451 1923 et
476 1893 565 1922 non
589 1879 784 1935 respexit
808 1878 855 1920 in
879 1879 1102 1922 vanitates
1125 1884 1168 1922 et
1191 1878 1389 1921 insanias
1414 1878 1570 1923 falsas.

310 1938 487 1982 “Multa
512 1938 662 1982 fecisti
688 1943 756 1993 tu,
785 1937 975 1981 Domine
1001 1939 1122 1981 Deus
1143 1952 1288 1993 meus,
1315 1937 1539 1980 mirabilia
1564 1943 1665 1996 tua3

409 2003 453 2041 et
475 1997 820 2053 cogitationibus
845 1997 932 2039 tuis
955 2011 1043 2040 non
1069 2003 1136 2040 est
1156 1996 1231 2053 qui
1255 1996 1414 2039 similis
1438 1997 1497 2039 sit
1521 1996 1618 2041 tibi.

349 2056 629 2100 Annuntiavi
651 2061 695 2100 et
716 2056 888 2099 locutus
913 2071 1032 2112 sum,

408 2115 694 2172 multiplicati
719 2121 821 2159 sunt
845 2130 975 2173 super
998 2130 1245 2159 numerum.

309 2175 325 2203 ⁷
346 2175 620 2220 Sacrificium
645 2179 688 2218 et
714 2175 986 2218 oblationem
1010 2174 1216 2231 noluisti;

410 2248 535 2277 aures
561 2238 712 2277 autem
732 2233 960 2290 perfecisti
985 2234 1109 2279 mihi.

353 2293 679 2337 Holocaustum
703 2298 747 2335 et
771 2307 848 2349 pro
870 2299 1054 2360 peccato
1078 2308 1166 2337 non
1192 2294 1450 2352 postulasti3

371 2353 388 2380 8
405 2359 511 2396 tunc
537 2352 631 2395 dixi
652 2369 660 2397 :
688 2354 804 2395 Ecce
827 2366 970 2395 venlo.

353 2412 408 2456 In
434 2412 580 2469 capite
605 2412 706 2455 libri
729 2411 945 2468 scriptum
965 2417 1033 2455 est
1054 2412 1108 2455 de
1130 2427 1218 2470 me,

408 2477 454 2514 ut
474 2472 674 2515 facerem
700 2471 978 2521 voluntatem
998 2475 1136 2516 tuam.

354 2532 472 2575 Deus
499 2545 643 2587 meus,
666 2530 808 2586 volui,

295 2649 333 2677 10
349 2649 628 2693 Annuntiavi
649 2649 870 2706 justitiam
894 2654 1018 2691 tuam
1042 2649 1089 2691 in
1112 2650 1299 2693 ecclesia
1321 2665 1504 2708 magna,
1690 2689 1702 2696 ..

414 2723 516 2752 ecce
541 2709 662 2752 labia
687 2723 784 2751 mea
811 2723 898 2750 non
921 2709 1186 2764 prohibeb03
1216 2709 1427 2765 Domine,
1453 2715 1503 2753 tu
1528 2710 1664 2754 scisti.

412 2596 457 2633 et
481 2590 626 2646 legem
651 2596 774 2633 tuam
798 2590 845 2632 in
872 2590 1017 2633 medio
1042 2591 1186 2634 cordis
1211 2591 1312 2635 mei.

296 2768 330 2795 11
349 2768 582 2812 Justitiam
607 2774 732 2811 tuam
753 2782 840 2810 non
865 2767 1078 2810 abscondi
1102 2768 1150 2810 in
1175 2768 1305 2812 corde
1327 2783 1449 2825 me03

413 2827 646 2871 veritatem
669 2833 792 2870 tuam
814 2832 857 2870 et
881 2826 1074 2870 salutare
1099 2833 1223 2870 tuum
1245 2828 1363 2883 dixi;

1792 2829 1944 2874 multo.

414 2901 503 2929 non
524 2887 739 2930 abscondi
761 2886 1109 2929 misericordiam
1123 2892 1246 2930 tuam
1264 2892 1307 2931 et
1327 2888 1562 2932 veritatem
1575 2893 1700 2932 tuam
1713 2903 1739 2932 a
1758 2831 1946 2932 c[oncilio

295 2945 334 2973 ¹2
350 2947 417 2989 Tu
441 2951 610 3002 autem,
639 2946 852 3001 Domine,
879 2960 933 2988 ne
955 2945 1086 3001 longe
1106 2946 1251 2989 facias
1276 2947 1581 2991 miserationes
1603 2954 1700 2991 tuas
1725 2963 1751 2990 a
1774 2962 1868 3004 me,

416 3005 716 3049 misericordia
738 3011 814 3047 tua
836 3011 879 3048 et
901 3004 1063 3048 veritas
1085 3010 1160 3048 tua
1182 3020 1354 3063 semper
1379 3013 1666 3064 susceperunt
1691 3022 1774 3050 me.

298 3064 334 3091 13
351 3065 568 3115 Quoniam
587 3064 975 3108 circumdederunt
993 3079 1063 3108 me
1082 3065 1199 3108 mala
1214 3080 1397 3121 quorum
1415 3081 1504 3110 non
1521 3071 1588 3110 est
1609 3082 1816 3110 numerus
1833 3085 1842 3122 3

416 3124 844 3181 comprehenderunt
862 3138 931 3167 me
948 3123 1205 3179 iniquitates
1224 3140 1349 3181 meae,
1365 3132 1409 3169 et
1426 3141 1514 3169 non
1531 3126 1654 3183 potui
1673 3131 1721 3169 ut
1734 3125 1944 3170 viderem.

357 3183 669 3240 Multiplicatae
695 3189 797 3226 sunt
822 3198 952 3239 super
973 3183 1157 3240 capillos
1180 3184 1337 3241 capitis
1364 3185 1472 3236 mei,

413 3247 458 3286 et
482 3257 556 3286 cor
577 3258 725 3286 meum
750 3242 983 3297 dereliquit
1008 3257 1092 3286 me.

297 3300 334 3328 ¹4
350 3302 638 3358 Complaceat
662 3302 765 3358 tibi,
794 3301 1002 3357 Domine,
1032 3307 1082 3344 ut
1106 3317 1232 3345 eruas
1256 3318 1352 3359 me;

414 3361 624 3417 Domine,
649 3361 706 3404 ad
731 3360 1040 3417 adjuvandum
1065 3375 1135 3404 me
1159 3362 1341 3419 respice.

297 3419 334 3446 ¹⁵
351 3419 692 3463 Confundantur
714 3426 758 3464 et
778 3425 1060 3463 revereantur
1083 3421 1236 3477 simul,

415 3478 489 3535 qui
511 3485 713 3535 quaerunt
734 3479 930 3522 animam
953 3493 1118 3536 meam,
1145 3486 1194 3523 ut
1218 3481 1427 3525 auferant
1453 3497 1565 3527 eam.

125 3621 153 3657 Π
168 3620 271 3654 Hebr.
287 3624 331 3660 x,
345 3628 372 3654 5.
390 3639 427 3645 -
443 3625 492 3660 14]
510 3624 564 3655 Ps.
581 3625 705 3662 Lx1x‚
726 3631 752 3657 2.
769 3642 805 3648 —
824 3629 871 3661 15]
889 3629 939 3656 ps.
966 3630 1125 3664 xxxw,
1139 3631 1166 3658 4.

2029 586 2218 617 consensio.

2054 1161 2199 1189 Titulus.

2026 1233 2107 1261 Pars
2128 1232 2229 1268 prior,

2007 1276 2246 1306 eucharistica·

2082 1323 2170 1350 Laus

2034 1372 2092 1399 per
2109 1367 2220 1394 verba.

2082 1955 2172 1984 Laus

2008 2006 2067 2032 pei·
2094 1997 2251 2028 obedien-

2083 2042 2175 2071 tiam.

2011 2959 2091 2987 Pars
2127 2959 2234 2988 altera
2246 2980 2253 2994 ,

2010 3002 2251 3036 deprecatoria.

2048 3047 2217 3076 Remissio

2022 3093 2237 3124 peccatorum

2030 3424 2066 3451 et
2080 3422 2238 3450 liberatio

2030 3467 2073 3494 ab
2090 3464 2238 3494 inimicis

2030 3509 2235 3543 postulatur.
