2423 3861
662 152 812 194 neom.
846 148 1023 202 XXXI,
1058 148 1112 190 28
1145 173 1203 178 -
1235 146 1438 200 XXXII,
1476 146 1539 189 15.

189 257 329 267 ..b—...-

370 321 406 348 28
430 319 721 378 Splendidum
742 319 789 362 in
813 318 1001 375 panibus
1026 317 1292 361 benedicent
1317 315 1437 358 labia
1463 314 1722 367 multorum,

489 385 531 423 et
556 377 861 422 testimonium
887 376 1087 420 veritatis
1111 376 1232 418 illius
1255 374 1395 418 fidele.

371 439 408 465 ‘²⁰
430 437 711 494 Nequissimo
733 437 778 479 in
804 451 916 494 pane
942 434 1234 478 murmurabit
1256 433 1432 489 civitas,

487 503 531 540 et
555 496 859 540 testimonium
885 494 1093 550 nequitiae
1119 493 1238 535 illius
1260 507 1412 535 verum
1438 497 1516 535 est.

372 556 408 582 ³⁰
432 556 682 612 Diligentes
709 555 754 597 iu
777 555 880 597 vino
904 553 994 597 noli
1020 566 1284 609 provocare3

491 615 653 657 multos
676 613 792 657 enim
816 611 1131 656 exterminavit
1156 609 1322 653 vinum.

371 674 403 700 3¹
430 674 555 729 Ignis
578 673 735 730 probat
756 672 923 715 ferrum
951 670 1109 712 durum
1130 686 1138 723 ;

1931 139 2013 184 769

489 732 552 775 sic
577 746 731 774 Vinum
757 729 889 773 corda
915 728 1204 785 superborum
1230 732 1385 782 arguet
1406 726 1452 768 in
1475 725 1689 768 ebrietate
1715 730 1928 782 potatum.

371 791 407 818 3⁸2
429 792 577 846 AEqua
603 790 695 832 vita
718 787 972 831 hominibus
998 787 1152 829 vinum
1178 785 1224 828 in
1249 785 1514 837 sobrietate;

488 850 523 892 si
550 849 678 892 bibas
703 847 814 890 illud
839 846 1086 898 moderate,
1116 845 1198 888 eris
1221 844 1404 887 sobrius.

372 909 409 936 33
429 909 536 959 Quae
563 908 655 950 vita
682 912 748 950 est
773 906 811 950 ei
839 905 913 961 qui
940 905 1155 947 minuitur
1176 903 1315 947 vino?

429 967 464 994 3¹
487 967 601 1017 Quid
625 965 864 1009 defraudat
890 964 1068 1008 vitam?
1095 964 1227 1006 Mors.

371 1026 407 1053 35
431 1026 596 1069 Vinum
617 1025 663 1068 in
687 1024 1016 1082 jucunditatem
1044 1028 1242 1066 creatum
1268 1027 1353 1079 est,

489 1090 531 1128 et
556 1099 644 1128 non
670 1084 716 1127 in
739 1083 1020 1135 ebrietatem,
1048 1081 1104 1124 ab
1129 1081 1272 1125 initio.

371 1144 409 1171 3⁶
430 1144 660 1188 Exultatio
687 1143 850 1195 animae
876 1147 920 1185 et
943 1141 1085 1184 cordis
1112 1141 1264 1183 vinum
1293 1140 1518 1184 moderate
1544 1145 1759 1197 potatum.

432 1203 466 1230 3⁷
488 1203 666 1247 Sanitas
692 1208 758 1246 est
782 1201 944 1244 animae
971 1206 1014 1244 et
1041 1200 1211 1257 corpori
1236 1199 1407 1242 sobrius
1432 1204 1575 1256 potus.

371 1263 408 1290 3⁸
430 1262 597 1306 Vinum
623 1262 813 1305 multum
839 1265 1041 1317 potatum
1066 1259 1382 1313 irritationem,

489 1327 532 1365 et
556 1322 688 1377 iram,
716 1326 759 1364 et
783 1320 933 1363 ruinas
960 1319 1122 1361 multas
1148 1318 1271 1362 facit.

371 1381 408 1408 3⁹
428 1380 695 1424 Amaritudo
720 1379 884 1422 animae

489 1440 642 1483 vinum
665 1439 855 1481 multum
881 1444 1096 1495 potatum.

371 1499 409 1526 4⁰
429 1498 670 1542 Ebrietatis
693 1498 975 1552 animositas,
998 1496 1293 1553 imprudentis
1320 1495 1526 1550 offensio,

489 1557 713 1600 minorans
740 1556 970 1612 virt-utem,
998 1561 1041 1600 et
1066 1555 1238 1600 faciens
1260 1554 1456 1597 vulnera.

372 1616 404 1643 4¹
431 1618 484 1660 In
508 1615 713 1660 convivio
739 1615 833 1658 vini
858 1629 945 1658 non
971 1629 1131 1670 arguas
1156 1613 1427 1670 proximum,

489 1681 532 1719 et
557 1689 644 1718 non
671 1674 889 1732 despicias
915 1689 1017 1718 eum
1041 1673 1088 1716 in
1108 1671 1390 1730 jucunditate
1411 1671 1544 1714 illius.

371 1734 408 1761 42
429 1734 577 1778 Verba
602 1734 859 1791 improperii
883 1748 971 1777 non
997 1733 1118 1776 dicas
1141 1732 1228 1787 illi,

489 1799 532 1837 et
558 1808 645 1837 non
671 1807 844 1850 premas
868 1793 997 1836 illum
1023 1791 1277 1849 repetendo.

253 1853 360 1897 CAP.
387 1854 584 1896 XXXII.
609 1878 669 1885 -—
694 1852 706 1879 ¹
729 1854 961 1896 Rectorem
987 1857 1031 1895 te
1055 1855 1321 1908 posuerunt,
1343 1849 1434 1893 noli
1461 1849 1613 1892 extolli
1634 1868 1642 1903 3

490 1918 581 1956 esto
606 1912 651 1955 in
676 1912 766 1955 illis
789 1912 915 1968 quasi
940 1926 1053 1954 unus
1078 1925 1133 1954 ex
1158 1910 1279 1967 ipsis.

391 1970 408 1997 2
428 1972 591 2016 Curam
615 1971 792 2015 illorum
818 1971 951 2027 habe,
980 1976 1023 2013 et
1048 1970 1111 2013 sic
1137 1969 1336 2025 conside,

426 2041 429 2043 ·
490 2037 534 2074 et
555 2031 674 2074 omni
697 2046 800 2074 cura
823 2036 899 2073 tua
923 2029 1135 2086 explicita
1160 2029 1391 2072 recumbe:

391 2090 408 2116 3
428 2096 475 2134 ut
496 2090 659 2133 laeteris
685 2095 862 2147 propter
885 2090 1006 2143 illos,

491 2155 535 2193 et
559 2154 871 2192 ornamentum
893 2148 1048 2205 gratiae
1071 2148 1265 2205 accipias
1292 2162 1517 2203 coronam,

490 2214 533 2251 et
559 2208 863 2264 dignationem
890 2207 1170 2263 consequaris
1197 2206 1528 2263 corrogationis,

390 2267 408 2294 4
431 2269 648 2323 Loquere,
673 2269 816 2322 maJ'or
840 2272 976 2322 natu3

490 2327 619 2371 decet
644 2326 761 2370 enim
788 2331 831 2369 te
853 2326 870 2353 5
890 2327 1082 2383 primum
1103 2326 1300 2382 verbum,
1328 2325 1532 2382 diligenti
1555 2325 1762 2379 scientia,

493 2392 536 2429 et
562 2401 646 2429 non
672 2385 890 2442 impedias
916 2385 1147 2429 musicam.

391 2445 408 2472 ⁶
430 2446 519 2490 Ubi
543 2445 721 2488 auditus
743 2459 830 2487 non
854 2450 919 2488 est
944 2459 1032 2487 non
1054 2444 1261 2488 effundas
1288 2459 1554 2500 sermonem,

489 2511 532 2549 et
557 2505 810 2561 importune
836 2504 924 2547 noli
952 2503 1105 2547 extolli
1127 2503 1173 2545 in
1199 2503 1419 2559 sapientia
1445 2509 1534 2546 tua.

391 2563 406 2590 7
429 2564 667 2608 Gemmula
692 2563 952 2606 carbunculi
976 2563 1023 2605 in
1048 2567 1307 2606 ornamento
1334 2563 1450 2618 auri,

490 2629 533 2667 et
559 2622 830 2680 comparatio
858 2622 1126 2665 musicorum
1150 2623 1197 2665 in
1223 2621 1428 2665 convivio
1452 2622 1558 2664 vini.

392 2682 409 2709 8
431 2683 552 2726 Sicut
577 2682 623 2725 in
649 2681 947 2725 fabricatione
971 2681 1067 2724 auri
1091 2680 1270 2737 signum
1296 2685 1362 2723 est
1387 2679 1634 2736 smaragdi,

489 2742 552 2785 sic
576 2756 783 2785 numerus
809 2741 1080 2784 musicorum
1106 2740 1151 2783 in
1176 2739 1375 2796 jucundo
1401 2745 1443 2783 et
1466 2739 1693 2782 moderato
1719 2737 1835 2783 vino.

390 2801 408 2827 9
428 2801 547 2844 Audi
573 2808 745 2856 tacens,

490 2866 534 2903 et
559 2874 636 2917 pro
661 2861 908 2904 reverentia
930 2861 1114 2904 accedet
1139 2859 1220 2902 tibi
1246 2858 1363 2902 bona
1388 2857 1551 2914 gratia..

374 2919 410 2946 ¹⁰
431 2920 723 2974 Adolescens,
751 2919 927 2976 loquere
954 2921 997 2963 in
1024 2925 1100 2962 tua
1126 2932 1258 2962 causa
1281 2917 1370 2960 vix.

432 2978 462 3004 ¹¹
490 2979 532 3023 Si
557 2979 625 3021 bis
647 2979 946 3036 interrogatus
972 2978 1133 3034 fueris,

490 3038 654 3081 habeat
680 3044 813 3095 caput
835 3053 1092 3095 responsum
1118 3043 1258 3080 tuum.

372 3097 408 3123 ¹‘2
428 3098 482 3141 In
509 3097 660 3140 multis
683 3103 777 3141 esto
799 3098 924 3153 quasi
950 3097 1135 3152 inscius,

489 3161 533 3199 et
557 3156 662 3199 audi
685 3162 838 3200 tacens
862 3157 994 3200 simul
1018 3162 1060 3199 et
1085 3171 1296 3212 quaerens.

373 3215 409 3242 13
431 3217 484 3258 In
508 3215 654 3258 medio
681 3221 993 3272 magnatorum
1018 3230 1104 3258 non
1131 3230 1402 3271 praesumas;

490 3279 535 3317 et
559 3274 633 3316 ubi
659 3282 761 3317 sunt
786 3290 912 3318 senes
937 3290 1024 3318 non
1050 3275 1238 3317 multum
1264 3274 1467 3331 loquaris.

373 3332 407 3358 ¹⁴
428 3334 546 3376 Ante
572 3333 837 3389 grandinem
863 3334 1040 3391 praeibit
1063 3334 1308 3377 coruscatio
1329 3351 1337 3389 3

488 3398 531 3435 et
555 3397 660 3435 ante
685 3393 999 3436 verecundiam
1025 3392 1202 3449 praeibit
1226 3393 1391 3449 gratia,

488 3456 531 3494 et
555 3465 632 3507 pro
658 3452 904 3496 reverentia
926 3452 1107 3495 accedet
1129 3451 1212 3495 tibi
1236 3452 1352 3496 bona
1376 3453 1533 3507 gratia.

370 3512 406 3538 ¹⁵
428 3515 486 3557 Et
510 3514 618 3557 hora
644 3513 854 3570 surgendi
879 3527 967 3557 non
995 3519 1037 3556 te
1062 3513 1220 3569 trices;

197 3661 247 3694 30]
262 3660 510 3696 Judith,X111,
527 3665 551 3689 4.
569 3677 604 3681 —
617 3664 666 3696 35]
683 3664 736 3691 ΡΞ.
756 3663 846 3698 Οῐῐῐ,
864 3665 908 3691 15.
923 3677 958 3682 -—
979 3662 1028 3694 38]
1042 3661 1140 3688 Prov.
1158 3659 1284 3694 XXXI,
1301 3662 1327 3688 4.

1746 3716 1801 3760 49

2110 549 2198 579 Usus
2216 548 2295 580 vinL

2126 1864 2172 1892 De
2197 1865 2291 1892 recta

2149 1906 2270 1940 agendi

2116 1949 2247 1980 ratione
2264 1950 2296 1978 in

2120 1991 2297 2025 conviviis.
