2456 3861
845 130 964 173 Nun.
1000 131 1069 185 II,
1104 131 1131 172 4
1163 156 1222 163 ——
1254 131 1348 186 III,
1382 132 1420 173 7.
1956 131 2040 173 455

219 301 378 344 civitas
401 300 554 344 domus
575 299 874 356 sepulcrorum
896 299 1031 356 patris
1049 299 1135 342 mei
1158 299 1329 343 deserta
1352 306 1436 356 est,
1460 305 1503 344 et
1524 305 1661 357 portae
1682 300 1778 355 ejus
1801 300 2042 344 combusta}

219 365 322 402 sunt
342 359 471 415 igni?
495 359 512 386 ⁴
534 359 591 402 Et
614 358 678 401 ait
698 358 807 400 mihi
829 372 905 401 rex
935 375 944 402 :
970 358 1053 401 Pro
1076 371 1161 413 qua
1182 372 1227 401 re
1252 359 1480 415 postulas?
1514 360 1571 402 Et
1603 359 1724 402 oravi
1756 360 1898 402 Deum
1921 359 2041 415 caeli,

220 419 237 445 ⁵
258 424 301 462 et
323 419 415 461 dixi
437 418 493 462 ad
515 431 663 473 regem
694 433 702 461 :
727 417 772 460 Si
795 417 970 460 videtur
990 417 1083 471 regi
1108 417 1293 471 bonum,
1317 423 1360 460 et
1381 418 1416 460 si
1451 419 1596 475 placet
1628 431 1778 461 servus
1808 422 1908 460 tuus
1941 423 2043 461 ante

219 477 385 520 faciem
407 483 549 532 tuam,
572 481 620 518 ut
646 475 796 518 mittas
819 490 889 519 me
912 476 959 518 in
984 476 1012 518 J
1017 475 1211 531 udaeam,
1234 476 1290 518 ad
1314 476 1540 520 civitatem
1565 476 1755 534 sepulcri
1781 476 1917 533 patris
1943 477 2041 528 mei,

221 542 263 579 et
286 536 515 579 {edificabo
536 549 646 578 eam.
669 534 687 561 ⁶
708 534 922 589 Dixitque
946 534 1054 577 mihi
1077 549 1173 590 rex,
1200 539 1244 577 et
1260 535 1414 589 regina
1436 550 1533 591 quae
1555 536 1738 580 sedebat
1762 535 1890 591 juxta
1913 549 2012 577 eum
2035 552 2042 578 z

221 595 370 649 Usque
395 595 451 638 ad
473 593 588 650 quod
613 598 786 649 tempus
815 594 897 636 erit
925 593 1008 636 iter
1037 598 1182 648 tuum,
1216 599 1259 636 et
1288 595 1463 650 quando
1491 594 1753 638 reverteris?
1786 594 1845 637 Et
1876 593 2043 650 placuit

217 659 320 696 ante
342 654 514 696 vultum
542 651 678 707 regis,
709 657 753 695 et
785 652 906 695 misit
938 665 1019 695 me.
1051 652 1109 695 Et
1138 652 1347 695 constitui
1377 653 1415 696 ei
1445 659 1630 710 tempus.
1661 653 1676 680 ⁷
1700 653 1757 696 Et
1789 652 1882 696 dixi
1908 652 2000 708 regi
2035 669 2043 695 ε

217 712 261 755 Si
283 713 375 768 regi
398 712 573 755 videtur
597 711 782 767 bonum,
805 711 1014 768 epistolas
1036 711 1110 754 det
1132 711 1240 753 mihi
1265 711 1323 754 ad
1349 711 1482 755 duces
1507 713 1699 768 regionis
1724 718 1844 755 trans
1865 711 2042 766 flumen,

217 777 264 813 ut
287 771 521 814 traducant
544 784 612 813 me
635 769 773 813 donec
800 770 975 813 veniam
1003 770 1050 812 iu
1080 770 1107 812 J
1112 769 1312 824 udaeam3
1340 770 1357 797 8
1379 776 1421 814 et
1440 771 1671 827 epistolam
1693 772 1749 813 ad
1772 770 1946 828 Asaph‚
1971 784 2044 813 cu—

216 830 387 873 stodem
402 830 539 873 saltus
557 829 687 885 regis,
704 835 752 872 ut
770 829 845 872 det
866 828 975 871 mihi
994 829 1117 884 ligna
1138 834 1187 871 ut
1208 835 1355 885 tegere
1373 830 1537 886 possim
1555 835 1702 886 portas
1725 830 1855 872 turris
1874 829 2043 883 domus,

216 895 260 932 et
281 903 426 932 muros
452 888 666 944 civitatis,
698 894 742 931 et
770 888 951 931 domum
980 902 1112 944 quam
1140 888 1363 943 ingressus
1395 889 1535 932 fuero.
1570 889 1629 931 Et
1662 889 1784 931 dedit
1817 888 1924 930 mihi
1946 902 2043 943 rex,

215 948 343 1004 juxta
368 962 548 990 manum
575 947 657 990 Dei
680 946 766 990 mei
788 947 951 990 bonam
980 961 1167 991 mecum.
1197 947 1215 973 9
1239 947 1297 990 Et
1318 948 1419 991 veni
1448 947 1505 990 ad
1539 947 1672 991 duces
1704 947 1895 1002 regionis
1925 953 2045 989 trans

215 1006 399 1062 flumen,
427 1006 617 1062 dedique
638 1006 699 1049 eis
733 1006 944 1063 epistolas
972 1006 1103 1062 regis.
1131 1006 1314 1050 Miserat
1343 1011 1492 1050 autem
1521 1020 1597 1050 rex
1625 1020 1800 1050 mecum
1826 1006 2045 1062 principes

215 1066 408 1108 militum
433 1071 477 1108 et
501 1065 683 1121 equites.
708 1064 744 1091 ¹⁰
765 1065 823 1107 Et
843 1064 1080 1108 audierunt
1101 1065 1361 1109 Sanaballat
1392 1065 1652 1120 Horonites,
1676 1071 1720 1109 et
1748 1065 1931 1119 Tobias,
1958 1078 2045 1106 ser-

214 1139 294 1168 vus
313 1124 612 1180 Ammanites,
635 1129 679 1167 et
701 1124 949 1167 contristati
971 1129 1076 1167 sunt
1099 1124 1338 1168 afflictione
1359 1139 1543 1181 magna,
1563 1124 1679 1181 quod
1702 1123 1895 1167 venisset
1915 1124 2045 1166 homo

215 1184 288 1239 qui
315 1189 527 1240 quaereret
547 1183 884 1240 prosperitatem
909 1183 1100 1226 filiorum
1122 1183 1275 1227 Israel.

489 1305 514 1361 ξ
548 1305 609 1347 Π.
639 1330 698 1335 ——-
717 1304 957 1347 Nehemias
980 1304 1103 1347 urbis
1126 1319 1274 1348 muros
1287 1311 1528 1361 portasque
1547 1311 1777 1348 restaurat.

277 1419 306 1445 ¹¹
335 1419 393 1462 Et
421 1419 522 1463 veni
552 1419 822 1475 Jerusalem,
853 1424 896 1463 et
929 1434 1048 1463 eram
1076 1420 1139 1462 ibi
1170 1420 1311 1463 tribus
1348 1419 1519 1463 diebus.
1553 1418 1591 1446 ¹2
1619 1421 1676 1463 Et
1708 1419 1876 1463 surrexi
1917 1424 2046 1463 nocte

213 1491 315 1533 ego,
339 1484 382 1521 et
406 1478 489 1520 viri
512 1478 641 1534 pauci
671 1492 870 1532 mecum3
903 1483 946 1521 et
978 1492 1066 1521 non
1097 1478 1296 1521 indicavi
1330 1479 1537 1534 cuiquam
1567 1479 1672 1534 quid
1703 1480 1822 1521 Deus
1852 1478 2046 1522 dedisset

211 1537 258 1579 in
285 1537 416 1580 corde
436 1551 532 1580 meo
562 1542 611 1579 ut
639 1537 836 1580 facerem
863 1537 911 1579 in
943 1537 1217 1591 Jerusalem3
1250 1543 1293 1580 et
1325 1537 1578 1593 jumentum
1609 1551 1698 1580 non
1728 1541 1820 1580 erat
1851 1551 2033 1591 mecum,

212 1596 297 1638 nisi
318 1596 485 1638 animal
508 1596 578 1638 cui
599 1596 822 1639 sedebam.
850 1595 887 1622 13
908 1597 966 1639 Et
988 1610 1188 1652 egressus
1210 1611 1308 1639 sum
1336 1610 1413 1653 per
1445 1602 1617 1653 portam
1649 1596 1794 1639 Vallis
1822 1600 1972 1651 nocte,
2002 1601 2039 1639 et

211 1660 316 1698 ante
340 1655 512 1698 fontem
536 1655 773 1711 Draconis,
796 1659 840 1698 et
871 1655 928 1698 ad
958 1661 1130 1712 portam
1158 1656 1394 1710 Stercoris;
1431 1660 1473 1698 et
1506 1655 1842 1698 considerabam
1871 1669 2045 1697 murum

212 1714 460 1757 Jerusalem
483 1713 767 1770 dissipatum,
791 1719 833 1757 et
855 1720 1003 1771 portas
1037 1715 1132 1770 ejus
1167 1720 1450 1771 consumptas
1482 1714 1591 1770 igni.
1623 1713 1659 1741 ¹4
1680 1715 1739 1757 Et
1769 1714 1955 1756 transivi
1988 1715 2043 1757 ad

209 1774 384 1824 portam
402 1769 570 1825 Fontis,
588 1774 632 1812 et
649 1769 705 1812 ad
724 1771 1040 1825 aquaeductum
1062 1772 1195 1826 Regis
1213 1789 1221 1827 ;
1239 1777 1282 1815 et
1300 1787 1387 1815 non
1406 1778 1500 1815 erat
1519 1771 1642 1815 locus
1656 1773 1856 1829 jumento
1880 1773 1949 1816 cui
1980 1788 2044 1817 se-

211 1827 393 1882 debam,
418 1832 468 1870 ut
488 1828 708 1871 transiret.
732 1828 768 1855 15
793 1829 852 1871 Et
872 1829 1053 1872 ascendi
1082 1844 1159 1886 per
1191 1835 1429 1874 torrentem
1459 1837 1609 1887 nocte,
1637 1838 1680 1876 et
1709 1832 2045 1876 considerabam

211 1899 411 1941 murum;
434 1893 477 1930 et
493 1902 692 1930 reversus
715 1887 816 1931 veni
841 1888 898 1931 ad
920 1894 1094 1945 portam
1114 1889 1279 1945 Vallis,
1307 1894 1349 1932 et
1370 1889 1495 1933 redii.

272 1944 307 1972 16
327 1945 617 2001 Magistratus
638 1952 789 1990 autem
813 1947 1073 1990 nesciebant
1098 1962 1183 2004 quo
1215 1949 1443 2005 abiissem,
1475 1954 1553 1992 aut
1583 1950 1688 2006 quid
1718 1965 1798 2006 ego
1820 1951 2041 2006 facerem3

211 2003 290 2046 sed
314 2009 357 2047 et
382 2005 409 2046 J
415 2005 576 2061 udaeis,
599 2011 644 2049 et
663 2006 987 2063 sacerdotibus,
1015 2011 1058 2057 et
1088 2007 1396 2064 optimatibus,
1421 2014 1464 2051 et
1493 2010 1848 2066 magistratibus,
1880 2016 1923 2053 et
1944 2010 2044 2054 reli-

213 2063 309 2118 quis
335 2063 409 2118 qui
438 2064 669 2108 faciebant
697 2079 826 2122 opus,
854 2080 990 2122 usque
1022 2066 1079 2109 ad
1108 2067 1155 2109 id
1183 2067 1269 2109 loci
1301 2067 1415 2110 nihil
1446 2068 1762 2112 indicaveram.
1798 2068 1832 2095 ¹7
1863 2069 1921 2112 Et
1950 2069 2043 2112 dixi

212 2122 274 2164 eis
304 2139 312 2165 ε
335 2123 426 2166 Vos
448 2123 586 2166 nostis
607 2123 893 2168 afflictionem
915 2125 962 2168 in
985 2140 1071 2182 qua
1095 2140 1266 2182 sumus,
1291 2127 1394 2182 quia
1416 2128 1665 2171 Jerusalem
1691 2128 1862 2171 deserta
1892 2134 1978 2185 est,
2002 2134 2045 2172 et

211 2186 350 2237 portae
371 2181 467 2237 ejus
490 2187 765 2239 consumptae
785 2189 890 2227 sunt
907 2184 1018 2241 igni.
1040 2185 1222 2240 Venite,
1250 2191 1293 2229 et
1316 2186 1587 2243 aedificemus
1607 2201 1754 2230 muros
1779 2188 2042 2243 Jerusalem,

211 2244 255 2282 et
275 2254 364 2283 non
385 2241 521 2284 simus
543 2242 660 2284 ultra
680 2243 977 2299 opprobrium.
1004 2244 1040 2271 ¹8
1063 2244 1121 2286 Et
1141 2244 1338 2288 indicavi
1371 2246 1434 2288 eis
1464 2261 1646 2289 manum
1677 2246 1760 2290 Dei
1793 2247 1900 2303 mei,
1927 2247 2043 2303 quod

211 2304 326 2342 esset
346 2299 462 2342 bona
492 2315 686 2358 mecum,
716 2307 760 2344 et
787 2302 922 2345 verba
953 2303 1070 2359 regis
1100 2317 1198 2359 quae
1227 2304 1401 2348 locutus
1434 2310 1548 2349 esset
1576 2305 1706 2361 mihi,
1734 2311 1777 2349 et
1809 2306 1878 2349 aio
1909 2323 1917 2349 :
1941 2307 2043 2350 Sur-

210 2372 390 2415 gamus,
413 2366 456 2402 et
479 2360 762 2404 aedificemus.
788 2361 846 2403 Et
868 2362 1133 2405 confortatae
1158 2369 1262 2406 sunt
1283 2378 1441 2407 manus
1465 2379 1615 2408 eorum
1637 2365 1683 2407 in
1704 2365 1833 2408 bono.

272 2417 306 2443 ¹9
327 2418 580 2462 Audierunt
600 2426 749 2462 autem
770 2420 1031 2463 Sanaballat
1050 2421 1301 2478 Horonites,
1322 2428 1365 2466 et
1383 2423 1559 2479 Tobias,
1579 2438 1729 2467 servus
1748 2425 2041 2481 Ammanites,

211 2482 254 2521 et
276 2478 439 2521 Gosem
468 2479 632 2534 Arabs,
663 2485 706 2522 et
740 2479 1124 2523 subsannaverunt
1157 2495 1255 2535 nos,
1287 2487 1330 2524 et
1359 2482 1673 2538 despexerunt,
1713 2483 2005 2538 dixeruntque
2034 2501 2042 2527 :

211 2536 319 2586 Quae
349 2542 414 2580 est
442 2538 538 2581 haec
572 2553 638 2581 res
669 2554 801 2594 quam
829 2539 1015 2582 facitis?
1051 2539 1279 2595 Numquid
1313 2546 1464 2583 contra
1490 2556 1639 2596 regem
1670 2555 1748 2584 vos
1780 2542 2041 2585 rebellatis?

210 2593 248 2621 2⁰
268 2596 326 2638 Et
346 2596 522 2640 reddidi
544 2597 606 2640 eis
628 2612 894 2654 sermonem,
919 2598 1099 2654 dixique
1119 2598 1176 2640 ad
1210 2613 1283 2642 eos
1313 2616 1321 2642 ε
1346 2600 1464 2642 Deus
1491 2601 1588 2643 caeli
1609 2601 1703 2657 ipse
1724 2615 1802 2644 nos
1825 2601 1972 2656 juvat,
2000 2607 2042 2644 et

210 2669 288 2698 nos
310 2656 424 2699 servi
451 2656 546 2712 ejus
572 2671 736 2700 sumus.
758 2657 1020 2714 Surgamus,
1041 2663 1083 2701 et
1108 2657 1400 2713 aedificemus3
1422 2659 1547 2702 vobis
1564 2665 1713 2703 autem
1734 2674 1822 2703 non
1844 2664 1910 2703 est
1927 2674 2040 2717 pars,

210 2719 255 2757 et
277 2714 471 2770 justitia,
498 2721 543 2759 et
562 2716 774 2759 memoria
794 2717 841 2759 in
863 2717 1123 2761 Jerusalem.

270 2774 377 2817 CAP.
399 2775 489 2817 111.
515 2801 572 2808 --
598 2775 610 2801 1
639 2776 697 2818 Et
717 2776 907 2819 surrexit
932 2776 1122 2833 Eliasib,
1145 2778 1348 2822 sacerdos
1370 2793 1578 2836 magnus,
1605 2785 1648 2823 et
1669 2780 1830 2823 fratres
1857 2779 1952 2835 ejus
1974 2794 2041 2822 sa-

210 2833 430 2890 cei-dotes,
460 2839 504 2878 et
535 2834 867 2878 aedificaverunt
899 2840 1071 2892 portam
1100 2837 1283 2893 Gregis3
1314 2838 1399 2894 ipsi
1428 2839 1818 2882 sanctificaverunt
1847 2853 1964 2894 eam,
1999 2844 2041 2882 et

209 2897 460 2936 statuerunt
483 2894 637 2937 valvas
660 2894 776 2950 ejus,
801 2900 844 2938 et
868 2909 1005 2951 usque
1029 2896 1085 2938 ad
1114 2897 1271 2939 turrim
1301 2902 1478 2940 centum
1511 2898 1760 2941 cubitorum
1792 2898 2040 2941 sanctifica-

211 2956 370 2994 verunt
396 2966 517 3009 eam,
546 2967 684 3008 usque
711 2954 769 2997 ad
801 2954 957 2997 turrim
988 2955 1234 2999 Hananeel.
1269 2955 1287 2982 2
1316 2957 1374 2999 Et
1405 2957 1533 3013 juxta
1571 2972 1671 3001 eum
1709 2957 2041 3000 aedificaverunt

209 3010 294 3052 viri
319 3011 348 3053 J
352 3011 524 3067 ericho3
548 3017 591 3056 et
615 3013 744 3068 juxta
765 3028 866 3057 eum
888 3014 1127 3057 aedifioavit
1147 3016 1337 3071 Zachur,
1361 3016 1478 3059 filius
1499 3017 1639 3060 Amri.

269 3068 288 3094 3
307 3070 488 3113 Portam
508 3076 657 3115 autem
679 3073 877 3116 Piscium
904 3073 1236 3118 aedificaverunt
1263 3075 1342 3117 filii
1371 3076 1546 3130 Asnaa3
1581 3076 1666 3132 ipsi
1695 3080 1901 3119 texerunt
1921 3090 2037 3131 eam,

211 3133 254 3171 et
279 3133 529 3174 statuerunt
554 3131 708 3175 valvas
733 3133 850 3189 ejus,
873 3138 916 3176 et
937 3146 1074 3189 seras,
1097 3138 1141 3176 et
1161 3139 1322 3177 vectes.
1349 3134 1407 3176 Et
1431 3135 1560 3191 juxta
1582 3149 1654 3178 ecs
1684 3135 1922 3178 aedificavit
1945 3135 2037 3176 Ma-

210 3187 396 3244 rimuth‚
426 3189 542 3233 filius
577 3191 719 3247 Uriae,
746 3192 825 3234 filii
859 3192 1020 3235 Aecus.
1042 3191 1060 3218 4
1081 3192 1139 3235 Et
1169 3193 1298 3249 juxta
1319 3208 1419 3236 eum
1446 3194 1685 3237 aedificavit
1711 3194 1964 3249 Mosollam,
1991 3194 2037 3235 fi-

210 3245 296 3311 lius
319 3248 571 3305 Barachiae,
599 3250 678 3293 filii
700 3251 969 3305 Mesezebe13
992 3256 1034 3294 et
1054 3251 1182 3307 juxta
1199 3266 1271 3295 eos
1295 3252 1534 3296 aedificavit
1550 3253 1713 3308 Sadoc,
1736 3253 1852 3296 filius
1872 3254 2037 3296 Baana.

212 3312 228 3330 ⁰
253 3305 312 3348 Et
332 3307 460 3362 juxta
486 3323 558 3352 eos
582 3309 914 3353 aedificaverunt
936 3311 1183 3366 Thecneni3
1208 3311 1444 3367 optimates
1471 3317 1622 3355 autem
1644 3326 1793 3356 eorum
1825 3326 1913 3355 non
1938 3326 2038 3368 sup-

211 3371 450 3420 posuerunt
471 3368 585 3411 colla
606 3383 684 3411 sua
704 3369 751 3411 in
776 3384 904 3426 opere
927 3369 1105 3412 Domini
1131 3370 1210 3414 sui.

270 3423 289 3450 ⁶
313 3425 371 3468 Et
395 3433 568 3483 portam
589 3433 783 3471 veterem
807 3429 1138 3472 aedificaverunt
1159 3430 1187 3472 J
1191 3429 1341 3485 oiada,
1375 3430 1491 3473 filius
1522 3431 1704 3486 Phasea,
1729 3435 1772 3473 et
1789 3430 2035 3486 Mosellam,

211 3483 329 3527 filius
351 3485 563 3541 Besodia;
597 3487 682 3544 ipsi
715 3493 920 3531 texerunt
948 3501 1066 3543 eam,
1096 3493 1140 3531 et
1170 3493 1419 3532 statuerunt
1447 3489 1600 3532 valvas
1630 3490 1745 3545 ejus,
1769 3493 1812 3532 et
1833 3503 1970 3544 seraS,
1994 3495 2036 3532 et

212 3548 375 3587 vectes.
400 3543 416 3570 ⁷
441 3545 499 3588 Et
519 3545 648 3601 juxta
669 3560 742 3590 eos
769 3546 1100 3590 aedificaverunt
1126 3547 1303 3591 Meltias
1333 3547 1624 3603 Gabaonstes,
1652 3553 1695 3590 et
1727 3548 1874 3591 Jadon
1895 3548 2036 3592 Mero·
2090 3567 2099 3573 .

209 3601 425 3660 nathites,
452 3604 534 3646 viri
564 3604 618 3648 de
649 3605 832 3649 Gabaon
865 3611 908 3649 et
940 3605 1148 3662 Maspha,
1181 3621 1258 3662 pro
1288 3606 1400 3650 duce
1421 3606 1494 3662 qui
1523 3612 1618 3650 erat
1640 3606 1686 3649 in
1711 3607 1891 3663 regione
1915 3612 2035 3649 trans

2173 1430 2296 1459 Moenia

2136 1475 2323 1503 Jerusalem

2155 1518 2292 1552 inspicit
2308 1539 2313 1552 2

2109 1965 2144 1990 et
2165 1963 2206 1990 ad
2226 1961 2284 1990 illa
2304 1970 2350 1990 rr·-

2135 2006 2327 2035 aedificanda

2153 2051 2315 2084 populum

2145 2095 2313 2123 hortatur.

2153 2431 2313 2460 Hostium

2141 2475 2315 2505 irrisiones

2156 2519 2297 2548 deridet.

2109 2781 2196 2814 Opus
2220 2783 2347 2809 restau-

2157 2824 2299 2853 rationis

2121 2868 2336 2897 describitur.

2139 2912 2316 2942 recensitis

2142 2956 2313 2991 operariis,
