2456 3861
190 1435 432 1471 castigationis

238 1481 381 1510 effectus

257 1525 369 1554 ultimi

199 1569 430 1605 praedicantur.

216 2799 403 2829 Conclusio.

195 3111 238 3139 De
259 3112 360 3139 rebus
378 3117 434 3137 vo-

267 3154 357 3182 civis.

225 3201 254 3226 1⁰
285 3199 402 3227 Homo.

498 134 579 176 11s
1006 134 1118 180 LEv.
1152 134 1330 188 xxvi,
1364 134 1421 176 23
1453 160 1510 166 -
1542 134 1749 188 XXVII,
1782 135 1822 177 s.

555 307 592 334 ‘23
609 308 733 358 Quod
759 307 795 351 si
822 321 902 350 nec
928 307 991 349 818
1011 306 1238 349 volueritis
1265 306 1459 362 recipere
1486 306 1790 362 disciplinam,
1807 307 1883 349 sed
1911 307 2248 351 ambulaveritis
2273 323 2327 352 ex

494 367 679 410 adverso
705 366 836 420 mihi,
865 365 901 392 24
920 379 1000 421 ego
1027 379 1199 420 quoque
1225 370 1377 408 contra
1403 379 1481 407 vos
1507 364 1719 407 adversus
1743 365 1971 421 incedam,
2006 372 2050 409 et
2081 367 2328 424 percutiam

494 440 572 469 vos
609 426 770 482 septies
808 430 985 481 propter
1019 428 1204 480 peccata
1240 429 1415 479 vestra;
1455 422 1815 480 251111111881118118
1847 438 1977 481 super
2008 439 2086 468 vos
2126 426 2328 482 gladium

495 485 683 528 ultorem
719 483 901 526 foederis
939 483 1054 537 mei3
1094 497 1282 539 cumque
1315 483 1609 539 confugeritis
1641 483 1688 525 in
1720 483 1871 539 urbes,
1906 483 2084 526 mittam
2120 485 2329 541 pestilen-

495 544 605 587 tiam
641 543 687 585 in
725 542 870 585 medio
907 541 1064 597 vestri,
1104 547 1148 585 et
1183 542 1422 586 trademini
1458 542 1505 584 111
1543 542 1749 585 manibus
1782 542 1998 599 hostium,
2033 541 2071 570 ‘2⁶
2094 549 2329 600 postquam

496 603 756 657 confregero
790 600 1001 644 baculum
1034 601 1160 658 panis
1193 601 1349 656 vestri,
1383 601 1446 644 ita
1480 606 1530 644 ut
1555 601 1709 645 decem
1735 601 1942 645 mulieres
1967 601 2014 644 in
2039 616 2126 645 uno
2153 602 2329 647 clibano

495 666 688 716 coquant
720 674 878 717 panes,
912 665 955 703 et
987 660 1176 703 reddant
1201 675 1273 704 eos
1299 661 1356 704 ad
1382 660 1583 718 pondus,
1612 666 1655 704 et
1681 660 1943 716 comedetis,
1979 665 2023 704 et
2047 675 2136 705 non
2161 667 2328 705 satura-

494 719 667 763 bimini.

554 778 589 806 ’2⁷
606 779 684 822 Sin
705 785 857 823 autem
883 794 964 823 nec
986 794 1063 837 per
1087 780 1184 822 haec
1212 779 1443 823 audieritis
1469 795 1561 835 me,
1592 780 1668 823 sed
1693 780 2032 823 ambulaveritis
2059 785 2212 823 contra
2239 795 2328 836 me,

495 838 531 866 ⁹²8
557 844 601 882 et
639 853 719 895 ego
756 838 965 882 incedam
1000 839 1212 882 adversus
1250 853 1327 882 vos
1363 839 1410 882 in
1446 839 1596 883 furore
1627 839 1868 894 contrario,
1904 844 1946 882 et
1984 839 2222 896 corripiam
2254 854 2331 883 vos

495 904 666 955 septem
687 898 833 955 plagis
855 903 1033 955 propter
1055 904 1239 955 peccata
1264 903 1432 953 vestra,
1463 897 1499 924 29
1516 899 1580 941 ita
1609 903 1659 941 ut
1688 898 1931 941 comedatis
1959 913 2113 942 carnes
2138 898 2330 943 filiorum

494 963 742 1001 vestrorum
772 963 816 1001 et
843 958 1036 1000 filiarum
1060 963 1319 1000 vestrarum.
1354 957 1391 984 3⁰
1410 959 1648 1001 Destruam
1681 958 1855 1001 excelsa
1881 963 2048 1013 vestra,
2077 963 2121 1001 et
2149 958 2330 1001 simula-

496 1031 569 1060 cra
592 1017 890 1073 confringam.
918 1016 1096 1060 Cadetis
1125 1016 1241 1060 inter
1264 1017 1414 1059 ruinas
1439 1016 1659 1060 idolorum
1685 1022 1952 1072 vestrorum,
1981 1022 2024 1060 et
2051 1017 2328 1061 abominabi-

496 1081 566 1119 tur
587 1091 665 1119 vos
686 1076 836 1119 anima
859 1091 972 1131 mea,
996 1075 1028 1102 3¹
1049 1075 1094 1117 in
1118 1081 1294 1118 tantum
1320 1081 1369 1118 ut
1394 1075 1524 1118 urbes
1546 1081 1715 1118 vestras
1736 1076 1939 1131 redigam
1959 1076 2006 1118 in
2028 1076 2327 1131 solitudinem,

497 1141 540 1179 et
570 1135 741 1178 deserta
771 1135 939 1178 faciam
972 1134 1225 1177 sanctuaria
1254 1139 1423 1189 vestra,
1457 1149 1538 1177 nec
1568 1134 1781 1191 recipiam
1807 1135 1924 1177 ultra
1953 1135 2133 1178 odorem
2161 1136 2329 1179 suavis-

497 1195 672 1238 simum.
704 1194 740 1221 33
760 1194 1112 1251 Disperdamque
1145 1199 1308 1236 terram
1337 1198 1553 1248 vestram,
1581 1199 1624 1236 et
1659 1194 1903 1250 stupebunt
1928 1208 2059 1250 super
2085 1208 2135 1238 ea
2160 1194 2330 1238 inimici

496 1254 652 1309 vestri,
684 1268 786 1297 cum
807 1253 1080 1296 habitatores
1105 1252 1226 1295 illius
1251 1253 1435 1296 fuerint.
1462 1252 1499 1279 33
1517 1253 1608 1296 Vos
1630 1257 1782 1296 autem
1804 1253 2060 1310 dispergam
2084 1253 2132 1296 in
2154 1259 2328 1310 genteS,

498 1318 540 1356 et
576 1312 823 1369 evaginabo
855 1318 954 1369 post
985 1326 1063 1356 vos
1090 1312 1314 1367 gladium,
1339 1312 1506 1368 eritque
1529 1317 1644 1355 terra
1666 1317 1813 1354 vestra
1835 1312 2029 1367 deserta,
2058 1318 2102 1356 et
2127 1313 2330 1357 civitates

495 1377 655 1415 vestrae
681 1371 852 1415 dirutae.

557 1431 736 1474 34Τ11118
766 1430 1007 1488 placebunt
1035 1436 1163 1475 terrae
1196 1431 1384 1474 sabbata
1417 1447 1496 1475 sua
1530 1431 1702 1475 cunctis
1733 1431 1889 1474 diebus
1922 1431 2176 1475 solitudinis
2209 1446 2326 1486 suae;

497 1491 672 1548 quando
698 1491 875 1534 fueritis
904 1490 940 1517 35
964 1490 1011 1533 in
1040 1495 1155 1534 terra
1176 1491 1350 1546 hostili,
1377 1491 1696 1546 sabbatizabit,
1720 1496 1763 1534 et
1787 1490 2033 1546 requiescet
2061 1490 2108 1533 in
2133 1491 2331 1534 sabbatis

497 1550 750 1594 solitudinis
771 1564 885 1605 81188,
908 1564 957 1593 80
980 1550 1095 1606 811οᾶ
1117 1564 1206 1593 11011
1227 1550 1493 1606 requieverit
1513 1550 1560 1592 in
1581 1550 1779 1593 sabbatis
1805 1550 1985 1606 vestris,
2009 1550 2184 1606 quando
2206 1550 2330 1593 habi-

497 1609 662 1653 tabatis
690 1609 736 1652 in
767 1624 830 1653 88.
858 1609 895 1636 33
913 1611 970 1652 Ε1
996 1609 1069 1665 8111
1096 1609 1150 1653 de
1178 1610 1305 1653 vobis
1330 1609 1645 1665 remanserint,
1671 1609 1786 1653 dabo
1813 1624 2024 1666 pavorem
2052 1609 2100 1652 in
2126 1609 2331 1653 cordibus

497 1683 648 1713 eorum
675 1669 723 1711 in
751 1669 1007 1725 regionibus
1040 1669 1264 1725 hostium3
1296 1669 1478 1712 terrebit
1508 1683 1579 1712 eos
1612 1669 1782 1712 sonitus
1810 1668 1911 1712 folii
1944 1668 2159 1725 volantis,
2194 1674 2238 1712 et
2268 1669 2331 1711 ita

495 1729 676 1785 fugient
702 1728 826 1785 811881
856 1728 1087 1785 gladium,
1113 1728 1294 1783 cadent,
1321 1728 1442 1771 nullo
1468 1733 1778 1785 persequente,
1806 1728 1840 1755 37
1861 1733 1904 1772 81
1933 1733 2137 1772 8011118111
2165 1728 2331 1784 singuli

496 1802 626 1845 super
655 1788 817 1831 fratres
847 1802 947 1831 suos
973 1788 1097 1843 quasi
1125 1787 1243 1831 bella
1264 1787 1494 1843 fugientes
1515 1805 1523 1842 3
1551 1802 1681 1831 nemo
1707 1793 1906 1831 vestrum
1930 1787 2126 1830 inimicis
2148 1787 2332 1831 audebit

497 1847 710 1891 resistere.
735 1847 771 1873 33
791 1847 998 1890 Peribitis
1024 1847 1140 1890 inter
1161 1852 1338 1902 gentes,
1369 1851 1412 1890 et
1437 1846 1610 1890 hostilis
1633 1861 1710 1890 vos
1732 1852 1848 1890 terra
1878 1851 2121 1890 consumet.
2152 1846 2188 1873 3⁹
2206 1846 2331 1898 Quod

496 1907 532 1950 si
563 1912 606 1950 et
639 1907 693 1950 de
725 1907 779 1949 iis
812 1906 950 1962 aliqui
979 1906 1294 1962 remanserint,
1325 1906 1556 1950 tabescent
1583 1906 1630 1948 in
1658 1906 1971 1962 iniquitatibus
2000 1906 2112 1962 suis,
2140 1906 2188 1949 in
2216 1911 2331 1949 terra

497 1966 780 2009 inimicorum
804 1980 983 2009 suorum
1010 1970 1053 2008 et
1077 1970 1255 2022 propter
1276 1970 1459 2023 peccata
1481 1970 1659 2022 patrum
1680 1980 1860 2009 suorum
1886 1971 1928 2008 et
1957 1980 2036 2008 sua
2065 1965 2330 2022 affligentur,

496 2025 533 2052 4⁰
551 2025 690 2069 donec
724 2026 1019 2069 confiteantur
1043 2025 1302 2081 iniquitates
1332 2040 1455 2080 suas,
1486 2030 1530 2068 et
1556 2025 1778 2082 majorum
1805 2040 2005 2081 suorum,
2033 2025 2192 2081 quibus
2221 2039 2331 2082 prae-

496 2085 681 2128 varicati
723 2089 827 2127 sunt
862 2085 908 2127 in
942 2099 1033 2140 me,
1073 2089 1115 2127 et
1150 2084 1495 2128 ambulaverunt
1532 2099 1587 2128 ex
1624 2085 1809 2128 adverso
1847 2084 1970 2129 mihi.
2013 2084 2048 2110 4¹
2075 2084 2330 2127 Ambulabo

494 2144 632 2200 igitur
665 2150 708 2187 et
746 2159 826 2200 ego
861 2150 1014 2187 contra
1048 2158 1140 2200 eos,
1181 2148 1224 2187 et
1258 2143 1471 2187 inducam
1505 2143 1606 2187 illos
1643 2144 1691 2186 in
1729 2149 1891 2187 terram
1927 2143 2158 2199 hostilem,
2192 2143 2331 2187 donec

497 2203 728 2247 erubescat
748 2203 1062 2247 incircumcisa
1084 2217 1209 2246 mens
1232 2218 1383 2246 eorum
1403 2221 1411 2258 3
1443 2208 1550 2246 tunc
1580 2203 1770 2246 orabunt
1794 2218 1872 2261 pro
1897 2202 2205 2260 impietatibus
2226 2201 2330 2246 suis.

496 2261 533 2288 42
563 2264 621 2305 Et
663 2262 927 2306 recordabor
970 2262 1156 2305 foederis
1205 2263 1313 2318 mei,
1369 2262 1484 2318 quod
1524 2262 1676 2319 pepigi
1707 2276 1808 2306 cum
1841 2261 2005 2316 Jacob,
2036 2265 2080 2304 et
2112 2261 2263 2317 Isaac,
2289 2266 2331 2304 et

496 2321 739 2366 Abraham.
771 2323 918 2365 Terrae
947 2336 1120 2377 quoque
1149 2336 1318 2365 memor
1348 2336 1440 2377 ero,
1476 2321 1513 2347 43
1538 2336 1636 2377 quae
1667 2336 1768 2365 cum
1797 2324 1953 2364 relicta
1985 2320 2124 2363 fuerit
2156 2319 2212 2362 ab
2247 2319 2329 2374 eis,

497 2381 794 2438 complacebit
822 2380 907 2424 sibi
932 2381 979 2423 in
1004 2381 1203 2424 sabbatis
1229 2381 1340 2436 suis,
1371 2381 1546 2437 patiens
1574 2380 1862 2424 solitudinem
1891 2383 2069 2437 propter
2092 2378 2206 2422 illos.
2237 2379 2329 2435 Ipsi

495 2454 598 2483 vero
624 2441 847 2496 rogabunt
871 2454 950 2496 pro
973 2440 1171 2496 peccatis
1196 2440 1300 2495 suis,
1325 2455 1374 2484 eo
1401 2440 1517 2496 quod
1543 2439 1793 2496 abjecerint
1813 2439 1984 2496 judicia
2006 2452 2118 2492 mea,
2146 2443 2189 2480 et
2209 2437 2330 2494 leges

497 2514 617 2543 meas
651 2499 945 2556 despexerint.
979 2499 1016 2525 ‘¹4
1042 2501 1100 2542 Et
1131 2505 1282 2543 tamen
1317 2500 1452 2542 etiam
1485 2514 1587 2542 cum
1622 2504 1767 2542 essent
1802 2499 1849 2541 in
1885 2504 2000 2541 terra
2037 2496 2210 2552 hostili,
2242 2511 2330 2540 non

496 2559 671 2616 penitus
697 2559 846 2615 abJ'eci
870 2573 963 2614 808,
991 2573 1131 2615 1188118
1161 2559 1224 2602 818
1251 2559 1433 2616 despexi
1459 2564 1509 2601 ut
1534 2563 1911 2613 consumerentur,
1938 2562 1981 2600 et
2008 2555 2184 2599 irritum
2209 2556 2330 2600 face-

496 2632 588 2661 rem
622 2623 803 2675 pactum
833 2633 982 2661 meum
1012 2633 1114 2661 eum
1145 2618 1220 2662 818.
1250 2620 1346 2674 Ego
1377 2618 1496 2661 enim
1522 2632 1621 2660 sum
1648 2617 1866 2661 Dominus
1893 2618 2013 2660 Deus
2036 2630 2208 2670 eorum,
2234 2615 2271 2642 4⁵
2288 2621 2331 2658 et

496 2677 760 2721 recordabor
791 2677 975 2721 foederis
1010 2677 1096 2720 mei
1130 2677 1326 2734 pristini,
1357 2677 1534 2733 quando
1563 2676 1697 2720 eduxi
1731 2690 1802 2720 eos
1836 2677 1889 2720 de
1919 2680 2033 2718 terra
2063 2674 2254 2732 AEgypti
2285 2674 2331 2717 in

497 2742 736 2793 conspectu
758 2737 982 2793 gentium,
1006 2742 1054 2779 ut
1076 2751 1217 2780 essem
1245 2738 1364 2780 Deus
1387 2751 1551 2780 eorum.
1579 2737 1674 2792 Ego
1702 2736 1933 2779 Dominus.

558 2797 669 2839 Haec
697 2801 801 2839 sunt
832 2796 1003 2852 judicia
1033 2801 1166 2852 atque
1192 2801 1415 2852 praecepta
1441 2800 1485 2839 et
1513 2795 1654 2851 leges,
1683 2809 1790 2851 quas
1820 2795 1943 2839 dedit
1971 2793 2189 2837 Dominus
2217 2793 2333 2836 inter

497 2869 543 2898 se
565 2860 608 2898 et
632 2855 745 2898 filios
768 2855 908 2898 Israel
929 2855 975 2898 in
998 2861 1148 2898 monte
1172 2855 1295 2899 Sinai
1322 2869 1399 2912 per
1424 2869 1607 2897 manum
1629 2854 1787 2910 Moysi.

1043 2984 1066 3036 ξ
1091 2981 1198 3024 VII.
1220 3007 1281 3014 —
1304 2981 1392 3024 Res
1418 2982 1514 3024 Deo
1541 2981 1780 3024 reddendoe.

558 3094 665 3138 CAP.
711 3094 907 3136 XXVII.
951 3119 1012 3126 —
1054 3092 1067 3118 ¹
1101 3094 1383 3148 Locutusque
1425 3098 1490 3135 est
1529 3092 1746 3135 Dominus
1783 3091 1839 3134 ad
1882 3091 2088 3148 Moysen,
2131 3091 2283 3134 dicens
2325 3108 2333 3135 :

499 3152 515 3179 '²
541 3155 740 3209 Loquere
766 3152 868 3195 filiis
898 3152 1038 3195 Israel
1065 3157 1108 3195 et
1130 3151 1251 3195 dices
1272 3152 1329 3194 ad
1356 3165 1428 3194 808
1458 3168 1466 3195 :
1502 3152 1650 3195 Homo
1677 3150 1749 3206 qui
1776 3156 1930 3193 votum
1956 3150 2138 3205 fecerit,
2165 3154 2209 3192 et
2234 3163 2332 3206 spo-

499 3211 704 3269 ponderit
734 3213 828 3255 Deo
853 3211 1051 3253 animam
1080 3225 1228 3266 suam,
1253 3210 1336 3253 sub
1364 3210 1660 3253 aestimatione
1683 3209 1808 3253 dabit
1836 3210 2029 3266 pretium
2062 3226 2070 3253 :
2097 3209 2168 3251 3si
2195 3208 2333 3252 fuerit

500 3271 744 3326 masculus,
778 3285 803 3312 a
829 3270 1046 3326 vigesimo
1079 3284 1195 3313 anno
1221 3284 1359 3326 usque
1391 3269 1448 3312 ad
1474 3269 1802 3326 sexagesimum
1828 3283 2017 3323 annum,
2048 3267 2174 3311 dabit
2206 3267 2330 3323 quin-

500 3330 715 3387 quaginta
747 3329 879 3372 siclos
915 3329 1089 3385 argenti
1124 3329 1181 3371 ad
1212 3343 1465 3372 mensuram
1498 3327 1768 3382 sanctuarii3
1808 3327 1824 3354 ‘¹
1849 3327 1885 3370 si
1920 3327 2093 3382 mulier,
2131 3326 2329 3382 triginta.

500 3391 517 3416 5
542 3391 583 3433 A
623 3389 777 3445 quinto
814 3394 965 3431 autem
1001 3402 1116 3430 anno
1158 3402 1295 3443 usque
1335 3388 1391 3431 ad
1431 3387 1701 3443 vigesimum
1738 3386 1962 3430 masculus
2003 3386 2130 3430 dabit
2169 3385 2328 3441 viginti

501 3449 660 3503 siclos,
696 3447 867 3491 femina
901 3447 1068 3490 decem.
1099 3447 1116 3472 ὓ
1142 3446 1212 3489 Ab
1242 3462 1329 3490 uno
1359 3460 1510 3490 mense
1539 3460 1675 3502 usque
1707 3445 1764 3488 ad
1797 3460 1965 3488 annum
1994 3445 2220 3501 quintum,
2255 3459 2330 3501 pro

502 3508 699 3551 masculo
741 3507 965 3550 dabuntur
1004 3505 1197 3561 quinque
1241 3505 1368 3561 sicli3
1411 3520 1487 3562 pro
1528 3505 1700 3548 femina
1738 3511 1839 3548 tres.
1881 3505 1896 3531 ⁷
1922 3504 2246 3559 Sexagenarius
2288 3508 2331 3546 et

503 3567 617 3609 ultra
655 3566 879 3609 masculus
924 3565 1049 3608 dabit
1090 3564 1344 3621 quindecim
1384 3565 1544 3620 siclos3
1594 3564 1766 3608 femina
1816 3565 1981 3608 decem.
2031 3563 2048 3590 ⁸
2073 3563 2119 3607 Si
2163 3577 2330 3620 pauper

503 3626 661 3680 fuerit,
692 3631 734 3668 et
764 3624 1106 3668 aestimationem
1138 3623 1319 3667 reddere
1363 3638 1450 3667 non
1491 3623 1680 3678 valebit,
1718 3623 1855 3666 stabit
1888 3637 2036 3666 coram
2079 3621 2328 3676 sacerdote,
