2423 3861
776 126 796 168 Ι
832 125 983 168 MAcu.
1020 126 1105 179 vl,
1145 127 1305 169 18-49.
1844 125 1955 169 1055

130 297 423 352 Antiochum,
452 297 591 338 tilium
616 296 732 351 ejus,
764 311 891 351 quem
924 296 1107 337 nutrivit
1139 296 1490 350 adolescentem,
1518 300 1562 338 et
1587 295 1764 338 vocavit
1798 309 1955 339 nomen

130 355 226 411 ejus
257 356 465 411 Eupator.

189 413 223 440 '¹⁸
243 415 299 456 Et
325 414 368 456 hi
392 414 464 470 qui
491 419 615 457 erant
640 413 683 455 in
710 427 810 457 arce
835 413 1142 456 concluserant
1168 413 1305 457 Israel
1329 414 1374 456 in
1402 413 1587 456 circuitu
1613 417 1887 468 sanctorum,
1915 418 1957 455 et

127 472 386 528 quaerebant
422 472 483 515 eis
519 472 636 514 mala
672 486 855 528 semper,
894 478 937 515 et
974 473 1300 515 firmamentum
1337 472 1552 528 gentium.
1588 471 1624 498 ¹⁰
1650 472 1707 514 Et
1740 470 1958 526 cogitavit

128 531 270 574 Judas
308 531 558 588 disperdere
592 545 684 586 eos,
722 538 766 573 et
799 531 1060 573 convocavit
1094 530 1346 574 universum
1380 531 1590 588 populum
1624 535 1672 573 ut
1706 529 1957 573 obsiderent

128 604 214 634 eOS.
237 589 274 615 ‘²⁰
293 591 349 632 Et
371 595 672 633 convenerunt
699 589 851 644 simul,
879 595 922 631 et
952 589 1215 632 obsederunt
1241 604 1312 632 eos
1334 604 1449 632 anno
1477 589 1716 633 centesimo
1743 588 1956 644 quinqua-

125 649 317 704 gesimo,
345 655 388 692 et
413 649 616 691 fecerunt
640 648 823 690 balistas
846 653 888 690 et
911 647 1152 690 machinas.

187 706 220 733 ‘²¹
243 708 301 750 Et
331 708 534 751 exierunt
555 706 734 762 quidam
760 721 814 750 ex
840 706 901 749 eis
927 706 999 761 qui
1031 706 1359 763 obsidebantur,
1391 712 1435 750 et
1459 707 1761 762 adjunxerunt
1792 721 1838 751 se
1867 707 1956 750 illis

126 766 265 822 aliqui
299 766 423 822 impii
457 780 511 809 ex
537 765 696 820 Israel,
724 764 760 790 ‘2'2
778 770 821 808 et
852 765 1056 808 abierunt
1087 765 1142 807 ad
1176 780 1349 820 regem,
1381 771 1423 809 et
1457 766 1692 809 dixerunt:
1723 766 1956 821 Quousque

128 840 214 868 non
240 825 355 867 facis
377 824 615 880 judicium,
635 830 678 866 et
696 823 896 866 vindicas
922 824 1083 866 fratres
1105 824 1307 866 nostros?
1329 823 1366 850 23
1385 825 1474 868 Nos
1498 824 1772 868 decrevimus
1793 824 1956 868 servire

128 884 241 940 patri
276 890 370 938 tuo,
398 888 441 925 et
472 882 701 925 ambulare
734 883 779 925 in
812 882 1044 939 praeceptis
1076 882 1191 938 ejus,
1226 888 1269 926 et
1297 883 1478 939 obsequi
1512 883 1667 926 edictis
1697 883 1819 939 ejus;
1852 883 1888 909 ⁶²⁴
1913 890 1956 926 et

128 942 206 984 filii
233 941 383 999 populi
414 942 549 984 nostri
580 946 757 998 propter
777 941 859 984 hoc
888 941 1145 983 alienabant
1169 955 1214 984 se
1243 956 1269 984 a
1295 942 1446 997 nobis3
1475 948 1517 985 et
1542 942 1808 997 quicumque
1834 942 1954 986 inve-

128 1001 362 1044 niebantur
384 1014 436 1043 ex
466 1000 613 1056 nobis,
639 999 1029 1055 interficiebantur,
1057 1004 1099 1042 et
1128 1000 1395 1043 hereditates
1428 1006 1589 1043 nostrae
1620 1000 1954 1057 diripiebantur.

126 1058 163 1085 ‘25
189 1059 247 1102 Et
279 1074 365 1102 non
399 1059 456 1102 ad
493 1074 572 1102 nos
609 1064 782 1102 tantum
820 1058 1113 1101 extenderunt
1150 1073 1350 1113 manum,
1388 1060 1464 1102 sed
1499 1064 1542 1102 et
1577 1059 1623 1101 in
1660 1073 1811 1102 omnes
1848 1059 1955 1102 fines

127 1123 322 1173 nostros,
350 1117 387 1145 ‘²⁰
404 1125 448 1162 et
469 1133 571 1162 ecce
596 1118 904 1175 applicuerunt
928 1117 1060 1160 hodie
1080 1117 1137 1160 ad
1159 1132 1306 1160 arcem
1328 1118 1577 1161 Jerusalem
1603 1131 1817 1174 occupare
1842 1132 1953 1173 earn,

127 1183 170 1221 et
199 1177 492 1221 munitionem
520 1177 782 1220 Bethsuram
806 1176 1083 1231 munierunt,
1107 1175 1142 1202 2⁷
1158 1182 1202 1219 et
1227 1177 1311 1219 nisi
1338 1176 1604 1234 praeveneris
1635 1190 1708 1219 eos
1737 1176 1952 1232 velocius,

128 1236 298 1292 majora
324 1251 455 1293 quam
481 1237 578 1279 haec
604 1236 794 1291 facient,
818 1241 862 1278 et
886 1250 973 1279 non
996 1235 1157 1292 poteris
1183 1235 1381 1279 obtinere
1407 1250 1492 1279 eos.

186 1294 221 1322 ‘³⁸
240 1297 298 1339 Et
326 1296 462 1339 iratus
489 1301 554 1339 est
578 1309 655 1338 rex
680 1300 729 1337 ut
756 1295 853 1337 haec
885 1294 1081 1349 audivit3
1110 1300 1152 1338 et
1177 1294 1440 1337 convocavit
1466 1309 1616 1338 omnes
1640 1294 1807 1337 amicos
1833 1309 1953 1351 suos,

125 1361 169 1398 et
202 1355 422 1412 principes
455 1354 673 1398 exercitus
706 1354 794 1408 sui,
830 1359 873 1396 et
906 1367 978 1396 eos
1010 1353 1083 1408 qui
1120 1368 1249 1410 super
1281 1353 1449 1409 equites
1479 1360 1626 1409 erant,
1654 1352 1691 1380 ²⁹
1711 1353 1789 1396 sed
1823 1358 1866 1396 et
1901 1354 1955 1397 de

126 1414 273 1470 regnis
305 1413 427 1468 aliis,
466 1419 509 1457 et
545 1414 599 1456 de
635 1413 792 1455 insulis
829 1412 1088 1467 maritimis,
1121 1417 1338 1455 venerunt
1372 1412 1429 1455 ad
1463 1427 1563 1456 eum
1597 1412 1814 1456 exercitus
1853 1425 1953 1455 con-

126 1473 316 1518 ductitii.
352 1472 388 1499 30
414 1473 472 1514 Et
504 1478 597 1515 erat
625 1485 831 1514 numerus
869 1471 1088 1513 exercitus
1128 1471 1223 1526 ejus
1262 1476 1439 1514 centum
1480 1472 1621 1514 millia
1653 1471 1877 1527 peditum,
1913 1477 1956 1514 et

128 1531 288 1587 viginti
318 1531 460 1573 millia
485 1531 704 1586 equitum,
736 1535 780 1572 et
809 1529 1033 1585 elephanti
1058 1529 1244 1584 triginta
1267 1529 1352 1572 duo
1378 1529 1496 1573 docti
1521 1530 1579 1572 ad
1601 1530 1817 1586 praelium.
1841 1529 1874 1556 3¹
1899 1531 1956 1573 Et

127 1595 340 1633 venerunt
368 1603 444 1647 per
470 1589 741 1643 Idumaeam,
767 1593 811 1631 et
838 1587 1148 1644 applicuerunt
1179 1588 1236 1631 ad
1267 1588 1551 1644 Bethsuram,
1578 1594 1622 1631 et
1646 1594 1957 1645 pugnaverunt

126 1649 219 1692 dies
244 1648 427 1705 multos,
455 1653 499 1692 et
523 1648 727 1691 fecerunt
752 1646 1005 1700 machinas3
1031 1651 1074 1689 et
1095 1646 1316 1702 exierunt,
1340 1651 1384 1689 et
1405 1647 1728 1690 succenderunt
1751 1661 1823 1690 eas
1848 1647 1955 1703 igni,

127 1712 170 1751 et
194 1712 505 1765 pugnaverunt
529 1706 727 1750 viriliter.

184 1766 221 1794 3⁹2
238 1768 296 1810 Et
320 1766 500 1810 recessit
521 1767 550 1809 J
555 1765 663 1809 udas
688 1765 744 1808 ab
770 1780 889 1822 arce,
918 1771 960 1809 et
986 1765 1126 1809 movit
1151 1770 1295 1808 castra
1320 1765 1377 1808 ad
1410 1765 1781 1821 Bethzacharam,
1806 1770 1958 1808 contra

124 1832 270 1870 castra
301 1826 431 1882 regis.
469 1825 506 1852 33
535 1827 593 1868 Et
625 1824 815 1868 surrexit
846 1839 923 1868 rex
958 1830 1061 1867 ante
1094 1824 1262 1880 lucem,
1299 1829 1340 1867 et
1378 1823 1620 1867 concitavit
1657 1824 1875 1868 exercitus
1910 1824 1957 1867 in

124 1886 342 1943 impetum
375 1890 526 1929 contra
551 1885 671 1927 viam
705 1884 1080 1939 Bethzacharam3
1113 1889 1156 1927 et
1189 1888 1558 1940 comparaverunt
1585 1897 1632 1927 se
1665 1883 1882 1927 exercitus
1911 1883 1958 1926 in

125 1945 341 2002 praelium,
360 1950 403 1988 et
425 1944 544 1988 tubis
569 1943 847 1998 cecinerunt,
872 1943 908 1969 34
922 1949 965 1987 et
990 1943 1237 1999 elephantis
1261 1942 1549 1986 ostenderunt
1573 1943 1838 1999 sanguinem
1859 1957 1956 1985 uvae

125 2010 170 2048 et
195 2004 324 2060 mori,
347 2004 404 2047 ad
425 2003 646 2047 acuendos
672 2017 744 2046 eos
766 2002 812 2044 in
834 2002 1061 2059 praelium3
1086 2003 1122 2029 35
1140 2007 1184 2045 et
1206 2002 1452 2045 diviserunt
1469 2001 1634 2045 bestias
1652 2016 1729 2059 per
1746 2001 1956 2058 legiones,

125 2069 170 2107 et
193 2063 428 2107 astiterunt
450 2062 638 2119 singulis
663 2061 912 2118 elephantis
936 2062 1059 2105 mille
1076 2061 1159 2104 viri
1181 2061 1228 2104 in
1249 2061 1397 2104 loricis
1419 2061 1735 2117 concatenatis,
1756 2065 1799 2104 et
1816 2061 1957 2116 galeae

128 2137 253 2166 aereae
279 2122 324 2165 in
354 2122 575 2180 capitibus
597 2136 768 2176 eorum,
799 2125 843 2164 et
868 2121 1099 2176 quingenti
1129 2121 1298 2176 equites
1325 2120 1516 2163 ordinati
1541 2120 1776 2175 unicuique
1801 2119 1956 2162 bestiae

126 2182 254 2226 electi
284 2188 422 2225 erant.
449 2181 485 2208 36
505 2181 567 2223 Hi
597 2186 701 2223 ante
726 2185 900 2236 tempus
928 2179 1192 2235 ubicumque
1213 2184 1308 2222 erat
1329 2179 1492 2235 bestia,
1519 2179 1581 2221 ibi
1608 2184 1761 2234 erant3
1785 2183 1829 2222 et
1854 2193 1958 2234 quo-

127 2255 314 2296 cumque
343 2241 456 2296 ibat,
486 2240 633 2296 ibant,
665 2244 709 2282 et
744 2253 832 2281 non
869 2238 1159 2282 discedebant
1190 2239 1246 2280 ab
1280 2252 1344 2282 ea.
1370 2237 1405 2264 3⁷
1426 2238 1512 2281 Sed
1546 2243 1589 2280 et
1624 2243 1762 2280 turres
1795 2237 1957 2294 ligneae

124 2314 254 2357 super
279 2314 353 2343 eos
374 2300 513 2342 firmae
535 2303 815 2355 protegentes
840 2312 970 2354 super
993 2297 1191 2353 singulas
1210 2297 1399 2352 bestias;
1420 2301 1463 2340 et
1480 2311 1609 2353 super
1626 2311 1699 2339 eas
1722 2296 1956 2351 machinae,
1991 2307 1993 2311 ·

126 2365 170 2402 et
202 2373 332 2416 super
363 2358 563 2414 singulas
595 2358 679 2400 viri
712 2356 888 2399 virtutis
921 2356 1107 2412 triginta
1139 2357 1245 2412 duo,
1280 2356 1354 2412 qui
1388 2356 1649 2413 pugnabant
1678 2355 1883 2412 desuper,
1915 2360 1957 2398 et

127 2419 266 2461 Indus
299 2418 511 2474 magister
546 2417 715 2460 bestiae.
753 2416 789 2442 38
815 2416 874 2459 Et
901 2416 1126 2459 residuum
1158 2415 1405 2471 equitatum
1442 2415 1546 2457 hinc
1583 2420 1626 2458 et
1661 2414 1766 2458 inde
1800 2414 1958 2457 statuit

124 2478 171 2520 in
197 2477 306 2520 duas
339 2482 506 2534 partes,
533 2476 651 2519 tubis
681 2475 925 2519 exercitum
958 2489 1254 2531 commovere,
1283 2480 1326 2518 et
1354 2488 1587 2532 perurgere
1616 2473 1887 2530 constipatos
1912 2473 1957 2515 in

126 2537 375 2593 legionibus
402 2536 512 2592 ejus.
539 2535 576 2562 39
594 2536 652 2578 Et
681 2540 730 2577 ut
762 2534 938 2577 refulsit
962 2535 1028 2577 sol
1053 2534 1098 2576 in
1123 2533 1301 2591 clypeos
1329 2547 1484 2577 aureos
1512 2537 1557 2576 et
1583 2546 1738 2589 aereos,
1764 2533 1957 2589 resplen-

125 2596 317 2639 duerunt
353 2601 526 2638 montes
561 2595 617 2637 ab
656 2594 737 2649 eis,
773 2599 816 2636 et
855 2593 1220 2650 resplenduerunt
1254 2593 1370 2636 sicut
1405 2592 1633 2649 lampades
1668 2591 1800 2647 ignis.
1834 2590 1871 2618 40
1900 2593 1957 2634 Et

125 2655 338 2698 distincta
372 2659 438 2698 est
470 2669 570 2711 pars
604 2653 823 2697 exercitus
856 2652 971 2707 regis
1005 2667 1081 2709 per
1114 2657 1284 2695 montes
1315 2651 1531 2707 excelsos,
1567 2656 1610 2694 et
1641 2651 1730 2693 alia
1755 2665 1832 2707 per
1859 2650 1958 2693 loca

126 2714 336 2768 humilia,
363 2720 406 2757 et
433 2713 561 2756 ibant
586 2718 714 2755 caute
743 2716 786 2755 et
816 2711 1029 2755 ordinate.
1052 2711 1085 2737 4¹
1107 2711 1166 2754 Et
1190 2711 1582 2754 commove!›autur
1608 2724 1758 2753 omnes
1782 2709 1957 2752 inhabi-

125 2779 272 2816 tantes
298 2779 461 2816 terram
485 2787 511 2814 a
537 2785 644 2815 voce
671 2770 991 2826 multitudinis,
1022 2775 1066 2813 et
1089 2770 1264 2813 incessu
1290 2770 1452 2825 rurbaz,
1483 2778 1526 2812 et
1555 2769 1782 2812 collisione
1814 2783 1955 2811 armo-

126 2848 247 2887 rum3
272 2837 366 2876 erat
390 2832 509 2875 enim
535 2831 753 2874 exercitus
778 2844 965 2885 magnus
991 2829 1120 2872 valde
1143 2835 1186 2872 et
1210 2829 1354 2872 fortis.

184 2891 222 2918 42
239 2893 298 2935 Et
322 2890 604 2948 appropiavit
629 2890 657 2932 J
662 2889 772 2932 udas
793 2894 837 2932 et
861 2889 1080 2931 exercitus
1106 2889 1203 2944 ejus
1227 2889 1274 2930 in
1303 2888 1528 2945 praelium,
1555 2892 1600 2931 et
1625 2887 1879 2931 ceciderunt
1904 2886 1958 2930 de

124 2951 323 2995 exercitu
355 2950 471 3006 regis
505 2948 703 2993 sexcenti
733 2948 830 2991 viri.
864 2947 901 2974 43
930 2949 988 2990 Et
1020 2947 1133 2990 vidit
1167 2947 1363 3003 Eleazar,
1400 2946 1517 2990 filius
1544 2947 1703 3002 Saura,
1736 2960 1872 2989 unam
1904 2946 1957 2989 de

126 3010 281 3054 best-iis
310 3009 543 3054 loricatam
571 3008 717 3051 loricis
751 3007 895 3063 regis;
928 3012 972 3049 et
997 3011 1090 3049 erat
1114 3006 1313 3050 eminens
1342 3020 1473 3064 super
1501 3010 1668 3049 ceteras
1701 3005 1887 3060 bestias,
1915 3010 1957 3048 et

126 3070 272 3112 visum
294 3075 359 3113 est
388 3069 428 3112 ei
462 3068 578 3124 quod
605 3067 652 3110 in
678 3081 728 3110 ea
763 3070 877 3109 esset
908 3079 1009 3121 rex3
1041 3064 1076 3091 44
1102 3070 1146 3108 et
1182 3065 1305 3108 dedit
1340 3079 1386 3108 se
1423 3070 1472 3108 ut
1507 3064 1715 3108 liberaret
1742 3064 1957 3122 populum

122 3143 276 3184 suum,
302 3134 346 3172 et
370 3128 616 3184 acquireret
637 3126 721 3169 sibi
747 3139 906 3168 nomen
934 3130 1161 3167 aeternum.
1188 3124 1224 3151 45
1243 3126 1301 3168 Et
1325 3124 1517 3168 cucurrit
1537 3124 1593 3167 ad
1619 3138 1719 3167 eam
1747 3123 1958 3167 audacter

123 3188 173 3230 in
198 3187 343 3231 medio
368 3186 578 3243 legionis,
603 3185 873 3228 interficiens
894 3198 920 3226 a
946 3181 1113 3227 dextris
1153 3187 1198 3226 et
1229 3199 1256 3226 a
1283 3183 1493 3239 sinistris,
1517 3188 1560 3226 et
1582 3182 1801 3227 cadebant
1825 3183 1881 3225 ab
1907 3196 1956 3225 eo

128 3247 214 3290 huc
245 3251 377 3303 atque
408 3246 530 3290 illuc.
564 3245 601 3272 46
632 3246 688 3287 Et
716 3244 800 3286 ivit
831 3243 912 3285 sub
946 3242 1078 3299 pedes
1107 3243 1375 3300 elephantis,
1409 3248 1452 3286 et
1484 3242 1714 3299 supposuit
1747 3256 1793 3285 se
1822 3241 1881 3293 ei,
1913 3246 1956 3284 et

130 3305 292 3349 occidit
317 3320 442 3361 eum,
469 3310 514 3349 et
539 3304 700 3348 cecidit
728 3303 774 3345 in
801 3308 962 3345 terram
990 3316 1120 3358 super
1144 3301 1308 3359 ipsum,
1332 3307 1375 3346 et
1397 3306 1592 3346 mortuus
1619 3306 1684 3345 est
1708 3300 1815 3344 illic.
1838 3300 1872 3326 47
1900 3301 1956 3342 Et

129 3364 331 3408 videntes
366 3364 574 3408 virtutem
608 3363 746 3419 regis,
785 3367 828 3405 et
863 3361 1079 3417 impetum
1116 3361 1334 3404 exercitus
1368 3361 1486 3418 ejus,
1514 3360 1789 3404 diverterunt
1821 3374 1866 3403 se
1898 3359 1954 3402 ab

129 3438 205 3466 els.

188 3482 224 3509 ‘⁴⁸
242 3482 395 3527 Castra
420 3489 570 3527 autem
593 3482 708 3538 regis
730 3481 1023 3524 ascenderunt
1048 3485 1198 3523 contra
1225 3495 1296 3524 eos
1317 3481 1363 3523 in
1386 3480 1646 3535 Jerusalem,
1667 3484 1710 3523 et
1729 3478 1953 3536 applicue-

129 3546 231 3583 runt
256 3547 399 3585 castra
427 3542 543 3598 regis
572 3542 629 3585 ad
654 3541 862 3585 Judaeam
884 3546 927 3583 et
952 3545 1147 3583 montem
1173 3540 1290 3583 Sion.
1317 3539 1353 3566 49
1373 3541 1429 3582 Et
1452 3539 1564 3582 fecit
1588 3553 1743 3595 pacem
1765 3551 1866 3581 cum
1887 3537 1955 3581 his

129 3600 203 3656 qui
226 3605 351 3644 erant
374 3601 421 3644 in
447 3601 687 3656 Bethsura;
717 3606 759 3644 et
781 3599 979 3643 exierunt
1005 3598 1059 3642 de
1084 3598 1286 3654 civitate,
1310 3598 1413 3655 quia
1437 3612 1525 3641 non
1550 3602 1676 3641 erant
1700 3597 1762 3641 eis
1786 3596 1849 3640 ibi
1874 3595 1955 3640 ali-

2090 425 2196 453 Juuas

2076 467 2210 496 obsidet

2033 519 2141 540 arcem
2161 512 2248 540 Sion.

2041 718 2242 751 Antiochus.

2042 765 2181 792 vocatus
2201 765 2243 791 ab

2057 806 2206 836 obsessis
2218 828 2225 841 ,

2021 1318 2096 1338 cum
2130 1310 2259 1344 ingenti

2064 1354 2217 1383 exercitu

2076 1398 2207 1427 invadit

2039 1443 2187 1471 Judaeam
2208 1446 2243 1472 et

2076 1486 2208 1515 obsidet

2039 1531 2248 1560 Bethsuram.

2069 1780 2184 1806 Praeliu
2191 1786 2222 1806 m

2038 1823 2252 1851 memorabile

2050 1866 2082 1894 in
2103 1868 2239 1895 Betuzaa

2089 1911 2198 1940 chara.

2059 3495 2227 3524 Bethsura

2036 3539 2244 3572 comprehen-

2089 3582 2192 3612 ditur.
