<?xml version="1.0" encoding="UTF-8"?>
<!DOCTYPE html PUBLIC "-//W3C//DTD XHTML 1.0 Transitional//EN"
    "http://www.w3.org/TR/xhtml1/DTD/xhtml1-transitional.dtd">
<html xmlns="http://www.w3.org/1999/xhtml" xml:lang="en" lang="en">
 <head>
  <title>
</title>
<meta http-equiv="Content-Type" content="text/html;charset=utf-8" />
  <meta name='ocr-system' content='tesseract 3.04.00' />
  <meta name='ocr-capabilities' content='ocr_page ocr_carea ocr_par ocr_line ocrx_word'/>
</head>
<body>
  <div class='ocr_page' id='page_1' title='image "./bibliasacrajuxta00fill_0480.png"; bbox 0 0 2456 3861; ppageno 0'>
   <div class='ocr_carea' id='block_1_1' title="bbox 101 1838 327 1869">
    <p class='ocr_par' dir='ltr' id='par_1_1' title="bbox 101 1838 327 1869">
     <span class='ocr_line' id='line_1_1' title="bbox 101 1838 327 1869; baseline -0.004 0"><span class='ocrx_word' id='word_1_1' title='bbox 101 1838 327 1869; x_wconf 76' lang='lat' dir='ltr'>Introductio.</span> 
     </span>
    </p>
   </div>
   <div class='ocr_carea' id='block_1_2' title="bbox 117 2306 316 2380">
    <p class='ocr_par' dir='ltr' id='par_1_2' title="bbox 117 2306 316 2380">
     <span class='ocr_line' id='line_1_2' title="bbox 159 2306 283 2335; baseline 0.008 -1"><span class='ocrx_word' id='word_1_2' title='bbox 159 2306 283 2335; x_wconf 73' lang='lat' dir='ltr'>Incolae</span> 
     </span>
     <span class='ocr_line' id='line_1_3' title="bbox 117 2351 316 2380; baseline 0 -1"><span class='ocrx_word' id='word_1_3' title='bbox 117 2351 134 2379; x_wconf 83' lang='grc'>.]</span> <span class='ocrx_word' id='word_1_4' title='bbox 141 2351 316 2380; x_wconf 81' lang='lat' dir='ltr'>erusalem.</span> 
     </span>
    </p>
   </div>
   <div class='ocr_carea' id='block_1_3' title="bbox 393 105 1629 161">
    <p class='ocr_par' dir='ltr' id='par_1_3' title="bbox 393 105 1629 161">
     <span class='ocr_line' id='line_1_4' title="bbox 393 105 1629 161; baseline -0.003 -11"><span class='ocrx_word' id='word_1_5' title='bbox 393 108 480 151; x_wconf 77' lang='lat'>464</span> <span class='ocrx_word' id='word_1_6' title='bbox 999 105 1120 148; x_wconf 86' lang='lat' dir='ltr'>NEH.</span> <span class='ocrx_word' id='word_1_7' title='bbox 1155 105 1218 161; x_wconf 83' lang='lat' dir='ltr'>X,</span> <span class='ocrx_word' id='word_1_8' title='bbox 1253 105 1311 148; x_wconf 83' lang='lat'>33</span> <span class='ocrx_word' id='word_1_9' title='bbox 1343 130 1402 138; x_wconf 89' lang='lat'><em>-</em></span> <span class='ocrx_word' id='word_1_10' title='bbox 1433 105 1525 160; x_wconf 82' lang='lat' dir='ltr'>XI,</span> <span class='ocrx_word' id='word_1_11' title='bbox 1562 105 1629 147; x_wconf 88' lang='lat'>17.</span> 
     </span>
    </p>
   </div>
   <div class='ocr_carea' id='block_1_4' title="bbox 387 275 2244 1641">
    <p class='ocr_par' dir='ltr' id='par_1_4' title="bbox 387 275 2240 571">
     <span class='ocr_line' id='line_1_5' title="bbox 392 275 2238 333; baseline -0.001 -11"><span class='ocrx_word' id='word_1_12' title='bbox 392 284 637 323; x_wconf 74' lang='lat' dir='ltr'><strong>statuemus</strong></span> <span class='ocrx_word' id='word_1_13' title='bbox 670 290 801 333; x_wconf 89' lang='lat' dir='ltr'>super</span> <span class='ocrx_word' id='word_1_14' title='bbox 832 290 912 319; x_wconf 92' lang='lat' dir='ltr'>nos</span> <span class='ocrx_word' id='word_1_15' title='bbox 945 280 1194 333; x_wconf 88' lang='lat' dir='ltr'>praecepta,</span> <span class='ocrx_word' id='word_1_16' title='bbox 1230 280 1280 319; x_wconf 91' lang='lat' dir='ltr'>ut</span> <span class='ocrx_word' id='word_1_17' title='bbox 1315 276 1470 320; x_wconf 91' lang='lat' dir='ltr'>demus</span> <span class='ocrx_word' id='word_1_18' title='bbox 1507 276 1684 320; x_wconf 86' lang='lat' dir='ltr'>tertiam</span> <span class='ocrx_word' id='word_1_19' title='bbox 1718 281 1889 332; x_wconf 86' lang='lat' dir='ltr'>partem</span> <span class='ocrx_word' id='word_1_20' title='bbox 1923 275 2023 319; x_wconf 90' lang='lat' dir='ltr'>sicli</span> <span class='ocrx_word' id='word_1_21' title='bbox 2056 292 2132 333; x_wconf 87' lang='lat' dir='ltr'>per</span> <span class='ocrx_word' id='word_1_22' title='bbox 2160 292 2238 321; x_wconf 87' lang='lat' dir='ltr'>an-</span> 
     </span>
     <span class='ocr_line' id='line_1_6' title="bbox 391 333 2237 393; baseline 0 -13"><span class='ocrx_word' id='word_1_23' title='bbox 391 351 518 390; x_wconf 90' lang='lat' dir='ltr'>num,</span> <span class='ocrx_word' id='word_1_24' title='bbox 544 335 602 378; x_wconf 90' lang='lat' dir='ltr'>ad</span> <span class='ocrx_word' id='word_1_25' title='bbox 629 350 739 392; x_wconf 90' lang='lat' dir='ltr'>opus</span> <span class='ocrx_word' id='word_1_26' title='bbox 765 335 922 379; x_wconf 91' lang='lat' dir='ltr'>domus</span> <span class='ocrx_word' id='word_1_27' title='bbox 950 335 1034 379; x_wconf 91' lang='lat' dir='ltr'>Dei</span> <span class='ocrx_word' id='word_1_28' title='bbox 1060 335 1222 391; x_wconf 81' lang='lat' dir='ltr'>nostri,</span> <span class='ocrx_word' id='word_1_29' title='bbox 1253 334 1291 362; x_wconf 82' lang='lat'>33</span> <span class='ocrx_word' id='word_1_30' title='bbox 1312 335 1370 379; x_wconf 89' lang='lat' dir='ltr'>ad</span> <span class='ocrx_word' id='word_1_31' title='bbox 1398 349 1533 393; x_wconf 87' lang='lat' dir='ltr'>panes</span> <span class='ocrx_word' id='word_1_32' title='bbox 1560 333 1897 392; x_wconf 79' lang='lat' dir='ltr'>propositionis,</span> <span class='ocrx_word' id='word_1_33' title='bbox 1921 340 1965 378; x_wconf 93' lang='lat' dir='ltr'>et</span> <span class='ocrx_word' id='word_1_34' title='bbox 1989 335 2047 379; x_wconf 90' lang='lat' dir='ltr'>ad</span> <span class='ocrx_word' id='word_1_35' title='bbox 2072 336 2237 380; x_wconf 87' lang='lat' dir='ltr'>sacrifi-</span> 
     </span>
     <span class='ocr_line' id='line_1_7' title="bbox 391 393 2238 452; baseline 0 -13"><span class='ocrx_word' id='word_1_36' title='bbox 391 396 509 439; x_wconf 83' lang='lat' dir='ltr'>cium</span> <span class='ocrx_word' id='word_1_37' title='bbox 542 395 885 452; x_wconf 84' lang='lat' dir='ltr'>sempiternum,</span> <span class='ocrx_word' id='word_1_38' title='bbox 923 399 967 438; x_wconf 92' lang='lat' dir='ltr'>et</span> <span class='ocrx_word' id='word_1_39' title='bbox 995 394 1043 438; x_wconf 87' lang='lat' dir='ltr'>in</span> <span class='ocrx_word' id='word_1_40' title='bbox 1076 394 1392 438; x_wconf 85' lang='lat' dir='ltr'>holocaustum</span> <span class='ocrx_word' id='word_1_41' title='bbox 1427 395 1748 452; x_wconf 88' lang='lat' dir='ltr'>sempiternum</span> <span class='ocrx_word' id='word_1_42' title='bbox 1773 393 1821 436; x_wconf 90' lang='lat' dir='ltr'>in</span> <span class='ocrx_word' id='word_1_43' title='bbox 1854 394 2066 450; x_wconf 78' lang='lat' dir='ltr'>sabbatis,</span> <span class='ocrx_word' id='word_1_44' title='bbox 2093 395 2139 438; x_wconf 91' lang='lat' dir='ltr'>in</span> <span class='ocrx_word' id='word_1_45' title='bbox 2164 410 2238 440; x_wconf 88' lang='lat' dir='ltr'>ca-</span> 
     </span>
     <span class='ocr_line' id='line_1_8' title="bbox 388 453 2240 511; baseline 0.001 -14"><span class='ocrx_word' id='word_1_46' title='bbox 388 454 554 509; x_wconf 84' lang='lat' dir='ltr'>lendis,</span> <span class='ocrx_word' id='word_1_47' title='bbox 580 454 627 497; x_wconf 89' lang='lat' dir='ltr'>in</span> <span class='ocrx_word' id='word_1_48' title='bbox 652 454 1033 511; x_wconf 78' lang='lat' dir='ltr'>solemnitatibus,</span> <span class='ocrx_word' id='word_1_49' title='bbox 1063 459 1106 498; x_wconf 87' lang='lat' dir='ltr'>et</span> <span class='ocrx_word' id='word_1_50' title='bbox 1131 453 1179 497; x_wconf 93' lang='lat' dir='ltr'>in</span> <span class='ocrx_word' id='word_1_51' title='bbox 1207 454 1522 509; x_wconf 85' lang='lat' dir='ltr'>sanctificatis,</span> <span class='ocrx_word' id='word_1_52' title='bbox 1549 459 1593 497; x_wconf 88' lang='lat' dir='ltr'>et</span> <span class='ocrx_word' id='word_1_53' title='bbox 1618 467 1696 510; x_wconf 89' lang='lat' dir='ltr'>pro</span> <span class='ocrx_word' id='word_1_54' title='bbox 1727 458 1933 510; x_wconf 86' lang='lat' dir='ltr'>peccato,</span> <span class='ocrx_word' id='word_1_55' title='bbox 1959 458 2008 496; x_wconf 92' lang='lat' dir='ltr'>ut</span> <span class='ocrx_word' id='word_1_56' title='bbox 2034 459 2240 498; x_wconf 80' lang='lat' dir='ltr'>exoretur</span> 
     </span>
     <span class='ocr_line' id='line_1_9' title="bbox 387 512 1630 571; baseline 0 -16"><span class='ocrx_word' id='word_1_57' title='bbox 387 527 465 571; x_wconf 91' lang='lat' dir='ltr'>pro</span> <span class='ocrx_word' id='word_1_58' title='bbox 492 512 653 568; x_wconf 82' lang='lat' dir='ltr'>Israel,</span> <span class='ocrx_word' id='word_1_59' title='bbox 681 519 725 557; x_wconf 90' lang='lat' dir='ltr'>et</span> <span class='ocrx_word' id='word_1_60' title='bbox 747 513 796 556; x_wconf 90' lang='lat' dir='ltr'>in</span> <span class='ocrx_word' id='word_1_61' title='bbox 818 527 997 557; x_wconf 89' lang='lat' dir='ltr'>omnem</span> <span class='ocrx_word' id='word_1_62' title='bbox 1025 527 1155 557; x_wconf 89' lang='lat' dir='ltr'>usum</span> <span class='ocrx_word' id='word_1_63' title='bbox 1183 513 1342 557; x_wconf 89' lang='lat' dir='ltr'>domus</span> <span class='ocrx_word' id='word_1_64' title='bbox 1368 513 1452 558; x_wconf 90' lang='lat' dir='ltr'>Dei</span> <span class='ocrx_word' id='word_1_65' title='bbox 1477 513 1630 557; x_wconf 88' lang='lat' dir='ltr'>nostri.</span> 
     </span>
    </p>

    <p class='ocr_par' dir='ltr' id='par_1_5' title="bbox 395 574 2244 1641">
     <span class='ocr_line' id='line_1_10' title="bbox 456 574 2239 632; baseline 0 -12"><span class='ocrx_word' id='word_1_66' title='bbox 456 575 492 603; x_wconf 75' lang='lat'>34</span> <span class='ocrx_word' id='word_1_67' title='bbox 515 578 660 621; x_wconf 79' lang='lat' dir='ltr'>Sortes</span> <span class='ocrx_word' id='word_1_68' title='bbox 687 590 791 631; x_wconf 88' lang='lat' dir='ltr'>ergo</span> <span class='ocrx_word' id='word_1_69' title='bbox 816 575 1019 619; x_wconf 89' lang='lat' dir='ltr'>misimus</span> <span class='ocrx_word' id='word_1_70' title='bbox 1044 590 1174 632; x_wconf 88' lang='lat' dir='ltr'>super</span> <span class='ocrx_word' id='word_1_71' title='bbox 1199 575 1471 619; x_wconf 89' lang='lat' dir='ltr'>oblationem</span> <span class='ocrx_word' id='word_1_72' title='bbox 1500 574 1725 631; x_wconf 87' lang='lat' dir='ltr'>lignorum</span> <span class='ocrx_word' id='word_1_73' title='bbox 1750 575 1867 618; x_wconf 93' lang='lat' dir='ltr'>inter</span> <span class='ocrx_word' id='word_1_74' title='bbox 1895 575 2169 632; x_wconf 83' lang='lat' dir='ltr'>sacerdotes,</span> <span class='ocrx_word' id='word_1_75' title='bbox 2193 580 2239 620; x_wconf 89' lang='lat' dir='ltr'>et</span> 
     </span>
     <span class='ocr_line' id='line_1_11' title="bbox 395 633 2237 692; baseline -0.001 -13"><span class='ocrx_word' id='word_1_76' title='bbox 395 635 578 691; x_wconf 80' lang='lat' dir='ltr'>levitas,</span> <span class='ocrx_word' id='word_1_77' title='bbox 603 640 646 677; x_wconf 86' lang='lat' dir='ltr'>et</span> <span class='ocrx_word' id='word_1_78' title='bbox 675 634 907 691; x_wconf 87' lang='lat' dir='ltr'>populum,</span> <span class='ocrx_word' id='word_1_79' title='bbox 937 639 987 677; x_wconf 91' lang='lat' dir='ltr'>ut</span> <span class='ocrx_word' id='word_1_80' title='bbox 1014 634 1287 677; x_wconf 74' lang='lat' dir='ltr'>inferrentur</span> <span class='ocrx_word' id='word_1_81' title='bbox 1311 633 1359 676; x_wconf 92' lang='lat' dir='ltr'>in</span> <span class='ocrx_word' id='word_1_82' title='bbox 1389 634 1569 677; x_wconf 91' lang='lat' dir='ltr'>domum</span> <span class='ocrx_word' id='word_1_83' title='bbox 1597 633 1679 677; x_wconf 89' lang='lat' dir='ltr'>Dei</span> <span class='ocrx_word' id='word_1_84' title='bbox 1710 634 1850 676; x_wconf 85' lang='lat' dir='ltr'>nostri</span> <span class='ocrx_word' id='word_1_85' title='bbox 1879 648 1957 691; x_wconf 92' lang='lat' dir='ltr'>per</span> <span class='ocrx_word' id='word_1_86' title='bbox 1983 634 2135 678; x_wconf 90' lang='lat' dir='ltr'>domos</span> <span class='ocrx_word' id='word_1_87' title='bbox 2161 649 2237 692; x_wconf 88' lang='lat' dir='ltr'>pa-</span> 
     </span>
     <span class='ocr_line' id='line_1_12' title="bbox 395 692 2237 750; baseline -0.002 -12"><span class='ocrx_word' id='word_1_88' title='bbox 395 700 513 738; x_wconf 89' lang='lat' dir='ltr'>trum</span> <span class='ocrx_word' id='word_1_89' title='bbox 538 699 808 749; x_wconf 89' lang='lat' dir='ltr'>nostrorum,</span> <span class='ocrx_word' id='word_1_90' title='bbox 831 708 910 750; x_wconf 89' lang='lat' dir='ltr'>per</span> <span class='ocrx_word' id='word_1_91' title='bbox 929 699 1151 750; x_wconf 88' lang='lat' dir='ltr'>tempora,</span> <span class='ocrx_word' id='word_1_92' title='bbox 1173 708 1200 736; x_wconf 92' lang='lat' dir='ltr'>a</span> <span class='ocrx_word' id='word_1_93' title='bbox 1220 693 1494 750; x_wconf 86' lang='lat' dir='ltr'>temporibus</span> <span class='ocrx_word' id='word_1_94' title='bbox 1520 693 1625 736; x_wconf 87' lang='lat' dir='ltr'>anni</span> <span class='ocrx_word' id='word_1_95' title='bbox 1647 707 1783 748; x_wconf 88' lang='lat' dir='ltr'>usque</span> <span class='ocrx_word' id='word_1_96' title='bbox 1805 692 1861 735; x_wconf 86' lang='lat' dir='ltr'>ad</span> <span class='ocrx_word' id='word_1_97' title='bbox 1884 707 2072 749; x_wconf 88' lang='lat' dir='ltr'>annum,</span> <span class='ocrx_word' id='word_1_98' title='bbox 2100 699 2149 736; x_wconf 92' lang='lat' dir='ltr'>ut</span> <span class='ocrx_word' id='word_1_99' title='bbox 2170 709 2237 736; x_wconf 85' lang='lat' dir='ltr'>ar-</span> 
     </span>
     <span class='ocr_line' id='line_1_13' title="bbox 397 752 2234 810; baseline -0.001 -12"><span class='ocrx_word' id='word_1_100' title='bbox 397 755 552 798; x_wconf 89' lang='lat' dir='ltr'>derent</span> <span class='ocrx_word' id='word_1_101' title='bbox 576 768 706 810; x_wconf 91' lang='lat' dir='ltr'>super</span> <span class='ocrx_word' id='word_1_102' title='bbox 726 753 866 796; x_wconf 88' lang='lat' dir='ltr'>altare</span> <span class='ocrx_word' id='word_1_103' title='bbox 895 753 1075 796; x_wconf 91' lang='lat' dir='ltr'>Domini</span> <span class='ocrx_word' id='word_1_104' title='bbox 1099 753 1182 797; x_wconf 89' lang='lat' dir='ltr'>Dei</span> <span class='ocrx_word' id='word_1_105' title='bbox 1209 752 1367 809; x_wconf 89' lang='lat' dir='ltr'>nostri,</span> <span class='ocrx_word' id='word_1_106' title='bbox 1391 753 1505 795; x_wconf 87' lang='lat' dir='ltr'>sicut</span> <span class='ocrx_word' id='word_1_107' title='bbox 1538 752 1753 809; x_wconf 85' lang='lat' dir='ltr'>scriptum</span> <span class='ocrx_word' id='word_1_108' title='bbox 1775 757 1842 795; x_wconf 89' lang='lat' dir='ltr'>est</span> <span class='ocrx_word' id='word_1_109' title='bbox 1868 752 1915 795; x_wconf 91' lang='lat' dir='ltr'>in</span> <span class='ocrx_word' id='word_1_110' title='bbox 1942 752 2040 808; x_wconf 87' lang='lat' dir='ltr'>lege</span> <span class='ocrx_word' id='word_1_111' title='bbox 2065 753 2234 809; x_wconf 64' lang='lat' dir='ltr'>Moysi,</span> 
     </span>
     <span class='ocr_line' id='line_1_14' title="bbox 396 811 2238 870; baseline -0.002 -13"><span class='ocrx_word' id='word_1_112' title='bbox 396 814 432 841; x_wconf 77' lang='lat'>35</span> <span class='ocrx_word' id='word_1_113' title='bbox 455 819 498 857; x_wconf 91' lang='lat' dir='ltr'>et</span> <span class='ocrx_word' id='word_1_114' title='bbox 524 819 573 857; x_wconf 91' lang='lat' dir='ltr'>ut</span> <span class='ocrx_word' id='word_1_115' title='bbox 606 813 867 856; x_wconf 84' lang='lat' dir='ltr'>afferremus</span> <span class='ocrx_word' id='word_1_116' title='bbox 892 812 1191 870; x_wconf 86' lang='lat' dir='ltr'>primogenita</span> <span class='ocrx_word' id='word_1_117' title='bbox 1222 817 1350 854; x_wconf 87' lang='lat' dir='ltr'>terrae</span> <span class='ocrx_word' id='word_1_118' title='bbox 1379 816 1564 867; x_wconf 86' lang='lat' dir='ltr'>nostrae,</span> <span class='ocrx_word' id='word_1_119' title='bbox 1593 816 1636 855; x_wconf 93' lang='lat' dir='ltr'>et</span> <span class='ocrx_word' id='word_1_120' title='bbox 1664 811 1894 868; x_wconf 90' lang='lat' dir='ltr'>primitiva</span> <span class='ocrx_word' id='word_1_121' title='bbox 1923 811 2117 855; x_wconf 90' lang='lat' dir='ltr'>universi</span> <span class='ocrx_word' id='word_1_122' title='bbox 2143 812 2238 855; x_wconf 76' lang='lat' dir='ltr'>fru-</span> 
     </span>
     <span class='ocr_line' id='line_1_15' title="bbox 397 870 2239 929; baseline -0.001 -13"><span class='ocrx_word' id='word_1_123' title='bbox 397 878 493 917; x_wconf 88' lang='lat' dir='ltr'>ctus</span> <span class='ocrx_word' id='word_1_124' title='bbox 520 872 663 916; x_wconf 89' lang='lat' dir='ltr'>omnis</span> <span class='ocrx_word' id='word_1_125' title='bbox 686 872 799 929; x_wconf 88' lang='lat' dir='ltr'>ligni</span> <span class='ocrx_word' id='word_1_126' title='bbox 821 872 878 916; x_wconf 89' lang='lat' dir='ltr'>ab</span> <span class='ocrx_word' id='word_1_127' title='bbox 904 886 1021 915; x_wconf 88' lang='lat' dir='ltr'>anno</span> <span class='ocrx_word' id='word_1_128' title='bbox 1041 872 1088 914; x_wconf 92' lang='lat' dir='ltr'>in</span> <span class='ocrx_word' id='word_1_129' title='bbox 1111 886 1290 927; x_wconf 87' lang='lat' dir='ltr'>annum,</span> <span class='ocrx_word' id='word_1_130' title='bbox 1313 871 1361 913; x_wconf 90' lang='lat' dir='ltr'>in</span> <span class='ocrx_word' id='word_1_131' title='bbox 1387 870 1517 914; x_wconf 90' lang='lat' dir='ltr'>domo</span> <span class='ocrx_word' id='word_1_132' title='bbox 1537 871 1732 927; x_wconf 89' lang='lat' dir='ltr'>Domini,</span> <span class='ocrx_word' id='word_1_133' title='bbox 1749 871 1786 898; x_wconf 76' lang='lat' dir='ltr'>3ss</span> <span class='ocrx_word' id='word_1_134' title='bbox 1805 876 1849 914; x_wconf 91' lang='lat' dir='ltr'>et</span> <span class='ocrx_word' id='word_1_135' title='bbox 1874 870 2105 928; x_wconf 81' lang='lat' dir='ltr'>primitiva</span> <span class='ocrx_word' id='word_1_136' title='bbox 2125 870 2239 914; x_wconf 90' lang='lat' dir='ltr'>filio—</span> 
     </span>
     <span class='ocr_line' id='line_1_16' title="bbox 396 929 2241 989; baseline -0.001 -14"><span class='ocrx_word' id='word_1_137' title='bbox 396 947 494 976; x_wconf 88' lang='lat' dir='ltr'>rum</span> <span class='ocrx_word' id='word_1_138' title='bbox 520 938 769 975; x_wconf 89' lang='lat' dir='ltr'>nostrorum</span> <span class='ocrx_word' id='word_1_139' title='bbox 795 937 839 976; x_wconf 92' lang='lat' dir='ltr'>et</span> <span class='ocrx_word' id='word_1_140' title='bbox 870 946 1078 989; x_wconf 88' lang='lat' dir='ltr'>pecorum</span> <span class='ocrx_word' id='word_1_141' title='bbox 1100 936 1369 985; x_wconf 88' lang='lat' dir='ltr'>nostrorum,</span> <span class='ocrx_word' id='word_1_142' title='bbox 1397 929 1513 973; x_wconf 89' lang='lat' dir='ltr'>sicut</span> <span class='ocrx_word' id='word_1_143' title='bbox 1537 930 1752 987; x_wconf 88' lang='lat' dir='ltr'>scriptum</span> <span class='ocrx_word' id='word_1_144' title='bbox 1779 935 1845 974; x_wconf 89' lang='lat' dir='ltr'>est</span> <span class='ocrx_word' id='word_1_145' title='bbox 1868 930 1916 973; x_wconf 88' lang='lat' dir='ltr'>in</span> <span class='ocrx_word' id='word_1_146' title='bbox 1941 930 2061 986; x_wconf 90' lang='lat' dir='ltr'>lege,</span> <span class='ocrx_word' id='word_1_147' title='bbox 2085 934 2130 973; x_wconf 90' lang='lat' dir='ltr'>et</span> <span class='ocrx_word' id='word_1_148' title='bbox 2149 930 2241 986; x_wconf 85' lang='lat' dir='ltr'>pri-</span> 
     </span>
     <span class='ocr_line' id='line_1_17' title="bbox 396 989 2240 1046; baseline -0.002 -11"><span class='ocrx_word' id='word_1_149' title='bbox 396 992 556 1035; x_wconf 84' lang='lat' dir='ltr'>mitiva</span> <span class='ocrx_word' id='word_1_150' title='bbox 580 991 714 1034; x_wconf 88' lang='lat' dir='ltr'>boum</span> <span class='ocrx_word' id='word_1_151' title='bbox 739 996 1008 1046; x_wconf 84' lang='lat' dir='ltr'>nostrorum,</span> <span class='ocrx_word' id='word_1_152' title='bbox 1034 996 1077 1034; x_wconf 90' lang='lat' dir='ltr'>et</span> <span class='ocrx_word' id='word_1_153' title='bbox 1105 990 1253 1033; x_wconf 89' lang='lat' dir='ltr'>ovium</span> <span class='ocrx_word' id='word_1_154' title='bbox 1275 995 1545 1045; x_wconf 87' lang='lat' dir='ltr'>nostrarum,</span> <span class='ocrx_word' id='word_1_155' title='bbox 1573 994 1622 1032; x_wconf 91' lang='lat' dir='ltr'>ut</span> <span class='ocrx_word' id='word_1_156' title='bbox 1647 989 1914 1033; x_wconf 81' lang='lat' dir='ltr'>offerrentur</span> <span class='ocrx_word' id='word_1_157' title='bbox 1933 990 1981 1032; x_wconf 91' lang='lat' dir='ltr'>in</span> <span class='ocrx_word' id='word_1_158' title='bbox 2001 990 2132 1033; x_wconf 91' lang='lat' dir='ltr'>domo</span> <span class='ocrx_word' id='word_1_159' title='bbox 2155 989 2240 1033; x_wconf 76' lang='lat' dir='ltr'>Dei</span> 
     </span>
     <span class='ocr_line' id='line_1_18' title="bbox 397 1047 2242 1107; baseline -0.001 -13"><span class='ocrx_word' id='word_1_160' title='bbox 397 1051 555 1107; x_wconf 91' lang='lat' dir='ltr'>nostri,</span> <span class='ocrx_word' id='word_1_161' title='bbox 593 1051 895 1094; x_wconf 87' lang='lat' dir='ltr'>sacerdotibus</span> <span class='ocrx_word' id='word_1_162' title='bbox 929 1050 1003 1106; x_wconf 86' lang='lat' dir='ltr'>qui</span> <span class='ocrx_word' id='word_1_163' title='bbox 1033 1049 1290 1092; x_wconf 86' lang='lat' dir='ltr'>ministrant</span> <span class='ocrx_word' id='word_1_164' title='bbox 1321 1048 1369 1090; x_wconf 91' lang='lat' dir='ltr'>in</span> <span class='ocrx_word' id='word_1_165' title='bbox 1403 1047 1533 1091; x_wconf 89' lang='lat' dir='ltr'>domo</span> <span class='ocrx_word' id='word_1_166' title='bbox 1570 1048 1653 1092; x_wconf 90' lang='lat' dir='ltr'>Dei</span> <span class='ocrx_word' id='word_1_167' title='bbox 1678 1049 1842 1104; x_wconf 87' lang='lat' dir='ltr'>nostri;</span> <span class='ocrx_word' id='word_1_168' title='bbox 1878 1049 1913 1076; x_wconf 87' lang='lat'>3⁷</span> <span class='ocrx_word' id='word_1_169' title='bbox 1944 1054 1989 1092; x_wconf 90' lang='lat' dir='ltr'>et</span> <span class='ocrx_word' id='word_1_170' title='bbox 2016 1049 2242 1106; x_wconf 86' lang='lat' dir='ltr'>primitias·</span> 
     </span>
     <span class='ocr_line' id='line_1_19' title="bbox 398 1108 2239 1165; baseline -0.001 -11"><span class='ocrx_word' id='word_1_171' title='bbox 398 1110 597 1154; x_wconf 89' lang='lat' dir='ltr'>ciborum</span> <span class='ocrx_word' id='word_1_172' title='bbox 620 1115 880 1165; x_wconf 89' lang='lat' dir='ltr'>nostrorum,</span> <span class='ocrx_word' id='word_1_173' title='bbox 905 1115 948 1153; x_wconf 94' lang='lat' dir='ltr'>et</span> <span class='ocrx_word' id='word_1_174' title='bbox 970 1108 1236 1151; x_wconf 82' lang='lat' dir='ltr'>libaminum</span> <span class='ocrx_word' id='word_1_175' title='bbox 1257 1113 1521 1163; x_wconf 90' lang='lat' dir='ltr'>nostrorum,</span> <span class='ocrx_word' id='word_1_176' title='bbox 1541 1112 1585 1151; x_wconf 90' lang='lat' dir='ltr'>et</span> <span class='ocrx_word' id='word_1_177' title='bbox 1610 1121 1742 1164; x_wconf 91' lang='lat' dir='ltr'>poma</span> <span class='ocrx_word' id='word_1_178' title='bbox 1765 1108 1907 1151; x_wconf 90' lang='lat' dir='ltr'>omnis</span> <span class='ocrx_word' id='word_1_179' title='bbox 1933 1108 2059 1165; x_wconf 89' lang='lat' dir='ltr'>ligni,</span> <span class='ocrx_word' id='word_1_180' title='bbox 2083 1108 2239 1152; x_wconf 88' lang='lat' dir='ltr'>vinde-</span> 
     </span>
     <span class='ocr_line' id='line_1_20' title="bbox 397 1166 2238 1226; baseline -0.001 -13"><span class='ocrx_word' id='word_1_181' title='bbox 397 1170 500 1212; x_wconf 86' lang='lat' dir='ltr'>miae</span> <span class='ocrx_word' id='word_1_182' title='bbox 524 1184 715 1226; x_wconf 87' lang='lat' dir='ltr'>quoque,</span> <span class='ocrx_word' id='word_1_183' title='bbox 739 1174 783 1212; x_wconf 91' lang='lat' dir='ltr'>et</span> <span class='ocrx_word' id='word_1_184' title='bbox 806 1169 903 1224; x_wconf 89' lang='lat' dir='ltr'>olei,</span> <span class='ocrx_word' id='word_1_185' title='bbox 922 1168 1162 1211; x_wconf 82' lang='lat' dir='ltr'>afferemus</span> <span class='ocrx_word' id='word_1_186' title='bbox 1185 1166 1489 1210; x_wconf 88' lang='lat' dir='ltr'>sacerdotibus</span> <span class='ocrx_word' id='word_1_187' title='bbox 1511 1166 1567 1209; x_wconf 87' lang='lat' dir='ltr'>ad</span> <span class='ocrx_word' id='word_1_188' title='bbox 1587 1167 1959 1224; x_wconf 77' lang='lat' dir='ltr'>gazophylacium</span> <span class='ocrx_word' id='word_1_189' title='bbox 1983 1168 2065 1211; x_wconf 88' lang='lat' dir='ltr'>Dei</span> <span class='ocrx_word' id='word_1_190' title='bbox 2084 1168 2238 1225; x_wconf 84' lang='lat' dir='ltr'>nostri,</span> 
     </span>
     <span class='ocr_line' id='line_1_21' title="bbox 398 1225 2241 1284; baseline -0.002 -12"><span class='ocrx_word' id='word_1_191' title='bbox 398 1235 441 1272; x_wconf 89' lang='lat' dir='ltr'>et</span> <span class='ocrx_word' id='word_1_192' title='bbox 467 1229 688 1272; x_wconf 85' lang='lat' dir='ltr'>decimam</span> <span class='ocrx_word' id='word_1_193' title='bbox 710 1233 884 1284; x_wconf 89' lang='lat' dir='ltr'>partem</span> <span class='ocrx_word' id='word_1_194' title='bbox 905 1232 1033 1271; x_wconf 86' lang='lat' dir='ltr'>terrae</span> <span class='ocrx_word' id='word_1_195' title='bbox 1058 1231 1221 1270; x_wconf 89' lang='lat' dir='ltr'>nostrae</span> <span class='ocrx_word' id='word_1_196' title='bbox 1247 1226 1409 1270; x_wconf 89' lang='lat' dir='ltr'>levitis.</span> <span class='ocrx_word' id='word_1_197' title='bbox 1438 1225 1530 1283; x_wconf 91' lang='lat' dir='ltr'>Ipsi</span> <span class='ocrx_word' id='word_1_198' title='bbox 1549 1226 1700 1270; x_wconf 88' lang='lat' dir='ltr'>levitae</span> <span class='ocrx_word' id='word_1_199' title='bbox 1724 1226 1922 1270; x_wconf 89' lang='lat' dir='ltr'>decimas</span> <span class='ocrx_word' id='word_1_200' title='bbox 1942 1227 2168 1284; x_wconf 88' lang='lat' dir='ltr'>accipient</span> <span class='ocrx_word' id='word_1_201' title='bbox 2185 1241 2241 1271; x_wconf 81' lang='lat' dir='ltr'>ex</span> 
     </span>
     <span class='ocr_line' id='line_1_22' title="bbox 398 1285 2240 1343; baseline -0.001 -12"><span class='ocrx_word' id='word_1_202' title='bbox 398 1288 602 1331; x_wconf 90' lang='lat' dir='ltr'>omnibus</span> <span class='ocrx_word' id='word_1_203' title='bbox 617 1287 876 1331; x_wconf 85' lang='lat' dir='ltr'>civitatibus</span> <span class='ocrx_word' id='word_1_204' title='bbox 895 1301 1076 1343; x_wconf 91' lang='lat' dir='ltr'>operum</span> <span class='ocrx_word' id='word_1_205' title='bbox 1097 1291 1361 1330; x_wconf 86' lang='lat' dir='ltr'>nostrorum.</span> <span class='ocrx_word' id='word_1_206' title='bbox 1383 1285 1420 1312; x_wconf 77' lang='lat'>38</span> <span class='ocrx_word' id='word_1_207' title='bbox 1439 1286 1536 1329; x_wconf 90' lang='lat' dir='ltr'>Erit</span> <span class='ocrx_word' id='word_1_208' title='bbox 1554 1290 1703 1329; x_wconf 89' lang='lat' dir='ltr'>autem</span> <span class='ocrx_word' id='word_1_209' title='bbox 1726 1286 1931 1329; x_wconf 83' lang='lat' dir='ltr'>sacerdos</span> <span class='ocrx_word' id='word_1_210' title='bbox 1952 1286 2070 1329; x_wconf 88' lang='lat' dir='ltr'>filius</span> <span class='ocrx_word' id='word_1_211' title='bbox 2088 1286 2240 1330; x_wconf 87' lang='lat' dir='ltr'>Aaron</span> 
     </span>
     <span class='ocr_line' id='line_1_23' title="bbox 397 1345 2239 1403; baseline -0.001 -13"><span class='ocrx_word' id='word_1_212' title='bbox 397 1362 498 1390; x_wconf 91' lang='lat' dir='ltr'>cum</span> <span class='ocrx_word' id='word_1_213' title='bbox 521 1347 669 1391; x_wconf 88' lang='lat' dir='ltr'>levitis</span> <span class='ocrx_word' id='word_1_214' title='bbox 694 1346 741 1389; x_wconf 91' lang='lat' dir='ltr'>in</span> <span class='ocrx_word' id='word_1_215' title='bbox 760 1346 944 1389; x_wconf 87' lang='lat' dir='ltr'>decimis</span> <span class='ocrx_word' id='word_1_216' title='bbox 962 1346 1200 1390; x_wconf 88' lang='lat' dir='ltr'>levitarum</span> <span class='ocrx_word' id='word_1_217' title='bbox 1216 1363 1225 1402; x_wconf 80' lang='lat'>3</span> <span class='ocrx_word' id='word_1_218' title='bbox 1250 1350 1294 1389; x_wconf 93' lang='lat' dir='ltr'>et</span> <span class='ocrx_word' id='word_1_219' title='bbox 1310 1345 1461 1389; x_wconf 81' lang='lat' dir='ltr'>levitae</span> <span class='ocrx_word' id='word_1_220' title='bbox 1481 1345 1671 1389; x_wconf 81' lang='lat' dir='ltr'>offerent</span> <span class='ocrx_word' id='word_1_221' title='bbox 1689 1345 1911 1389; x_wconf 85' lang='lat' dir='ltr'>decimam</span> <span class='ocrx_word' id='word_1_222' title='bbox 1928 1351 2102 1403; x_wconf 89' lang='lat' dir='ltr'>partem</span> <span class='ocrx_word' id='word_1_223' title='bbox 2121 1345 2239 1389; x_wconf 86' lang='lat' dir='ltr'>deci-</span> 
     </span>
     <span class='ocr_line' id='line_1_24' title="bbox 397 1405 2240 1462; baseline -0.001 -12"><span class='ocrx_word' id='word_1_224' title='bbox 397 1421 483 1450; x_wconf 90' lang='lat' dir='ltr'>mae</span> <span class='ocrx_word' id='word_1_225' title='bbox 504 1421 596 1450; x_wconf 89' lang='lat' dir='ltr'>suae</span> <span class='ocrx_word' id='word_1_226' title='bbox 617 1407 664 1449; x_wconf 89' lang='lat' dir='ltr'>in</span> <span class='ocrx_word' id='word_1_227' title='bbox 687 1406 817 1450; x_wconf 93' lang='lat' dir='ltr'>domo</span> <span class='ocrx_word' id='word_1_228' title='bbox 845 1405 929 1449; x_wconf 88' lang='lat' dir='ltr'>Dei</span> <span class='ocrx_word' id='word_1_229' title='bbox 950 1406 1108 1462; x_wconf 86' lang='lat' dir='ltr'>nostri,</span> <span class='ocrx_word' id='word_1_230' title='bbox 1136 1405 1192 1448; x_wconf 90' lang='lat' dir='ltr'>ad</span> <span class='ocrx_word' id='word_1_231' title='bbox 1215 1405 1588 1462; x_wconf 87' lang='lat' dir='ltr'>gazophylacium</span> <span class='ocrx_word' id='word_1_232' title='bbox 1609 1405 1655 1448; x_wconf 91' lang='lat' dir='ltr'>in</span> <span class='ocrx_word' id='word_1_233' title='bbox 1678 1405 1861 1448; x_wconf 91' lang='lat' dir='ltr'>domum</span> <span class='ocrx_word' id='word_1_234' title='bbox 1882 1405 2079 1448; x_wconf 86' lang='lat' dir='ltr'>thesauri</span> <span class='ocrx_word' id='word_1_235' title='bbox 2099 1422 2108 1460; x_wconf 80' lang='lat'><em>3</em></span> <span class='ocrx_word' id='word_1_236' title='bbox 2129 1405 2166 1432; x_wconf 80' lang='lat'>39</span> <span class='ocrx_word' id='word_1_237' title='bbox 2182 1405 2240 1448; x_wconf 89' lang='lat' dir='ltr'>ad</span> 
     </span>
     <span class='ocr_line' id='line_1_25' title="bbox 397 1464 2234 1523; baseline -0.001 -14"><span class='ocrx_word' id='word_1_238' title='bbox 397 1466 770 1523; x_wconf 83' lang='lat' dir='ltr'>gazophylacium</span> <span class='ocrx_word' id='word_1_239' title='bbox 792 1465 911 1509; x_wconf 90' lang='lat' dir='ltr'>enim</span> <span class='ocrx_word' id='word_1_240' title='bbox 942 1465 1240 1522; x_wconf 89' lang='lat' dir='ltr'>deportabunt</span> <span class='ocrx_word' id='word_1_241' title='bbox 1272 1465 1352 1507; x_wconf 90' lang='lat' dir='ltr'>filii</span> <span class='ocrx_word' id='word_1_242' title='bbox 1383 1465 1524 1508; x_wconf 88' lang='lat' dir='ltr'>Israel</span> <span class='ocrx_word' id='word_1_243' title='bbox 1557 1470 1601 1508; x_wconf 91' lang='lat' dir='ltr'>et</span> <span class='ocrx_word' id='word_1_244' title='bbox 1622 1465 1703 1508; x_wconf 89' lang='lat' dir='ltr'>filii</span> <span class='ocrx_word' id='word_1_245' title='bbox 1737 1464 1868 1521; x_wconf 89' lang='lat' dir='ltr'>Levi,</span> <span class='ocrx_word' id='word_1_246' title='bbox 1900 1464 2121 1522; x_wconf 89' lang='lat' dir='ltr'>primitias</span> <span class='ocrx_word' id='word_1_247' title='bbox 2145 1465 2234 1508; x_wconf 71' lang='lat' dir='ltr'>fru-</span> 
     </span>
     <span class='ocr_line' id='line_1_26' title="bbox 398 1524 2244 1582; baseline -0.001 -15"><span class='ocrx_word' id='word_1_248' title='bbox 398 1526 558 1582; x_wconf 86' lang='lat' dir='ltr'>menti,</span> <span class='ocrx_word' id='word_1_249' title='bbox 579 1525 692 1582; x_wconf 89' lang='lat' dir='ltr'>vini,</span> <span class='ocrx_word' id='word_1_250' title='bbox 720 1530 764 1568; x_wconf 91' lang='lat' dir='ltr'>et</span> <span class='ocrx_word' id='word_1_251' title='bbox 787 1525 897 1580; x_wconf 75' lang='lat' dir='ltr'>olei3</span> <span class='ocrx_word' id='word_1_252' title='bbox 925 1530 969 1568; x_wconf 91' lang='lat' dir='ltr'>et</span> <span class='ocrx_word' id='word_1_253' title='bbox 993 1525 1056 1567; x_wconf 92' lang='lat' dir='ltr'>ibi</span> <span class='ocrx_word' id='word_1_254' title='bbox 1087 1530 1216 1568; x_wconf 89' lang='lat' dir='ltr'>erunt</span> <span class='ocrx_word' id='word_1_255' title='bbox 1241 1539 1349 1567; x_wconf 88' lang='lat' dir='ltr'>vasa</span> <span class='ocrx_word' id='word_1_256' title='bbox 1372 1524 1673 1581; x_wconf 86' lang='lat' dir='ltr'>sanctificata,</span> <span class='ocrx_word' id='word_1_257' title='bbox 1698 1529 1741 1568; x_wconf 92' lang='lat' dir='ltr'>et</span> <span class='ocrx_word' id='word_1_258' title='bbox 1767 1524 2040 1580; x_wconf 86' lang='lat' dir='ltr'>sacerdotes,</span> <span class='ocrx_word' id='word_1_259' title='bbox 2069 1529 2114 1567; x_wconf 87' lang='lat' dir='ltr'>et</span> <span class='ocrx_word' id='word_1_260' title='bbox 2137 1538 2244 1567; x_wconf 73' lang='lat' dir='ltr'>can-</span> 
     </span>
     <span class='ocr_line' id='line_1_27' title="bbox 398 1583 2142 1641; baseline -0.001 -14"><span class='ocrx_word' id='word_1_261' title='bbox 398 1589 534 1641; x_wconf 89' lang='lat' dir='ltr'>tores,</span> <span class='ocrx_word' id='word_1_262' title='bbox 559 1590 602 1629; x_wconf 93' lang='lat' dir='ltr'>et</span> <span class='ocrx_word' id='word_1_263' title='bbox 625 1585 861 1641; x_wconf 81' lang='lat' dir='ltr'>janitores,</span> <span class='ocrx_word' id='word_1_264' title='bbox 885 1589 929 1627; x_wconf 90' lang='lat' dir='ltr'>et</span> <span class='ocrx_word' id='word_1_265' title='bbox 951 1583 1167 1640; x_wconf 80' lang='lat' dir='ltr'>ministri3</span> <span class='ocrx_word' id='word_1_266' title='bbox 1196 1588 1240 1626; x_wconf 92' lang='lat' dir='ltr'>et</span> <span class='ocrx_word' id='word_1_267' title='bbox 1260 1597 1348 1626; x_wconf 91' lang='lat' dir='ltr'>non</span> <span class='ocrx_word' id='word_1_268' title='bbox 1371 1583 1650 1627; x_wconf 89' lang='lat' dir='ltr'>dimittemus</span> <span class='ocrx_word' id='word_1_269' title='bbox 1677 1584 1858 1627; x_wconf 89' lang='lat' dir='ltr'>domum</span> <span class='ocrx_word' id='word_1_270' title='bbox 1882 1583 1965 1627; x_wconf 91' lang='lat' dir='ltr'>Dei</span> <span class='ocrx_word' id='word_1_271' title='bbox 1991 1583 2142 1627; x_wconf 85' lang='lat' dir='ltr'>nostri.</span> 
     </span>
    </p>
   </div>
   <div class='ocr_carea' id='block_1_5' title="bbox 676 1705 1971 1766">
    <p class='ocr_par' dir='ltr' id='par_1_6' title="bbox 676 1705 1971 1766">
     <span class='ocr_line' id='line_1_28' title="bbox 676 1705 1971 1766; baseline -0.001 -16"><span class='ocrx_word' id='word_1_272' title='bbox 676 1708 700 1766; x_wconf 66' lang='grc' dir='ltr'>ξ</span> <span class='ocrx_word' id='word_1_273' title='bbox 735 1708 825 1751; x_wconf 89' lang='grc' dir='ltr'>ΠΙ.</span> <span class='ocrx_word' id='word_1_274' title='bbox 857 1732 917 1740; x_wconf 94' lang='grc'>--</span> <span class='ocrx_word' id='word_1_275' title='bbox 955 1706 1128 1752; x_wconf 79' lang='lat' dir='ltr'>Civium</span> <span class='ocrx_word' id='word_1_276' title='bbox 1154 1706 1406 1750; x_wconf 77' lang='lat' dir='ltr'>distributio</span> <span class='ocrx_word' id='word_1_277' title='bbox 1423 1720 1508 1763; x_wconf 75' lang='lat' dir='ltr'>per</span> <span class='ocrx_word' id='word_1_278' title='bbox 1535 1705 1736 1762; x_wconf 69' lang='lat' dir='ltr'>sinqulas</span> <span class='ocrx_word' id='word_1_279' title='bbox 1760 1707 1971 1749; x_wconf 76' lang='lat' dir='ltr'>civitates.</span> 
     </span>
    </p>
   </div>
   <div class='ocr_carea' id='block_1_6' title="bbox 398 1821 2256 3662">
    <p class='ocr_par' dir='ltr' id='par_1_7' title="bbox 398 1821 2249 2296">
     <span class='ocr_line' id='line_1_29' title="bbox 460 1821 2246 1878; baseline -0.002 -9"><span class='ocrx_word' id='word_1_280' title='bbox 460 1826 565 1870; x_wconf 81' lang='lat' dir='ltr'>CAP.</span> <span class='ocrx_word' id='word_1_281' title='bbox 592 1825 675 1867; x_wconf 88' lang='lat' dir='ltr'>XI.</span> <span class='ocrx_word' id='word_1_282' title='bbox 698 1850 757 1856; x_wconf 88' lang='lat'>—</span> <span class='ocrx_word' id='word_1_283' title='bbox 782 1823 795 1849; x_wconf 79' lang='lat'><strong>1</strong></span> <span class='ocrx_word' id='word_1_284' title='bbox 821 1823 1155 1866; x_wconf 89' lang='lat' dir='ltr'>Habitaverunt</span> <span class='ocrx_word' id='word_1_285' title='bbox 1179 1827 1330 1865; x_wconf 88' lang='lat' dir='ltr'>autem</span> <span class='ocrx_word' id='word_1_286' title='bbox 1358 1821 1581 1878; x_wconf 87' lang='lat' dir='ltr'>principes</span> <span class='ocrx_word' id='word_1_287' title='bbox 1611 1821 1763 1878; x_wconf 88' lang='lat' dir='ltr'>populi</span> <span class='ocrx_word' id='word_1_288' title='bbox 1787 1821 1833 1864; x_wconf 92' lang='lat' dir='ltr'>in</span> <span class='ocrx_word' id='word_1_289' title='bbox 1867 1822 1896 1864; x_wconf 88' lang='lat' dir='ltr'>J</span> <span class='ocrx_word' id='word_1_290' title='bbox 1900 1821 2142 1877; x_wconf 81' lang='lat' dir='ltr'>erusalem3</span> <span class='ocrx_word' id='word_1_291' title='bbox 2174 1837 2246 1866; x_wconf 80' lang='lat' dir='ltr'>re-</span> 
     </span>
     <span class='ocr_line' id='line_1_30' title="bbox 399 1880 2246 1941; baseline -0.004 -13"><span class='ocrx_word' id='word_1_292' title='bbox 399 1885 519 1941; x_wconf 88' lang='lat' dir='ltr'>liqua</span> <span class='ocrx_word' id='word_1_293' title='bbox 544 1898 647 1927; x_wconf 89' lang='lat' dir='ltr'>vero</span> <span class='ocrx_word' id='word_1_294' title='bbox 676 1883 803 1940; x_wconf 88' lang='lat' dir='ltr'>plebs</span> <span class='ocrx_word' id='word_1_295' title='bbox 828 1882 951 1925; x_wconf 86' lang='lat' dir='ltr'>misit</span> <span class='ocrx_word' id='word_1_296' title='bbox 976 1886 1159 1937; x_wconf 90' lang='lat' dir='ltr'>sortem,</span> <span class='ocrx_word' id='word_1_297' title='bbox 1194 1886 1244 1924; x_wconf 88' lang='lat' dir='ltr'>ut</span> <span class='ocrx_word' id='word_1_298' title='bbox 1268 1881 1477 1924; x_wconf 89' lang='lat' dir='ltr'>tollerent</span> <span class='ocrx_word' id='word_1_299' title='bbox 1501 1895 1637 1923; x_wconf 86' lang='lat' dir='ltr'>unam</span> <span class='ocrx_word' id='word_1_300' title='bbox 1670 1886 1842 1937; x_wconf 89' lang='lat' dir='ltr'>partem</span> <span class='ocrx_word' id='word_1_301' title='bbox 1873 1880 1927 1923; x_wconf 86' lang='lat' dir='ltr'>de</span> <span class='ocrx_word' id='word_1_302' title='bbox 1960 1881 2134 1937; x_wconf 87' lang='lat' dir='ltr'>decem,</span> <span class='ocrx_word' id='word_1_303' title='bbox 2165 1882 2246 1937; x_wconf 87' lang='lat' dir='ltr'>qui.</span> 
     </span>
     <span class='ocr_line' id='line_1_31' title="bbox 399 1939 2249 1997; baseline -0.002 -10"><span class='ocrx_word' id='word_1_304' title='bbox 399 1943 643 1987; x_wconf 89' lang='lat' dir='ltr'>habitaturi</span> <span class='ocrx_word' id='word_1_305' title='bbox 668 1947 813 1986; x_wconf 89' lang='lat' dir='ltr'>essent</span> <span class='ocrx_word' id='word_1_306' title='bbox 838 1941 883 1984; x_wconf 92' lang='lat' dir='ltr'>in</span> <span class='ocrx_word' id='word_1_307' title='bbox 906 1940 1175 1997; x_wconf 79' lang='lat' dir='ltr'>Jerusalem,</span> <span class='ocrx_word' id='word_1_308' title='bbox 1201 1939 1386 1983; x_wconf 89' lang='lat' dir='ltr'>civitate</span> <span class='ocrx_word' id='word_1_309' title='bbox 1411 1945 1587 1996; x_wconf 88' lang='lat' dir='ltr'>sancta,</span> <span class='ocrx_word' id='word_1_310' title='bbox 1612 1953 1773 1983; x_wconf 89' lang='lat' dir='ltr'>novem</span> <span class='ocrx_word' id='word_1_311' title='bbox 1803 1953 1907 1983; x_wconf 85' lang='lat' dir='ltr'>vero</span> <span class='ocrx_word' id='word_1_312' title='bbox 1933 1944 2082 1996; x_wconf 87' lang='lat' dir='ltr'>partes</span> <span class='ocrx_word' id='word_1_313' title='bbox 2102 1940 2150 1983; x_wconf 90' lang='lat' dir='ltr'>in</span> <span class='ocrx_word' id='word_1_314' title='bbox 2181 1940 2249 1984; x_wconf 53' lang='lat' dir='ltr'>ci*</span> 
     </span>
     <span class='ocr_line' id='line_1_32' title="bbox 399 1998 2243 2057; baseline -0.003 -11"><span class='ocrx_word' id='word_1_315' title='bbox 399 2003 628 2046; x_wconf 86' lang='lat' dir='ltr'>vitatibus.</span> <span class='ocrx_word' id='word_1_316' title='bbox 652 2001 669 2028; x_wconf 70' lang='lat'><strong>2</strong></span> <span class='ocrx_word' id='word_1_317' title='bbox 693 2001 931 2045; x_wconf 75' lang='lat' dir='ltr'>Benedixit</span> <span class='ocrx_word' id='word_1_318' title='bbox 953 2006 1103 2043; x_wconf 88' lang='lat' dir='ltr'>autem</span> <span class='ocrx_word' id='word_1_319' title='bbox 1129 1999 1316 2057; x_wconf 89' lang='lat' dir='ltr'>populus</span> <span class='ocrx_word' id='word_1_320' title='bbox 1344 1999 1550 2042; x_wconf 88' lang='lat' dir='ltr'>omnibus</span> <span class='ocrx_word' id='word_1_321' title='bbox 1579 1999 1686 2042; x_wconf 87' lang='lat' dir='ltr'>viris</span> <span class='ocrx_word' id='word_1_322' title='bbox 1712 1998 1785 2055; x_wconf 90' lang='lat' dir='ltr'>qui</span> <span class='ocrx_word' id='word_1_323' title='bbox 1816 2014 1862 2042; x_wconf 92' lang='lat' dir='ltr'>se</span> <span class='ocrx_word' id='word_1_324' title='bbox 1888 2003 2045 2055; x_wconf 89' lang='lat' dir='ltr'>sponte</span> <span class='ocrx_word' id='word_1_325' title='bbox 2071 1999 2243 2043; x_wconf 89' lang='lat' dir='ltr'>obtule-</span> 
     </span>
     <span class='ocr_line' id='line_1_33' title="bbox 398 2058 2242 2116; baseline -0.002 -11"><span class='ocrx_word' id='word_1_326' title='bbox 398 2068 499 2105; x_wconf 89' lang='lat' dir='ltr'>rant</span> <span class='ocrx_word' id='word_1_327' title='bbox 525 2067 574 2105; x_wconf 91' lang='lat' dir='ltr'>ut</span> <span class='ocrx_word' id='word_1_328' title='bbox 595 2061 852 2104; x_wconf 84' lang='lat' dir='ltr'>habitarent</span> <span class='ocrx_word' id='word_1_329' title='bbox 876 2060 924 2102; x_wconf 91' lang='lat' dir='ltr'>in</span> <span class='ocrx_word' id='word_1_330' title='bbox 946 2059 1211 2103; x_wconf 76' lang='lat' dir='ltr'>Jerusalem.</span> <span class='ocrx_word' id='word_1_331' title='bbox 1238 2059 1256 2086; x_wconf 85' lang='lat'><strong>3</strong></span> <span class='ocrx_word' id='word_1_332' title='bbox 1278 2059 1340 2102; x_wconf 91' lang='lat' dir='ltr'>Hi</span> <span class='ocrx_word' id='word_1_333' title='bbox 1363 2064 1466 2102; x_wconf 89' lang='lat' dir='ltr'>sunt</span> <span class='ocrx_word' id='word_1_334' title='bbox 1482 2058 1634 2115; x_wconf 86' lang='lat' dir='ltr'>itaque</span> <span class='ocrx_word' id='word_1_335' title='bbox 1656 2058 1880 2115; x_wconf 88' lang='lat' dir='ltr'>principes</span> <span class='ocrx_word' id='word_1_336' title='bbox 1901 2058 2145 2115; x_wconf 89' lang='lat' dir='ltr'>provinciae</span> <span class='ocrx_word' id='word_1_337' title='bbox 2167 2059 2242 2116; x_wconf 90' lang='lat' dir='ltr'>qui</span> 
     </span>
     <span class='ocr_line' id='line_1_34' title="bbox 398 2117 2242 2165; baseline -0.004 0"><span class='ocrx_word' id='word_1_338' title='bbox 398 2122 716 2165; x_wconf 88' lang='lat' dir='ltr'>habitaverunt</span> <span class='ocrx_word' id='word_1_339' title='bbox 739 2120 787 2163; x_wconf 88' lang='lat' dir='ltr'>in</span> <span class='ocrx_word' id='word_1_340' title='bbox 812 2119 1063 2163; x_wconf 80' lang='lat' dir='ltr'>Jerusalem</span> <span class='ocrx_word' id='word_1_341' title='bbox 1088 2124 1133 2162; x_wconf 92' lang='lat' dir='ltr'>et</span> <span class='ocrx_word' id='word_1_342' title='bbox 1156 2119 1203 2161; x_wconf 90' lang='lat' dir='ltr'>in</span> <span class='ocrx_word' id='word_1_343' title='bbox 1227 2118 1486 2161; x_wconf 90' lang='lat' dir='ltr'>civitatibus</span> <span class='ocrx_word' id='word_1_344' title='bbox 1508 2119 1536 2161; x_wconf 87' lang='lat' dir='ltr'>J</span> <span class='ocrx_word' id='word_1_345' title='bbox 1542 2118 1641 2161; x_wconf 88' lang='lat' dir='ltr'>uda.</span> <span class='ocrx_word' id='word_1_346' title='bbox 1666 2117 1908 2161; x_wconf 90' lang='lat' dir='ltr'>Habitavit</span> <span class='ocrx_word' id='word_1_347' title='bbox 1933 2122 2084 2161; x_wconf 90' lang='lat' dir='ltr'>autem</span> <span class='ocrx_word' id='word_1_348' title='bbox 2108 2133 2242 2162; x_wconf 66' lang='lat' dir='ltr'>unus,-</span> 
     </span>
     <span class='ocr_line' id='line_1_35' title="bbox 399 2177 2242 2237; baseline -0.002 -13"><span class='ocrx_word' id='word_1_349' title='bbox 399 2181 582 2237; x_wconf 88' lang='lat' dir='ltr'>quisque</span> <span class='ocrx_word' id='word_1_350' title='bbox 614 2181 661 2223; x_wconf 92' lang='lat' dir='ltr'>in</span> <span class='ocrx_word' id='word_1_351' title='bbox 694 2179 970 2237; x_wconf 89' lang='lat' dir='ltr'>possessione</span> <span class='ocrx_word' id='word_1_352' title='bbox 1001 2193 1100 2235; x_wconf 89' lang='lat' dir='ltr'>sua,</span> <span class='ocrx_word' id='word_1_353' title='bbox 1133 2178 1180 2221; x_wconf 90' lang='lat' dir='ltr'>in</span> <span class='ocrx_word' id='word_1_354' title='bbox 1210 2177 1394 2221; x_wconf 90' lang='lat' dir='ltr'>urbibus</span> <span class='ocrx_word' id='word_1_355' title='bbox 1427 2177 1536 2234; x_wconf 89' lang='lat' dir='ltr'>suis,</span> <span class='ocrx_word' id='word_1_356' title='bbox 1569 2177 1728 2233; x_wconf 88' lang='lat' dir='ltr'>Israel,</span> <span class='ocrx_word' id='word_1_357' title='bbox 1764 2177 2035 2234; x_wconf 85' lang='lat' dir='ltr'>sacerdotes,</span> <span class='ocrx_word' id='word_1_358' title='bbox 2067 2177 2242 2235; x_wconf 82' lang='lat' dir='ltr'>levitae,</span> 
     </span>
     <span class='ocr_line' id='line_1_36' title="bbox 400 2237 1362 2296; baseline -0.002 -12"><span class='ocrx_word' id='word_1_359' title='bbox 400 2240 650 2296; x_wconf 88' lang='lat' dir='ltr'>Nathinaei,</span> <span class='ocrx_word' id='word_1_360' title='bbox 677 2244 722 2283; x_wconf 88' lang='lat' dir='ltr'>et</span> <span class='ocrx_word' id='word_1_361' title='bbox 746 2238 826 2282; x_wconf 88' lang='lat' dir='ltr'>filii</span> <span class='ocrx_word' id='word_1_362' title='bbox 853 2250 1079 2281; x_wconf 88' lang='lat' dir='ltr'>servorum</span> <span class='ocrx_word' id='word_1_363' title='bbox 1099 2237 1362 2282; x_wconf 82' lang='lat' dir='ltr'>Salomonis.</span> 
     </span>
    </p>

    <p class='ocr_par' dir='ltr' id='par_1_8' title="bbox 399 2296 2246 2878">
     <span class='ocr_line' id='line_1_37' title="bbox 458 2296 2246 2354; baseline -0.001 -11"><span class='ocrx_word' id='word_1_364' title='bbox 458 2300 474 2326; x_wconf 68' lang='lat'><strong><em>4</em></strong></span> <span class='ocrx_word' id='word_1_365' title='bbox 497 2301 556 2343; x_wconf 89' lang='lat' dir='ltr'>Et</span> <span class='ocrx_word' id='word_1_366' title='bbox 575 2300 622 2342; x_wconf 90' lang='lat' dir='ltr'>in</span> <span class='ocrx_word' id='word_1_367' title='bbox 645 2298 895 2342; x_wconf 90' lang='lat' dir='ltr'>Jerusalem</span> <span class='ocrx_word' id='word_1_368' title='bbox 920 2297 1239 2340; x_wconf 86' lang='lat' dir='ltr'>habitaverunt</span> <span class='ocrx_word' id='word_1_369' title='bbox 1262 2297 1314 2340; x_wconf 91' lang='lat' dir='ltr'>de</span> <span class='ocrx_word' id='word_1_370' title='bbox 1333 2297 1436 2340; x_wconf 88' lang='lat' dir='ltr'>filiis</span> <span class='ocrx_word' id='word_1_371' title='bbox 1462 2297 1490 2340; x_wconf 88' lang='lat' dir='ltr'>J</span> <span class='ocrx_word' id='word_1_372' title='bbox 1496 2296 1601 2353; x_wconf 86' lang='lat' dir='ltr'>uda,</span> <span class='ocrx_word' id='word_1_373' title='bbox 1629 2301 1673 2340; x_wconf 92' lang='lat' dir='ltr'>et</span> <span class='ocrx_word' id='word_1_374' title='bbox 1691 2296 1746 2339; x_wconf 92' lang='lat' dir='ltr'>de</span> <span class='ocrx_word' id='word_1_375' title='bbox 1767 2297 1870 2340; x_wconf 90' lang='lat' dir='ltr'>filiis</span> <span class='ocrx_word' id='word_1_376' title='bbox 1894 2297 2150 2354; x_wconf 83' lang='lat' dir='ltr'>Benjamin.</span> <span class='ocrx_word' id='word_1_377' title='bbox 2175 2298 2246 2341; x_wconf 80' lang='lat' dir='ltr'>De</span> 
     </span>
     <span class='ocr_line' id='line_1_38' title="bbox 399 2355 2243 2413; baseline -0.002 -10"><span class='ocrx_word' id='word_1_378' title='bbox 399 2360 502 2403; x_wconf 89' lang='lat' dir='ltr'>filiis</span> <span class='ocrx_word' id='word_1_379' title='bbox 532 2359 653 2402; x_wconf 89' lang='lat' dir='ltr'>Juda</span> <span class='ocrx_word' id='word_1_380' title='bbox 679 2375 687 2403; x_wconf 95' lang='lat'>:</span> <span class='ocrx_word' id='word_1_381' title='bbox 710 2357 922 2413; x_wconf 87' lang='lat' dir='ltr'>Athaias,</span> <span class='ocrx_word' id='word_1_382' title='bbox 946 2357 1062 2399; x_wconf 89' lang='lat' dir='ltr'>filius</span> <span class='ocrx_word' id='word_1_383' title='bbox 1096 2356 1277 2411; x_wconf 89' lang='lat' dir='ltr'>Aziam,</span> <span class='ocrx_word' id='word_1_384' title='bbox 1308 2356 1389 2399; x_wconf 89' lang='lat' dir='ltr'>filii</span> <span class='ocrx_word' id='word_1_385' title='bbox 1419 2356 1667 2412; x_wconf 84' lang='lat' dir='ltr'>Zachariae,</span> <span class='ocrx_word' id='word_1_386' title='bbox 1694 2355 1775 2398; x_wconf 91' lang='lat' dir='ltr'>filii</span> <span class='ocrx_word' id='word_1_387' title='bbox 1808 2357 2027 2413; x_wconf 83' lang='lat' dir='ltr'>Amariae,</span> <span class='ocrx_word' id='word_1_388' title='bbox 2054 2356 2135 2399; x_wconf 88' lang='lat' dir='ltr'>filii</span> <span class='ocrx_word' id='word_1_389' title='bbox 2164 2357 2243 2400; x_wconf 84' lang='lat' dir='ltr'>Sa—</span> 
     </span>
     <span class='ocr_line' id='line_1_39' title="bbox 399 2415 2244 2477; baseline -0.003 -14"><span class='ocrx_word' id='word_1_390' title='bbox 399 2420 587 2477; x_wconf 88' lang='lat' dir='ltr'>phatiae,</span> <span class='ocrx_word' id='word_1_391' title='bbox 622 2418 702 2461; x_wconf 89' lang='lat' dir='ltr'>filii</span> <span class='ocrx_word' id='word_1_392' title='bbox 739 2416 961 2462; x_wconf 89' lang='lat' dir='ltr'>Malaleel.</span> <span class='ocrx_word' id='word_1_393' title='bbox 995 2417 1062 2459; x_wconf 91' lang='lat' dir='ltr'>De</span> <span class='ocrx_word' id='word_1_394' title='bbox 1095 2416 1198 2459; x_wconf 91' lang='lat' dir='ltr'>filiis</span> <span class='ocrx_word' id='word_1_395' title='bbox 1236 2416 1401 2459; x_wconf 88' lang='lat' dir='ltr'>Phares</span> <span class='ocrx_word' id='word_1_396' title='bbox 1432 2432 1440 2460; x_wconf 93' lang='lat'>:</span> <span class='ocrx_word' id='word_1_397' title='bbox 1480 2416 1497 2442; x_wconf 77' lang='lat'>5</span> <span class='ocrx_word' id='word_1_398' title='bbox 1517 2415 1709 2471; x_wconf 89' lang='lat' dir='ltr'>Maasia,</span> <span class='ocrx_word' id='word_1_399' title='bbox 1741 2415 1857 2459; x_wconf 90' lang='lat' dir='ltr'>filius</span> <span class='ocrx_word' id='word_1_400' title='bbox 1892 2416 2090 2472; x_wconf 86' lang='lat' dir='ltr'>Baruch,</span> <span class='ocrx_word' id='word_1_401' title='bbox 2125 2416 2244 2459; x_wconf 89' lang='lat' dir='ltr'>filius</span> 
     </span>
     <span class='ocr_line' id='line_1_40' title="bbox 400 2474 2244 2534; baseline -0.003 -12"><span class='ocrx_word' id='word_1_402' title='bbox 400 2479 645 2534; x_wconf 84' lang='lat' dir='ltr'>Cholhoza,</span> <span class='ocrx_word' id='word_1_403' title='bbox 676 2477 793 2520; x_wconf 91' lang='lat' dir='ltr'>filius</span> <span class='ocrx_word' id='word_1_404' title='bbox 824 2476 990 2531; x_wconf 88' lang='lat' dir='ltr'>Hazia,</span> <span class='ocrx_word' id='word_1_405' title='bbox 1013 2475 1129 2518; x_wconf 88' lang='lat' dir='ltr'>filius</span> <span class='ocrx_word' id='word_1_406' title='bbox 1154 2475 1322 2531; x_wconf 87' lang='lat' dir='ltr'>Adaia,</span> <span class='ocrx_word' id='word_1_407' title='bbox 1346 2476 1461 2518; x_wconf 90' lang='lat' dir='ltr'>filius</span> <span class='ocrx_word' id='word_1_408' title='bbox 1487 2476 1515 2518; x_wconf 89' lang='lat' dir='ltr'>J</span> <span class='ocrx_word' id='word_1_409' title='bbox 1520 2474 1679 2531; x_wconf 85' lang='lat' dir='ltr'>oiarib,</span> <span class='ocrx_word' id='word_1_410' title='bbox 1708 2474 1823 2518; x_wconf 90' lang='lat' dir='ltr'>filius</span> <span class='ocrx_word' id='word_1_411' title='bbox 1850 2475 2097 2531; x_wconf 83' lang='lat' dir='ltr'>Zachariae,</span> <span class='ocrx_word' id='word_1_412' title='bbox 2125 2474 2244 2518; x_wconf 75' lang='lat' dir='ltr'>filius</span> 
     </span>
     <span class='ocr_line' id='line_1_41' title="bbox 399 2534 2242 2591; baseline -0.002 -9"><span class='ocrx_word' id='word_1_413' title='bbox 399 2538 612 2583; x_wconf 83' lang='lat' dir='ltr'>Silonitis.</span> <span class='ocrx_word' id='word_1_414' title='bbox 632 2538 649 2564; x_wconf 77' lang='lat'><strong>⁶</strong></span> <span class='ocrx_word' id='word_1_415' title='bbox 667 2537 831 2581; x_wconf 89' lang='lat' dir='ltr'>Omnes</span> <span class='ocrx_word' id='word_1_416' title='bbox 853 2536 897 2578; x_wconf 92' lang='lat' dir='ltr'>hi</span> <span class='ocrx_word' id='word_1_417' title='bbox 924 2535 1004 2578; x_wconf 89' lang='lat' dir='ltr'>filii</span> <span class='ocrx_word' id='word_1_418' title='bbox 1030 2535 1218 2591; x_wconf 91' lang='lat' dir='ltr'>Phares,</span> <span class='ocrx_word' id='word_1_419' title='bbox 1238 2535 1312 2591; x_wconf 90' lang='lat' dir='ltr'>qui</span> <span class='ocrx_word' id='word_1_420' title='bbox 1335 2535 1652 2578; x_wconf 88' lang='lat' dir='ltr'>habitaverunt</span> <span class='ocrx_word' id='word_1_421' title='bbox 1671 2534 1718 2576; x_wconf 89' lang='lat' dir='ltr'>in</span> <span class='ocrx_word' id='word_1_422' title='bbox 1741 2535 2012 2590; x_wconf 88' lang='lat' dir='ltr'>Jerusalem,</span> <span class='ocrx_word' id='word_1_423' title='bbox 2033 2534 2242 2590; x_wconf 89' lang='lat' dir='ltr'>quadrin-</span> 
     </span>
     <span class='ocr_line' id='line_1_42' title="bbox 400 2593 2241 2654; baseline -0.003 -13"><span class='ocrx_word' id='word_1_424' title='bbox 400 2598 524 2654; x_wconf 85' lang='lat' dir='ltr'>genti</span> <span class='ocrx_word' id='word_1_425' title='bbox 549 2597 786 2653; x_wconf 79' lang='lat' dir='ltr'>sexaginta</span> <span class='ocrx_word' id='word_1_426' title='bbox 813 2600 911 2639; x_wconf 89' lang='lat' dir='ltr'>octo</span> <span class='ocrx_word' id='word_1_427' title='bbox 931 2594 1015 2637; x_wconf 89' lang='lat' dir='ltr'>viri</span> <span class='ocrx_word' id='word_1_428' title='bbox 1037 2595 1192 2639; x_wconf 73' lang='lat' dir='ltr'>fortes.</span> <span class='ocrx_word' id='word_1_429' title='bbox 1215 2594 1230 2620; x_wconf 81' lang='lat'><em>⁷</em></span> <span class='ocrx_word' id='word_1_430' title='bbox 1259 2594 1322 2636; x_wconf 91' lang='lat' dir='ltr'>Hi</span> <span class='ocrx_word' id='word_1_431' title='bbox 1347 2599 1450 2637; x_wconf 90' lang='lat' dir='ltr'>sunt</span> <span class='ocrx_word' id='word_1_432' title='bbox 1474 2599 1626 2637; x_wconf 90' lang='lat' dir='ltr'>autem</span> <span class='ocrx_word' id='word_1_433' title='bbox 1647 2593 1727 2636; x_wconf 91' lang='lat' dir='ltr'>filii</span> <span class='ocrx_word' id='word_1_434' title='bbox 1747 2593 1987 2650; x_wconf 81' lang='lat' dir='ltr'>Benjamin</span> <span class='ocrx_word' id='word_1_435' title='bbox 2014 2610 2022 2638; x_wconf 90' lang='lat'>:</span> <span class='ocrx_word' id='word_1_436' title='bbox 2049 2593 2241 2649; x_wconf 84' lang='lat' dir='ltr'>Sellum,</span> 
     </span>
     <span class='ocr_line' id='line_1_43' title="bbox 400 2652 2243 2710; baseline -0.003 -10"><span class='ocrx_word' id='word_1_437' title='bbox 400 2658 517 2701; x_wconf 91' lang='lat' dir='ltr'>filius</span> <span class='ocrx_word' id='word_1_438' title='bbox 538 2656 786 2710; x_wconf 89' lang='lat' dir='ltr'>Mosollam,</span> <span class='ocrx_word' id='word_1_439' title='bbox 810 2655 926 2698; x_wconf 85' lang='lat' dir='ltr'>filius</span> <span class='ocrx_word' id='word_1_440' title='bbox 952 2655 979 2697; x_wconf 92' lang='lat' dir='ltr'>J</span> <span class='ocrx_word' id='word_1_441' title='bbox 984 2653 1079 2710; x_wconf 88' lang='lat' dir='ltr'>oed,</span> <span class='ocrx_word' id='word_1_442' title='bbox 1099 2654 1216 2697; x_wconf 89' lang='lat' dir='ltr'>filius</span> <span class='ocrx_word' id='word_1_443' title='bbox 1242 2653 1457 2709; x_wconf 87' lang='lat' dir='ltr'>Phadaia,</span> <span class='ocrx_word' id='word_1_444' title='bbox 1480 2653 1596 2696; x_wconf 89' lang='lat' dir='ltr'>filius</span> <span class='ocrx_word' id='word_1_445' title='bbox 1615 2652 1780 2708; x_wconf 86' lang='lat' dir='ltr'>Colaia,</span> <span class='ocrx_word' id='word_1_446' title='bbox 1804 2653 1920 2696; x_wconf 87' lang='lat' dir='ltr'>filius</span> <span class='ocrx_word' id='word_1_447' title='bbox 1945 2653 2101 2709; x_wconf 88' lang='lat' dir='ltr'>Masia,</span> <span class='ocrx_word' id='word_1_448' title='bbox 2125 2652 2243 2696; x_wconf 87' lang='lat' dir='ltr'>filius</span> 
     </span>
     <span class='ocr_line' id='line_1_44' title="bbox 401 2712 2240 2772; baseline -0.002 -12"><span class='ocrx_word' id='word_1_449' title='bbox 401 2716 582 2772; x_wconf 84' lang='lat' dir='ltr'>Etheel,</span> <span class='ocrx_word' id='word_1_450' title='bbox 608 2716 724 2758; x_wconf 83' lang='lat' dir='ltr'>tilius</span> <span class='ocrx_word' id='word_1_451' title='bbox 751 2715 894 2770; x_wconf 83' lang='lat' dir='ltr'>Isaia3</span> <span class='ocrx_word' id='word_1_452' title='bbox 924 2715 940 2741; x_wconf 79' lang='lat'><strong>⁸</strong></span> <span class='ocrx_word' id='word_1_453' title='bbox 968 2719 1011 2756; x_wconf 90' lang='lat' dir='ltr'>et</span> <span class='ocrx_word' id='word_1_454' title='bbox 1035 2719 1134 2770; x_wconf 89' lang='lat' dir='ltr'>post</span> <span class='ocrx_word' id='word_1_455' title='bbox 1161 2728 1261 2757; x_wconf 87' lang='lat' dir='ltr'>eum</span> <span class='ocrx_word' id='word_1_456' title='bbox 1288 2713 1483 2769; x_wconf 83' lang='lat' dir='ltr'>Gebbai,</span> <span class='ocrx_word' id='word_1_457' title='bbox 1506 2712 1660 2767; x_wconf 87' lang='lat' dir='ltr'>Sellai,</span> <span class='ocrx_word' id='word_1_458' title='bbox 1685 2713 1899 2768; x_wconf 88' lang='lat' dir='ltr'>nongenti</span> <span class='ocrx_word' id='word_1_459' title='bbox 1930 2712 2092 2769; x_wconf 87' lang='lat' dir='ltr'>viginti</span> <span class='ocrx_word' id='word_1_460' title='bbox 2127 2717 2240 2756; x_wconf 85' lang='lat' dir='ltr'>octo.</span> 
     </span>
     <span class='ocr_line' id='line_1_45' title="bbox 401 2771 2244 2831; baseline -0.003 -11"><span class='ocrx_word' id='word_1_461' title='bbox 401 2776 419 2802; x_wconf 78' lang='lat'><strong>9</strong></span> <span class='ocrx_word' id='word_1_462' title='bbox 444 2777 503 2819; x_wconf 89' lang='lat' dir='ltr'>Et</span> <span class='ocrx_word' id='word_1_463' title='bbox 528 2777 555 2819; x_wconf 93' lang='lat' dir='ltr'>J</span> <span class='ocrx_word' id='word_1_464' title='bbox 561 2776 649 2831; x_wconf 91' lang='lat' dir='ltr'>oel,</span> <span class='ocrx_word' id='word_1_465' title='bbox 676 2775 792 2818; x_wconf 88' lang='lat' dir='ltr'>filius</span> <span class='ocrx_word' id='word_1_466' title='bbox 817 2773 992 2830; x_wconf 91' lang='lat' dir='ltr'>Zechri,</span> <span class='ocrx_word' id='word_1_467' title='bbox 1018 2773 1282 2830; x_wconf 88' lang='lat' dir='ltr'>praepositus</span> <span class='ocrx_word' id='word_1_468' title='bbox 1312 2786 1487 2829; x_wconf 81' lang='lat' dir='ltr'>eorum3</span> <span class='ocrx_word' id='word_1_469' title='bbox 1517 2777 1560 2815; x_wconf 89' lang='lat' dir='ltr'>et</span> <span class='ocrx_word' id='word_1_470' title='bbox 1592 2772 1621 2814; x_wconf 92' lang='lat' dir='ltr'>J</span> <span class='ocrx_word' id='word_1_471' title='bbox 1626 2771 1754 2827; x_wconf 90' lang='lat' dir='ltr'>udas,</span> <span class='ocrx_word' id='word_1_472' title='bbox 1781 2771 1897 2814; x_wconf 86' lang='lat' dir='ltr'>filius</span> <span class='ocrx_word' id='word_1_473' title='bbox 1925 2772 2089 2828; x_wconf 84' lang='lat' dir='ltr'>Senua,</span> <span class='ocrx_word' id='word_1_474' title='bbox 2113 2785 2244 2828; x_wconf 87' lang='lat' dir='ltr'>super</span> 
     </span>
     <span class='ocr_line' id='line_1_46' title="bbox 402 2834 1937 2878; baseline -0.003 0"><span class='ocrx_word' id='word_1_475' title='bbox 402 2836 633 2878; x_wconf 81' lang='lat' dir='ltr'>civitatem</span> <span class='ocrx_word' id='word_1_476' title='bbox 659 2834 892 2877; x_wconf 89' lang='lat' dir='ltr'>secundus.</span> <span class='ocrx_word' id='word_1_477' title='bbox 1927 2834 1937 2847; x_wconf 82' lang='lat'>‘</span> 
     </span>
    </p>

    <p class='ocr_par' dir='ltr' id='par_1_9' title="bbox 402 2890 2255 3365">
     <span class='ocr_line' id='line_1_47' title="bbox 463 2890 2241 2949; baseline -0.002 -11"><span class='ocrx_word' id='word_1_478' title='bbox 463 2894 498 2921; x_wconf 82' lang='lat'>¹⁰</span> <span class='ocrx_word' id='word_1_479' title='bbox 513 2895 571 2937; x_wconf 88' lang='lat' dir='ltr'>Et</span> <span class='ocrx_word' id='word_1_480' title='bbox 587 2895 639 2938; x_wconf 91' lang='lat' dir='ltr'>de</span> <span class='ocrx_word' id='word_1_481' title='bbox 655 2893 958 2937; x_wconf 89' lang='lat' dir='ltr'>sacerdotibus</span> <span class='ocrx_word' id='word_1_482' title='bbox 976 2910 984 2937; x_wconf 78' lang='grc' dir='ltr'>ε</span> <span class='ocrx_word' id='word_1_483' title='bbox 1009 2893 1149 2949; x_wconf 89' lang='lat' dir='ltr'>Idaia,</span> <span class='ocrx_word' id='word_1_484' title='bbox 1165 2893 1281 2937; x_wconf 90' lang='lat' dir='ltr'>filius</span> <span class='ocrx_word' id='word_1_485' title='bbox 1297 2894 1325 2936; x_wconf 93' lang='lat' dir='ltr'>J</span> <span class='ocrx_word' id='word_1_486' title='bbox 1330 2893 1466 2949; x_wconf 90' lang='lat' dir='ltr'>oarib,</span> <span class='ocrx_word' id='word_1_487' title='bbox 1483 2891 1660 2947; x_wconf 88' lang='lat' dir='ltr'>Jachin,</span> <span class='ocrx_word' id='word_1_488' title='bbox 1681 2890 1713 2916; x_wconf 78' lang='lat'>¹¹</span> <span class='ocrx_word' id='word_1_489' title='bbox 1729 2890 1895 2945; x_wconf 84' lang='lat' dir='ltr'>Saraia,</span> <span class='ocrx_word' id='word_1_490' title='bbox 1912 2890 2027 2934; x_wconf 89' lang='lat' dir='ltr'>filius</span> <span class='ocrx_word' id='word_1_491' title='bbox 2051 2890 2241 2946; x_wconf 84' lang='lat' dir='ltr'>Helciae,</span> 
     </span>
     <span class='ocr_line' id='line_1_48' title="bbox 402 2949 2255 3009; baseline -0.002 -13"><span class='ocrx_word' id='word_1_492' title='bbox 402 2954 518 2997; x_wconf 90' lang='lat' dir='ltr'>filius</span> <span class='ocrx_word' id='word_1_493' title='bbox 536 2954 784 3009; x_wconf 87' lang='lat' dir='ltr'>Mosollam,</span> <span class='ocrx_word' id='word_1_494' title='bbox 804 2953 920 2996; x_wconf 90' lang='lat' dir='ltr'>filius</span> <span class='ocrx_word' id='word_1_495' title='bbox 934 2952 1090 3008; x_wconf 83' lang='lat' dir='ltr'>Sadoc,</span> <span class='ocrx_word' id='word_1_496' title='bbox 1107 2953 1222 2996; x_wconf 89' lang='lat' dir='ltr'>filius</span> <span class='ocrx_word' id='word_1_497' title='bbox 1237 2952 1470 3008; x_wconf 88' lang='lat' dir='ltr'>Meraioth,</span> <span class='ocrx_word' id='word_1_498' title='bbox 1491 2952 1607 2994; x_wconf 89' lang='lat' dir='ltr'>filius</span> <span class='ocrx_word' id='word_1_499' title='bbox 1629 2949 1837 3005; x_wconf 89' lang='lat' dir='ltr'>Achitob,</span> <span class='ocrx_word' id='word_1_500' title='bbox 1858 2949 2062 3006; x_wconf 88' lang='lat' dir='ltr'>princeps</span> <span class='ocrx_word' id='word_1_501' title='bbox 2085 2949 2255 2993; x_wconf 70' lang='lat' dir='ltr'>domus⁴</span> 
     </span>
     <span class='ocr_line' id='line_1_49' title="bbox 403 3008 2242 3068; baseline -0.002 -12"><span class='ocrx_word' id='word_1_502' title='bbox 403 3013 508 3068; x_wconf 86' lang='lat' dir='ltr'>Dei,</span> <span class='ocrx_word' id='word_1_503' title='bbox 533 3012 568 3039; x_wconf 68' lang='lat'>¹⁵²</span> <span class='ocrx_word' id='word_1_504' title='bbox 591 3018 634 3056; x_wconf 90' lang='lat' dir='ltr'>et</span> <span class='ocrx_word' id='word_1_505' title='bbox 654 3013 816 3056; x_wconf 74' lang='lat' dir='ltr'>fratres</span> <span class='ocrx_word' id='word_1_506' title='bbox 842 3027 992 3055; x_wconf 89' lang='lat' dir='ltr'>eorum</span> <span class='ocrx_word' id='word_1_507' title='bbox 1018 3012 1239 3055; x_wconf 74' lang='lat' dir='ltr'>facientes</span> <span class='ocrx_word' id='word_1_508' title='bbox 1259 3026 1390 3068; x_wconf 89' lang='lat' dir='ltr'>opera</span> <span class='ocrx_word' id='word_1_509' title='bbox 1412 3011 1589 3068; x_wconf 90' lang='lat' dir='ltr'>templi,</span> <span class='ocrx_word' id='word_1_510' title='bbox 1611 3009 1856 3065; x_wconf 83' lang='lat' dir='ltr'>octingenti</span> <span class='ocrx_word' id='word_1_511' title='bbox 1879 3008 2040 3065; x_wconf 88' lang='lat' dir='ltr'>viginti</span> <span class='ocrx_word' id='word_1_512' title='bbox 2064 3009 2163 3052; x_wconf 92' lang='lat' dir='ltr'>duo.</span> <span class='ocrx_word' id='word_1_513' title='bbox 2184 3010 2242 3053; x_wconf 90' lang='lat' dir='ltr'>Et</span> 
     </span>
     <span class='ocr_line' id='line_1_50' title="bbox 403 3068 2242 3127; baseline -0.002 -12"><span class='ocrx_word' id='word_1_514' title='bbox 403 3072 562 3127; x_wconf 89' lang='lat' dir='ltr'>Adaia,</span> <span class='ocrx_word' id='word_1_515' title='bbox 586 3072 702 3114; x_wconf 89' lang='lat' dir='ltr'>filius</span> <span class='ocrx_word' id='word_1_516' title='bbox 729 3073 756 3114; x_wconf 89' lang='lat' dir='ltr'>J</span> <span class='ocrx_word' id='word_1_517' title='bbox 761 3072 960 3127; x_wconf 89' lang='lat' dir='ltr'>eroham,</span> <span class='ocrx_word' id='word_1_518' title='bbox 992 3071 1108 3114; x_wconf 89' lang='lat' dir='ltr'>filius</span> <span class='ocrx_word' id='word_1_519' title='bbox 1138 3071 1357 3127; x_wconf 88' lang='lat' dir='ltr'>Phelelia,</span> <span class='ocrx_word' id='word_1_520' title='bbox 1384 3071 1502 3114; x_wconf 88' lang='lat' dir='ltr'>filius</span> <span class='ocrx_word' id='word_1_521' title='bbox 1527 3068 1675 3125; x_wconf 84' lang='lat' dir='ltr'>Amsi‚</span> <span class='ocrx_word' id='word_1_522' title='bbox 1703 3068 1818 3111; x_wconf 84' lang='lat' dir='ltr'>filius</span> <span class='ocrx_word' id='word_1_523' title='bbox 1851 3069 2098 3125; x_wconf 88' lang='lat' dir='ltr'>Zachariae,</span> <span class='ocrx_word' id='word_1_524' title='bbox 2125 3068 2242 3111; x_wconf 87' lang='lat' dir='ltr'>filius</span> 
     </span>
     <span class='ocr_line' id='line_1_51' title="bbox 404 3127 2242 3187; baseline -0.003 -12"><span class='ocrx_word' id='word_1_525' title='bbox 404 3131 626 3186; x_wconf 87' lang='lat' dir='ltr'>Pheshur,</span> <span class='ocrx_word' id='word_1_526' title='bbox 661 3131 776 3173; x_wconf 88' lang='lat' dir='ltr'>filius</span> <span class='ocrx_word' id='word_1_527' title='bbox 805 3130 1032 3186; x_wconf 84' lang='lat' dir='ltr'>Melchiae,</span> <span class='ocrx_word' id='word_1_528' title='bbox 1065 3130 1100 3157; x_wconf 81' lang='lat'>¹3</span> <span class='ocrx_word' id='word_1_529' title='bbox 1129 3136 1174 3174; x_wconf 91' lang='lat' dir='ltr'>et</span> <span class='ocrx_word' id='word_1_530' title='bbox 1213 3131 1376 3174; x_wconf 78' lang='lat' dir='ltr'>fratres</span> <span class='ocrx_word' id='word_1_531' title='bbox 1409 3131 1527 3187; x_wconf 82' lang='lat' dir='ltr'>ejus,</span> <span class='ocrx_word' id='word_1_532' title='bbox 1565 3127 1786 3186; x_wconf 88' lang='lat' dir='ltr'>principes</span> <span class='ocrx_word' id='word_1_533' title='bbox 1823 3133 2020 3185; x_wconf 87' lang='lat' dir='ltr'>patrum,</span> <span class='ocrx_word' id='word_1_534' title='bbox 2060 3127 2242 3171; x_wconf 88' lang='lat' dir='ltr'>ducenti</span> 
     </span>
     <span class='ocr_line' id='line_1_52' title="bbox 404 3186 2241 3247; baseline -0.002 -14"><span class='ocrx_word' id='word_1_535' title='bbox 404 3190 702 3247; x_wconf 87' lang='lat' dir='ltr'>quadraginta</span> <span class='ocrx_word' id='word_1_536' title='bbox 724 3190 823 3233; x_wconf 91' lang='lat' dir='ltr'>duo.</span> <span class='ocrx_word' id='word_1_537' title='bbox 848 3190 906 3232; x_wconf 87' lang='lat' dir='ltr'>Et</span> <span class='ocrx_word' id='word_1_538' title='bbox 930 3190 1158 3246; x_wconf 84' lang='lat' dir='ltr'>Amassai,</span> <span class='ocrx_word' id='word_1_539' title='bbox 1192 3190 1308 3233; x_wconf 90' lang='lat' dir='ltr'>filius</span> <span class='ocrx_word' id='word_1_540' title='bbox 1338 3190 1516 3246; x_wconf 88' lang='lat' dir='ltr'>Azreel,</span> <span class='ocrx_word' id='word_1_541' title='bbox 1550 3188 1666 3231; x_wconf 89' lang='lat' dir='ltr'>filius</span> <span class='ocrx_word' id='word_1_542' title='bbox 1695 3187 1858 3243; x_wconf 83' lang='lat' dir='ltr'>Ahazi,</span> <span class='ocrx_word' id='word_1_543' title='bbox 1890 3187 2006 3230; x_wconf 90' lang='lat' dir='ltr'>filius</span> <span class='ocrx_word' id='word_1_544' title='bbox 2034 3186 2241 3230; x_wconf 87' lang='lat' dir='ltr'>Mosolla-</span> 
     </span>
     <span class='ocr_line' id='line_1_53' title="bbox 403 3245 2252 3306; baseline -0.004 -12"><span class='ocrx_word' id='word_1_545' title='bbox 403 3250 548 3305; x_wconf 88' lang='lat' dir='ltr'>moth‚</span> <span class='ocrx_word' id='word_1_546' title='bbox 572 3249 688 3292; x_wconf 87' lang='lat' dir='ltr'>filius</span> <span class='ocrx_word' id='word_1_547' title='bbox 719 3249 910 3303; x_wconf 86' lang='lat' dir='ltr'>Emmer,</span> <span class='ocrx_word' id='word_1_548' title='bbox 940 3249 973 3275; x_wconf 61' lang='lat'>1³¹</span> <span class='ocrx_word' id='word_1_549' title='bbox 997 3260 1039 3292; x_wconf 82' lang='lat' dir='ltr'>et</span> <span class='ocrx_word' id='word_1_550' title='bbox 1072 3249 1234 3292; x_wconf 78' lang='lat' dir='ltr'>fratres</span> <span class='ocrx_word' id='word_1_551' title='bbox 1268 3263 1416 3293; x_wconf 89' lang='lat' dir='ltr'>eorum</span> <span class='ocrx_word' id='word_1_552' title='bbox 1446 3252 1648 3306; x_wconf 89' lang='lat' dir='ltr'>potentes</span> <span class='ocrx_word' id='word_1_553' title='bbox 1678 3246 1830 3302; x_wconf 90' lang='lat' dir='ltr'>nimis,</span> <span class='ocrx_word' id='word_1_554' title='bbox 1867 3251 2045 3290; x_wconf 88' lang='lat' dir='ltr'>centum</span> <span class='ocrx_word' id='word_1_555' title='bbox 2078 3245 2252 3302; x_wconf 61' lang='lat' dir='ltr'>viginti⁴</span> 
     </span>
     <span class='ocr_line' id='line_1_54' title="bbox 406 3306 1705 3365; baseline -0.005 -12"><span class='ocrx_word' id='word_1_556' title='bbox 406 3315 527 3363; x_wconf 89' lang='lat' dir='ltr'>octo;</span> <span class='ocrx_word' id='word_1_557' title='bbox 554 3315 597 3352; x_wconf 89' lang='lat' dir='ltr'>et</span> <span class='ocrx_word' id='word_1_558' title='bbox 618 3308 880 3365; x_wconf 90' lang='lat' dir='ltr'>praepositus</span> <span class='ocrx_word' id='word_1_559' title='bbox 903 3322 1052 3351; x_wconf 88' lang='lat' dir='ltr'>eorum</span> <span class='ocrx_word' id='word_1_560' title='bbox 1078 3309 1281 3364; x_wconf 85' lang='lat' dir='ltr'>Zabdiel,</span> <span class='ocrx_word' id='word_1_561' title='bbox 1304 3309 1421 3352; x_wconf 88' lang='lat' dir='ltr'>filius</span> <span class='ocrx_word' id='word_1_562' title='bbox 1442 3306 1705 3365; x_wconf 89' lang='lat' dir='ltr'>potentium.</span> 
     </span>
    </p>

    <p class='ocr_par' dir='ltr' id='par_1_10' title="bbox 405 3364 2256 3662">
     <span class='ocr_line' id='line_1_55' title="bbox 466 3364 2240 3424; baseline -0.002 -13"><span class='ocrx_word' id='word_1_563' title='bbox 466 3369 500 3395; x_wconf 72' lang='lat'>&#39;¹5</span> <span class='ocrx_word' id='word_1_564' title='bbox 528 3370 584 3411; x_wconf 84' lang='lat' dir='ltr'>Et</span> <span class='ocrx_word' id='word_1_565' title='bbox 606 3369 660 3411; x_wconf 92' lang='lat' dir='ltr'>de</span> <span class='ocrx_word' id='word_1_566' title='bbox 686 3368 834 3411; x_wconf 85' lang='lat' dir='ltr'>levitis</span> <span class='ocrx_word' id='word_1_567' title='bbox 865 3384 872 3411; x_wconf 93' lang='lat'>:</span> <span class='ocrx_word' id='word_1_568' title='bbox 895 3368 1088 3424; x_wconf 82' lang='lat' dir='ltr'>Semeia,</span> <span class='ocrx_word' id='word_1_569' title='bbox 1116 3368 1231 3410; x_wconf 91' lang='lat' dir='ltr'>filius</span> <span class='ocrx_word' id='word_1_570' title='bbox 1256 3368 1434 3424; x_wconf 89' lang='lat' dir='ltr'>Hasub,</span> <span class='ocrx_word' id='word_1_571' title='bbox 1458 3367 1574 3410; x_wconf 89' lang='lat' dir='ltr'>filius</span> <span class='ocrx_word' id='word_1_572' title='bbox 1598 3365 1856 3423; x_wconf 87' lang='lat' dir='ltr'>Azaricam,</span> <span class='ocrx_word' id='word_1_573' title='bbox 1884 3365 2000 3408; x_wconf 90' lang='lat' dir='ltr'>filius</span> <span class='ocrx_word' id='word_1_574' title='bbox 2024 3364 2240 3420; x_wconf 88' lang='lat' dir='ltr'>Hasabia‚</span> 
     </span>
     <span class='ocr_line' id='line_1_56' title="bbox 405 3423 2242 3482; baseline -0.003 -12"><span class='ocrx_word' id='word_1_575' title='bbox 405 3429 521 3471; x_wconf 88' lang='lat' dir='ltr'>filius</span> <span class='ocrx_word' id='word_1_576' title='bbox 546 3428 682 3482; x_wconf 85' lang='lat' dir='ltr'>Boni3</span> <span class='ocrx_word' id='word_1_577' title='bbox 712 3427 747 3453; x_wconf 74' lang='lat'>1⁶</span> <span class='ocrx_word' id='word_1_578' title='bbox 773 3432 816 3470; x_wconf 91' lang='lat' dir='ltr'>et</span> <span class='ocrx_word' id='word_1_579' title='bbox 840 3426 1075 3482; x_wconf 80' lang='lat' dir='ltr'>Sabathai,</span> <span class='ocrx_word' id='word_1_580' title='bbox 1111 3433 1154 3470; x_wconf 92' lang='lat' dir='ltr'>et</span> <span class='ocrx_word' id='word_1_581' title='bbox 1179 3428 1206 3470; x_wconf 92' lang='lat' dir='ltr'>J</span> <span class='ocrx_word' id='word_1_582' title='bbox 1212 3427 1399 3482; x_wconf 88' lang='lat' dir='ltr'>ozabed,</span> <span class='ocrx_word' id='word_1_583' title='bbox 1426 3440 1556 3482; x_wconf 91' lang='lat' dir='ltr'>super</span> <span class='ocrx_word' id='word_1_584' title='bbox 1578 3424 1726 3468; x_wconf 89' lang='lat' dir='ltr'>omnia</span> <span class='ocrx_word' id='word_1_585' title='bbox 1752 3430 1883 3481; x_wconf 84' lang='lat' dir='ltr'>opera</span> <span class='ocrx_word' id='word_1_586' title='bbox 1905 3438 2003 3480; x_wconf 87' lang='lat' dir='ltr'>quae</span> <span class='ocrx_word' id='word_1_587' title='bbox 2027 3427 2153 3466; x_wconf 88' lang='lat' dir='ltr'>erant</span> <span class='ocrx_word' id='word_1_588' title='bbox 2172 3423 2242 3466; x_wconf 74' lang='lat' dir='ltr'>fo-</span> 
     </span>
     <span class='ocr_line' id='line_1_57' title="bbox 405 3481 2241 3543; baseline -0.003 -14"><span class='ocrx_word' id='word_1_589' title='bbox 405 3487 602 3531; x_wconf 87' lang='lat' dir='ltr'>rinsecus</span> <span class='ocrx_word' id='word_1_590' title='bbox 626 3487 673 3529; x_wconf 87' lang='lat' dir='ltr'>in</span> <span class='ocrx_word' id='word_1_591' title='bbox 696 3487 827 3530; x_wconf 90' lang='lat' dir='ltr'>domo</span> <span class='ocrx_word' id='word_1_592' title='bbox 850 3486 953 3542; x_wconf 87' lang='lat' dir='ltr'>Dei,</span> <span class='ocrx_word' id='word_1_593' title='bbox 977 3501 1003 3528; x_wconf 89' lang='lat' dir='ltr'>a</span> <span class='ocrx_word' id='word_1_594' title='bbox 1025 3486 1298 3543; x_wconf 88' lang='lat' dir='ltr'>principibus</span> <span class='ocrx_word' id='word_1_595' title='bbox 1325 3486 1584 3538; x_wconf 88' lang='lat' dir='ltr'>levitarum;</span> <span class='ocrx_word' id='word_1_596' title='bbox 1610 3483 1644 3509; x_wconf 72' lang='lat'>1⁷</span> <span class='ocrx_word' id='word_1_597' title='bbox 1668 3489 1711 3526; x_wconf 89' lang='lat' dir='ltr'>et</span> <span class='ocrx_word' id='word_1_598' title='bbox 1740 3484 1993 3539; x_wconf 86' lang='lat' dir='ltr'>Mathania,</span> <span class='ocrx_word' id='word_1_599' title='bbox 2021 3483 2136 3525; x_wconf 87' lang='lat' dir='ltr'>filius</span> <span class='ocrx_word' id='word_1_600' title='bbox 2157 3481 2241 3524; x_wconf 91' lang='lat' dir='ltr'>Mi-</span> 
     </span>
     <span class='ocr_line' id='line_1_58' title="bbox 408 3541 2241 3602; baseline -0.003 -13"><span class='ocrx_word' id='word_1_601' title='bbox 408 3547 515 3602; x_wconf 89' lang='lat' dir='ltr'>cha,</span> <span class='ocrx_word' id='word_1_602' title='bbox 541 3547 658 3589; x_wconf 87' lang='lat' dir='ltr'>filius</span> <span class='ocrx_word' id='word_1_603' title='bbox 680 3546 888 3601; x_wconf 88' lang='lat' dir='ltr'>Zebedei,</span> <span class='ocrx_word' id='word_1_604' title='bbox 924 3546 1039 3588; x_wconf 89' lang='lat' dir='ltr'>filius</span> <span class='ocrx_word' id='word_1_605' title='bbox 1062 3546 1235 3602; x_wconf 83' lang='lat' dir='ltr'>Asaph,</span> <span class='ocrx_word' id='word_1_606' title='bbox 1266 3545 1470 3602; x_wconf 85' lang='lat' dir='ltr'>princeps</span> <span class='ocrx_word' id='word_1_607' title='bbox 1500 3543 1556 3586; x_wconf 89' lang='lat' dir='ltr'>ad</span> <span class='ocrx_word' id='word_1_608' title='bbox 1582 3543 1856 3587; x_wconf 85' lang='lat' dir='ltr'>laudandum</span> <span class='ocrx_word' id='word_1_609' title='bbox 1882 3548 1925 3586; x_wconf 89' lang='lat' dir='ltr'>et</span> <span class='ocrx_word' id='word_1_610' title='bbox 1949 3542 2007 3585; x_wconf 89' lang='lat' dir='ltr'>ad</span> <span class='ocrx_word' id='word_1_611' title='bbox 2029 3541 2241 3585; x_wconf 89' lang='lat' dir='ltr'>confiten-</span> 
     </span>
     <span class='ocr_line' id='line_1_59' title="bbox 409 3599 2256 3662; baseline -0.003 -14"><span class='ocrx_word' id='word_1_612' title='bbox 409 3605 514 3648; x_wconf 88' lang='lat' dir='ltr'>dum</span> <span class='ocrx_word' id='word_1_613' title='bbox 540 3605 585 3647; x_wconf 86' lang='lat' dir='ltr'>in</span> <span class='ocrx_word' id='word_1_614' title='bbox 613 3605 835 3660; x_wconf 63' lang='lat' dir='ltr'>orationeq</span> <span class='ocrx_word' id='word_1_615' title='bbox 862 3610 906 3648; x_wconf 90' lang='lat' dir='ltr'>et</span> <span class='ocrx_word' id='word_1_616' title='bbox 925 3604 1164 3662; x_wconf 87' lang='lat' dir='ltr'>Becbecia,</span> <span class='ocrx_word' id='word_1_617' title='bbox 1191 3603 1410 3648; x_wconf 89' lang='lat' dir='ltr'>secundus</span> <span class='ocrx_word' id='word_1_618' title='bbox 1427 3603 1481 3646; x_wconf 89' lang='lat' dir='ltr'>de</span> <span class='ocrx_word' id='word_1_619' title='bbox 1503 3602 1718 3645; x_wconf 73' lang='lat' dir='ltr'>fratribus</span> <span class='ocrx_word' id='word_1_620' title='bbox 1742 3602 1859 3659; x_wconf 78' lang='lat' dir='ltr'>ejus,</span> <span class='ocrx_word' id='word_1_621' title='bbox 1883 3607 1926 3645; x_wconf 90' lang='lat' dir='ltr'>et</span> <span class='ocrx_word' id='word_1_622' title='bbox 1948 3601 2101 3656; x_wconf 86' lang='lat' dir='ltr'>Abda,</span> <span class='ocrx_word' id='word_1_623' title='bbox 2124 3599 2256 3643; x_wconf 44' lang='lat' dir='ltr'>filius„</span> 
     </span>
    </p>
   </div>
  </div>
 </body>
</html>
