2423 3861
683 119 833 160 Euam.
870 117 1024 170 XLII,
1062 117 1114 158 15
1148 141 1204 147 ——
1238 115 1418 166 XLIII,
1458 115 1521 156 10.
1925 111 2009 153 783

730 366 944 421 PARS
994 364 1477 420 POSTERIOR

239 508 406 547 LAUS
455 508 568 545 DEI
622 504 1004 544 CREATORIS
1055 503 1130 540 ET
1179 500 1592 540 SANCTORUM
1643 498 1958 539 VIRORUM

485 586 770 625 VE'rlsslzls
819 582 1249 623 TESTAMENTI
1299 553 1719 619 l‘RAiCONlUM

797 713 819 765 ξ
853 711 888 753 Ι.
921 735 980 742 —
1012 709 1138 751 Laus
1176 708 1405 752 Creatori&

368 821 401 847 ¹⁵
424 821 592 863 Memor
617 832 688 862 ero
710 817 847 873 igitur
873 831 1051 873 operum
1082 814 1282 869 Domini,

483 883 526 921 et
551 892 647 933 quae
670 876 763 918 vidi
787 875 1077 918 annuntiabo.

424 940 476 980 In
502 935 779 980 sermonibus
808 934 988 977 Domini
1011 947 1141 989 opera
1167 933 1276 988 ejus.

430 997 461 1023 ¹⁶
483 995 556 1039 Sol
582 994 839 1037 illuminans
862 1007 939 1050 per
965 992 1112 1035 omnia
1134 989 1347 1047 respexit,

484 1060 527 1098 et
548 1054 688 1110 gloria
716 1052 894 1096 Domini
917 1052 1098 1108 plenum
1120 1055 1187 1093 est
1208 1063 1316 1106 opus
1343 1049 1453 1105 ejus.

365 1114 399 1140 Π
424 1115 580 1157 Nonne
607 1113 822 1155 Dominus
849 1111 961 1154 fecit
983 1115 1158 1153 sanctos
1181 1122 1384 1152 enarrare
1411 1108 1559 1150 omnia
1581 1107 1804 1150 mirabilia
1826 1122 1926 1164 sua,

482 1187 578 1228 quae
606 1170 884 1215 confirmavit
911 1169 1126 1212 Dominus
1153 1167 1431 1224 omnipotens
1453 1165 1642 1209 stabiliri
1670 1166 1713 1207 in
1736 1165 1876 1221 gloria
1904 1167 2013 1210 sua?

365 1232 400 1258 ¹8
423 1232 649 1288 Abyssum
670 1236 713 1274 et
735 1243 809 1273 cor
833 1229 1064 1272 hominum
1085 1226 1396 1282 investigavit,

481 1296 524 1334 et
546 1290 590 1332 in
614 1289 781 1332 astutia
804 1302 953 1332 eorum
980 1286 1266 1342 excogitavit.

369 1349 402 1375 ¹9
423 1349 645 1406 Cognovit
671 1348 789 1392 enim
815 1347 1032 1390 Dominus
1053 1359 1230 1389 omnem
1255 1344 1506 1399 scientiam,

483 1414 526 1452 et
550 1407 744 1464 inspexit
768 1407 815 1449 in
841 1406 1018 1461 signum
1044 1404 1149 1459 aevi,

423 1467 692 1511 annuntians
719 1481 817 1521 quae
843 1464 1149 1521 praeterierunt
1171 1468 1213 1506 et
1235 1476 1333 1518 quae
1355 1467 1671 1518 superventura
1696 1466 1814 1515 sunt,

482 1525 682 1569 revelans
705 1524 896 1580 vestigia
922 1522 1207 1566 occultorum.

364 1586 402 1612 “20
424 1587 523 1629 Non
544 1584 741 1641 praeterit
766 1583 894 1625 illum
919 1581 1061 1625 omnis
1086 1580 1327 1636 cogitatus,

483 1649 526 1687 et
551 1658 639 1686 non
664 1642 899 1685 abscondit
920 1655 966 1684 se
988 1640 1043 1682 ab
1072 1653 1121 1683 eo
1148 1638 1263 1681 ullus
1284 1653 1440 1682 sermo.

364 1705 399 1730 *2¹
424 1702 654 1759 Magnalia
675 1701 907 1758 sapientiae
929 1714 1021 1742 suae
1045 1698 1291 1753 decoravit,

485 1762 558 1818 qui
582 1767 648 1805 est
668 1766 773 1804 ante
796 1759 1013 1803 saeculum
1034 1763 1078 1801 et
1102 1771 1239 1812 usque
1263 1757 1309 1799 in
1331 1756 1570 1813 saeculum3

426 1836 566 1877 neque
592 1820 821 1876 adjectum
847 1823 931 1873 est,
959 1817 996 1843 ‘2⁶2
1013 1831 1154 1872 neque
1178 1815 1403 1870 minuitur,

483 1886 527 1924 et
552 1894 638 1923 non
666 1884 765 1935 eget
791 1878 984 1934 alicujus
1008 1875 1204 1920 consilio.

364 1941 402 1966 “2³³
423 1941 564 1991 Quam
586 1937 898 1982 desiderabilia
921 1935 1070 1979 omnia
1092 1949 1222 1991 opera
1249 1934 1364 1990 ejus!

484 2004 527 2042 et
548 2004 761 2054 tanquam
781 1996 977 2040 scintilla
999 2009 1098 2050 quae
1121 1998 1187 2037 est
1210 1993 1500 2036 considerare.

364 2059 399 2085 24
422 2058 582 2103 Omnia
606 2058 703 2100 haec
725 2056 902 2111 vivunt,
929 2059 972 2098 et
994 2059 1176 2097 manent
1199 2053 1246 2095 in
1271 2052 1505 2108 saeculum⁷

483 2122 526 2160 et
546 2117 592 2158 in
619 2115 738 2159 omni
761 2114 1025 2158 necessitate
1050 2112 1199 2156 omnia
1225 2111 1470 2154 obaudiunt
1490 2111 1542 2154 ei.

365 2176 401 2203 '²5
423 2175 582 2220 Omnia
608 2174 826 2230 duplicia,
849 2187 986 2216 unum
1014 2176 1167 2215 contra
1192 2184 1349 2226 unum,

484 2240 526 2278 et
552 2248 639 2277 non
665 2231 776 2276 fecit
799 2232 1039 2288 quidquam
1065 2231 1229 2273 deesse.

366 2295 402 2321 '26
425 2293 786 2348 Uni‘uscujusque
812 2289 1091 2334 confirmavit
1117 2289 1247 2331 bona.

484 2353 541 2395 Et
568 2351 663 2407 quis
689 2349 924 2393 satiabitur
948 2349 1104 2393 videns
1133 2347 1322 2403 gloriam
1348 2346 1477 2402 ejus?

244 2414 354 2457 CAP.
380 2413 555 2455 XLIII.
577 2437 636 2444 —
660 2410 674 2436 1
694 2409 960 2452 Altitudinis
982 2408 1310 2450 firmamentum
1335 2405 1617 2462 pulchritudo
1641 2407 1737 2461 ejus
1763 2410 1848 2455 est,

482 2471 649 2528 species
675 2469 773 2512 caeli
799 2468 845 2510 in
865 2467 1035 2510 visione
1060 2466 1229 2521 gloriae.

386 2531 403 2557 2
424 2531 496 2575 Sol
522 2530 566 2572 in
593 2534 773 2585 aspectu
799 2526 1069 2569 annuntians
1095 2525 1139 2566 in
1163 2524 1306 2579 exitu,

482 2603 559 2632 vas
585 2587 849 2631 admirabile
874 2599 982 2642 opus
1010 2583 1200 2627 Excelsi.

386 2649 403 2675 3
425 2650 477 2692 In
501 2648 743 2691 meridiano
770 2645 913 2689 exurit
937 2649 1120 2698 terram,

483 2713 526 2751 et
551 2707 596 2750 in
619 2710 855 2762 conspectu
880 2703 1047 2746 ardoris
1070 2703 1165 2759 ejus
1193 2701 1289 2757 quis
1314 2701 1476 2758 poterit
1496 2700 1740 2744 sustinere?

485 2768 728 2809 Fornaceni
756 2763 1007 2807 custodiens
1029 2762 1075 2804 in
1101 2760 1305 2818 operibus
1327 2759 1519 2815 ardoris;

383 2825 400 2852 4
421 2826 654 2882 tripliciter
675 2825 740 2867 sol
765 2836 952 2866 exurens
980 2825 1170 2876 montes,

481 2884 626 2928 radios
652 2884 806 2940 igneos
832 2880 1101 2936 exsufflans,

483 2949 526 2987 et
547 2943 774 2998 refulgens
798 2940 932 2984 radiis
953 2940 1044 2983 suis
1067 2939 1265 2983 obcaecat
1291 2939 1454 2982 oculos.

384 3003 402 3029 ⁵
424 3003 615 3059 Magnus
640 3001 856 3046 Dominus
883 2999 956 3055 qui
981 2998 1093 3042 fecit
1116 2999 1266 3053 illum,

485 3068 528 3105 et
553 3062 598 3104 in
623 3059 898 3105 sermonibus
925 3059 1022 3114 ejus
1047 3057 1282 3101 festinavit
1302 3057 1397 3100 iter.

385 3122 404 3147 ⁰
425 3123 482 3164 Et
503 3121 609 3163 luna
632 3120 679 3163 in
705 3119 907 3163 omnibus
932 3117 978 3159 in
1003 3122 1199 3174 tempore
1221 3130 1319 3170 suo,

485 3179 675 3223 ostensio
701 3178 931 3235 temporis,
959 3182 1001 3220 et
1027 3177 1205 3231 signum
1231 3175 1329 3219 aevi.

385 3238 401 3265 7
423 3239 463 3281 A
485 3239 590 3281 luna
615 3239 794 3294 signum
817 3237 903 3281 diei
925 3235 1055 3291 festi3

483 3298 701 3341 luminare
728 3297 842 3353 quod
869 3295 1083 3338 minuitur
1106 3294 1153 3337 in
1181 3295 1577 3339 consummatione.

385 3356 402 3383 8
425 3357 589 3400 Mensis
616 3356 859 3400 secundum
884 3369 1044 3398 nomen
1071 3353 1168 3409 ejus
1193 3358 1280 3408 est,

486 3430 685 3459 crescens
710 3414 973 3458 mirabiliter
993 3413 1038 3456 in
1064 3412 1456 3456 consummatione.

386 3474 403 3501 9
425 3476 516 3518 Vas
540 3480 784 3518 castrorum
808 3474 855 3517 in
882 3472 1087 3526 excelsis,

484 3534 529 3576 in
556 3534 834 3577 firmamento
861 3532 958 3576 caeli
980 3531 1264 3588 resplendens
1286 3529 1487 3587 gloriose.

369 3590 406 3618 ¹⁰
427 3592 602 3649 Species
629 3592 727 3636 caeli
749 3591 890 3648 gloria
915 3590 1145 3634 stellarum
1169 3606 1179 3634 ε

2118 822 2284 855 Magnana

2115 865 2288 898 sapientiae

2117 910 2284 938 creatoris

2112 953 2295 982 universim

2119 1000 2287 1030 spectatae.

2121 2417 2289 2450 Magnana

2103 2461 2216 2490 eadem
2239 2468 2309 2493 spe-

2148 2504 2264 2532 ciatim

2104 2548 2305 2582 conspicua:

2116 2595 2148 2620 1⁰
2169 2591 2202 2620 in
2221 2593 2299 2620 caelo

2131 2634 2262 2664 sidereo
2273 2641 2285 2670 3
