2423 3861
217 462 384 491 Invitatio

207 508 249 536 ad
265 507 395 541 gratias

223 553 379 585 agendas.

237 1079 385 1109 Titulus·

196 1175 256 1204 Pia
274 1177 408 1209 querela

205 1221 245 1248 de
264 1221 399 1250 miseria

218 1266 386 1298 praesenti.

170 2307 309 2337 Fiducia
339 2315 411 2340 pro·

170 2356 245 2385 pter
271 2352 411 2384 antiqua

172 2396 230 2425 Dei
249 2396 411 2425 beneficia

208 2440 241 2469 in
259 2441 374 2469 Israel.

489 114 572 158 602

993 113 1066 156 Ps.
1102 113 1285 168 LXXV,
1323 114 1377 157 10
1408 140 1468 147 —
1500 115 1718 170 LXXVI,
1753 116 1821 158 20.

783 288 897 326 terra
922 283 1123 338 tremuit,
1151 287 1195 326 et
1219 283 1389 338 quievit
1410 301 1418 339 3

668 341 701 368 ¹0
719 356 819 384 cum
844 347 1075 397 exurgeret
1099 342 1146 384 in
1170 342 1390 398 judicium
1414 344 1553 399 Deus,

780 406 829 443 ut
853 401 998 444 salvos
1024 401 1194 445 faceret
1219 416 1370 446 omnes
1392 407 1646 446 mansuetos
1672 406 1814 446 terrae.

663 459 695 485 ¹¹
715 460 933 510 Quoniam
959 460 1173 516 cogitatio
1196 461 1388 505 hominis
1414 461 1696 505 confitebitur
1721 462 1827 518 tibi,

780 524 823 562 et
846 519 1044 575 reliquiae
1067 520 1352 576 cogitationis
1378 521 1496 564 diem
1521 521 1690 564 festum
1711 498 1848 577 agerit
1870 521 1967 567 tibi.

661 576 697 604 ¹2
714 579 907 634 Vovete,
935 583 979 622 et
999 578 1172 623 reddite
1199 580 1391 623 Domino
1415 581 1508 622 Deo
1534 584 1706 636 vestro,

779 651 931 681 omnes
957 638 1029 694 qui
1055 638 1101 681 in
1125 639 1311 682 circuitu
1339 640 1435 695 ejus
1460 638 1632 682 affertis
1655 654 1838 683 munera

737 697 947 752 terribili,
977 697 1011 724 ¹3
1029 702 1072 742 et
1097 698 1135 742 ei
1162 698 1236 754 qui
1259 698 1407 742 aufert
1429 697 1634 755 spiritum
1659 698 1932 756 principum,

778 756 965 799 terribili
990 757 1108 814 apud
1134 772 1258 814 reges
1284 763 1425 801 terrae.

1179 881 1392 924 PsALMus
1427 881 1623 924 LXXVI

481 980 522 1022 A
519 980 694 1036 fflictus
718 982 884 1026 clamat
905 983 968 1026 acl
987 984 1229 1027 Dominum
1238 1001 1257 1039 ;
1282 983 1371 1026 Dei
1395 984 1626 1026 mirabilia
1649 985 1895 1039 recogitans
1918 985 1964 1027 in
1986 999 2105 1040 spem
2125 985 2321 1041 eodqitur.

541 1080 554 1107 ¹
578 1082 633 1125 In
658 1083 811 1140 finem,
840 1099 916 1141 pro
943 1084 1149 1140 Idithun,
1178 1084 1382 1127 Psalmus
1408 1085 1576 1141 Asaph.

677 1171 694 1198 2
714 1174 833 1216 Voce
855 1188 953 1217 mea
975 1174 1031 1216 ad
1059 1174 1303 1217 Dominum
1327 1173 1519 1217 clamavi
1538 1191 1546 1228 ;

775 1246 884 1276 voce
909 1247 1007 1276 mea
1029 1233 1085 1276 ad
1113 1234 1277 1289 Deum,
1304 1239 1348 1276 et
1369 1233 1564 1277 intendit
1587 1233 1709 1276 mihi.

676 1290 694 1317 3
711 1291 764 1334 In
791 1291 863 1335 die
889 1292 1192 1336 tribulationis
1218 1307 1330 1336 meae
1360 1294 1505 1336 Deum
1531 1292 1777 1348 exquisivi3

775 1351 980 1394 manibus
999 1352 1108 1395 meis
1127 1357 1257 1396 nocte
1275 1357 1429 1396 contra
1447 1366 1569 1408 eum,
1589 1356 1632 1395 et
1650 1366 1738 1395 non
1756 1366 1854 1395 sum
1874 1353 2097 1410 deceptus.

718 1410 880 1453 Renuit
907 1411 1124 1454 consolari
1150 1411 1302 1454 anima
1327 1426 1455 1467 mea,
1447 1429 1455 1438 ·

735 1468 752 1495 4
770 1484 938 1513 memor
960 1470 1029 1513 fui
1057 1471 1160 1527 Dei,
1185 1476 1228 1514 et
1251 1470 1497 1514 delectatus
1523 1486 1645 1526 sum;

775 1534 818 1572 et
844 1529 1111 1573 exercitatus
1137 1506 1255 1587 sum,
1283 1535 1327 1574 et
1353 1530 1522 1573 defecit
1547 1508 1728 1588 spiritus
1754 1544 1889 1573 meus.

675 1587 692 1613 5
708 1587 1084 1645 Anticipaverunt
1109 1589 1288 1645 vigilias
1317 1589 1431 1632 oculi
1453 1589 1572 1645 11181;

774 1647 977 1691 tuibatus
1002 1663 1121 1704 sum,
1146 1654 1189 1692 et
1210 1663 1297 1692 non
1324 1663 1422 1692 sum
1445 1648 1633 1693 locutus.

675 1705 693 1732 ⁶
711 1705 915 1762 Cogitavi
939 1707 1031 1751 dies
1054 1684 1285 1764 antiquos,

773 1771 816 1809 et
836 1781 975 1810 annos
999 1772 1185 1811 aeternos
1210 1767 1256 1810 in
1279 1773 1427 1811 mente
1452 1768 1603 1811 habui.

675 1823 690 1850 7
710 1826 767 1867 Et
789 1825 1029 1869 meditatus
1054 1842 1153 1869 sum
1175 1832 1305 1870 nocte
1331 1841 1433 1869 cum
1459 1827 1588 1870 corde
1615 1842 1731 1884 meo,

774 1890 816 1928 et
841 1885 1139 1942 exercitabar,
1168 1891 1211 1929 et
1233 1886 1471 1953 scopebam
1498 1886 1702 1943 spiritum
1728 1902 1890 1932 meum.

673 1942 691 1970 8
708 1943 967 2000 Numquid
956 1959 1002 1987 in
1029 1950 1244 1988 aeternum
1271 1945 1479 2002 piojiciet
1506 1946 1656 1990 Deus?

772 2008 850 2046 aut
874 2018 962 2046 non
987 2009 1180 2061 apponet
1202 2010 1250 2047 ut
1276 2004 1583 2062 complacitior
1604 2005 1662 2048 sit
1682 2005 1858 2050 adhue?

674 2061 691 2088 9
708 2062 831 2105 Aut
820 2077 865 2105 ln
892 2063 1025 2106 finem
1048 2063 1400 2107 miseiicordiam
1421 2079 1548 2107 suam
1573 2064 1828 2122 abscindet

770 2136 796 2164 a
818 2123 1104 2178 generatione
1128 2123 1175 2166 in
1201 2123 1564 2180 genelationem‘?

655 2180 691 2207 ¹0
707 2181 801 2224 Aut
822 2181 1110 2226 obliviscetur
1132 2182 1329 2226 misereri
1354 2183 1502 2227 Deus?

771 2246 849 2284 aut
874 2242 1121 2285 continebit
1144 2242 1189 2285 in
1217 2242 1281 2285 ira
1306 2256 1386 2285 sua
1411 2242 1736 2286 misericordias
1760 2244 1890 2288 suas?

656 2299 688 2325 ¹¹
710 2301 768 2343 Et
793 2300 886 2343 dixi
919 2318 927 2345 :
951 2302 1081 2345 Nunc
1108 2302 1246 2359 coepi3

768 2361 866 2403 haec
892 2361 1080 2404 mutatio
1107 2361 1303 2405 dexterae
1330 2361 1521 2405 Excelsi.

655 2418 691 2444 ¹²²
707 2420 880 2463 Memor
904 2420 972 2463 fui
996 2434 1178 2477 operum
1201 2421 1404 2477 Domini,

772 2479 874 2535 quia
897 2494 1065 2523 memor
1086 2494 1158 2524 ero
1180 2480 1236 2523 ab
1261 2480 1391 2524 initio
1416 2480 1690 2524 mirabilium
1717 2487 1916 2538 tuorum3

654 2538 689 2565 ¹3
706 2543 750 2583 et
775 2539 1024 2583 meditabor
1049 2539 1093 2582 in
1121 2540 1327 2583 omnibus
1351 2540 1555 2598 operibus
1581 2541 1688 2595 tuis,

771 2603 815 2642 et
835 2598 881 2641 in
907 2598 1299 2643 adinventionibus
1326 2599 1413 2643 tuis
1436 2599 1683 2643 exercebor.

654 2657 689 2684 ¹4
709 2659 847 2713 Deus,
873 2657 920 2700 in
943 2663 1096 2702 sancto
1121 2658 1194 2701 via
1220 2663 1298 2702 tua
1320 2676 1328 2703 :

770 2717 867 2773 quis
891 2718 1010 2761 Deus
1037 2732 1226 2774 magnus
1252 2718 1367 2762 sicut
1393 2720 1513 2763 Deus
1538 2718 1715 2762 noster?

654 2776 688 2803 ¹5
704 2777 771 2819 Tu
798 2791 843 2820 es
870 2777 989 2820 Deus
1016 2777 1088 2834 qui
1115 2777 1231 2821 facis
1257 2777 1494 2821 mirabilia.

771 2837 936 2880 Notam
958 2836 1108 2880 fecisti
1131 2836 1176 2879 in
1199 2837 1372 2894 populis
1398 2837 1610 2881 virtutem
1636 2842 1774 2882 tuam.

654 2895 690 2922 16
708 2895 952 2939 Redemisti
975 2896 1020 2938 in
1046 2896 1228 2940 brachio
1251 2902 1327 2940 tuo
1349 2896 1563 2954 populum
1588 2901 1735 2952 tuum,

770 2954 883 2998 filios
910 2955 1052 2998 Jacob
1079 2961 1122 2999 et
1148 2956 1330 3012 Joseph.

655 3013 688 3039 ¹⁷
708 3014 926 3057 Viderunt
951 3019 995 3058 te
1021 3029 1169 3071 aquae,
1195 3016 1339 3070 Deus,
1330 3033 1339 3041 ·

768 3073 976 3117 viderunt
998 3079 1041 3118 te
1061 3089 1212 3130 aquae,
1236 3079 1278 3118 et
1300 3074 1568 3130 timuerunt3

771 3137 814 3175 et
839 3132 1029 3176 tulbatae
1051 3138 1154 3176 sunt
1178 3134 1342 3190 abyssi.

654 3189 690 3217 ¹8
707 3190 948 3235 Multitudo
974 3192 1143 3236 sonitus
1165 3207 1402 3249 aquarum;

770 3264 924 3293 vocem
947 3251 1163 3294 dederunt
1184 3252 1337 3296 nubes

713 3309 891 3353 Etenim
916 3310 1094 3366 sagittae
1120 3316 1210 3354 tuae
1234 3317 1489 3368 transeunt;

713 3367 750 3394 ¹9
766 3382 853 3412 vox
877 3369 1059 3412 tonitrui
1082 3370 1147 3412 tui
1169 3370 1216 3412 in
1237 3376 1346 3415 rota.

714 3426 964 3471 Illuxeiunt
989 3429 1315 3473 coruscationes
1340 3436 1429 3474 tuae
1451 3431 1544 3475 orbi
1568 3436 1720 3487 terrae,
1711 3449 1720 3457 ·

773 3492 994 3531 commota
1020 3492 1106 3542 est,
1133 3493 1176 3531 et
1198 3490 1465 3533 contremuit
1485 3495 1551 3533 tei
1553 3504 1613 3533 ra

655 3545 692 3572 2⁰
709 3546 763 3590 In
788 3546 898 3589 mari
923 3545 998 3589 via
1023 3551 1119 3599 tua,
1147 3552 1190 3590 et
1211 3548 1382 3591 semitae
1408 3554 1497 3591 tuae
1522 3549 1568 3591 111
1593 3549 1718 3605 aquis
1742 3550 1913 3608 multis,

771 3611 817 3649 et
839 3604 1028 3662 vestigia
1052 3610 1128 3648 tua
1150 3620 1237 3649 non
1263 3612 1594 3662 cognoscentur.
