2456 3861
189 760 292 789 Venia
309 761 367 788 fiet

237 812 317 832 1081-

167 848 357 883 piscentibu
364 855 387 877 8.

204 2122 364 2151 Facilitas

186 2167 381 2195 mandatum

183 2210 379 2244 exequendi.

221 2537 349 2564 Iterum

215 2579 349 2611 praexuia

201 2626 235 2651 et
260 2630 366 2655 poenae

249 2675 320 2700 pro-

193 2717 374 2744 ponuntur.

468 169 551 211 190
958 168 1104 210 DEUT.
1138 167 1316 220 XXIX,
1351 168 1406 209 27
1439 193 1498 200 —
1529 168 1682 222 XXX,
1717 169 1785 211 20.

465 338 685 392 sciebant,
713 343 757 380 et
781 337 939 392 quibus
965 351 1052 379 non
1073 337 1254 379 fuerant
1285 335 1514 389 attributi3
1543 335 1578 362 ‘²⁷
1605 336 1769 379 idcirco
1801 336 1939 380 iratus
1969 344 2035 381 est
2059 339 2183 382 furor
2207 341 2293 383 Do-

464 396 572 439 mini
600 401 751 439 contra
773 402 936 438 terram
959 395 1113 451 istam,
1142 400 1190 437 ut
1210 394 1440 437 induceret
1465 408 1594 450 super
1619 409 1718 438 eam
1741 395 1890 438 omnia
1915 396 2168 453 maledicta,
2196 412 2294 454 quae

464 456 507 497 in
535 455 616 497 hoc
642 453 865 497 volumine
890 454 1056 510 scripta
1080 459 1210 509 sunt3
1234 453 1271 481 23
1293 458 1338 496 et
1359 453 1494 509 ejecit
1516 467 1589 496 eos
1612 454 1665 497 de
1691 459 1806 497 terra
1828 469 1908 497 sua
1929 454 1975 497 in
1997 455 2062 498 ira
2083 461 2128 499 et
2153 457 2198 499 in
2223 458 2295 499 fu-

462 528 577 568 rore,
612 519 657 556 et
684 513 731 555 in
764 512 1071 569 indignatione
1104 513 1322 568 maxima,
1358 512 1634 568 projecitque
1664 512 1710 555 in
1738 519 1902 556 terram
1939 514 2156 571 alienam,
2183 516 2298 559 sicut

462 572 592 615 hodie
630 572 953 628 comprobatur.
981 571 1017 598 29
1039 572 1318 616 Abscondita
1352 571 1544 615 Domino
1577 573 1672 615 Deo
1709 577 1879 628 nostro,
1918 587 2017 629 quae
2053 575 2298 618 manifesta

462 636 565 674 sunt
597 631 724 673 nobis
753 636 798 673 et
826 630 928 674 filiis
957 631 1118 676 nostris
1146 646 1282 688 usque
1311 631 1358 674 in
1391 630 1731 687 sempiternum,
1756 636 1804 674 ut
1839 632 2062 675 faciamus
2092 633 2298 676 universa

461 690 595 733 verba
618 689 730 745 legis
758 690 904 746 hujus.

521 750 628 794 CAP.
655 750 800 792 XXX.
825 774 885 782 ——
905 749 918 776 ¹
943 751 1054 794 Cum
1076 765 1179 806 ergo
1201 749 1406 792 venerint
1430 763 1561 806 super
1589 755 1632 793 te
1666 764 1818 793 omnes
1847 763 2072 793 sermones
2098 749 2196 807 isti,
2222 751 2298 795 be—

461 808 669 861 nedictio,
685 808 778 852 sive
804 807 1075 863 maledictio,
1095 821 1229 864 quam
1250 806 1458 864 proposui
1483 807 1529 849 in
1553 812 1794 865 conspectu
1815 812 1905 864 tuo,
1922 813 1966 852 et
1984 807 2143 851 ductus
2165 807 2304 865 poeni-

461 867 616 911 tudine
648 866 792 910 cordis
821 867 885 909 tui
914 867 960 908 in
992 866 1209 908 universis
1238 864 1466 921 gentibus,
1501 865 1547 907 in
1580 879 1689 921 quas
1722 865 1978 922 disperserit
2010 870 2054 908 te
2080 865 2298 908 Dominus

463 930 583 972 Deus
607 932 728 981 tuus,
755 924 772 951 ²
794 930 838 968 et
862 939 1062 969 reversus
1087 924 1225 967 fueris
1255 923 1311 966 ad
1337 938 1458 979 eum,
1485 929 1531 967 et
1559 923 1778 967 obedieris
1812 924 1911 980 ejus
1943 923 2162 980 imperiis,
2185 924 2299 967 sicut

463 1001 544 1044 ego
574 986 705 1029 hodie
735 983 947 1041 praecipio
979 984 1085 1040 tibi,
1125 998 1226 1026 curn
1258 982 1361 1025 filiis
1390 983 1498 1038 tuis,
1538 983 1584 1026 in
1621 988 1715 1026 toto
1753 983 1883 1026 corde
1915 988 2012 1039 tuo,
2044 988 2088 1026 et
2121 983 2167 1026 in
2204 988 2298 1026 tota

461 1046 612 1090 anima
633 1050 734 1100 tua3
766 1043 784 1070 3
804 1044 986 1087 reducet
1012 1043 1228 1086 Dominus
1254 1043 1374 1084 Deus
1399 1046 1500 1085 tuus
1526 1042 1838 1098 captivitatem
1870 1047 2015 1098 tuam,
2043 1056 2096 1085 ac
2120 1042 2298 1086 misere-

461 1106 581 1149 bitur
605 1104 690 1159 tui,
718 1108 762 1146 et
793 1117 964 1145 rursum
994 1101 1286 1158 congregabit
1314 1105 1358 1143 te
1389 1100 1442 1143 de
1477 1101 1648 1144 cunctis
1678 1101 1874 1157 populis,
1908 1101 1954 1143 in
1983 1115 2091 1157 quos
2120 1106 2164 1144 te
2194 1108 2298 1145 ante

463 1163 682 1221 dispersit,
709 1162 725 1189 4
749 1162 793 1207 Si
818 1161 874 1204 ad
901 1161 1103 1204 cardines
1129 1160 1226 1203 caeli
1252 1159 1392 1202 fueris
1418 1159 1678 1216 dissipatus,
1710 1160 1813 1203 inde
1843 1166 1886 1203 te
1918 1160 2121 1203 retrahet
2147 1161 2299 1204 Domi-

463 1239 544 1267 nus
571 1224 690 1266 Deus
715 1227 837 1275 tuus,
861 1221 877 1247 5
903 1225 948 1263 et
968 1224 1184 1274 assumet,
1212 1224 1344 1275 atque
1366 1218 1617 1262 introducet
1646 1219 1691 1262 in
1718 1224 1901 1275 terram,
1933 1234 2066 1275 quam
2095 1220 2300 1276 possede-

462 1288 566 1327 runt
586 1289 733 1339 patres
756 1281 841 1336 tui,
868 1285 912 1323 et
938 1278 1160 1323 obtinebis
1181 1293 1306 1333 eam,
1332 1283 1376 1321 et
1403 1278 1673 1322 benedicens
1705 1278 1810 1334 tibi,
1847 1278 2030 1335 majoris
2056 1279 2228 1322 numeri
2255 1284 2300 1323 te

463 1357 556 1387 esse
579 1341 719 1384 faciet
748 1354 880 1396 quam
912 1339 1096 1382 fuerunt
1131 1343 1279 1395 patres
1316 1338 1394 1382 tui.
1428 1338 1446 1365 6
1471 1337 1771 1382 Circumcidet
1797 1338 2016 1381 Dominus
2048 1338 2168 1381 Deus
2200 1343 2301 1382 tuus

464 1417 537 1446 cor
561 1407 707 1455 tuum,
735 1405 780 1443 et
812 1413 885 1442 cor
917 1398 1098 1442 seminis
1124 1397 1209 1451 tui,
1240 1402 1288 1440 ut
1321 1397 1483 1454 diligas
1518 1397 1761 1440 Dominum
1795 1398 1941 1440 Deum
1974 1403 2101 1440 tuum
2133 1397 2178 1440 in
2208 1403 2300 1441 toto

464 1461 594 1505 corde
619 1466 714 1515 tuo,
742 1464 785 1502 et
810 1459 856 1501 in
878 1464 971 1502 tota
995 1457 1148 1500 anima
1169 1463 1266 1513 tua,
1297 1462 1346 1499 ut
1374 1456 1514 1513 possis
1544 1456 1706 1502 vivere.
1742 1456 1757 1482 7
1785 1457 1949 1501 Omnes
1977 1462 2129 1500 autem
2164 1457 2300 1500 male-

465 1519 680 1564 dictiones
701 1519 781 1561 has
807 1522 1035 1561 convertet
1056 1531 1186 1573 super
1217 1515 1421 1559 inimicos
1443 1522 1561 1572 tuos,
1588 1521 1632 1559 et
1661 1531 1734 1559 eos
1757 1516 1831 1572 qui
1862 1516 2050 1560 oderunt
2074 1521 2118 1559 te
2140 1522 2184 1559 et
2204 1531 2302 1573 per—

464 1584 718 1636 sequuntur.
743 1578 759 1604 8
785 1578 852 1620 Tu
873 1582 1023 1620 autem
1051 1575 1308 1631 reverteris,
1343 1580 1387 1618 et
1418 1575 1573 1619 audies
1606 1589 1763 1619 vocem
1796 1575 1979 1619 Domini
2015 1575 2100 1619 Dei
2124 1575 2208 1631 tui,
2232 1576 2302 1618 fa-

465 1639 638 1694 ciesque
664 1638 870 1680 universa
895 1635 1106 1679 mandata
1128 1649 1225 1691 quae
1251 1649 1332 1690 ego
1358 1634 1569 1691 praecipio
1596 1634 1679 1677 tibi
1703 1635 1860 1690 hodie,
1892 1634 1909 1661 9
1933 1640 1978 1678 et
2009 1635 2238 1678 abundare
2259 1641 2302 1679 te

464 1698 604 1742 faciet
626 1696 844 1741 Dominus
872 1697 992 1739 Deus
1013 1700 1113 1738 tuus
1133 1694 1181 1737 in
1204 1693 1375 1737 cunctis
1397 1694 1601 1751 operibus
1627 1708 1840 1737 manuum
1863 1699 2060 1750 tuarum,
2081 1694 2126 1736 in
2151 1694 2302 1738 sobole

464 1757 578 1801 uteri
599 1756 684 1812 tui,
711 1762 755 1799 et
776 1755 822 1798 in
843 1756 993 1798 fructu
1015 1754 1318 1810 jumentorum
1354 1758 1550 1809 tuorum,
1575 1753 1623 1795 in
1655 1753 1857 1797 ubertate
1887 1759 2016 1797 terrae
2043 1759 2153 1809 tuae,
2180 1759 2224 1796 et
2256 1753 2303 1796 in

464 1831 610 1861 rerum
635 1815 834 1858 omnium
856 1814 1087 1870 largitate3
1113 1817 1357 1856 revertetur
1382 1813 1501 1856 enim
1528 1812 1764 1869 Dominus,
1797 1818 1844 1855 ut
1876 1812 2071 1868 gaudeat
2104 1826 2235 1869 super
2258 1819 2302 1857 te

465 1876 511 1919 in
533 1875 737 1919 omnibus
759 1874 907 1930 bonis,
934 1874 1047 1916 sicut
1068 1872 1247 1928 gavisus
1269 1877 1336 1915 est
1361 1871 1406 1914 in
1428 1871 1630 1927 patribus
1662 1872 1773 1926 tuis3
1804 1871 1840 1898 ¹⁰
1860 1872 1898 1914 si
1931 1878 2081 1915 tamen
2111 1872 2303 1915 audieris

465 1949 620 1979 vocem
647 1933 826 1977 Domini
853 1933 937 1977 Dei
962 1931 1047 1988 tui,
1074 1937 1118 1975 et
1147 1930 1408 1974 custodieris
1436 1935 1660 1987 praecepta
1690 1932 1788 1988 ejus
1814 1936 1858 1974 et
1884 1930 2180 1987 ceremonias,
2204 1945 2302 1987 quae

465 1996 511 2038 in
537 1994 620 2036 hac
643 1993 740 2049 lege
764 1992 1013 2049 conscripta
1030 1997 1152 2047 sunt,
1171 1996 1215 2034 et
1236 1990 1471 2033 revertaris
1489 1990 1546 2033 ad
1566 1990 1809 2033 Dominum
1831 1991 1977 2033 Deum
1994 1995 2119 2033 tuum
2141 1989 2187 2032 in
2209 1996 2302 2034 toto

467 2054 595 2097 corde
621 2059 716 2107 tuo,
743 2058 787 2096 et
808 2052 853 2094 in
874 2057 969 2095 tota
989 2051 1138 2094 anima
1160 2056 1250 2094 tua.

527 2113 558 2138 ¹¹
581 2112 844 2155 Mandatum
865 2111 969 2167 hoc,
993 2110 1108 2166 quod
1141 2124 1222 2166 ego
1245 2110 1455 2167 praecipio
1486 2109 1569 2152 tibi
1598 2109 1749 2165 hodie,
1774 2124 1862 2153 non
1884 2123 2017 2166 supra
2046 2115 2089 2153 te
2115 2115 2202 2166 est,
2229 2124 2303 2153 ne-

467 2187 550 2229 que
568 2172 722 2229 procul
746 2171 959 2228 positum,
983 2170 1020 2196 12
1044 2184 1125 2213 1100
1150 2170 1196 2212 in
1223 2169 1331 2213 caelo
1357 2169 1512 2225 situm,
1531 2174 1579 2212 ut
1601 2168 1741 2225 possis
1765 2168 1910 2212 dicere
1943 2186 1951 2212 :
1978 2169 2083 2219 Quis
2105 2176 2305 2212 nostrum

466 2232 588 2275 valet
617 2231 673 2274 ad
708 2231 869 2274 caelum
898 2230 1158 2285 ascendere,
1193 2234 1241 2272 ut
1278 2229 1453 2272 deferat
1480 2227 1592 2271 illud
1622 2228 1680 2271 ad
1714 2242 1814 2284 1108,
1844 2233 1888 2271 01
1917 2228 2150 2276 audiamus
2172 2234 2304 2284 atque

467 2305 598 2348 opere
624 2289 955 2347 compleamus?
981 2289 1014 2315 ¹3
1041 2290 1194 2345 Neque
1216 2294 1338 2332 trans
1363 2302 1484 2331 mare
1509 2287 1724 2345 positum,
1759 2293 1808 2330 111
1833 2287 2047 2344 causeris,
2070 2293 2114 2332 et
2139 2287 2262 2331 dicas
2294 2304 2303 2332 :

467 2350 573 2401 Quis
595 2364 651 2393 ex
675 2349 802 2393 nobis
827 2348 988 2406 poterit
1013 2349 1303 2392 transfretare
1327 2362 1462 2404 mare,
1492 2354 1535 2391 et
1560 2347 1670 2390 illud
1695 2346 1752 2390 ad
1774 2361 1853 2390 nos
1878 2361 2013 2402 usque
2040 2347 2228 2402 deferre,
2257 2352 2305 2390 ut

467 2409 685 2468 possimus
710 2409 862 2452 audire
888 2413 932 2451 et
956 2408 1106 2452 facere
1129 2408 1245 2464 quod
1269 2413 1545 2464 praeceptum
1571 2406 1673 2450 est?
1693 2406 1728 2433 ¹4
1744 2405 1829 2450 Sed
1846 2406 1975 2462 juxta
2000 2411 2043 2449 te
2069 2411 2135 2449 est
2160 2420 2303 2449 sermo

468 2469 620 2523 valde,
642 2470 689 2511 in
711 2483 782 2512 ore
805 2474 901 2524 tuo,
925 2474 969 2512 et
990 2468 1036 2510 in
1062 2467 1191 2511 corde
1217 2472 1313 2523 tuo,
1338 2471 1385 2509 ut
1407 2466 1552 2510 facias
1578 2465 1718 2510 illum.

528 2529 564 2577 ¹5
590 2528 831 2574 Considera
856 2528 972 2585 quod
993 2528 1123 2572 hodie
1148 2527 1450 2586 proposuerim
1475 2527 1520 2569 in
1544 2531 1784 2582 conspectu
1803 2531 1877 2569 tuo
1900 2525 2039 2567 vitam
2061 2530 2105 2567 et
2122 2524 2301 2581 bonum,

469 2594 512 2632 et
534 2603 557 2632 e
584 2588 802 2632 contrario
824 2594 1012 2631 mortem
1038 2594 1081 2631 et
1103 2588 1290 2643 malum,
1316 2587 1352 2614 ¹⁶
1373 2592 1420 2629 ut
1443 2585 1605 2642 diligas
1637 2584 1875 2628 Dominum
1911 2585 2055 2627 Deum
2089 2589 2235 2639 tuum,
2262 2590 2306 2627 et

468 2648 669 2691 ambules
695 2647 741 2690 in
765 2647 849 2690 viis
871 2648 986 2704 ejuS,
1011 2653 1055 2691 et
1081 2647 1303 2690 custodias
1326 2645 1540 2689 mandata
1565 2645 1684 2688 illius
1706 2658 1758 2687 ac
1785 2642 2056 2687 ceremonias
2081 2648 2214 2698 atque
2235 2643 2303 2699 ju-

471 2708 611 2762 dicia3
639 2713 683 2751 et
707 2707 853 2763 vivas,
881 2713 1012 2762 atque
1037 2706 1305 2763 multiplicet
1327 2711 1391 2761 te,
1418 2704 1740 2760 benedicatque
1763 2702 1845 2746 tibi
1866 2702 1912 2745 in
1932 2708 2069 2758 terra,
2096 2702 2152 2745 ad
2174 2716 2306 2758 quam

471 2767 731 2823 ingredieris
765 2766 1091 2823 possidendam.
1118 2765 1152 2792 ¹⁷
1181 2766 1224 2810 Si
1249 2770 1400 2809 autem
1424 2778 1628 2808 aversum
1654 2763 1792 2807 fuerit
1817 2776 1890 2805 cor
1913 2767 2058 2817 tuum,
2085 2767 2130 2805 et
2154 2761 2307 2805 audire

472 2826 682 2882 nolueris,
705 2832 837 2881 atque
863 2840 1005 2869 errore
1031 2825 1242 2882 deceptus
1273 2823 1527 2868 adoraveris
1561 2823 1666 2866 deos
1698 2822 1887 2877 alienos,
1916 2828 1959 2865 et
1984 2820 2186 2864 servieris
2212 2820 2304 2876 eis3

473 2885 508 2912 ¹8
534 2885 724 2941 praedico
750 2884 833 2927 tibi
858 2885 988 2928 hodie
1006 2885 1122 2941 quod
1144 2899 1319 2941 pereas,
1342 2889 1387 2927 et
1411 2897 1546 2940 parvo
1581 2887 1778 2939 tempore
1809 2881 1990 2924 morelis
2016 2880 2062 2922 in
2088 2885 2223 2936 terra,
2250 2880 2307 2923 ad

473 2959 624 3000 quam,
652 2944 848 2987 Jordane
870 2944 1147 3000 transmisso,
1174 2943 1434 3000 ingredieris
1459 2941 1787 2999 possidendam.
1812 2940 1847 2966 ¹9
1865 2941 2019 2983 Testes
2045 2939 2202 2982 invoco
2229 2939 2303 2983 ho-

475 3004 544 3047 die
578 3003 738 3046 caelum
768 3009 811 3046 et
840 3009 1022 3059 terram,
1054 3003 1170 3060 quod
1202 3002 1504 3060 proposuerim
1533 3000 1660 3044 vobis
1692 2999 1832 3042 vitam
1865 3006 1909 3043 et
1938 3005 2146 3054 mortem,
2173 2999 2305 3042 bene--

475 3063 716 3106 dictionem
741 3069 785 3105 et
807 3062 1180 3107 maledictionem.
1206 3062 1334 3118 Elige
1360 3076 1464 3117 ergo
1493 3061 1656 3115 vitam,
1683 3064 1731 3102 ut
1753 3064 1796 3102 et
1828 3065 1876 3102 tu
1905 3059 2052 3115 vivas,
2083 3064 2127 3101 et
2156 3072 2307 3101 semen

475 3120 686 3177 11111111;90
707 3127 751 3165 et
777 3121 937 3178 diligas
964 3122 1205 3165 Dominum
1241 3115 1386 3165 Deum
1422 3127 1574 3175 11111111,
1608 3124 1739 3175 atque
1773 3118 1954 3162 obedias
1988 3118 2087 3162 voci
2119 3117 2237 3174 ejus,
2264 3123 2308 3160 et

476 3181 541 3224 illi
563 3181 793 3224 adhaereas
816 3180 933 3238 (ipse
959 3187 1025 3224 est
1050 3181 1169 3224 enim
1191 3181 1285 3224 vita
1307 3186 1405 3235 tua,
1433 3186 1477 3223 et
1501 3177 1732 3234 longitudo
1755 3177 1926 3220 dierum
1939 3178 2137 3233 tuorum)
2162 3182 2209 3219 ut
2231 3177 2307 3219 ha-

476 3240 590 3284 bites
616 3240 661 3282 in
683 3245 823 3295 terra,
845 3254 922 3296 pro
946 3255 1031 3296 qua
1052 3240 1218 3295 juravit
1245 3238 1462 3284 Dominus
1480 3237 1679 3296 patribus
1697 3236 1806 3292 tuis,
1826 3236 2076 3293 Abraham,
2096 3237 2245 3291 Isaac,
2265 3245 2308 3278 et

478 3300 639 3355 Jacob,
663 3305 711 3342 ut
736 3299 860 3342 daret
884 3313 983 3342 eam
1007 3298 1110 3342 illis.

478 3471 508 3504 5]
528 3471 562 3498 11
578 3471 683 3499 Maeli.
700 3471 733 3506 1,
751 3473 794 3498 29.
816 3484 849 3488 —
869 3469 914 3503 12]
931 3468 1025 3497 Rom.
1043 3468 1092 3504 X,
1105 3472 1130 3497 G.
