2456 3861
468 105 520 147 16
977 104 1091 147 cm.
1127 103 1287 158 xvii,
1321 103 1371 144 21
1401 128 1461 134 —
1491 102 1678 157 xviri,
1713 103 1782 144 24.

467 284 647 331 gentem
671 288 896 330 magnam.
924 272 957 299 ‘2¹
986 274 1171 316 Pactum
1201 286 1304 314 vero
1334 286 1481 314 meum
1514 276 1709 313 statuam
1734 271 1791 313 ad
1822 272 1964 326 Isaac,
1991 286 2122 327 quem
2155 272 2296 328 pariet

467 333 549 377 tibi
577 335 684 378 Sara
707 338 904 389 tempore
938 332 1022 374 isto
1051 331 1096 372 in
1122 345 1238 373 anno
1263 330 1416 372 altero.
1452 329 1488 355 2‘2
1515 329 1711 385 Cumque
1736 329 1887 372 finitus
1920 336 2035 373 esset
2068 345 2210 373 sermo
2235 331 2296 374 lo-

467 393 642 449 quentis
669 406 769 435 cum
795 406 866 446 eo,
891 390 1090 433 ascendit
1123 391 1241 432 Deus
1270 388 1327 431 ab
1359 389 1601 431 Abraham.

175 466 389 497 Circumcidi-
526 451 562 478 23
588 451 710 495 Tulit
745 456 895 493 autem
934 449 1164 492 Abraham
1202 448 1367 490 Ismael
1410 447 1551 490 filium
1585 462 1732 502 suum,
1772 453 1816 491 et
1850 462 2001 491 omnes
2037 450 2297 494 vernaculos

163 512 401 541 mrAbraham
468 511 622 555 domus
652 525 761 565 suae,
794 509 1106 563 universosque
1139 521 1246 562 quos
1276 511 1465 561 emerat,
1493 511 1674 549 cunctos
1709 521 1851 549 mares
1877 521 1933 550 ex
1963 507 2167 551 omnibus
2192 509 2298 552 viris

186 557 382 628 cungugsnno
468 570 622 614 domus
647 584 768 623 suae3
799 574 842 611 et
876 565 1153 609 circumcidit
1180 580 1359 609 carnem
1392 565 1601 622 praeputii
1635 579 1785 608 eorum
1817 566 1970 609 statim
2004 566 2049 608 in
2075 566 2172 623 ipsa
2206 568 2295 624 die,

466 629 580 672 sicut
605 631 878 685 praeceperat
903 626 943 669 ei
967 627 1098 669 Deus.
1125 624 1161 651 ‘24
1185 625 1414 668 Abraham
1437 625 1683 681 nonaginta
1713 631 1758 667 et
1783 639 1943 668 novem
1966 630 2061 668 erat
2083 640 2299 670 annorum

466 688 641 744 quando
684 685 961 729 circumcidit
999 699 1177 728 carnem
1214 684 1421 742 praeputii
1455 684 1535 727 sui.
1573 683 1609 710 ‘25
1640 685 1697 726 Et
1732 685 1897 728 Ismael
1933 684 2049 727 filius
2085 684 2299 728 tredecim

466 761 604 790 annos
629 746 895 802 impleverat
919 750 1116 801 tempore
1150 744 1498 787 circumcisionis
1531 758 1635 786 suae.
1667 742 1703 769 *²⁶
1733 744 1900 786 Eadem
1923 744 1992 786 die
2016 743 2300 787 circumcisus

465 812 531 849 est
564 805 794 849 Abraham
828 808 873 848 et
905 803 1070 847 Ismael
1096 803 1212 847 filius
1246 804 1358 859 ejus.
1390 802 1424 829 ⁹²7
1453 804 1510 846 Et
1544 817 1696 846 omnes
1730 803 1814 845 viri
1848 803 2002 846 domus
2036 802 2176 858 illius,
2207 808 2300 845 tam

465 864 714 921 vernaculi,
742 879 874 921 quam
900 863 1093 920 emptitii
1111 868 1161 916 vet
1187 862 1477 918 alienigenae,
1504 862 1670 919 pariter
1693 861 1943 905 circumcisi
1969 867 2084 904 sunt.

873 1007 897 1064 ξ
933 1007 995 1049 ΙΙ.
1022 1031 1081 1038 -—
1112 1005 1351 1048 Abraham
1382 1006 1593 1049 visitatu-r
1623 1020 1653 1048 α
1685 1005 1890 1049 Domina

192 1162 368 1196 App-drino
525 1146 630 1190 CAP.
667 1144 845 1187 XVIII.
879 1169 939 1175 —
972 1141 1228 1198 ¹Apparuit
1260 1146 1410 1184 autem
1447 1141 1487 1185 ei
1523 1141 1738 1184 Dominus
1776 1141 1821 1183 in
1859 1140 2060 1184 convalle
2100 1140 2300 1184 Mambre

227 1207 328 1235 trium
466 1203 639 1248 sedenti
672 1203 717 1245 in
747 1203 858 1246 ostio
891 1201 1168 1244 tabernaculi
1194 1200 1260 1243 sui
1294 1201 1339 1243 in
1370 1200 1464 1257 ipso
1494 1201 1669 1243 fervore
1697 1199 1799 1243 diei.
1825 1198 1843 1225 2
1861 1199 2058 1255 Cumque
2084 1200 2302 1243 elevasset

178 1252 383 1285 ⁸²¹gel⁰s¹¹¹¹³‘
468 1264 636 1319 0011108,
671 1265 970 1318 apparuerunt
1001 1261 1040 1304 ei
1070 1266 1158 1303 tres
1183 1260 1267 1302 viri
1297 1265 1468 1303 stantes
1501 1274 1636 1316 prope
1667 1274 1793 1313 eum3
1819 1273 1927 1314 quos
1961 1273 2060 1301 cum
2094 1258 2301 1315 vidisset,

468 1322 660 1366 cucurrit
689 1322 734 1363 in
766 1335 995 1364 occursum
1020 1334 1170 1363 eorum
1194 1319 1246 1362 de
1273 1319 1385 1362 ostio
1415 1319 1714 1374 tabernaculi,
1741 1324 1785 1362 et
1814 1318 2018 1361 adoravit
2047 1317 2092 1360 in
2123 1323 2300 1361 terram.

468 1382 484 1408 3
503 1383 557 1425 Et
584 1380 698 1424 dixit
720 1397 728 1424 :
756 1379 965 1435 Domine,
989 1379 1025 1422 si
1047 1378 1199 1422 inveni
1225 1377 1418 1435 gratiam
1443 1377 1488 1421 in
1516 1378 1653 1421 oculis
1677 1378 1784 1434 tuis,
1811 1392 1865 1421 ne
1892 1383 2093 1420 transeas
2126 1392 2302 1421 servum

470 1450 619 1496 tuum3
647 1440 754 1483 4sed
777 1439 965 1482 afferam
990 1437 1239 1496 pauxillum
1265 1452 1412 1494 aquae,
1437 1443 1481 1481 et
1511 1438 1658 1480 lavate
1685 1437 1819 1494 pedes
1846 1442 2033 1493 vestros,
2062 1442 2105 1480 01
2132 1436 2301 1492 requie-

469 1500 577 1544 scite
600 1500 681 1543 sub
703 1499 884 1554 arbore3
910 1499 927 1525 5
945 1512 1194 1555 ponamque
1218 1497 1468 1540 buccellam
1494 1497 1634 1553 panis,
1651 1502 1695 1540 et
1720 1497 1972 1540 confortate
1999 1511 2073 1539 cor
2091 1502 2300 1552 vestrum,

467 1565 621 1616 postea
645 1558 919 1613 transibitis3
943 1557 1107 1600 idcirco
1133 1557 1253 1600 enim
1278 1557 1537 1599 declinastis
1559 1557 1615 1599 ad
1642 1571 1816 1599 servum
1836 1561 2047 1600 vestrum.
2071 1555 2152 1606 Qui
2179 1555 2304 1599 dixe-

467 1625 571 1662 runt
592 1635 601 1662 :
626 1619 716 1661 Fac
739 1623 788 1660 ut
813 1618 985 1661 locutus
1006 1631 1065 1660 08.
1085 1617 1103 1643 6
1122 1616 1372 1660 Festinavit
1390 1616 1620 1659 Abraham
1638 1615 1683 1658 in
1701 1615 2038 1659 tabernaculum
2059 1615 2115 1658 ad
2136 1616 2301 1671 Saram,

469 1678 669 1734 dixitque
702 1677 742 1721 ei
771 1693 779 1720 :
807 1677 1045 1731 Accelera,
1072 1676 1157 1718 tria
1186 1680 1283 1719 sata
1313 1675 1471 1718 similae
1503 1675 1766 1730 commisce,
1801 1680 1846 1718 et
1877 1675 1953 1717 fac
1986 1674 2303 1717 subcinericios

468 1752 618 1794 panes.
646 1737 660 1764 7
682 1738 782 1793 Ipse
805 1751 907 1779 vero
940 1736 996 1779 ad
1026 1741 1277 1779 armentum
1310 1735 1526 1790 cucurrit,
1554 1740 1598 1778 et
1630 1734 1734 1777 tulit
1767 1734 1870 1777 inde
1899 1733 2092 1777 vitulum
2120 1733 2302 1776 tenerri-

470 1812 591 1840 mum
621 1803 666 1840 et
692 1796 929 1853 optimum,
957 1795 1165 1850 deditque
1194 1809 1349 1852 puero,
1379 1793 1453 1849 qui
1482 1793 1717 1837 festinavit
1744 1799 1787 1837 et
1820 1793 1941 1836 coxit
1974 1793 2114 1836 illurn.
2141 1793 2158 1819 3
2182 1792 2304 1836 Tulit

469 1871 640 1912 quoque
665 1856 874 1912 butyrum
907 1863 951 1898 et
984 1855 1073 1910 lac,
1102 1859 1145 1897 et
1172 1854 1363 1897 vitulum
1396 1867 1527 1909 quem
1558 1858 1758 1908 coxerat,
1783 1858 1827 1895 et
1852 1853 1998 1910 posuit
2029 1867 2176 1896 coram
2211 1852 2300 1908 eis;

470 1916 563 1972 ipse
588 1930 691 1959 vero
717 1915 866 1958 stabat
886 1915 1016 1971 juxta
1039 1928 1111 1957 eos
1137 1914 1217 1956 sub
1243 1914 1411 1956 arbore.

183 1991 298 2018 nmmo
315 1997 387 2023 pro·
530 1975 547 2001 9
565 1976 760 2030 Cumque
787 1974 1103 2028 comedissent,
1128 1973 1335 2016 dixerunt
1360 1973 1416 2015 ad
1443 1988 1544 2016 011111
1567 1989 1575 2016 :
1607 1972 1696 2016 Ubi
1719 1977 1786 2015 est
1813 1973 1918 2017 Sara
1941 1986 2050 2015 uxor
2075 1972 2184 2016 tua?
2219 1971 2304 2014 Ille

190 2034 361 2093 ,mittitur
470 2034 699 2091 respondit
721 2052 729 2078 :
755 2034 870 2076 Ecce
896 2034 941 2076 in
963 2032 1251 2076 tabernaculo
1278 2038 1344 2076 est
1383 2031 1419 2058 '¹0
1437 2032 1517 2076 Cui
1540 2032 1681 2075 dixit:
1711 2032 1952 2075 Revertens
1975 2031 2150 2074 veniam
2178 2030 2235 2073 ad
2260 2035 2308 2073 te·

164 2079 407 2152 ῇζῖζῌξὼῗξῑλ
471 2099 668 2150 tempore
694 2093 799 2148 isto,
822 2093 917 2135 vita
942 2093 1126 2145 comite,
1150 2097 1193 2135 et
1222 2092 1407 2135 habebit
1431 2091 1572 2134 filium
1604 2092 1708 2135 Sara
1734 2105 1844 2133 uxor
1873 2096 1963 2134 tua.
2002 2091 2094 2141 Quo
2127 2090 2300 2145 audito,

473 2154 579 2198 Sara
603 2153 700 2195 risit
721 2158 820 2209 post
845 2152 1003 2195 ostium
1027 2151 1318 2194 tabernaculi.
1343 2151 1375 2177 1¹
1398 2152 1538 2193 Erant
1559 2156 1709 2193 autem
1734 2150 1865 2193 ambo
1890 2164 2038 2198 senes,
2063 2154 2304 2205 provectae-

472 2227 554 2268 que
582 2212 748 2267 aetatis,
772 2217 816 2254 et
842 2211 1062 2254 desierant
1089 2211 1205 2254 Sarae
1229 2210 1323 2253 fieri
1348 2210 1596 2253 muliebria.
1625 2209 1660 2235 ¹⁶2
1678 2211 1782 2260 Quae
1806 2209 1903 2251 risit
1921 2209 2107 2264 occulte,
2128 2208 2306 2253 dicens:

473 2272 713 2327 Postquam
755 2270 992 2325 consenui,
1034 2275 1078 2313 et
1120 2270 1324 2313 dominus
1360 2284 1484 2313 meus
1523 2269 1699 2312 vetulus
1737 2276 1829 2325 est,
1867 2267 2089 2325 voluptati
2126 2282 2304 2323 operam

472 2331 623 2374 dabo?
649 2329 683 2357 ¹3
705 2330 830 2372 Dixit
854 2335 1003 2373 autem
1031 2329 1246 2372 Dominus
1272 2329 1329 2372 ad
1356 2329 1581 2371 Abraham
1604 2344 1612 2371 :
1649 2329 1790 2379 Quare
1820 2327 1918 2371 risit
1948 2328 2077 2382 Sara,
2115 2326 2266 2370 dicens
2289 2343 2303 2370 ι.

471 2391 591 2433 Num
613 2404 714 2433 vere
743 2389 940 2446 paritura
972 2403 1069 2432 sum
1098 2389 1242 2432 anus?
1274 2388 1309 2414 ¹4
1327 2388 1554 2444 Numquid
1591 2388 1684 2431 Deo
1717 2387 1958 2443 quidquam
1991 2391 2058 2430 est
2091 2385 2300 2430 difficile?

472 2451 614 2493 Juxta
631 2449 885 2493 condictum
903 2456 1099 2491 revertar
1116 2448 1172 2490 ad
1191 2453 1233 2490 te
1252 2449 1334 2490 hoc
1354 2448 1509 2491 eodem
1526 2452 1738 2503 tempore,
1756 2446 1848 2489 vita
1866 2445 2040 2500 comite,
2061 2450 2103 2488 et
2121 2444 2305 2487 habebit

474 2510 579 2554 Sara
601 2509 754 2551 filium.
778 2508 810 2535 ¹5
830 2507 1025 2563 Negavit
1048 2508 1173 2563 Sara,
1194 2507 1370 2550 dicens:
1395 2508 1495 2550 Non
1520 2506 1616 2562 risi,
1640 2506 1798 2549 timore
1821 2505 2066 2562 perterrita.
2089 2504 2309 2547 Dominus

472 2574 621 2611 autem
645 2584 653 2611 :
678 2568 779 2611 Non
802 2573 889 2623 est,
916 2567 1079 2622 inquit,
1107 2566 1196 2621 11ος
1222 2567 1299 2610 sed
1324 2566 1472 2610 risisti.

217 2644 356 2673 Eversio
535 2627 568 2654 ¹ss
587 2629 697 2672 Cum
720 2641 824 2683 ergo
846 2626 1138 2669 surrexissent
1164 2625 1265 2669 inde
1284 2626 1388 2681 viri,
1413 2625 1668 2669 direxerunt
1694 2624 1841 2667 oculos
1864 2629 2017 2667 contra
2042 2623 2300 2679 Sodomam3

168 2689 316 2737 smqmae
330 2695 407 2721 prae<
473 2693 517 2730 et
539 2687 768 2730 Abraham
795 2685 925 2729 simul
951 2685 1249 2741 gradiebatur,
1275 2685 1498 2728 deducens
1519 2699 1606 2728 eos.
1632 2684 1666 2710 1⁷
1688 2683 1897 2739 Dixitque
1924 2683 2166 2727 Dominus:
2187 2683 2305 2725 Num

217 2734 353 2761 mmtur.
473 2746 616 2790 celare
642 2751 793 2802 potero
822 2745 1050 2787 Abraham
1075 2759 1173 2800 quae
1207 2750 1409 2800 gesturus
1439 2758 1556 2799 sum,
1582 2743 1732 2786 1²*3cum
1757 2743 1933 2786 futurus
1963 2742 2020 2784 sit
2053 2742 2097 2784 in
2125 2747 2305 2798 gentem

473 2819 684 2862 magnam
715 2819 767 2847 ac
796 2803 1170 2855 robustissimam,
1203 2812 1247 2846 et
1271 2803 1589 2846 benedicendae
1617 2803 1706 2846 sint
1740 2803 1786 2845 in
1819 2801 1895 2845 illo
1922 2816 2073 2845 omnes
2103 2800 2305 2844 nationes

474 2864 632 2908 terrae‘?
657 2863 692 2890 ¹9
711 2864 808 2908 Scio
831 2863 949 2906 enim
975 2862 1090 2918 quod
1113 2869 1413 2919 praecepturus
1438 2862 1495 2905 sit
1520 2862 1622 2904 filiis
1648 2861 1757 2918 suis,
1777 2866 1821 2904 et
1839 2860 1988 2904 domui
2006 2875 2096 2904 suae
2115 2865 2214 2917 post
2238 2874 2303 2915 se,

474 2929 523 2967 ut
547 2923 801 2966 custodiant
822 2922 942 2964 viam
971 2921 1168 2976 Domini,
1190 2927 1233 2964 et
1255 2922 1430 2964 faciant
1455 2921 1671 2977 judicium
1699 2926 1744 2964 et
1767 2920 2016 2977 justitiam,
2044 2927 2091 2963 ut
2113 2919 2305 2962 adducat

475 2983 691 3026 Dominus
716 2988 894 3039 propter
916 2981 1145 3024 Abraham
1171 2981 1319 3023 omnia
1342 2995 1439 3036 quae
1467 2981 1638 3023 locutus
1661 2986 1727 3024 est
1743 2980 1799 3023 ad
1823 2994 1937 3023 eum.
1957 2978 1994 3006 20
2014 2979 2140 3022 Dixit
2156 2978 2305 3033 itaque

476 3042 692 3086 Dominus
716 3059 724 3086 ε
752 3041 928 3085 Clamor
951 3040 1237 3084 Sodomorum
1264 3046 1307 3083 et
1331 3040 1588 3084 Gomorrhae
1611 3038 1933 3096 multiplicatus
1956 3044 2042 3094 est,
2073 3043 2118 3082 et
2149 3050 2304 3094 pecca-

475 3108 570 3145 tum
603 3115 752 3144 eorum
782 3104 1075 3156 aggravatum
1108 3104 1174 3142 est
1208 3099 1339 3142 nimis
1383 3097 1416 3124 ‘2¹
1440 3099 1717 3142 Descendam
1747 3103 1791 3141 et
1819 3097 2001 3153 videbo,
2037 3103 2183 3140 utrum
2217 3095 2304 3138 cla-

475 3175 640 3204 morem
667 3160 741 3216 qui
764 3164 886 3202 venit
915 3159 971 3201 ad
1001 3173 1091 3213 me,
1128 3172 1257 3215 opere
1289 3158 1632 3214 compleverint,
1664 3172 1721 3200 an
1746 3171 1832 3199 nen
1859 3162 1925 3200 est
1950 3157 2037 3211 ita,
2072 3162 2120 3199 ut
2152 3154 2310 3198 sciam..

475 3219 513 3245 Ἥ
530 3220 937 3274 Converteruntque
959 3232 1004 3261 se
1030 3217 1153 3272 inde,
1181 3222 1224 3261 01
1249 3217 1454 3261 abierunt
1482 3217 1741 3271 Sodomam
1771 3216 1995 3258 Abraham
2025 3229 2126 3258 vero
2159 3213 2305 3256 adhuc

476 3279 626 3322 stabat
647 3293 794 3321 coram
821 3277 1022 3322 Domino.
1047 3275 1084 3303 23
1107 3277 1164 3318 Et
1189 3276 1549 3333 appropinquans
1574 3276 1637 3319 ait
1660 3292 1668 3320 z
1693 3275 1918 3330 Numquid
1948 3274 2104 3331 perdes
2136 3272 2303 3328 justum

477 3354 576 3382 cum
607 3338 776 3394 impio?
803 3336 838 3363 ⁹²¹
857 3337 901 3381 81
930 3336 1100 3379 fuerint
1122 3335 1445 3391 quinquaginta
1473 3335 1580 3390 justi
1606 3335 1649 3378 in
1676 3334 1879 3389 civitate,
1903 3333 2111 3390 peribunt
2140 3330 2302 3374 simul?

477 3403 521 3441 et
553 3412 639 3440 non
673 3410 826 3453 parces
862 3396 958 3439 loco
995 3395 1061 3437 illi
1097 3400 1274 3451 propter
1311 3394 1633 3450 quinquaginta
1667 3394 1828 3450 justos,
1867 3392 1904 3436 si
1938 3391 2107 3434 fuerint
2139 3390 2185 3432 in
2219 3389 2297 3433 eo?

479 3563 506 3595 Ι]
525 3562 626 3589 Hebr.
649 3562 747 3593 XIII.
762 3563 787 3589 2.
813 3576 848 3579 —
874 3561 919 3594 io]
938 3559 1015 3591 Sup.
1035 3558 1199 3593 XV11,19.
1225 3557 1288 3585 Ins.
1304 3556 1398 3591 XXI,
1420 3559 1442 3584 l.
1466 3557 1560 3583 Rom.
1578 3556 1635 3591 IX,
1648 3558 1673 3584 9.
1692 3571 1727 3574 —
1746 3556 1792 3589 12]
1816 3555 1829 3582 Ι
1850 3555 1938 3582 Petr.
1962 3555 2026 3589 111,
2044 3556 2070 3582 6.
2094 3567 2131 3572 -
2156 3554 2202 3586 ls]
2225 3552 2305 3586 Suu„

477 3605 545 3633 XII
560 3609 604 3638 ‚3.
628 3606 691 3632 Ius.
710 3605 830 3639 XXII,
852 3606 894 3632 18,
