2456 3861
160 1703 276 1730 votum
290 1724 297 1738 ,

123 2042 268 2072 victoria
289 2045 327 2073 de

119 2087 335 2123 Ammonitis,

150 2295 307 2324 executio

180 2339 268 2375 voti,

143 3176 316 3204 contentio

194 3226 269 3247 cum

146 3262 315 3297 Ephraim.

417 171 502 214 236
1017 171 1125 212 JUD.
1161 170 1248 224 XI,
1287 171 1339 211 19
1372 195 1430 200 —
1461 170 1577 224 XII,
1611 171 1651 212 3.

417 345 462 384 et
482 346 643 384 terram
667 340 821 394 Moab,
848 339 1055 394 venitque
1082 343 1236 381 contra
1258 337 1518 380 orientalem
1543 338 1726 394 plagam
1750 344 1879 382 terrae
1902 340 2057 396 Moab,
2089 346 2134 384 et
2154 356 2246 385 cas-

416 404 678 441 trametatus
708 403 774 440 est
806 403 928 439 trans
961 399 1135 452 Arnon,
1170 411 1252 440 nec
1282 397 1424 440 voluit
1452 397 1616 439 intrare
1652 397 1865 440 terminos
1898 398 2058 454 Moab3
2094 400 2247 444 Arnon

417 458 575 513 quippe
602 456 841 499 confinium
875 461 941 498 est
973 461 1102 499 terrae
1137 455 1282 500 Moab.
1318 455 1354 481 ¹9
1378 455 1504 498 Misit
1535 455 1685 511 itaque
1715 456 1855 500 Israel
1884 457 2063 500 nuntios
2091 458 2149 501 ad
2174 459 2248 502 Se-

416 516 523 569 hon,
554 529 705 570 regem
739 516 1124 569 Amorrhaeorum,
1161 515 1235 571 qui
1268 514 1504 558 habitabat
1536 514 1582 557 in
1613 515 1849 571 Hesebon,
1873 521 1919 559 et
1940 516 2149 560 dixerunt
2170 517 2211 560 ei
2237 533 2246 562 ε

418 574 605 616 Dimitte
638 578 687 616 ut
715 578 940 617 transeam
968 588 1045 630 per
1076 580 1239 617 terram
1273 579 1396 617 tuam
1429 588 1565 630 usque
1598 574 1655 617 ad
1686 574 1885 618 fluvium.
1920 574 1958 601 2⁰
1982 575 2064 626 Qui
2090 582 2135 619 et
2154 575 2249 632 ipse

416 632 554 675 Israel
577 632 712 675 verba
737 633 1006 689 despiciens,
1032 648 1120 676 non
1144 633 1313 676 dimisit
1337 648 1438 677 eum
1470 633 1656 676 transire
1682 648 1761 690 per
1789 634 2003 678 terminos
2024 649 2146 690 suos,
2173 635 2249 678 sed

414 691 588 733 infinita
614 692 900 735 multitudine
923 698 1214 749 congregata,
1238 707 1439 749 egressus
1462 697 1529 736 est
1554 697 1709 736 contra
1733 707 1834 736 eum
1860 693 1906 736 in
1932 694 1962 737 J
1965 708 2066 750 asa,
2089 699 2135 737 et
2158 694 2249 737 for-

413 750 517 793 titer
541 749 800 805 1·esistebat;
826 750 858 777 2¹
886 751 1157 808 tradiditque
1178 766 1279 795 eum
1306 752 1523 795 Dominus
1555 752 1601 794 in
1635 767 1792 796 manus
1828 753 1967 797 Israel
1999 767 2100 796 cum
2127 753 2245 796 omni

414 809 612 852 exercitu
645 823 751 868 suo3
782 810 856 866 qui
886 811 1101 867 percussit
1134 826 1255 867 eum,
1286 817 1331 855 et
1363 811 1562 868 possedit
1594 825 1771 855 omnem
1799 816 1964 855 terram
2001 811 2250 855 Amorrhaei

413 867 677 911 habitatoris
697 869 891 925 regionis
912 870 1056 926 illius,
1091 869 1127 896 2⁹²
1149 875 1194 914 et
1219 871 1446 914 universos
1471 870 1581 914 fines
1603 871 1722 927 ejus,
1750 871 1803 915 de
1830 873 1984 915 Arnon
2010 885 2147 927 usque
2172 872 2250 914 Ja-

413 926 515 982 boc,
540 933 584 970 et
609 927 663 971 de
685 928 923 972 solitudine
958 944 1093 985 usque
1125 930 1182 972 ad
1216 930 1473 974 Jordanem.
1508 929 1545 957 23
1570 931 1788 973 Dominus
1825 945 1930 987 ergo
1960 931 2080 974 Deus
2111 930 2251 973 Israel

412 985 631 1029 subvertit
660 989 989 1044 Amorrhaeum,
1017 994 1246 1045 pugnante
1280 994 1434 1032 contra
1465 989 1593 1032 illum
1626 990 1788 1046 populo
1825 1004 1902 1033 suo
1933 990 2101 1045 Israe13
2130 994 2175 1033 et
2202 994 2250 1032 tu

412 1059 530 1087 nunc
552 1046 619 1088 vis
640 1047 862 1102 possidere
884 1053 1044 1091 terram
1072 1048 1204 1104 ejus?
1227 1047 1263 1074 24
1288 1049 1447 1091 Nonne
1481 1062 1533 1091 ea
1566 1063 1663 1104 quae
1688 1048 1886 1104 possidet
1919 1049 2110 1093 Chamos
2144 1049 2251 1092 deus

412 1109 532 1160 tuus,
556 1104 641 1148 tibi
664 1105 763 1161 jure
786 1106 1030 1151 debentur?
1058 1107 1164 1157 Quae
1198 1112 1349 1150 autem
1380 1108 1598 1150 Dominus
1632 1109 1750 1150 Deus
1780 1113 1929 1150 noster
1953 1108 2096 1151 victor
2130 1108 2250 1151 obti-

412 1163 529 1219 nuit,
553 1163 599 1206 in
623 1169 819 1207 nostram
843 1165 1002 1209 cedent
1024 1166 1370 1222 possessionem;
1401 1166 1437 1193 2⁵
1462 1167 1547 1209 nisi
1573 1167 1691 1209 forte
1718 1166 1874 1209 melior
1899 1181 1944 1209 es
1973 1167 2133 1222 Balac,
2159 1167 2250 1210 filio

414 1223 602 1278 Sephor,
636 1237 740 1279 rege
778 1224 932 1279 Moab,
966 1231 1044 1268 aut
1066 1224 1220 1269 docere
1243 1231 1369 1283 potes
1394 1226 1510 1281 quod
1531 1225 1736 1282 jurgatus
1757 1225 1817 1268 sit
1843 1231 1998 1269 contra
2020 1226 2182 1281 Israel,
2206 1231 2250 1269 et

411 1282 679 1337 pugnaverit
701 1288 856 1326 contra
882 1298 1002 1339 eum,
1026 1283 1063 1311 2⁶
1089 1284 1265 1340 quando
1294 1284 1517 1328 habitavit
1542 1284 1588 1327 in
1629 1284 1841 1328 Hesebon
1871 1290 1916 1328 et
1945 1284 2104 1328 viculis
2129 1285 2247 1341 ejus,

412 1345 456 1382 et
487 1340 534 1382 in
567 1342 707 1384 Aroer
739 1347 784 1385 et
818 1342 939 1385 villis
972 1343 1112 1398 illius,
1146 1344 1218 1386 vel
1249 1344 1297 1386 in
1329 1344 1500 1387 cunctis
1534 1344 1792 1387 civitatibus
1822 1344 1954 1400 juxta
1979 1344 2248 1401 Jordanem,

411 1413 488 1455 per
508 1405 730 1443 trecentos
751 1416 904 1445 annos.
931 1402 1073 1452 Quare
1098 1408 1225 1446 tanto
1250 1408 1447 1460 tempore
1469 1403 1580 1446 nihil
1603 1418 1733 1459 super
1757 1403 1841 1446 hac
1866 1402 2130 1460 repetitione
2153 1408 2249 1447 ten-

410 1458 575 1501 tastis?
603 1458 637 1485 ‘27
666 1460 810 1515 Igitur
839 1476 926 1504 non
961 1476 1042 1518 ego
1063 1476 1199 1518 pecco
1232 1462 1278 1504 in
1307 1467 1372 1515 te,
1406 1462 1482 1506 sed
1512 1468 1560 1505 tu
1593 1468 1748 1505 contra
1772 1477 1842 1505 me
1869 1462 1985 1506 male
2015 1463 2112 1519 agis
2137 1463 2251 1506 indi-

412 1531 515 1560 cens
545 1518 655 1561 mihi
687 1519 808 1563 bella
845 1535 933 1563 non
968 1522 1103 1577 justa.
1138 1521 1320 1565 Judicet
1354 1521 1594 1578 Dominus,
1624 1521 1790 1565 arbiter
1822 1521 1956 1578 hujus
1991 1521 2104 1579 diei,
2135 1522 2252 1565 inter

412 1577 552 1620 Israel
578 1583 622 1620 et
646 1579 761 1621 inter
782 1579 895 1623 filios
929 1582 1136 1624 Ammon.
1164 1579 1200 1606 ‘²8
1226 1580 1467 1636 Noluitque
1497 1581 1776 1637 acquiescere
1810 1595 1889 1624 rex
1917 1581 2109 1624 filiorum
2143 1583 2250 1624 Am-

411 1650 515 1679 mon
536 1637 683 1680 verbis
709 1638 895 1694 Jephte,
924 1653 1022 1694 quae
1047 1654 1125 1696 per
1146 1640 1325 1682 nuntios
1348 1640 1654 1683 mandaverat.

470 1694 506 1721 2⁹
533 1696 697 1739 Factus
719 1703 786 1740 est
812 1712 914 1753 ergo
937 1712 1067 1755 super
1088 1699 1253 1754 Jephte
1279 1698 1458 1755 spiritus
1483 1699 1682 1754 Domini,
1719 1704 1764 1742 et
1801 1698 2018 1742 circuiens
2054 1700 2248 1756 Galaad,

412 1759 456 1796 et
478 1755 704 1811 Manasse,
733 1757 921 1813 Maspha
947 1772 1118 1814 quoque
1153 1758 1348 1812 Galaad,
1371 1763 1416 1801 et
1441 1758 1544 1801 inde
1566 1758 1787 1801 transiens
1809 1758 1866 1800 ad
1893 1758 2006 1801 filios
2033 1760 2249 1815 Ammon,

412 1812 448 1839 30
469 1819 622 1857 votum
658 1815 782 1858 vovit
816 1817 1026 1872 Domino,
1063 1817 1213 1860 dicens
1242 1831 1251 1859 :
1287 1817 1330 1861 Si
1363 1817 1599 1860 tradideris
1629 1817 1742 1860 filios
1776 1819 1972 1861 Ammon
2006 1818 2052 1860 in
2092 1832 2250 1861 manus

412 1887 554 1928 meas,
579 1873 612 1899 3¹
640 1875 903 1931 quicumque
926 1876 1092 1932 primus
1117 1876 1256 1920 fuerit
1279 1890 1478 1932 egressus
1501 1876 1554 1919 de
1579 1876 1752 1920 foribus
1777 1877 1933 1919 domus
1955 1892 2089 1932 meae,
2117 1877 2249 1920 mihi—

411 1946 495 1987 que
523 1933 759 1976 occurrerit
784 1935 1023 1978 revertenti
1050 1949 1151 1978 cum
1176 1949 1286 1991 pace
1307 1949 1334 1977 a
1354 1935 1456 1978 filiis
1479 1938 1698 1991 Ammon,
1729 1950 1830 1978 eum
1854 1935 2162 1979 holocaustum
2183 1937 2249 1980 of-

411 1990 556 2033 feram
583 1992 789 2036 Domino.

471 2049 508 2076 32
533 2051 843 2108 Transivitque
866 2053 1030 2110 Jephte
1056 2054 1112 2097 ad
1138 2054 1251 2098 filios
1274 2056 1488 2110 Ammon,
1517 2059 1565 2097 ut
1586 2060 1807 2111 pugnaret
1837 2060 1992 2099 contra
2017 2069 2110 2111 eos,
2144 2070 2250 2112 quos

410 2109 596 2152 tradidit
622 2111 838 2154 Dominus
865 2111 909 2154 in
935 2127 1092 2156 manus
1118 2114 1243 2170 ejus3
1267 2114 1304 2140 33
1329 2114 1630 2171 percussitque
1653 2114 1710 2156 ab
1732 2115 1873 2158 Aroer
1894 2128 2030 2170 usque
2049 2114 2155 2158 dum
2176 2129 2251 2158 ve-

410 2168 507 2211 nias
540 2168 587 2212 in
624 2170 852 2227 Mennith,
886 2171 1051 2228 viginti
1084 2173 1316 2229 civitates,
1351 2178 1396 2217 et
1432 2188 1568 2229 usque
1605 2174 1663 2217 ad
1697 2173 1835 2229 Abel,
1869 2188 1968 2230 quae
2006 2179 2073 2216 est
2111 2173 2251 2218 vineis

411 2228 595 2283 consita,
611 2229 745 2285 plaga
770 2245 935 2286 magna
960 2232 1119 2287 nimis;
1139 2232 1452 2289 humiliatique
1473 2238 1576 2276 sunt
1597 2233 1677 2275 filii
1701 2234 1897 2276 Ammon
1917 2247 1945 2275 a
1965 2232 2069 2276 filiis
2095 2233 2249 2279 Israel.

470 2287 507 2314 34
534 2288 800 2332 Revertente
823 2295 974 2333 autem
996 2291 1160 2347 Jephte
1186 2292 1232 2334 in
1266 2292 1456 2348 Maspha
1485 2292 1666 2335 domum
1699 2307 1845 2347 suam,
1876 2291 2065 2335 occurrit
2089 2292 2130 2335 ei
2156 2292 2251 2335 uni-

411 2346 565 2402 genita
589 2347 682 2390 filia
707 2362 785 2390 sua
808 2363 908 2391 cum
934 2351 1161 2407 tympanis
1187 2356 1231 2394 et
1254 2351 1424 2407 choris3
1447 2366 1534 2394 non
1556 2351 1677 2394 enim
1709 2351 1906 2394 habebat
1937 2350 2049 2394 alios
2074 2351 2250 2395 liberos

412 2406 448 2432 35
474 2406 568 2457 Qua
593 2406 690 2449 visa
715 2407 847 2450 scidit
870 2409 1139 2453 vestimenta
1160 2425 1262 2466 sua,
1287 2416 1332 2454 et
1352 2410 1416 2453 ait
1443 2427 1450 2454 :
1478 2411 1580 2454 Heu
1634 2425 1725 2466 me,
1756 2410 1848 2453 filia
1879 2424 2004 2466 mea,
2036 2410 2250 2466 decepisti

411 2479 503 2521 me,
527 2470 572 2508 et
593 2465 688 2522 ipsa
714 2466 902 2523 decepta
927 2482 996 2522 es;
1025 2469 1176 2525 aperui
1198 2470 1317 2513 enim
1340 2484 1386 2513 os
1408 2484 1557 2513 meum
1582 2470 1649 2513 ad.
1673 2469 1937 2524 Dominum,
1964 2474 2010 2512 et
2037 2468 2160 2512 aliud
2181 2469 2248 2512 fa-

413 2538 510 2567 cere
533 2539 621 2568 non
647 2531 812 2581 potero.
839 2526 876 2553 36
902 2527 982 2571 Oui
1007 2528 1086 2571 illa
1109 2529 1339 2585 respondit
1365 2545 1373 2573 ε
1403 2530 1536 2572 Pater
1556 2529 1642 2585 mi,
1665 2529 1702 2572 si
1730 2528 1942 2585 aperuisti
1973 2542 2020 2571 os
2041 2533 2168 2571 tuum
2194 2529 2251 2573 ad

414 2583 676 2639 Dominum,
700 2585 776 2627 fac
794 2586 904 2629 mihi
922 2588 1231 2644 quodcumque
1256 2588 1481 2645 pollicitus
1503 2603 1568 2644 es,
1589 2602 1798 2631 concessa
1822 2587 1906 2631 tibi
1930 2586 2099 2630 ultione
2117 2592 2250 2644 atque

413 2643 601 2685 victoria
623 2643 677 2686 de
699 2644 899 2688 hostibus
921 2646 1022 2690 tuis.
1049 2646 1084 2673 3⁷
1112 2647 1325 2704 Dixitque
1347 2647 1404 2690 ad
1428 2654 1601 2704 patrem
1630 2664 1639 2692 :
1667 2648 1766 2690 Hoc
1791 2647 1933 2690 solum
1955 2646 2064 2688 mihi
2085 2652 2252 2703 praesta

414 2702 529 2757 quod
567 2702 778 2759 deprecor
805 2720 813 2747 z
847 2704 1023 2749 dimitte
1050 2720 1120 2750 me
1155 2712 1202 2750 ut
1236 2707 1405 2750 duobus
1439 2707 1665 2750 mensibus
1692 2706 1960 2749 circumeam
1984 2712 2180 2762 montes,
2206 2711 2252 2750 et

413 2760 626 2817 plangam
656 2762 963 2818 virginitatem
989 2779 1135 2808 meam
1164 2780 1265 2809 cum
1295 2766 1519 2809 sodalibus
1551 2765 1675 2809 meis.
1709 2765 1746 2792 ³⁸
1772 2764 1852 2808 Cui
1884 2764 1959 2808 ille
1985 2765 2214 2821 respondit
2241 2783 2250 2810 :

415 2819 555 2864 Vade.
584 2821 642 2862 Et
663 2821 832 2865 dimisit
857 2837 956 2866 eam
990 2824 1160 2867 duobus
1193 2825 1432 2869 mensibus.
1464 2826 1660 2881 Cumque
1689 2824 1874 2867 abiisset
1903 2838 2004 2866 cum
2034 2824 2164 2867 sociis
2197 2838 2251 2868 ac

415 2878 640 2922 sodalibus
666 2880 775 2937 suis,
802 2881 940 2925 flebat
961 2883 1267 2940 virginitatem
1293 2899 1418 2927 suam
1439 2884 1486 2927 in
1510 2883 1749 2927 montibus.
1770 2883 1806 2909 3⁹
1830 2883 2121 2939 Expletisque
2145 2883 2250 2927 duo-

414 2937 496 2980 bus
520 2939 766 2995 mensibus,
793 2956 969 2985 reversa
995 2948 1062 2986 est
1083 2943 1139 2986 ad
1155 2950 1327 3000 patrem
1354 2958 1495 3000 suum,
1523 2949 1568 2986 et
1592 2942 1705 2986 fecit
1729 2942 1770 2985 ei
1795 2942 1911 2985 sicut
1935 2947 2133 2998 voverat,
2152 2957 2251 2999 quae

415 2997 651 3052 ignorabat
676 2998 843 3043 virum.
872 3001 1046 3045 Exinde
1068 3016 1162 3046 mos
1187 3002 1431 3046 increbruit
1452 3002 1497 3045 in
1522 3001 1686 3057 Israel,
1713 3006 1758 3045 et
1780 3001 2052 3045 consuetudo
2075 3007 2252 3045 servata

413 3061 500 3113 est,
526 3056 564 3083 4⁰
584 3062 632 3099 ut
658 3063 756 3113 post
780 3059 886 3101 anni
912 3061 1124 3104 circulum
1143 3062 1412 3106 conveniant
1429 3061 1474 3104 in
1497 3076 1634 3105 unum
1654 3061 1758 3104 filiae
1782 3060 1942 3117 Israel,
1966 3065 2010 3103 et
2030 3061 2251 3118 plangant

414 3115 552 3158 filiam
573 3116 738 3172 Jephte
757 3118 1007 3162 Galaaditae
1035 3120 1189 3164 diebus
1211 3127 1409 3178 quatuor.

475 3176 581 3220 CAP.
608 3175 717 3218 XII.
743 3177 835 3208 —1
862 3179 976 3222 Ecce
1009 3185 1159 3222 autem
1185 3180 1231 3223 in
1265 3181 1479 3237 Ephraim
1513 3186 1608 3225 orta
1640 3185 1707 3225 est
1739 3181 1929 3236 sediti03
1967 3195 2071 3223 nam
2107 3185 2249 3224 trans-

415 3240 570 3278 euntes
593 3240 746 3277 contra
767 3236 1033 3294 aquilonem,
1054 3238 1261 3283 dixerunt
1277 3239 1334 3283 ad
1360 3240 1525 3296 Jephte
1548 3256 1557 3284 :
1585 3240 1748 3296 Quare,
1775 3239 1945 3283 vadens
1967 3240 2024 3283 ad
2050 3253 2248 3296 pugnam

416 3299 570 3337 contra
594 3293 708 3338 filios
734 3296 948 3351 Ammon,
975 3311 1132 3340 vocare
1162 3312 1240 3341 nos
1263 3299 1463 3355 noluisti,
1499 3305 1548 3342 ut
1579 3312 1861 3356 pergeremus
1895 3298 2076 3342 tecum?
2105 3298 2250 3354 Igitur

415 3352 703 3397 incendemus
729 3354 908 3398 domum
929 3360 1065 3399 tuam.
1093 3355 1111 3381 ”²
1137 3357 1301 3408 Quibus
1323 3358 1398 3401 ille
1423 3357 1651 3415 respondit
1676 3374 1685 3402 ε
1720 3358 1997 3415 Disceptatio
2021 3363 2116 3401 erat
2138 3357 2249 3400 mihi

415 3417 460 3454 et
483 3413 644 3470 populo
670 3427 768 3457 meo
789 3419 943 3457 contra
966 3414 1079 3458 filios
1105 3417 1299 3460 Ammon
1327 3418 1591 3473 vehemens3
1616 3417 1858 3473 vocavique
1885 3431 1982 3474 vos,
2005 3422 2055 3460 ut
2078 3416 2248 3473 praebe-

414 3471 520 3514 retis
546 3472 654 3515 mihi
679 3473 916 3529 auxilium,
943 3479 988 3517 et
1019 3474 1170 3518 facere
1197 3475 1414 3520 noluistis.
1449 3477 1467 3503 3
1491 3476 1615 3527 Quod
1649 3490 1855 3532 cernens,
1886 3475 2014 3534 posui
2049 3475 2248 3519 animam

415 3543 561 3574 meam
586 3531 630 3573 in
658 3532 862 3575 manibus
884 3532 1017 3589 meis,
1045 3534 1316 3590 transivique
1338 3535 1394 3578 ad
1420 3535 1531 3579 filios
1554 3537 1760 3591 Ammon,
1781 3540 1826 3578 et
1850 3534 2037 3578 tradidit
2061 3548 2135 3578 eos
2159 3534 2246 3576 Do-

419 3677 466 3710 18]
489 3676 693 3711 NumXXI,
713 3681 754 3706 13.
772 3693 807 3697 —
832 3679 879 3712 25]
902 3679 998 3707 Num.
1017 3679 1131 3714 XXII,
1149 3681 1174 3708 2.
