2456 3861
132 543 317 572 Residuum

122 589 201 616 vitae
219 587 327 615 Tobiae

144 631 299 666 junioris.

407 123 493 165 478
1090 121 1197 162 Toss.
1233 120 1359 175 XIV,
1396 121 1448 162 12
1463 121 1559 167 -17.

403 231 429 238 .-

407 294 453 336 in
478 293 687 347 veritate,
715 298 758 335 et
779 291 822 333 in
849 296 944 334 tota
965 291 1128 335 virtute
1152 306 1243 335 sua.
1270 291 1306 317 ‘¹⁶2
1324 293 1453 335 Nunc
1477 306 1601 348 ergo,
1626 291 1706 333 filii
1721 326 1732 348 ,
1756 291 1906 334 audite
1928 306 2012 347 me,
2037 297 2081 335 et
2102 293 2241 336 nolite

409 366 585 395 manere
611 352 707 406 hic3
736 351 813 394 sed
840 365 1115 407 quacumque
1141 350 1213 394 die
1242 351 1505 408 sepelieritis
1533 355 1722 393 matrem
1744 355 1939 393 vestram
1961 351 2078 394 circa
2104 366 2174 395 me
2194 353 2242 394 in

408 425 495 454 uno
516 411 738 468 sepulcro,
762 426 818 454 ex
838 425 888 454 eo
910 410 1090 466 dirigite
1113 424 1287 466 gressus
1313 416 1482 454 vestros
1507 415 1557 453 ut
1578 409 1748 453 exeatis
1770 410 1899 466 hinc3
1924 409 1961 436 ¹3
1973 409 2104 454 video
2123 411 2243 454 enim

407 470 511 526 quia
531 470 743 526 iniquitas
766 470 862 526 ejus
884 469 1019 512 finem
1041 469 1166 512 dabit
1191 469 1248 514 ei.

468 530 502 556 ‘¹4
530 531 720 573 Factum
756 536 824 572 est
854 534 1004 572 autem
1040 534 1139 585 post
1177 529 1347 572 obitum
1384 530 1538 572 matris
1579 544 1692 584 suae,
1731 528 1895 572 Tobias
1937 529 2153 572 abscessit
2188 544 2243 573 ex

407 589 571 632 Ninive
598 603 698 632 cum
721 603 856 632 uxore
879 603 969 645 sua,
991 593 1034 631 et
1058 588 1173 645 filiis,
1198 593 1242 632 et
1263 589 1453 631 filiorum
1481 588 1596 644 filiis,
1617 593 1661 632 et
1681 602 1880 631 reversus
1900 594 1967 632 est
1987 588 2045 631 ad
2071 602 2244 631 soceros

407 663 535 704 suos,
573 648 608 675 15
634 648 890 704 invenitque
925 661 999 691 eos
1031 648 1276 692 incolumes
1309 648 1356 690 in
1392 653 1619 692 senectute
1653 648 1793 701 bona3
1831 652 1875 690 et
1908 662 2060 690 curam
2093 662 2245 691 eorum

407 708 566 765 gessit,
595 713 638 752 et
669 708 764 765 ipse
797 707 959 750 clausit
985 708 1132 751 oculos
1158 722 1329 764 eorum,
1358 713 1401 751 et
1431 722 1607 751 omnem
1642 706 1935 751 hereditatem
1970 707 2127 750 domus
2158 708 2244 749 Ra-

407 767 549 824 guelis
576 768 669 824 ipse
698 767 916 825 percepit,
943 767 1143 823 viditque
1174 767 1377 823 quintam
1403 767 1758 823 generationem,
1786 766 1900 810 filios
1930 766 2122 809 filiorum
2147 780 2245 809 suo-

406 842 517 870 rum.
551 827 586 854 '¹⁶
612 829 670 870 Et
707 827 939 884 completis
976 827 1104 869 annis
1145 827 1394 882 nonaginta
1430 841 1591 870 novem
1627 827 1675 869 in
1704 826 1862 869 timore
1902 825 2109 882 Domini,
2144 840 2246 868 cum

406 886 591 943 gaudio,
622 887 892 945 sepelierunt
921 901 1034 930 eum.
1067 885 1097 912 ¹⁷
1118 886 1272 930 Omnis
1305 891 1457 928 autem
1485 886 1693 942 cognatio
1717 885 1835 942 ejus,
1865 890 1908 929 et
1937 885 2081 929 omnis
2110 899 2245 941 gene-

405 946 519 989 ratio
557 947 656 1004 ejus
683 947 731 990 in
767 946 884 990 bona
921 945 1034 1000 vita,
1075 950 1118 989 et
1150 945 1197 988 in
1234 951 1387 988 sancta
1425 945 1762 988 conversatione
1796 945 2062 1002 permansit,
2099 944 2164 987 ita
2197 948 2246 987 ut

405 1006 579 1063 accepti
621 1011 771 1050 essent
806 1011 900 1049 tam
939 1006 1033 1049 Deo
1070 1019 1203 1060 quam
1243 1003 1524 1060 hominibus,
1564 1010 1607 1047 et
1644 1004 1815 1048 cunctis
1852 1003 2162 1048 habitantibus
2198 1003 2248 1047 in

405 1071 538 1109 tem'a.
