2423 3861
95 1026 151 1051 {rer
180 1018 335 1053 praeposi-

112 1067 165 1091 tos
195 1063 315 1096 affligit*

129 1108 299 1141 populum.

160 1847 268 1876 «Iudas

109 1890 320 1919 Machabaeus

115 1934 148 1962 in
172 1935 314 1963 deserto*

146 2020 283 2049 Saevitia

171 2065 261 2094 senis

112 2109 315 2139 Antiocheni

123 2153 155 2182 in
178 2154 305 2183 Judaen.

127 2789 237 2819 Etiam
259 2790 293 2819 in

110 2834 313 2864 civitatibus

154 2878 272 2913 graecis
303 2876 306 2879 ’

116 2924 308 2956 persecutio

116 2975 135 2993 μ’
143 2970 273 2996 rassatu
278 2976 303 2998 r.

124 3340 153 3365 C=
164 3338 304 3366 ›nsiliuin

135 3382 190 3410 Dei
218 3383 297 3409 talia

97 3425 290 3458 11·‘·1·*.nittcnt
299 3426 334 3454 is.

409 127 520 170 1082
959 121 1006 162 Π
1039 121 1191 162 nim.
1226 121 1279 173 v,
1317 121 1369 161 17
1402 144 1460 150 —
1492 120 1581 172 vr,
1617 119 1683 160 13.

406 295 602 338 scelestis
628 292 832 335 manibus
857 303 1035 332 sumens
1057 293 1212 330 sancta
1233 302 1359 342 vasa,
1379 302 1478 343 quae
1504 287 1560 329 ab
1586 286 1686 329 aliis
1708 287 1885 342 regibus
1907 294 1951 330 et
1977 289 2233 332 civitatibus

405 359 530 397 erant
554 353 695 409 posita
718 350 773 392 ad
797 353 1001 391 ornatum
1031 346 1116 389 loci
1143 352 1185 389 et
1214 346 1424 401 gloriam,
1451 345 1757 389 contrectabat
1781 346 1985 402 indigne,
2012 353 2056 390 et
2084 353 2234 391 conta-

406 412 619 455 minabat.
643 410 673 435 ¹7
692 410 763 451 Ita
785 407 1006 449 alienatus
1024 410 1172 448 mente
1190 405 1453 460 Antiochus,
1473 419 1561 447 non
1584 404 1894 448 considerabat
1919 406 2034 460 quod
2058 412 2236 464 propter

405 475 585 528 peccata
623 465 923 510 habitantium
966 464 1219 519 civitatem,
1254 464 1477 507 modicum
1514 465 1633 507 Deus
1670 464 1819 506 fuerat
1854 464 2017 519 iratus,
2059 471 2235 522 propter

404 530 519 586 quod
553 534 594 571 et
627 525 792 568 accidit
826 525 943 567 circa
977 523 1124 566 locum
1154 523 1408 580 despecti03
1445 523 1480 550 ¹⁸
1505 522 1723 578 alioquin,
1754 523 1839 566 nisi
1871 523 2131 579 contigisset
2163 539 2234 568 eos

403 587 553 630 multis
579 584 774 641 peccatis
796 598 890 627 esse
911 583 1156 638 involutos,
1183 582 1298 625 sicut
1321 582 1609 638 Heliodorus,
1634 582 1709 638 qui
1734 582 1895 625 missus
1916 588 1982 625 est
2006 597 2033 624 a
2055 582 2235 626 Seleuco

402 660 505 701 rege
538 645 593 687 ad
624 643 939 700 expoliandum
978 642 1203 697 aerarium,
1238 642 1373 685 etiam
1406 641 1479 684 hic
1511 642 1662 684 statim
1697 642 1938 685 adveniens
1963 641 2234 698 flagellatus,

403 711 445 748 et
470 703 669 760 repulsus
694 702 845 758 utique
874 701 1034 744 fuisset
1063 701 1119 743 ab
1149 701 1351 744 audacia.
1384 700 1420 726 ¹9
1438 702 1604 744 Verum
1634 715 1722 744 non
1752 706 1929 758 propter
1958 701 2103 744 locum
2130 715 2236 757 gen-

402 771 511 818 tem,
535 762 612 806 sed
637 767 815 819 propter
839 766 1020 817 gentem
1045 760 1193 803 locum
1216 761 1334 804 Deus
1356 760 1505 816 elegit.
1533 759 1569 786 2⁰
1586 760 1781 816 Ideoque
1804 765 1848 803 et
1868 759 1962 816 ipse
1987 760 2110 803 locus
2137 770 2236 817 par-

401 822 540 878 ticeps
569 822 719 864 factus
749 825 814 864 est
846 820 997 877 populi
1024 819 1265 875 malorum,
1287 826 1440 876 postea
1467 824 1616 863 autem
1641 819 1716 862 fiet
1749 819 1894 862 socius
1918 820 2159 875 bonorum;
2195 825 2237 863 et

401 882 475 937 qui
512 881 748 924 derelictus
783 879 831 922 in
871 879 936 922 ira
974 879 1056 922 Dei
1093 879 1410 935 omnipotentis
1444 884 1534 934 est,
1577 879 1737 921 iterum
1776 878 1823 920 in
1860 878 2012 934 magni
2055 878 2237 922 Domini

400 940 759 984 reconciliatione
786 954 886 982 cum
912 953 1086 981 summa
1112 938 1253 994 gloria
1279 938 1563 981 exaltabitur.

460 1000 493 1026 2¹
525 999 671 1056 Igitur
702 998 972 1054 Antiochus,
1007 997 1130 1041 mille
1163 1004 1206 1041 et
1239 997 1507 1053 octingentis
1543 997 1707 1041 ablatis
1744 998 1798 1041 de
1831 997 1997 1055 templo
2031 997 2236 1055 talentis,

399 1059 611 1103 velociter
635 1058 923 1101 Antiochiam
949 1071 1174 1113 regressus
1203 1062 1289 1112 est,
1314 1057 1575 1100 existimans
1600 1072 1666 1113 se,
1698 1072 1788 1114 prae
1819 1056 2046 1113 superbia,
2073 1061 2237 1100 terram

399 1119 456 1162 ad
497 1117 826 1173 navigandum,
863 1116 1050 1172 pelagus
1087 1131 1188 1160 vero
1225 1116 1282 1159 ad
1319 1116 1404 1159 iter
1439 1116 1664 1172 agendum
1701 1116 2022 1172 deducturum,
2060 1121 2238 1173 propter

401 1178 562 1221 mentis
581 1177 833 1221 elationem.
853 1175 890 1201 ‘²2
909 1175 1105 1232 Reliquit
1125 1180 1276 1219 autem
1294 1181 1337 1219 et
1358 1175 1620 1232 praepositos
1641 1176 1698 1218 ad
1720 1175 2018 1231 affligendam
2037 1180 2236 1231 gentem:

401 1236 691 1293 dei-osolymis
717 1235 899 1291 quidem
928 1235 1208 1292 Philippum,
1243 1249 1403 1291 genere
1437 1234 1682 1291 Phrygem,
1713 1235 1910 1278 moribus
1945 1234 2237 1278 crudeliorem

401 1311 451 1340 eo
475 1297 570 1353 ipso
595 1311 621 1338 a
647 1309 731 1351 quo
754 1294 1021 1338 constitutus
1047 1300 1137 1350 est3
1162 1293 1199 1321 ‘²3
1215 1294 1262 1336 in
1289 1294 1486 1338 Garizim
1511 1300 1661 1337 autem
1686 1293 1996 1337 Andronicum
2019 1298 2063 1336 et
2087 1294 2237 1337 Mene-

400 1356 542 1412 laum,
569 1355 642 1411 qui
669 1354 849 1410 gravius
876 1368 1009 1410 quam
1035 1354 1168 1398 ceteri
1190 1353 1488 1397 imminebant
1514 1353 1701 1396 civibus.
1729 1352 1766 1379 Ψ*
1784 1353 1984 1409 Cumque
2009 1353 2236 1409 appositus

401 1420 515 1458 esset
541 1420 693 1458 contra
719 1414 748 1456 J
753 1413 924 1470 udaeos,
959 1414 1081 1456 misit
1111 1414 1311 1457 odiosum
1345 1413 1612 1470 principem,
1640 1413 1953 1470 Apollonium,
1981 1426 2082 1455 cum
2116 1426 2238 1456 exer-

401 1474 492 1517 citu
527 1473 689 1530 viginti
723 1478 766 1517 et
802 1473 974 1517 duobus
1011 1473 1234 1530 millibus,
1273 1472 1536 1530 praecipiens
1573 1472 1612 1515 ei
1651 1487 1802 1516 omnes
1839 1472 2054 1529 perfectae
2093 1471 2237 1515 aetatis

400 1534 664 1589 interficere,
698 1532 905 1576 mulieres
934 1547 987 1575 ac
1019 1533 1205 1589 juvenes
1235 1532 1438 1575 vendere.
1474 1530 1510 1558 25
1536 1531 1619 1582 Qui
1654 1546 1756 1574 cum
1789 1531 1984 1575 venisset
2013 1531 2238 1588 Jerosoly-

401 1607 541 1649 mam,
568 1606 726 1649 pacem
751 1591 987 1648 simulans,
1011 1591 1180 1648 quievit
1204 1606 1340 1647 usque
1365 1591 1422 1634 ad
1452 1590 1571 1634 diem
1601 1596 1805 1634 sanctum
1827 1590 2005 1634 sabbati
2025 1608 2036 1645 ;
2063 1595 2107 1634 et
2131 1595 2236 1634 tunc

400 1651 573 1695 feriatis
599 1652 628 1694 J
634 1651 795 1706 udaeis,
821 1665 945 1693 arma
976 1665 1131 1707 capere
1163 1650 1254 1694 suis
1288 1649 1512 1707 praecepit.
1540 1649 1576 1676 ⁶2⁰
1598 1651 1850 1707 Omnesque
1880 1649 1953 1705 qui
1983 1649 2040 1692 ad
2066 1655 2237 1706 specta—

402 1711 550 1754 culum
586 1715 909 1767 processerant,
948 1710 1219 1765 trucidavit;
1257 1715 1300 1752 et
1334 1709 1563 1752 civitatem
1602 1724 1701 1752 cum
1738 1709 1921 1752 armatis
1961 1708 2236 1766 discurrens,

399 1769 629 1826 ingentem
655 1769 988 1813 multitudinem
1014 1769 1214 1826 peremit.

461 1828 495 1855 ‘2⁷
515 1829 657 1872 Judas
690 1834 841 1872 autem
875 1829 1182 1885 Machabaeus,
1211 1829 1283 1884 qui
1313 1828 1511 1872 decimus
1545 1829 1715 1883 fuerat,
1743 1834 1982 1871 secesserat
2015 1828 2062 1870 in
2093 1829 2237 1872 deser-

400 1893 495 1931 tum
521 1888 688 1944 locum,
722 1887 874 1944 ibique
901 1888 1017 1931 inter
1044 1888 1164 1931 feras
1192 1888 1335 1930 vitam
1366 1888 1413 1930 in
1446 1887 1672 1930 montibus
1707 1901 1808 1929 cum
1841 1887 1932 1930 suis
1965 1887 2159 1943 agebat3
2195 1892 2237 1930 et

400 1948 515 1991 foeni
541 1948 638 1991 cibo
665 1952 914 2002 vescentes,
939 1947 1295 2003 demorabantur,
1322 1962 1377 1990 ne
1403 1946 1642 2004 participes
1674 1951 1820 1990 essent
1846 1945 2234 2002 coinquinationis.

460 2008 567 2051 CAP.
596 2008 675 2050 VI.
701 2033 760 2039 —
781 2006 795 2032 ¹
813 2007 899 2050 Sed
926 2021 1013 2050 non
1043 2012 1142 2063 post
1169 2006 1359 2049 multum
1385 2006 1618 2062 temporis,
1644 2005 1766 2048 misit
1798 2020 1875 2048 rex
1905 2020 2056 2050 senem
2085 2020 2235 2061 quem-

401 2067 503 2110 dam
538 2066 890 2121 Antiochenum,
925 2067 999 2121 qui
1029 2065 1313 2122 compelleret
1339 2065 1522 2108 Judaeos
1556 2071 1603 2108 ut
1633 2080 1678 2108 se
1704 2065 1998 2108 transferrent
2027 2080 2053 2108 a
2082 2065 2236 2122 patriis

400 2133 441 2168 et
469 2126 551 2169 Dei
576 2125 776 2181 legibus3
804 2124 822 2151 9
847 2124 1150 2168 contaminare
1176 2124 1311 2168 etiam
1342 2124 1458 2181 quod
1484 2125 1529 2166 in
1560 2126 1588 2167 J
1593 2124 1851 2181 erosolymis
1878 2130 1971 2168 erat
1996 2125 2234 2182 templum,

400 2191 443 2227 et
464 2186 779 2241 cognominare
804 2186 833 2228 J
837 2184 931 2228 ovis
959 2184 1179 2241 Olympii,
1206 2190 1249 2228 et
1277 2184 1324 2227 in
1351 2183 1569 2240 Garizim,
1595 2189 1726 2240 prout
1759 2189 1885 2227 erant
1909 2183 1955 2226 hi
1982 2184 2058 2240 qui
2088 2184 2235 2227 locum

397 2244 734 2301 inhabitabant,
761 2244 888 2288 Jovis
921 2243 1168 2301 hospitalis.
1191 2244 1209 2270 3
1234 2243 1434 2288 Pessima
1460 2249 1607 2287 autem
1644 2249 1687 2287 et
1713 2243 1932 2286 universis
1961 2243 2111 2299 gravis
2143 2250 2236 2287 erat

399 2304 615 2347 malorum
646 2303 863 2360 incursi03
891 2303 908 2331 4
932 2319 1038 2347 nam
1071 2303 1287 2361 templum
1321 2303 1497 2346 luxuria
1526 2308 1569 2346 et
1603 2302 2000 2346 comessationibus
2034 2303 2236 2359 gentium

400 2369 493 2406 erat
525 2364 727 2420 plenum,
754 2369 798 2408 et
823 2363 1115 2408 scortantium
1141 2378 1242 2406 cum
1276 2362 1604 2420 meretricibus,
1635 2361 1908 2418 sacratisque
1940 2362 2112 2405 aedibus
2141 2377 2235 2406 mu-

399 2422 526 2467 lieres
555 2438 601 2467 se
629 2424 744 2467 ultro
775 2423 1063 2480 ingerebant,
1096 2422 1213 2466 intro
1248 2422 1443 2466 ferentes
1480 2436 1531 2466 ea
1566 2437 1665 2478 quae
1702 2436 1791 2464 non
1822 2421 2001 2465 licebat.
2039 2421 2057 2448 5
2080 2422 2236 2465 Alta-re

399 2482 534 2525 etiam
566 2483 745 2539 plenum
781 2488 874 2526 erat
905 2483 1098 2537 illicitis,
1124 2497 1223 2539 quae
1257 2482 1432 2538 legibus
1465 2481 1830 2538 prohibebantur.
1861 2480 1879 2507 ὓ
1904 2482 2058 2537 Neque
2085 2486 2234 2525 autem

398 2542 585 2585 sabbata
612 2543 988 2599 custodiebantur,
1011 2557 1153 2598 neque
1179 2542 1273 2585 dies
1299 2542 1517 2585 solemnes
1543 2540 1676 2598 patrii
1699 2540 2004 2596 servabantur,
2027 2554 2109 2583 nec
2131 2540 2235 2584 sim-

398 2601 572 2657 pliciter
597 2602 808 2645 Judaeum
828 2617 874 2646 se
897 2616 991 2646 esse
1015 2602 1249 2658 quisquam
1274 2600 1580 2645 confitebatur.
1608 2599 1624 2627 ⁷
1644 2599 1935 2643 Ducebantur
1959 2604 2110 2642 autem
2134 2614 2235 2643 cum

396 2674 548 2703 amara
574 2661 838 2706 necessitate
863 2661 909 2705 in
935 2661 1006 2705 die
1034 2661 1198 2704 natalis
1226 2660 1344 2717 regis
1368 2661 1425 2703 ad
1451 2659 1694 2715 sacrificia3
1726 2665 1770 2703 et
1799 2673 1901 2702 cum
1926 2658 2075 2701 Liberi
2109 2673 2233 2702 sacra

398 2720 737 2777 celebrarentur,
766 2721 1040 2778 cogebantur
1064 2721 1227 2765 hedera
1253 2720 1450 2764 coronati
1473 2719 1634 2763 Libero
1661 2718 1859 2762 circuire.

456 2779 473 2807 8
491 2780 731 2824 Decretum
755 2786 906 2825 autem
931 2780 1043 2824 exiit
1067 2780 1112 2823 in
1134 2779 1358 2838 proximas
1385 2778 1633 2823 Gentilium
1653 2778 1872 2835 civitates,
1891 2777 2232 2835 suggerentibus

397 2838 671 2897 Ptolemaeis,
698 2846 746 2884 ut
771 2840 866 2898 pari
900 2840 1030 2884 modo
1061 2845 1104 2884 et
1134 2840 1220 2897 ipsi
1249 2839 1461 2883 adversus
1487 2838 1670 2882 Judaeos
1704 2844 1912 2894 agerent,
1938 2844 1988 2880 ut
2011 2837 2234 2880 sacrifica-

396 2904 516 2953 rent3
541 2898 558 2925 9
576 2913 648 2943 eos
674 2905 838 2956 autem,
862 2900 935 2956 qui
957 2900 1128 2943 nollent
1153 2899 1341 2942 transire
1365 2899 1422 2941 ad
1447 2897 1653 2941 instituta
1680 2896 1895 2953 gentium,
1917 2896 2231 2942 interficerent.

398 2957 507 2999 Erat
527 2972 630 3014 ergo
652 2959 802 3003 videre
828 2959 1065 3003 miseriam.
1093 2958 1129 2985 1⁰
1147 2960 1259 3002 Duae
1289 2957 1410 3001 enim
1435 2958 1640 3000 mulieres
1667 2956 1827 3000 delatae
1849 2960 1952 2999 sunt
1977 2960 2106 2998 natos
2131 2969 2232 2999 suos

398 3015 746 3073 circumcidisse,
775 3033 895 3075 quas,
922 3018 1174 3061 infantibus
1200 3019 1257 3062 ad
1275 3017 1412 3061 ubera
1436 3016 1675 3073 suspensis,
1702 3030 1804 3058 cum
1829 3013 2005 3071 publice
2028 3029 2106 3072 per
2124 3014 2233 3058 civi-

398 3080 534 3118 tatem
557 3076 977 3134 circumduxissent,
1001 3092 1077 3135 per
1097 3092 1244 3121 muros
1268 3076 1676 3134 praecipitaverunt.
1704 3074 1736 3100 ¹¹
1753 3073 1846 3117 Alii
1865 3088 1982 3129 vero,
2005 3074 2062 3117 ad
2085 3074 2234 3131 proxi-

397 3148 492 3177 mas
518 3141 724 3179 coeuntes
757 3137 1011 3193 speluncas,
1035 3143 1079 3181 et
1104 3137 1294 3181 latenter
1322 3135 1498 3180 sabbati
1524 3135 1642 3178 diem
1668 3132 1964 3189 celebrantes,
1988 3147 2090 3176 cum
2113 3133 2231 3176 indi·

398 3194 483 3236 cati
511 3199 656 3238 essent
678 3195 905 3252 Philippo,
932 3195 1124 3239 fiammis
1150 3196 1349 3240 succensi
1379 3201 1502 3251 sunt,
1529 3209 1579 3238 eo
1606 3192 1721 3249 quod
1749 3192 2026 3247 verebantur,
2053 3198 2235 3249 propter

396 3252 655 3308 religionem
683 3259 725 3297 et
750 3255 1098 3310 observantiam,
1127 3271 1262 3298 manu
1287 3254 1467 3298 sibimet
1491 3253 1710 3297 auxilium
1735 3252 1865 3295 ferre.

458 3311 493 3337 ¹²
519 3313 709 3356 Obsecro
737 3319 886 3356 autem
918 3328 990 3356 cos
1023 3315 1097 3369 qui
1130 3315 1246 3358 hunc
1279 3315 1442 3357 librum
1475 3311 1631 3357 lecturi
1664 3315 1787 3366 sunt,
1821 3325 1876 3354 ne
1913 3311 2229 3355 abhorrescant

399 3377 574 3427 propter
598 3372 807 3416 adversos
837 3387 984 3427 casus,
1012 3373 1088 3416 sed
1121 3379 1326 3430 reputent
1359 3388 1412 3417 ea
1445 3387 1544 3428 quae
1575 3370 1856 3425 acciderunt,
1883 3384 1971 3413 non
2003 3370 2060 3413 ad
2093 3370 2227 3418 inter-

401 3431 530 3486 itum,
554 3432 629 3474 sed
655 3431 711 3475 ad
746 3431 1066 3488 correptionem
1095 3446 1188 3476 esse
1214 3433 1388 3488 generis
1417 3431 1569 3475 nostri.
1593 3429 1629 3456 ¹3
1656 3429 1832 3472 Etenim
1864 3429 2003 3473 multo
2032 3434 2228 3487 tempore

401 3502 486 3531 non
512 3490 651 3534 sinere
676 3490 983 3548 peccatoribus
1008 3505 1063 3534 ex
1088 3491 1307 3534 sententia
1329 3505 1480 3548 agere,
1503 3489 1579 3533 sed
1606 3488 1758 3532 statim
1785 3487 1976 3531 ultiones
1997 3488 2222 3545 adhibere,

401 3635 447 3667 is]
467 3636 542 3667 sup.
563 3637 625 3670 111,
643 3640 735 3666 25-27.
