2456 3861
801 114 848 157 11
884 115 993 157 PAR.
1029 114 1114 169 vr,
1148 116 1204 157 24
1237 140 1294 149 --
1328 116 1439 170 Vn,
1474 117 1514 159 3.
1981 121 2067 162 413

245 282 394 338 iniquo
420 283 538 326 viam
564 298 687 327 suam
716 283 759 326 in
787 289 920 340 caput
945 284 1188 340 p1·‹'›prium,
1216 289 1261 328 et
1286 285 1511 329 ulciscaris
1540 286 1730 341 justum,
1756 287 2000 331 retribuens
2026 288 2066 331 ei

245 342 486 384 secundum
514 342 736 397 justitiam
770 358 908 386 suam.
939 342 974 368 '2²¹
1000 344 1042 385 Si
1077 352 1307 399 superatus
1334 344 1470 387 fuerit
1503 345 1689 400 populus
1714 350 1814 388 tuus
1847 346 1983 389 Israel
2008 346 2064 390 ab

244 399 437 443 inimicis
476 402 755 457 (peccabunt
794 402 913 445 enim
946 402 1080 457 tibi),
1121 412 1166 445 et
1207 403 1406 446 conversi
1447 404 1619 458 egerint
1655 403 1984 460 poenitentiam,
2021 412 2065 448 et

244 458 573 503 obsecraverint
605 475 765 504 nomen
792 466 935 516 tuum,
962 466 1007 503 et
1031 461 1199 504 fuerint
1225 461 1450 518 deprecati
1476 462 1520 505 in
1547 462 1642 507 1000
1667 463 1772 518 isto,
1800 464 1836 490 ‘²⁵
1855 471 1901 506 tu
1931 479 2063 507 exau-

243 517 336 561 dies
360 518 412 560 de
441 519 560 574 ezelo,
581 524 625 562 et
643 520 881 575 propitiare
898 526 1080 574 peccato
1101 520 1250 575 populi
1270 520 1333 563 tui
1354 521 1503 575 lsrael,
1525 527 1569 564 et
1588 522 1721 565 reduc
1740 536 1813 566 eos
1836 522 1878 563 iu
1901 530 2063 566 terium

242 590 374 631 quam
399 578 557 620 dedisti
584 578 648 621 eis
674 583 717 622 et
751 578 950 634 patribus
985 593 1148 621 eorum.
1177 577 1213 603 '²⁰'
1231 579 1275 621 Si
1302 579 1450 622 clauso
1477 581 1586 622 caelo
1621 581 1771 636 pluvia
1804 596 1891 624 non
1926 581 2062 625 fluxe-

240 635 298 677 rit
323 644 499 692 propter
524 642 709 692 peccata
734 636 897 692 populi,
920 642 964 680 et
990 637 1213 691 deprecati
1236 643 1278 679 te
1301 638 1469 680 fuerint
1492 639 1535 680 in
1560 640 1654 682 loco
1678 640 1773 694 isto,
1801 646 1845 683 et
1870 641 2062 684 confessi

241 695 410 737 nomini
437 702 531 750 tim,
563 701 608 738 et
636 695 837 738 conversi
867 709 893 736 a
923 694 1119 750 peccatis
1145 695 1253 751 suis,
1282 710 1381 738 011111
1412 711 1485 739 eos
1510 697 1739 753 afflixeris,
1768 699 1801 724 Ἦ
1822 700 1982 742 exaudi
2009 700 2062 742 (10

240 753 362 807 caelo,
391 754 593 807 Domine,
621 760 666 796 et
691 753 864 796 dimitte
883 758 1069 809 peccata
1090 753 1227 796 servis
1249 754 1336 796 tuis
1358 760 1402 796 et
1427 755 1577 810 populi
1600 757 1663 797 tui
1691 758 1825 800 lsrael
1848 776 1855 809 ;
1886 764 1929 801 et
1955 758 2062 809 doce

239 826 314 855 008
332 812 446 855 viam
469 812 629 855 bonam
651 826 876 867 perquam
899 811 1218 866 ingrediantur,
1242 818 1286 854 et
1309 813 1364 854 da
1382 813 1577 868 pluviam
1602 821 1728 858 terrie
1749 830 1879 870 quam
1902 817 2062 860 dedisti

239 871 401 927 populo
426 878 501 913 tuo
518 870 573 912 ad
597 870 924 926 possidendum.
951 870 987 897 ‘2⁸
1003 871 1162 913 Fames
1185 871 1221 913 si
1245 876 1338 913 orta
1357 871 1494 914 fuerit
1513 872 1555 915 in
1576 878 1704 927 terra,
1729 883 1772 917 et
1794 875 2060 931 pestilentia,

240 943 407 985 aerugo,
444 934 489 971 et
523 943 710 985 aurugo,
737 935 782 972 et
816 930 1007 983 locusta,
1042 939 1087 972 et
1120 929 1332 985 bruchus,
1367 935 1410 973 et
1448 931 1616 986 hostes,
1652 933 1838 976 vastatis
1872 934 2061 989 regioni-

238 987 338 1043 bus,
370 993 518 1043 portas
544 988 798 1031 obsederint
824 988 1040 1043 civitatis,
1077 988 1304 1044 omnisque
1330 989 1466 1045 plaga
1491 995 1535 1032 et
1565 989 1799 1034 infirmitas
1824 993 2056 1047 presserit;

237 1045 274 1072 ²9
289 1047 327 1089 si
356 1046 453 1102 quis
487 1046 540 1089 de
573 1047 736 1103 populo
762 1052 837 1090 tuo
872 1047 1011 1090 Israel
1036 1047 1173 1090 fuerit
1199 1048 1479 1104 deprecatus,
1516 1063 1786 1104 cognoscens
1812 1051 1993 1106 plagam
2018 1058 2063 1094 et

235 1105 541 1149 infirmitatem
566 1121 704 1161 suam,
732 1112 776 1149 et
798 1106 1062 1163 expanderit
1083 1121 1238 1150 manus
1264 1121 1364 1149 suas
1387 1107 1432 1150 in
1455 1107 1584 1150 domo
1604 1108 1698 1164 hac,
1726 1108 1762 1135 30
1780 1116 1827 1152 tu
1853 1109 2062 1152 exaudies

236 1164 290 1208 de
315 1164 444 1220 00010,
471 1165 526 1208 (10
556 1165 735 1209 sublimi
761 1166 934 1209 scilicet
960 1166 1216 1209 habitaculo
1247 1171 1342 1221 tuo,
1371 1172 1414 1210 et
1441 1167 1678 1223 propitiare
1700 1186 1708 1223 3
1733 1174 1776 1212 et
1801 1168 1935 1211 redde
1967 1169 2060 1211 uni-

235 1223 392 1279 cuique
430 1224 672 1267 seeundum
710 1224 804 1267 vias
841 1239 962 1279 suas,
1000 1239 1107 1280 quas
1145 1225 1261 1268 nosti
1298 1239 1398 1268 eum
1431 1225 1593 1269 habere
1628 1227 1671 1269 in
1706 1227 1836 1270 corde
1869 1241 1946 1270 suo
1981 1229 2060 1283 (tu

235 1283 353 1326 enim
380 1283 497 1326 solus
524 1283 637 1326 nosti
662 1284 793 1327 corda
822 1283 1008 1327 liliorum
1037 1284 1302 1339 hominum),
1331 1284 1362 1309 3¹
1386 1290 1432 1326 ut
1458 1285 1647 1328 timeant
1680 1292 1736 1340 te,
1764 1292 1807 1329 et
1832 1286 2062 1329 ambulent

234 1341 280 1384 in
318 1342 401 1384 viis
443 1343 551 1397 tuis,
595 1343 765 1384 cunctis
808 1343 963 1385 diebus
1004 1343 1162 1398 quibus
1199 1343 1357 1385 vivunt
1394 1358 1524 1399 super
1561 1345 1727 1389 faciem
1764 1351 1891 1388 terrae
1930 1360 2061 1400 quam

234 1400 396 1444 dedisti
421 1402 622 1458 patribus
645 1402 816 1445 nostris.

294 1459 330 1488 3'2
349 1461 596 1506 Externum
620 1474 813 1516 quoque,
848 1461 922 1516 qui
955 1475 1042 1504 non
1073 1466 1140 1504 est
1173 1461 1226 1504 de
1256 1462 1419 1517 populo
1454 1467 1528 1506 tuo
1563 1463 1723 1517 Israel,
1749 1463 1785 1505 si
1813 1464 1981 1506 venerit
2007 1464 2060 1508 de

233 1524 351 1563 terra
376 1519 638 1577 longinqua,
667 1524 844 1575 propter
868 1534 1028 1563 nomen
1055 1525 1180 1562 tuum
1203 1534 1438 1575 magnum,
1463 1526 1506 1564 et
1531 1528 1709 1578 propter
1731 1536 1912 1565 manum
1940 1530 2061 1567 tuam

232 1578 481 1628 robustam,
513 1585 556 1622 et
581 1578 813 1623 brachium
840 1584 965 1623 tuum
991 1584 1245 1634 extentum,
1273 1584 1317 1621 et
1342 1579 1594 1623 adoraverit
1626 1582 1673 1623 in
1705 1580 1802 1623 1000
1827 1581 1931 1636 isto,
1960 1582 1996 1607 33
2013 1588 2060 1625 tu

232 1637 446 1681 exaudies
463 1637 519 1680 de
537 1637 660 1692 caelo,
689 1637 940 1683 firmissimo
967 1637 1226 1681 habitaculo
1251 1643 1340 1694 tuo,
1369 1644 1412 1681 et
1437 1639 1579 1682 facies
1606 1650 1779 1695 cuncta,
1806 1653 1884 1696 pro
1904 1640 2061 1695 quibus

231 1696 507 1739 invocaverit
546 1702 590 1740 te
633 1697 709 1739 ille
750 1697 1032 1753 peregrinus;
1078 1702 1126 1739 ut
1165 1697 1310 1740 sciant
1352 1712 1503 1741 omnes
1544 1699 1696 1755 populi
1732 1703 1862 1742 terrae
1900 1713 2060 1742 nomen

233 1760 373 1811 tuum,
401 1761 445 1798 et
470 1757 661 1800 timeant
685 1762 728 1799 te
751 1755 866 1799 sicut
896 1757 1083 1812 populus
1107 1761 1208 1799 tuus
1235 1757 1386 1812 Israel,
1415 1762 1458 1801 et
1481 1762 1753 1813 cognoscant
1775 1757 1878 1813 quia
1900 1772 2059 1802 nomen

230 1821 355 1858 tuum
379 1815 635 1859 invocatum
658 1820 725 1859 est
750 1830 880 1872 super
905 1816 1086 1859 domum
1112 1816 1227 1859 hanc
1253 1830 1386 1870 quam
1414 1816 1644 1861 aedifieavi.

289 1873 325 1901 34
351 1874 397 1919 Si
430 1889 632 1931 egressus
665 1874 803 1917 fuerit
836 1875 1024 1931 populus
1059 1881 1159 1917 tuus
1192 1875 1249 1917 ad
1276 1875 1443 1919 bellum
1470 1884 1624 1919 eontra
1650 1878 1932 1921 adversarios
1961 1893 2061 1922 suos

229 1948 307 1990 per
340 1933 459 1977 viam
490 1934 537 1977 in
569 1948 656 1990 qua
685 1933 856 1977 miseris
891 1948 984 1988 008,
1019 1934 1269 1978 adorabunt
1299 1939 1342 1977 te
1379 1941 1533 1979 contra
1557 1936 1676 1980 viam
1708 1937 1753 1979 in
1786 1952 1872 1992 qua
1905 1938 2061 1982 civitas

229 1993 328 2036 haec
353 1998 421 2036 est
446 2008 579 2048 quam
605 1993 802 2049 elegisti,
825 1998 871 2036 et
899 1993 1056 2036 domus
1082 2008 1215 2049 quam
1241 1994 1460 2037 aedificavi
1483 1996 1653 2039 nomini
1680 2001 1775 2052 tuo,
1803 1997 1839 2023 35
1856 2001 1906 2040 tu
1927 2012 2060 2040 exau-

231 2051 325 2095 dies
360 2052 413 2095 de
443 2053 552 2095 caelo
582 2067 735 2109 preces
768 2067 939 2109 eorum,
966 2058 1018 2102 ,et
1055 2053 1429 2109 obsecrationem,
1455 2059 1498 2097 et
1524 2055 1764 2098 ulciscaris.
1790 2056 1827 2083 3⁶
1846 2056 1890 2100 Si
1912 2063 2061 2099 autem

230 2112 516 2168 peccaverint
540 2110 623 2154 tibi
650 2113 822 2169 (neque
847 2112 967 2157 enim
983 2118 1059 2156 'est
1083 2113 1214 2155 homo
1237 2113 1311 2168 qui
1337 2126 1426 2156 non
1451 2115 1660 2171 peccet),
1692 2119 1736 2158 et
1761 2115 1898 2158 iratus
1922 2115 2061 2159 fueris

230 2171 306 2226 eis,
327 2176 372 2214 et
392 2171 626 2216 tradideris
651 2171 866 2226 hostibus,
891 2177 943 2216 et
957 2171 1159 2228 captivos
1183 2171 1392 2215 duxerint
1413 2187 1488 2216 008
1507 2172 1554 2216 in
1577 2179 1740 2216 terra-m
1758 2174 2058 2230 longinquam,

230 2230 302 2274 vel
335 2234 453 2274 certe
487 2245 586 2286 quae
624 2231 754 2286 juxta
778 2237 866 2287 est,
901 2230 937 2257 3⁷
957 2236 1001 2274 et
1028 2231 1228 2275 conversi
1259 2231 1304 2274 in
1340 2231 1470 2276 corde
1497 2247 1594 2289 suo,
1625 2233 1672 2275 in
1698 2238 1814 2276 terra
1843 2234 1901 2277 ad
1930 2248 2061 2290 quam

231 2289 399 2346 captivi
430 2289 552 2334 ducti
584 2290 786 2345 fuerant,
822 2290 994 2346 egerint
1030 2290 1364 2346 poenitentiam,
1400 2297 1444 2334 et
1478 2292 1702 2348 deprecati
1735 2298 1778 2336 te
1811 2292 1981 2336 fuerint
2015 2293 2061 2336 in

230 2353 348 2392 terra
380 2349 657 2405 captivitatis
689 2364 802 2403 suae,
838 2349 1036 2394 dicentes
1064 2365 1073 2393 :
1112 2350 1424 2406 Peccavimus,
1457 2351 1605 2406 inique
1643 2352 1856 2408 fecimus,
1894 2352 2060 2408 injuste

230 2407 432 2463 egimus;
468 2408 566 2451 38et
594 2408 758 2452 reversi
788 2408 958 2453 fuerint
991 2409 1047 2452 ad
1082 2413 1126 2452 te
1159 2409 1206 2451 in
1238 2413 1332 2452 toto
1367 2410 1497 2453 corde
1531 2425 1610 2453 suo
1644 2411 1758 2454 etin
1788 2417 1883 2454 tota
1911 2412 2061 2456 anima

230 2481 331 2522 sua,
364 2467 410 2510 in
442 2473 560 2511 terra
594 2468 869 2524 captivitatis
896 2483 986 2511 suae
1011 2468 1068 2511 ad
1099 2482 1230 2523 quam
1261 2468 1383 2511 ducti
1411 2475 1539 2525 sunt,
1566 2470 1815 2514 adorabunt
1839 2476 1883 2513 te
1909 2476 2062 2514 contra

230 2526 351 2571 viam
376 2532 506 2571 terrae
534 2541 625 2571 suae
653 2541 784 2582 quam
817 2527 979 2572 dedisti
1001 2527 1202 2583 patribus
1231 2541 1404 2583 eorum,
1425 2533 1471 2571 et
1496 2528 1615 2571 urbis
1639 2544 1769 2584 quam
1796 2529 1993 2585 elegisti,
2017 2535 2061 2573 et

231 2585 386 2631 domus
418 2601 553 2642 quam
585 2587 803 2630 aedificavi
838 2587 1006 2630 nomini
1042 2592 1137 2642 tuo,
1174 2586 1211 2612 39
1236 2592 1284 2628 tu
1312 2587 1524 2630 exaudies
1558 2588 1611 2630 de
1646 2588 1773 2642 eaelo,
1801 2589 1883 2631 hoc
1908 2594 1975 2631 est
2008 2589 2060 2632 de

231 2645 356 2691 firmo
384 2645 640 2691 habitaculo
670 2651 766 2702 tuo,
802 2660 953 2703 preces
980 2660 1150 2701 eorum,
1177 2650 1222 2689 et
1251 2645 1396 2689 facias
1420 2646 1660 2702 judicium,
1678 2644 1732 2690 'et
1759 2647 1956 2691 dimittas
1984 2662 2060 2704 po-

231 2704 334 2761 pulo
372 2710 469 2761 tuo,
505 2706 706 2761 quamvis
744 2705 995 2762 peccatori,
1035 2704 1072 2732 4⁰
1096 2710 1144 2749 tu
1187 2719 1232 2749 es
1276 2705 1397 2748 enim
1436 2706 1555 2749 Deus
1595 2720 1733 2750 meus,
1775 2706 2059 2763 Aperiantur,

232 2777 403 2821 quaeso,
430 2764 545 2811 oculi
570 2765 655 2820 tui,
682 2769 726 2808 et
757 2779 883 2808 aures
909 2770 997 2809 tuae
1021 2764 1206 2808 intentae
1233 2763 1321 2807 sint
1347 2764 1404 2808 ad
1429 2765 1675 2809 orationem
1697 2779 1795 2821 quae
1820 2766 1870 2809 fit
1895 2766 1941 2810 in
1967 2767 2062 2810 1000

231 2822 329 2867 isto.

289 2882 324 2909 4¹
345 2884 476 2927 Nunc
505 2884 644 2941 igitur
676 2899 911 2941 consurge,
948 2884 1137 2928 Domine
1165 2885 1306 2940 Deus,
1344 2884 1390 2927 in
1414 2883 1612 2940 requiem
1636 2888 1781 2942 tuam,
1814 2890 1862 2929 tu
1887 2890 1931 2929 et
1960 2899 2062 2928 arca

230 2942 510 2987 fortitudinis
542 2948 645 2988 tuae.
680 2944 939 2988 Sacerdotes
973 2943 1058 2999 tui,
1095 2943 1283 2987 Domine
1319 2944 1459 3000 Deus,
1497 2943 1740 2988 induantur
1771 2945 1983 3000 salutem,
2018 2949 2062 2987 et

231 3001 375 3044 sancti
396 3001 697 3047 tui'laetentur
722 3004 768 3047 in
791 3003 930 3047 bonis.
958 3002 995 3029 4⁶2
1015 3002 1204 3046 Domine
1231 3005 1370 3059 Deus,
1392 3017 1447 3046 ne
1474 3003 1685 3047 averteris
1715 3003 1882 3047 faciem
1909 3003 2061 3047 christi

230 3059 325 3115 tui3
352 3067 578 3106 memento
604 3063 1006 3108 misericordiarum
1030 3062 1199 3117 David,
1228 3062 1343 3106 servi
1369 3063 1446 3106 tui.

291 3119 399 3164 CAP.
429 3121 537 3166 VII.
578 3149 638 3156 —
673 3122 688 3149 ¹
717 3124 912 3178 Cumque
953 3121 1218 3178 complesset
1255 3122 1462 3172 Salomon
1499 3123 1696 3166 fundens
1733 3138 1905 3180 preces,
1945 3123 2061 3179 ignis

232 3178 463 3223 descendit
485 3181 539 3224 de
567 3182 690 3238 caelo,
718 3187 762 3226 et
790 3181 1021 3225 devoravit
1046 3180 1304 3224 holocausta
1330 3186 1375 3224 et
1399 3181 1606 3226 victimas
1629 3200 1638 3238 3
1661 3187 1706 3226 et
1728 3183 1944 3239 majestas
1973 3184 2060 3225 Do-

231 3238 341 3280 mini
389 3239 594 3296 implevit
643 3241 836 3285 domum.
895 3239 912 3267 2
945 3241 1039 3284 Nec
1083 3245 1288 3296 poterant
1331 3241 1586 3285 sacerdotes
1627 3241 1803 3298 ingredi
1845 3241 2061 3298 templum

232 3298 434 3355 Domini,
465 3314 517 3343 eo
543 3301 658 3357 quod
688 3301 917 3357 implesset
942 3298 1155 3355 majestas
1181 3299 1362 3343 Domini
1395 3300 1612 3358 templum
1639 3300 1833 3344 Domini.
1867 3300 1885 3327 3
1907 3300 1991 3344 Sed
2017 3307 2062 3344 et

233 3370 386 3401 omnes
410 3358 490 3402 filii
517 3360 658 3403 Israel
675 3359 891 3404 videbant
917 3357 1260 3402 descendentem
1282 3358 1434 3416 ignem
1455 3365 1498 3403 et
1521 3360 1710 3416 gloriam
1734 3359 1913 3403 Domini
1931 3373 2062 3418 super

234 3414 437 3473 domum,
464 3423 511 3462 et
531 3423 786 3464 corruentes
802 3418 930 3476 proni
955 3417 1002 3460 in
1022 3422 1186 3461 terram
1206 3432 1338 3476 super
1359 3418 1666 3476 pavimentum
1688 3423 1875 3462 stratum
1897 3417 2060 3475 lapide,

234 3575 283 3609 28]
310 3575 376 3604 Ins.
400 3575 484 3648 {X'
507 3579 534 3605 9.
557 3591 594 3596 —
617 3577 665 3610 36]
692 3576 747 3605 111
773 3577 856 3609 Res.
873 3575 979 3612 vm,
995 3578 1041 3604 46.
1065 3575 1154 3605 noel.
1183 3577 1268 3610 vn,
1291 3580 1335 3606 21.
1359 3579 1373 3606 1
1391 3578 1487 3607 Joan.
1508 3579 1583 3614 1‚8.
1602 3588 1640 3596 -
1663 3576 1711 3610 41]
1730 3575 1784 3605 Ps.
1802 3575 1962 3612 CXXXI,
1981 3579 2007 3606 s.
2023 3590 2061 3596 —

234 3619 266 3654 1]
287 3619 323 3647 11
339 3620 412 3648 Ma:
466 3621 512 3655 11,
528 3624 554 3650 8.

2127 3131 2187 3160 Dei
2208 3131 2371 3167 majestas

2190 3176 2307 3209 implet

2160 3220 2333 3254 templum.
