2456 3861
764 183 809 224 H
849 184 912 225 lu:
932 197 957 226 1.
994 183 1087 234 ΙΙΙ,
1121 185 1255 226 4-30.
1832 186 1917 227 ‘289

99 350 211 406 regis
253 351 444 405 Gessur3
487 350 503 378 1
529 357 709 407 quartus
750 358 896 396 autem
940 352 1159 407 Adouias,
1202 353 1317 396 filius
1368 353 1570 409 Haggith
1592 371 1600 408 ;
1649 359 1691 397 et
1739 353 1917 410 quintus

98 409 359 465 Saphathia,
399 410 514 452 filius
552 410 767 465 Abit11a1;
803 412 820 436 ⁵
845 417 995 454 sextus
1033 426 1204 467 quoque
1241 412 1492 468 Jethraam,
1528 412 1582 456 de
1616 412 1748 468 Egla,
1783 427 1917 456 uxore

97 468 271 522 David;
300 468 344 510 hi
372 469 463 511 nati
491 475 593 512 sunt
621 469 766 512 David
792 469 837 512 iu
866 470 1060 513 Hebron.

152 527 170 552 0
188 526 299 569 Cum
326 541 427 582 ergo
454 534 567 571 esset
593 528 797 584 praelium
822 528 937 572 iuter
961 529 1142 572 domum
1168 530 1271 573 Saul
1293 536 1335 573 et
1354 530 1534 573 domum
1562 529 1720 585 David,
1748 530 1912 586 Abner,

95 585 208 628 filius
236 586 336 636 Ner,
364 586 546 641 regebat
572 586 753 629 domum
777 587 896 629 Saul.
923 587 938 613 ⁷
959 587 1121 630 Fuerat
1145 595 1293 631 autem
1319 588 1440 631 Sauli
1467 589 1714 632 concubina
1739 589 1916 632 nomine

95 644 288 700 Respha,
317 644 406 686 filia
433 644 531 686 Aia.
560 644 772 700 Dixitque
798 645 1001 688 Isboseth
1026 646 1082 688 ad
1110 646 1260 689 Abner
1292 664 1299 690 :
1333 647 1350 673 ⁸
1376 648 1517 697 Quare
1541 647 1763 703 ingressus
1789 662 1834 691 es
1858 647 1915 691 ad

92 703 384 745 concubinam
420 703 556 759 patris
590 703 710 746 mei?
744 703 846 758 Qui,
880 704 1018 745 iratus
1045 704 1175 747 nimis
1201 711 1377 761 propter
1401 705 1534 749 verba
1562 706 1783 761 Isboseth,
1810 707 1874 749 ait
1907 723 1915 750 :

92 761 319 817 Numquid
347 766 479 817 caput
504 761 626 804 canis
653 775 732 817 ego
758 775 856 804 sum
881 762 1116 805 adversum
1142 763 1309 805 Judam
1335 763 1484 819 hodie,
1520 765 1592 819 qui
1625 766 1808 808 fecerim
1835 765 1915 808 mi-

90 819 375 863 sericordiam
408 833 537 875 super
569 819 751 862 domum
785 820 889 863 Saul
922 821 1058 876 patris
1091 821 1176 876 tui,
1211 827 1253 864 et
1286 836 1415 878 super
1439 823 1600 866 fratres
1625 830 1668 866 et
1694 825 1915 880 proximos

91 879 211 935 ejus,
250 884 292 921 et
328 892 415 921 non
452 877 616 921 tradidi
650 883 693 922 te
717 879 763 921 in
801 893 958 922 manus
994 879 1177 923 David?
1211 880 1269 922 Et
1301 885 1347 922 tu
1381 880 1600 936 requisisti
1626 882 1671 924 in
1699 897 1767 925 me
1800 883 1914 938 quod

90 951 294 993 argueres
327 951 403 994 pro
438 937 621 980 muliere
654 937 811 981 hodie!
838 937 856 963 9
876 938 988 981 Haec
1013 937 1155 981 faciat
1182 939 1300 981 Deus
1326 939 1478 982 Abner
1503 946 1545 982 et
1571 940 1667 983 haec
1692 941 1829 984 addat
1854 941 1913 997 ei,

90 996 174 1039 nisi
208 995 426 1052 quomodo
458 995 627 1052 juravit
660 996 877 1040 Dominus
912 996 1061 1040 David
1093 997 1156 1040 sic
1189 997 1358 1040 faciam
1392 1013 1493 1041 cum
1525 1012 1595 1054 eo,
1631 998 1666 1025 ¹⁰
1691 1004 1739 1041 ut
1776 1005 1915 1043 trans-

89 1056 259 1099 feratur
290 1068 476 1110 regnum
509 1054 563 1098 de
596 1055 725 1099 domo
761 1055 886 1112 Saul,
917 1061 960 1099 et
992 1055 1188 1099 elevetur
1220 1056 1402 1100 thronus
1436 1056 1583 1100 David
1615 1072 1746 1114 super
1777 1058 1915 1101 Israel

90 1120 133 1158 et
164 1128 294 1171 super
319 1112 487 1156 Judam
519 1128 544 1156 a
578 1114 679 1156 Dan
711 1129 848 1171 usque
883 1115 1128 1158 Bersabee!
1157 1114 1380 1159 11Ε111011
1412 1115 1556 1172 potuit
1588 1116 1851 1174 respondere
1876 1118 1914 1160 ei

90 1173 350 1230 quidquam,
377 1172 480 1228 quia
506 1173 732 1216 metuebat
755 1173 897 1217 illum.

151 1231 184 1258 ¹⁹2
208 1232 333 1275 Misit
374 1245 476 1288 ergo
518 1231 671 1275 Abner
707 1233 886 1276 nuntios
922 1233 978 1276 ad
1018 1233 1165 1277 David
1202 1249 1279 1291 pro
1316 1248 1362 1277 se
1395 1234 1592 1278 dicentes
1633 1251 1642 1279 :
1676 1234 1817 1291 Cujus
1850 1240 1915 1279 est

89 1291 239 1335 terra?
281 1295 324 1334 et
365 1295 414 1333 ut
449 1290 731 1347 loquerentur
771 1309 780 1336 :
817 1293 908 1335 Fac
945 1306 1120 1336 mecum
1156 1293 1398 1349 amicitias,
1427 1298 1469 1337 et
1505 1293 1587 1337 erit
1624 1308 1781 1337 manus
1817 1309 1915 1338 mea

89 1356 256 1406 tecum,
292 1355 335 1393 et
367 1349 578 1393 reducam
609 1350 666 1393 ad
700 1355 743 1394 te
776 1351 1032 1394 universum
1066 1352 1218 1395 Israel.
1259 1352 1293 1379 13
1319 1352 1400 1403 Qui
1437 1352 1501 1395 ait
1541 1369 1549 1396 ε
1589 1352 1794 1409 Optime;
1834 1367 1914 1408 ego

88 1410 257 1453 faciam
282 1414 431 1452 tecum
455 1408 699 1464 amicitias,
726 1410 802 1453 sed
830 1424 965 1452 unam
997 1425 1089 1453 rem
1122 1416 1222 1467 peto
1247 1426 1273 1453 a
1298 1416 1362 1467 te,
1390 1411 1541 1454 dicens
1575 1428 1583 1455 :
1618 1412 1718 1454 Non
1744 1411 1914 1455 videbis

88 1469 254 1513 faciem
280 1482 426 1512 meam
450 1472 690 1523 antequam
715 1468 954 1512 adduxeris
979 1469 1167 1524 Michol,
1194 1469 1334 1512 filiam
1358 1470 1463 1513 Saul
1483 1487 1492 1525 3
1520 1474 1564 1513 et
1587 1470 1650 1513 sic
1674 1470 1845 1526 venies,
1872 1475 1916 1514 et

89 1527 260 1571 videbis
298 1541 380 1570 me.
420 1526 456 1553 ¹4
484 1526 608 1568 Misit
644 1531 795 1570 autem
837 1527 984 1570 David
1024 1527 1203 1570 nuntios
1243 1528 1300 1571 ad
1341 1528 1565 1583 Isboseth,
1607 1528 1748 1571 filium
1788 1529 1913 1585 Saul,

89 1587 240 1630 dicens
265 1603 274 1630 ε
303 1585 454 1629 Redde
480 1599 663 1628 uxorem
688 1600 833 1629 meam
859 1586 1038 1642 Michol,
1067 1601 1200 1642 quam
1227 1586 1440 1643 despondi
1466 1587 1575 1629 mihi
1602 1592 1779 1630 centum
1805 1603 1916 1644 prae-

87 1645 222 1703 putiis
255 1644 542 1688 Philisthiim.
578 1643 613 1670 15
638 1644 763 1687 Misit
795 1659 898 1700 ergo
932 1645 1157 1701 Isboseth,
1192 1651 1235 1689 et
1261 1645 1364 1688 tulit
1389 1660 1487 1688 eam
1511 1661 1546 1696 a=
1563 1645 1655 1689 viro
1680 1661 1758 1689 suo
1784 1647 1916 1689 Phal-

88 1704 184 1760 tiel,
218 1703 308 1748 filio
343 1703 461 1746 Lais.
488 1702 525 1730 16
543 1703 901 1760 Sequebaturque
935 1718 1033 1747 eam
1064 1704 1134 1747 vir
1164 1719 1268 1748 suus
1294 1704 1492 1761 plorans,
1518 1719 1655 1761 usque
1689 1706 1915 1748 Bahurim.

88 1765 145 1807 Et
170 1763 284 1806 dixit
308 1763 366 1806 ad
392 1777 493 1806 eum
517 1762 671 1806 Abner
704 1779 712 1807 :
740 1763 886 1819 Vade,
914 1768 957 1806 et
982 1768 1209 1807 revertere.
1238 1763 1322 1814 Qui
1346 1778 1545 1807 reversus
1571 1769 1649 1807 est.

146 1822 180 1849 ¹⁷
205 1823 463 1866 Sermonem
496 1836 668 1878 quoque
699 1821 854 1865 intulit
886 1822 1039 1865 Abner
1070 1822 1127 1865 ad
1160 1823 1351 1866 seniores
1383 1822 1544 1879 Israel,
1578 1822 1730 1866 dicens
1763 1840 1771 1867 z
1805 1824 1917 1866 Tam

86 1881 178 1926 heri
205 1896 339 1938 quam
362 1881 683 1924 nudiustertius
710 1881 974 1937 quaerebatis
1001 1881 1148 1924 David
1166 1887 1215 1924 ut
1232 1887 1436 1937 regnaret
1460 1896 1591 1939 super
1614 1896 1705 1925 vos.
1733 1882 1768 1909 ¹8
1786 1883 1915 1926 Nunc

86 1955 188 1997 ergo
221 1941 380 1995 facite,
416 1939 625 1996 quoniam
660 1940 877 1984 Dominus
901 1940 1075 1984 locutus
1101 1946 1166 1984 est
1190 1941 1246 1984 ad
1274 1941 1441 1997 David,
1469 1941 1620 1984 dicens
1652 1958 1660 1985 :
1694 1942 1747 1984 In
1782 1957 1916 1985 manu

86 2000 200 2044 servi
234 2000 320 2043 mei
354 1999 503 2042 David
536 1999 719 2044 salvabo
753 1999 967 2057 populum
992 2014 1141 2043 meum
1166 2000 1306 2043 Israel
1333 2000 1387 2043 de
1412 2015 1546 2043 manu
1573 2000 1848 2043 Philisthiim
1873 2006 1916 2044 et

86 2059 285 2103 omnium
316 2059 602 2102 inimicorum
634 2059 745 2115 ejus.
774 2058 810 2085 19
829 2060 1024 2103 Locutus
1059 2064 1124 2102 est
1149 2064 1300 2103 autem
1333 2059 1485 2103 Abner
1509 2059 1644 2103 etiam
1668 2059 1726 2102 ad
1753 2060 1915 2116 Benja-

86 2119 192 2162 min.
227 2119 284 2162 Et
316 2118 428 2161 abiit
460 2123 509 2161 ut
541 2117 792 2174 loqueretur
814 2118 871 2161 ad
899 2118 1046 2162 David
1077 2118 1125 2161 in
1151 2119 1334 2162 Hebron
1360 2118 1508 2162 omnia
1535 2133 1633 2174 quae
1658 2118 1916 2175 placuerant

86 2177 242 2221 Israeli
282 2183 326 2221 et
368 2177 573 2221 universo
614 2177 865 2233 Benjamin.
900 2177 937 2204 2⁰
965 2178 1189 2233 Venitque
1224 2177 1280 2221 ad
1319 2177 1468 2220 David
1506 2177 1554 2220 in
1589 2178 1774 2221 Hebron
1814 2192 1916 2220 cum

86 2236 247 2292 viginti
279 2236 414 2291 viris;
451 2242 493 2280 et
524 2237 636 2280 fecit
670 2237 817 2280 David
851 2236 1004 2280 Abner
1035 2242 1078 2280 et
1109 2236 1216 2279 viris
1249 2237 1346 2293 ejus
1379 2236 1453 2292 qui
1486 2242 1699 2280 venerant
1732 2251 1833 2280 cum
1865 2251 1914 2280 eo

87 2295 356 2339 convivium.
390 2295 425 2322 2¹
453 2297 510 2338 Et
544 2295 659 2339 dixit
691 2295 844 2339 Abner
868 2295 925 2338 ad
951 2295 1099 2338 David
1132 2312 1141 2340 :
1174 2296 1364 2351 Surgam
1395 2301 1445 2338 ut
1478 2310 1742 2351 congregem
1767 2296 1825 2339 ad
1851 2301 1914 2351 te,

87 2355 317 2398 dominum
343 2369 492 2399 meum
516 2369 686 2411 regem,
714 2369 890 2411 omnem
916 2354 1075 2410 Israel,
1101 2359 1144 2397 et
1168 2354 1318 2398 ineam
1341 2359 1490 2398 tecum
1514 2354 1683 2411 foedus,
1710 2360 1753 2398 et
1776 2355 1915 2411 impe-

86 2428 152 2458 res
177 2414 383 2457 omnibus
408 2414 523 2457 sicut
550 2413 771 2457 desiderat
795 2414 946 2456 anima
967 2418 1056 2457 tua.

146 2473 258 2516 Cum
295 2488 398 2529 ergo
435 2473 693 2517 deduxisset
730 2473 878 2516 David
915 2473 1081 2529 Abner,
1119 2478 1162 2516 et
1197 2473 1274 2516 ille
1309 2473 1416 2517 isset
1450 2472 1497 2516 in
1533 2487 1662 2530 pace,
1701 2472 1738 2499 ²2
1762 2474 1914 2516 statim

86 2533 208 2590 pueri
247 2533 394 2576 David
432 2538 475 2576 et
511 2532 627 2576 Joab
666 2537 901 2588 venerunt,
946 2532 1072 2576 caesis
1109 2531 1376 2588 latronibus,
1419 2546 1521 2575 eum
1560 2532 1710 2589 praeda
1751 2547 1914 2588 magna

86 2592 232 2635 nimis.
259 2592 412 2635 Abner
435 2597 586 2635 autem
611 2606 700 2635 non
725 2597 819 2635 erat
845 2606 945 2634 cum
972 2591 1119 2634 David
1143 2591 1190 2633 in
1217 2591 1412 2647 Hebron,
1440 2591 1542 2646 quia
1567 2591 1661 2647 jam
1687 2591 1915 2635 dimiserat

87 2665 207 2708 eum,
234 2656 277 2694 et
302 2651 529 2708 profectus
553 2651 703 2694 fuerat
726 2650 773 2693 in
802 2665 924 2707 pace.
950 2649 987 2677 ‘²3
1012 2651 1069 2693 Et
1094 2651 1121 2693 J
1126 2650 1210 2693 oab
1236 2656 1279 2693 et
1303 2650 1446 2693 omnis
1471 2650 1690 2693 exercitus
1723 2650 1796 2706 qui
1822 2656 1914 2694 erat

87 2724 188 2753 cum
225 2725 296 2766 eo,
334 2715 486 2767 postea
518 2714 747 2753 venerunt.
782 2709 1049 2753 Nuntiatum
1082 2714 1147 2752 est
1182 2709 1333 2765 itaque
1368 2709 1484 2752 Joab
1520 2723 1546 2751 a
1583 2708 1865 2752 narrantibus
1905 2726 1913 2753 ε

87 2768 222 2812 Venit
256 2769 421 2825 Abner,
459 2768 576 2812 filius
614 2770 716 2825 Ner,
753 2769 810 2812 ad
847 2783 1017 2824 regem,
1055 2774 1098 2812 et
1134 2768 1304 2811 dimisit
1340 2783 1461 2823 eum,
1495 2773 1538 2811 et
1570 2767 1682 2810 abiit
1712 2767 1759 2811 in
1791 2783 1912 2825 pace.

87 2827 123 2854 ²4
149 2830 206 2871 Et
240 2828 465 2884 ingressus
501 2834 567 2872 est
603 2828 719 2872 Joab
756 2828 812 2871 ad
846 2842 1016 2883 regem,
1053 2833 1096 2871 et
1127 2827 1190 2870 ait
1223 2844 1231 2872 :
1265 2827 1379 2878 Quid
1416 2826 1602 2870 fecisti?
1641 2828 1757 2871 Ecce
1792 2827 1915 2871 venit

85 2887 238 2931 Abner
262 2887 319 2930 ad
345 2892 416 2943 te3
443 2902 576 2944 quare
603 2887 811 2931 dimisisti
838 2901 952 2942 eum,
972 2892 1014 2930 et
1039 2886 1151 2930 abiit
1176 2892 1219 2930 et
1244 2885 1460 2930 recessit?
1486 2885 1523 2913 25
1536 2886 1723 2942 Ignoras
1749 2886 1912 2943 Abner,

85 2946 226 2989 filium
253 2947 355 3002 Ner,
383 2947 592 3003 quoniam
616 2947 673 2990 ad
698 2947 782 2991 hoe
808 2946 929 2989 venit
953 2946 1010 2989 ad
1036 2951 1080 2989 te
1104 2951 1153 2988 ut
1179 2945 1400 3003 deciperet
1425 2951 1487 3001 te,
1514 2950 1558 2989 et
1589 2945 1721 2990 sciret
1746 2945 1915 2989 exitum

85 3011 212 3048 tuum
245 3011 288 3049 et
320 3006 553 3050 introitum
578 3011 725 3062 tuum,
753 3011 796 3050 et
822 3010 970 3049 nosset
1002 3005 1150 3049 omnia
1184 3020 1281 3061 quae
1314 3005 1444 3061 agis?
1470 3004 1507 3031 ²6
1525 3006 1740 3061 Egressus
1764 3005 1914 3061 itaque

86 3065 114 3107 J
118 3065 201 3108 oab
227 3080 253 3108 a
279 3065 439 3122 David,
467 3065 589 3108 misit
614 3066 792 3109 nuntios
817 3069 916 3122 post
940 3064 1104 3120 Abner,
1132 3070 1174 3108 et
1200 3064 1377 3108 reduxit
1401 3078 1502 3108 eum
1526 3079 1552 3107 a
1582 3063 1772 3108 cisterna
1797 3064 1912 3119 Sira,

85 3123 318 3179 ignorante
337 3124 498 3167 David.
525 3123 560 3151 2⁷
580 3124 779 3181 Cumque
805 3123 1007 3167 rediisset
1031 3123 1184 3167 Abner
1207 3124 1254 3166 in
1281 3123 1478 3180 Hebron,
1504 3138 1701 3167 seorsum
1725 3123 1915 3166 adduxit

87 3196 188 3225 eum
212 3183 240 3226 ,J
245 3183 328 3226 oab
353 3183 410 3226 ad
436 3183 634 3227 medium
658 3190 798 3240 portae
825 3188 873 3225 ut
897 3182 1147 3239 loqueretur
1172 3183 1210 3226 ei
1235 3183 1282 3226 in
1308 3182 1429 3239 dolo,
1463 3187 1507 3226 et
1538 3183 1754 3240 percussit
1786 3182 1915 3225 illum

85 3240 148 3283 ibi
172 3241 220 3284 in
243 3242 456 3298 inguine3
485 3248 528 3286 et
553 3248 751 3286 mortuus
777 3248 843 3286 est
866 3241 914 3284 in
940 3242 1154 3286 ultionem
1180 3242 1409 3298 sanguinis
1433 3242 1590 3298 Asael,
1623 3241 1776 3285 fratris
1802 3241 1913 3297 ejus.

87 3298 123 3326 23
140 3300 265 3350 Quod
291 3316 392 3344 cum
414 3301 612 3346 audisset
639 3302 786 3345 David
812 3316 904 3345 rem
925 3301 1020 3358 jam
1045 3307 1237 3358 gestam,
1263 3302 1327 3344 ait
1359 3318 1367 3346 :
1401 3301 1596 3345 Mundus
1628 3315 1708 3357 ego
1741 3315 1839 3343 sum
1871 3304 1914 3342 et

87 3373 272 3414 regnum
299 3375 446 3404 meum
472 3361 591 3418 apud
612 3362 855 3405 Dominum
881 3375 1018 3417 usque
1041 3361 1088 3403 in
1113 3361 1432 3418 sempiternum
1456 3376 1482 3403 a
1507 3360 1724 3416 sanguine
1748 3358 1912 3414 Abner,

86 3416 166 3459 filii
201 3419 316 3473 Ner;
346 3419 383 3445 ‘29
400 3425 443 3463 et
469 3420 620 3464 veniat
645 3435 775 3477 super
801 3425 934 3476 caput
960 3420 1096 3476 Joab,
1132 3426 1175 3464 et
1207 3435 1336 3477 super
1369 3434 1545 3464 omnem
1571 3419 1751 3462 domum
1777 3417 1913 3474 patris

89 3475 212 3531 ejus3
245 3492 324 3521 nec
359 3479 537 3522 deficiat
570 3479 624 3523 de
660 3479 789 3523 domo
817 3480 844 3522 J
849 3479 932 3522 oab
958 3478 1128 3522 fluxum
1153 3479 1334 3523 seminis
1359 3479 1600 3533 sustinens,
1628 3482 1670 3520 et
1695 3477 1912 3533 leprosus,

89 3540 133 3577 et
163 3540 315 3579 tenens
347 3537 521 3594 fusum,
556 3544 599 3581 et
632 3538 794 3582 cadens
829 3537 1000 3594 gladio,
1035 3543 1077 3582 et
1109 3538 1314 3594 indigens
1340 3537 1479 3594 pane!
1507 3536 1706 3592 301gitur
1730 3536 1757 3579 J
1763 3535 1845 3578 oab
1871 3539 1914 3578 et

90 3677 137 3710 14]
157 3677 171 3703 1
190 3678 271 3711 Reg.
291 3677 421 3714 XVIII,
438 3682 482 3708 27.
500 3696 536 3700 -
555 3682 602 3714 27]
624 3681 676 3708 ΙΙΙ
695 3681 778 3714 Reg.
798 3681 844 3715 11,
860 3684 884 3709 5.

1654 3737 1705 3780 19

1981 546 2104 579 Abner,
2117 544 2222 574 disce-

2031 591 2112 617 dens
2128 591 2170 617 ab

2017 633 2172 661 lsboseth
2190 652 2197 667 ,

2042 1241 2159 1269 Davidi

2016 1283 2184 1318 jungitur.

2035 2479 2062 2506 Α
2081 2479 2101 2506 J
2105 2479 2167 2507 oab

1995 2521 2208 2551 interficitur.
