2456 3861
769 143 817 186 II
851 143 959 185 PAR.
994 142 1056 196 X,
1093 143 1114 185 1
1148 168 1207 175 ——
1239 143 1325 197 XI,
1360 144 1398 185 4.
1913 142 1997 185 417

718 394 930 449 PARS
981 394 1461 449 POSTERIOR

445 532 776 571 HISTORIA
826 531 1241 571 CETERORUM
1291 532 1523 571 REGUM
1571 530 1737 572 JUDA

626 665 828 709 SEcrro
870 665 905 707 I.
939 690 998 697 -
1039 666 1284 707 REGNUM
1327 665 1557 708 Rossoimi

683 782 706 834 ξ
738 779 774 822 Ι.
801 805 861 812 -
892 779 1095 823 Schisma
1119 780 1261 823 decem
1289 780 1491 822 tribuum.

234 891 340 934 CAP.
355 886 503 931 X.-¹
521 886 755 930 Profectus
782 891 848 930 est
871 892 1020 930 autem
1046 887 1242 930 Roboam
1259 886 1305 929 in
1326 886 1526 941 Sichem3
1549 887 1653 930 illuc
1679 888 1797 930 enim
1821 894 2005 932 cunctus

176 948 313 991 Israel
339 950 607 990 convenerat
632 950 680 988 ut
705 945 1024 989 constituerent
1057 960 1157 989 eum
1189 960 1354 1002 regem.
1382 944 1399 971 2
1424 945 1549 996 Quod
1574 960 1673 989 cum
1702 946 1898 989 audisset
1931 948 2005 990 Je-

175 1007 374 1061 roboam,
398 1004 514 1048 filius
541 1004 713 1061 Nabat,
735 1004 809 1061 qui
834 1010 928 1048 erat
950 1005 995 1047 in
1018 1007 1218 1062 AEgypto
1246 1005 1458 1062 (fugerat
1483 1005 1644 1062 quippe
1678 1005 1782 1048 illuc
1804 1010 1907 1048 ante
1931 1006 2004 1049 sa-

175 1066 449 1120 lomonem),
477 1063 630 1107 statim
655 1078 855 1108 reversus
877 1069 957 1108 est.
986 1064 1004 1091 3
1025 1065 1396 1120 Vocaveruntque
1421 1078 1541 1120 eum,
1565 1069 1608 1108 et
1630 1064 1754 1108 venit
1777 1078 1877 1107 cum
1904 1065 2006 1107 uni-

174 1138 298 1167 verso
326 1124 484 1179 Israel,
508 1128 553 1166 et
578 1123 714 1166 locuti
736 1129 838 1167 sunt
862 1124 920 1167 ad
947 1123 1167 1179 Roboam,
1195 1123 1394 1167 dicentes
1420 1141 1429 1168 ε
1456 1123 1473 1150 4
1496 1124 1627 1167 Pater
1649 1129 1748 1167 tuus
1774 1122 2006 1168 durissimo

172 1183 280 1240 jugo
306 1197 384 1225 nos
409 1182 594 1240 pressit3
620 1187 668 1225 tu
694 1183 861 1226 leviora
882 1183 1052 1239 impera
1074 1187 1198 1239 patre
1220 1187 1316 1235 tuo,
1344 1183 1419 1238 qui
1445 1183 1571 1226 nobis
1593 1182 1803 1239 imposuit
1824 1196 2006 1238 gravem

173 1242 458 1297 servitutem3
485 1246 530 1285 et
553 1241 784 1299 paululum
810 1242 864 1285 de
891 1256 1021 1285 onere
1047 1242 1253 1297 subleva,
1281 1247 1330 1285 ut
1362 1242 1604 1286 serviamus
1635 1241 1732 1285 tibi.
1759 1242 1776 1268 5
1798 1241 1964 1293 01113111
1996 1258 2004 1285 :

174 1301 281 1345 Post
301 1307 389 1344 tres
415 1301 508 1345 dies
532 1301 806 1345 revertimini
828 1301 885 1344 ad
914 1316 997 1344 me.

233 1362 430 1416 Cumque
455 1360 638 1404 abiisset
663 1360 871 1417 populus,
898 1362 916 1388 6
941 1361 1041 1404 111111
1075 1361 1309 1404 consilium
1344 1375 1444 1404 cum
1477 1361 1654 1405 senibus
1684 1363 1758 1418 qui
1791 1367 2008 1407 steterant

174 1434 321 1464 coram
347 1424 471 1476 patre
494 1420 592 1476 ejus
619 1419 852 1464 Salomone
884 1420 990 1463 dum
1015 1420 1159 1462 adhuc
1185 1420 1378 1476 viveret,
1405 1420 1556 1464 dicens
1587 1437 1596 1463 :
1624 1421 1736 1472 Quid
1763 1422 1879 1465 datis
1905 1435 2007 1465 con-

173 1479 260 1522 silii
288 1484 335 1521 ut
359 1478 651 1535 respondeam
672 1478 871 1534 populo?
901 1478 916 1505 ⁷
944 1478 1026 1530 Qui
1048 1479 1256 1521 dixerunt
1281 1479 1321 1521 ei
1352 1495 1360 1522 :
1390 1479 1434 1523 Si
1458 1479 1677 1536 placueris
1701 1481 1863 1537 populo
1888 1480 2005 1535 huic,

173 1544 217 1582 et
242 1537 448 1582 leniveris
471 1551 544 1581 eos
568 1537 715 1580 verbis
737 1537 1055 1593 clementibus,
1079 1537 1273 1580 servient
1305 1537 1389 1580 tibi
1422 1538 1542 1581 omni
1571 1543 1783 1595 tempore.
1810 1540 1827 1566 8
1850 1542 1911 1582 Α1
1932 1539 2007 1582 1116

172 1597 350 1653 reliquit
382 1596 616 1640 consilium
649 1611 824 1652 senum,
860 1602 904 1640 et
938 1612 1039 1641 cum
1071 1596 1311 1652 juvenibus
1343 1602 1534 1639 tractare
1565 1598 1702 1654 coepit
1738 1599 1812 1654 qui
1835 1613 1935 1641 611111
1957 1612 2007 1641 60

173 1656 327 1699 nutriti
348 1656 549 1712 fuerant,
577 1661 622 1699 et
644 1661 769 1700 erant
789 1656 836 1699 in
863 1656 1078 1700 comitatu
1103 1655 1237 1699 illius.
1258 1655 1275 1681 9
1298 1656 1509 1712 Dixitque
1535 1657 1592 1700 ad
1615 1671 1689 1700 eos
1714 1669 1724 1697 :
1747 1657 1860 1709 Quid
1882 1657 2008 1701 vobis

171 1715 375 1759 videtur?
401 1715 474 1759 vel
497 1715 761 1772 respondere
788 1715 892 1772 quid
916 1715 1056 1759 debeo
1078 1715 1240 1772 populo
1266 1715 1390 1771 huic,
1417 1715 1492 1771 qui
1509 1715 1625 1759 dixit
1644 1716 1755 1759 mihi
1783 1735 1793 1763 :
1813 1716 2009 1760 Subleva

171 1775 330 1831 jugum
352 1775 468 1831 quod
490 1774 700 1832 imposuit
717 1775 845 1819 nobis
867 1780 994 1832 pater
1014 1775 1146 1818 tuus?
1170 1774 1206 1802 10
1224 1776 1286 1818 At
1307 1773 1375 1816 illi
1396 1775 1717 1831 responderunt
1738 1780 1786 1819 ut
1806 1775 2006 1832 juvenes,

172 1839 217 1877 et
240 1833 396 1876 nutriti
435 1848 536 1877 cum
572 1848 623 1877 eo
656 1833 702 1876 in
732 1834 923 1892 deliciis,
959 1839 1092 1890 atque
1126 1835 1333 1878 dixerunt
1361 1850 1369 1878 :
1410 1833 1482 1877 Sic
1516 1834 1706 1890 loqueris
1738 1834 1902 1892 populo
1934 1834 2008 1890 qui

173 1893 286 1936 dixit
307 1893 390 1936 tibi
420 1911 428 1937 :
452 1895 586 1937 Pater
614 1898 715 1937 tuus
740 1894 1009 1950 aggravavit
1035 1894 1195 1950 jugum
1216 1899 1436 1949 nostrum,
1459 1899 1507 1937 tu
1530 1894 1740 1950 subleva;
1770 1900 1816 1938 et
1848 1894 1910 1937 sic
1942 1908 2007 1936 16-

172 1952 410 2009 spondebis
435 1953 476 1996 ei
496 1969 504 1996 :
530 1953 743 1996 Minimus
766 1953 931 2010 digitus
957 1968 1081 1997 meus
1104 1952 1296 2009 grossior
1320 1958 1387 1996 est
1408 1953 1571 1996 lumbis
1593 1954 1732 2010 patris
1754 1953 1854 1997 mei.
1872 1953 1904 1979 11
1926 1954 2008 1995 Pa-

171 2016 239 2054 ter
263 2026 386 2054 meus
409 2012 619 2069 imposuit
654 2012 781 2055 vobis
810 2028 945 2069 grave
978 2013 1161 2069 jugum3
1198 2017 1242 2055 et
1274 2027 1357 2069 ego
1391 2013 1538 2069 majus
1566 2013 1738 2070 pondus
1771 2026 2006 2069 apponam.

173 2071 305 2114 Pater
330 2085 453 2114 meus
476 2071 637 2115 cecidit
659 2085 738 2114 vos
762 2071 982 2129 flagellis3
1007 2087 1090 2128 ego
1111 2086 1214 2116 vero
1241 2073 1414 2115 caedam
1436 2086 1514 2115 vos
1539 2072 1858 2129 scorpionibus.

233 2129 268 2156 1‘2
294 2130 430 2173 Venit
464 2145 567 2187 ergo
600 2130 841 2175 Jeroboam
873 2136 917 2175 et
948 2131 1179 2175 universus
1211 2131 1400 2188 populus
1433 2131 1490 2174 ad
1525 2131 1724 2174 Roboam
1755 2131 1825 2174 die
1854 2131 2005 2187 tertio,

172 2189 285 2232 sicut
310 2195 584 2246 praeceperat
609 2190 686 2234 eis.
713 2190 749 2218 13
777 2190 1107 2247 Responditque
1132 2205 1211 2234 rex
1246 2191 1375 2247 dura,
1412 2190 1622 2234 derelicto
1657 2190 1841 2234 consilio
1867 2190 2008 2233 senio—

172 2248 354 2303 111111;14
387 2249 645 2305 locutusque
682 2254 749 2293 est
783 2251 914 2306 juxta
950 2249 1167 2306 juvenum
1205 2250 1519 2295 voluntatem:
1555 2251 1688 2293 Pater
1716 2263 1840 2293 meus
1873 2263 2009 2305 grave

172 2307 299 2350 vobis
322 2307 533 2364 imposuit
554 2308 738 2365 jugum3
763 2308 878 2365 quod
902 2323 984 2365 ego
1010 2309 1189 2365 gravius
1215 2309 1397 2352 faciam.
1429 2310 1561 2352 Pater
1585 2323 1708 2352 meus
1740 2308 1902 2352 cecidit
1933 2322 2009 2350 vos

171 2365 388 2423 flagellis3
424 2382 506 2423 ego
534 2382 639 2411 vero
672 2368 845 2411 caedam
877 2382 955 2411 vos
988 2368 1304 2425 scorpionibus.
1341 2367 1376 2395 15
1398 2370 1457 2412 Ε1
1486 2383 1573 2411 11011
1606 2367 1831 2424 acquievit
1856 2366 2007 2424 populi

171 2426 375 2482 precibus
394 2445 402 2482 3
426 2432 520 2470 erat
546 2427 664 2471 enim
682 2427 925 2470 voluntatis
948 2426 1033 2470 Dei
1054 2432 1102 2470 ut
1125 2427 1420 2483 compleretur
1437 2442 1579 2471 sermo
1601 2427 1712 2483 ejus,
1737 2441 1867 2484 quem
1888 2426 2007 2469 locu-

171 2491 242 2528 tus
266 2485 415 2529 fuerat
439 2500 518 2542 per
537 2501 721 2529 manum
746 2486 875 2529 Ahiae
902 2486 1099 2530 Silonitis
1122 2487 1179 2529 ad
1205 2486 1465 2543 Jeroboam,
1488 2486 1628 2529 filium
1651 2486 1814 2530 Nabat.

232 2544 268 2571 16
290 2545 484 2601 Populus
514 2551 664 2589 autem
697 2545 947 2601 universus,
980 2560 1084 2601 rege
1119 2545 1294 2588 duriora
1324 2545 1520 2600 dicente,
1559 2545 1621 2587 sic
1654 2545 1827 2588 locutus
1859 2549 1926 2588 est
1950 2544 2008 2587 ad

172 2618 273 2647 eum
306 2621 314 2648 :
342 2604 444 2647 Non
469 2610 536 2648 est
557 2604 685 2648 nobis
710 2619 811 2661 pars
833 2604 879 2647 in
907 2604 1074 2661 David,
1101 2618 1242 2660 neque
1264 2604 1488 2647 hereditas
1510 2604 1555 2646 in
1588 2604 1678 2647 filio
1713 2604 1817 2647 Isai.
1844 2604 2006 2647 Rever-

171 2668 264 2705 tere
289 2663 335 2706 in
360 2664 651 2707 tabernacula
672 2668 769 2720 tua,
797 2663 950 2708 Israel.
977 2663 1044 2706 Tu
1069 2668 1218 2706 autem
1235 2677 1367 2719 pasce
1393 2663 1572 2706 domum
1592 2667 1737 2717 tuam,
1761 2661 1921 2706 David.
1949 2663 2008 2705 Et

171 2721 283 2765 abiit
305 2723 445 2767 Israel
465 2723 512 2766 in
529 2724 819 2766 tabernacula
840 2738 930 2767 sua.
956 2722 989 2749 17
1011 2724 1148 2779 Super
1165 2721 1278 2765 filios
1300 2727 1450 2766 autem
1470 2721 1622 2777 Israel,
1642 2722 1716 2778 qui
1737 2721 2008 2765 habitabant

170 2780 218 2823 in
243 2781 503 2826 civitatibus
526 2784 555 2826 J
558 2783 667 2838 uda,
693 2782 900 2839 regnavit
932 2782 1144 2825 Roboam.
1169 2781 1204 2808 18
1226 2781 1436 2837 Misitque
1457 2796 1536 2825 rex
1561 2781 1762 2824 Roboam
1783 2780 2005 2836 Aduram,

172 2840 246 2895 qui
282 2847 473 2898 praeerat
505 2841 711 2898 tributis3
752 2847 797 2886 et
829 2841 1140 2898 lapidaverunt
1174 2855 1275 2884 eum
1300 2839 1381 2883 filii
1426 2841 1586 2896 Israel,
1621 2844 1665 2884 et
1697 2845 1894 2883 mortuus
1926 2845 2006 2883 est.

173 2899 306 2943 Porro
328 2915 407 2943 rex
433 2901 635 2944 Roboam
661 2916 835 2945 currum
864 2900 1100 2944 festinavit
1128 2899 1388 2957 ascendere,
1423 2905 1468 2943 et
1499 2899 1621 2957 fugit
1653 2899 1699 2942 in
1735 2899 2007 2955 Jerusalem

175 2957 209 2984 ¹9
229 2960 497 3016 recessitque
520 2961 660 3004 Israel
681 2976 708 3004 a
733 2961 863 3004 domo
887 2959 1054 3016 David,
1076 2973 1212 3015 usque
1235 2959 1291 3003 ad
1317 2959 1436 3003 diem
1455 2959 1586 3004 hanc.

232 3019 338 3062 CAP.
365 3020 447 3065 XI.
473 3045 534 3053 —
554 3019 567 3045 1
595 3020 732 3064 Venit
754 3025 903 3063 autem
937 3019 1135 3062 Roboam
1169 3018 1216 3061 in
1241 3019 1510 3075 Jerusalem,
1538 3024 1582 3062 et
1614 3019 1877 3063 convocavit
1912 3018 2007 3061 uni-

172 3091 347 3120 versam
377 3078 557 3122 domum
590 3079 709 3123 <Iuda
740 3085 783 3123 et
818 3078 1082 3135 Benjamin,
1114 3082 1293 3121 centum
1331 3078 1560 3135 octoginta
1592 3078 1734 3122 millia
1767 3079 2007 3122 electorum

174 3141 304 3192 atque
326 3136 613 3195 bellantium,
635 3144 685 3182 ut
710 3138 941 3183 dimicaret
963 3143 1116 3180 contra
1138 3137 1297 3194 Israel,
1320 3142 1365 3181 et
1382 3142 1659 3182 converteret
1675 3138 1732 3181 ad
1750 3152 1795 3181 se
1820 3151 2007 3193 regnum

172 3209 313 3239 suum.
338 3194 354 3221 '2
376 3197 627 3254 Factusque
653 3203 720 3241 est
741 3211 883 3241 sermo
907 3196 1087 3240 Domini
1105 3196 1162 3239 ad
1181 3197 1420 3254 Semeiam,
1439 3197 1667 3240 hominem
1693 3197 1797 3253 Dei,
1826 3197 1975 3240 dicens
1995 3211 2003 3238 :

175 3252 193 3279 3
216 3255 413 3310 Loquere
433 3256 489 3299 ad
518 3257 738 3313 Roboam,
768 3257 907 3300 filium
935 3255 1201 3311 Salomonis,
1237 3271 1385 3312 regem
1421 3256 1560 3313 Juda,
1592 3261 1637 3299 et
1664 3256 1722 3299 ad
1751 3256 2005 3299 universum

175 3313 314 3356 Israel
337 3315 410 3370 qui
436 3320 501 3358 est
527 3315 573 3358 in
599 3316 719 3360 Juda
741 3322 786 3360 et
811 3315 1050 3371 Benjamin
1083 3332 1091 3359 ε
1117 3315 1134 3341 4
1157 3316 1271 3359 Haec
1297 3316 1406 3358 dicit
1440 3316 1657 3359 Dominus
1687 3332 1695 3359 :
1729 3316 1830 3358 Non
1852 3327 2003 3357 ascen-

176 3371 308 3428 detis,
333 3387 474 3430 neque
496 3375 757 3432 pugnabitis
783 3380 936 3418 contra
957 3374 1119 3418 fratres
1141 3379 1334 3430 vestros3
1362 3379 1609 3418 revertatur
1640 3373 1936 3430 unusquisque
1958 3371 2004 3414 in

175 3430 355 3475 domum
380 3448 525 3490 suam,
560 3434 663 3490 quia
695 3449 795 3478 mea
824 3435 907 3477 hoc
938 3439 1112 3489 gestum
1144 3438 1211 3477 est
1240 3434 1483 3478 voluntate.
1516 3433 1617 3489 Qui,
1645 3447 1745 3476 611111
1777 3432 2005 3475 audissent

175 3503 422 3535 sermonem
450 3493 649 3549 Domini,
671 3493 835 3537 reversi
857 3498 979 3548 sunt,
1003 3506 1084 3535 nec
1103 3497 1388 3548 perrexerunt
1414 3498 1566 3536 contra
1592 3493 1619 3535 J
1624 3492 1842 3535 eroboam.

176 3637 205 3670 1]
225 3636 280 3664 111
299 3637 381 3669 Reg.
400 3637 480 3671 XII,
498 3640 524 3665 1.
541 3652 578 3657 —
595 3638 643 3671 15]
663 3638 717 3665 111
737 3638 820 3670 Reg.
839 3637 907 3671 XI,
924 3639 968 3665 29.
988 3651 1025 3657 —
1043 3638 1072 3671 1]
1090 3639 1142 3666 111
1162 3639 1245 3672 Res-J.
1262 3641 1348 3672 XII,
1364 3643 1408 3668 21.

1741 3693 1796 3736 27

2119 912 2266 944 Populus

2115 956 2264 988 postulat,

2073 999 2194 1027 tributi
2226 1000 2311 1027 leva-

2113 1046 2272 1072 mentum.

2099 1379 2293 1408 Senioribus

2096 1423 2292 1458 juvenibus-

2161 1475 2224 1500 que

2102 1511 2269 1540 consultis
2279 1532 2286 1546 ,

2118 2152 2156 2179 R‹
2163 2152 2267 2178 ›boam

2073 2195 2156 2222 dura
2181 2202 2313 2227 respon—

2092 2240 2148 2266 det
2166 2239 2299 2271 popule.

2105 2559 2278 2588 Scinditur

2118 2611 2268 2637 regnum.

2127 3028 2257 3055 Bellum

2072 3074 2189 3100 contra
2228 3070 2313 3099 sehi-

2116 3115 2276 3144 smaticos

2142 3168 2160 3188 a
2179 3161 2246 3188 Deo

2087 3204 2296 3238 impeditum.
