2423 3861
594 131 667 173 Ps.
703 127 919 180 LXXVI,
953 127 1004 168 21
1042 150 1102 157 —
1134 120 1378 172 LXXVII,
1412 119 1480 162 20.
1866 113 1950 156 603

134 243 214 250 —-—-
221 244 233 247 ..
240 241 439 247 ,μὴ’-..-

306 301 338 327 '²¹
358 300 591 344 Deduxisti
617 300 732 342 sicut
757 311 859 341 oves
882 294 1091 352 populum
1114 299 1258 345 tuum,

424 360 470 402 in
496 374 629 402 manu
658 357 799 414 Moysi
823 362 866 400 et
892 357 1054 398 Aaron.

808 464 1020 505 Psimms
1056 458 1276 502 LXXVII

634 552 844 595 Historise
868 549 1127 591 monimenta
1156 545 1217 588 cccl
1242 544 1462 587 Hebrazos.

194 643 205 670 ¹
230 642 489 686 Intellectus
515 640 680 696 Asaph.

369 714 625 769 Attendite,
652 710 813 770 popule
838 723 982 762 meus,
1010 707 1154 762 legem
1180 718 1349 757 ineam,

428 773 640 817 inclinate
665 784 816 814 aurem
838 773 1030 811 vestram
1055 766 1100 807 in
1124 762 1258 806 verba
1283 761 1368 805 oris
1395 759 1494 803 mei.

330 834 346 859 '²
366 832 574 890 Aperiam
595 831 641 873 iu
667 827 891 886 parabolis
916 840 963 869 os
990 838 1162 877 meum;

427 892 580 947 loquar
600 887 920 947 propositiones
945 884 1001 927 ab
1023 882 1175 935 initio,

330 952 347 977 ³
364 956 529 1007 quanta
553 947 806 992 audivimus
832 949 874 988 et
897 942 1186 999 cognovimus
1208 953 1278 994 ea,

431 1015 474 1053 et
498 1014 645 1066 pat-res
670 1004 806 1050 nostri
828 1005 1118 1046 narraverunt
1143 998 1282 1042 nobis.

332 1069 347 1095 ⁴
366 1070 465 1112 Non
487 1074 591 1111 sunt
617 1064 838 1109 occultata
863 1077 889 1105 a
911 1061 1012 1104 filiis
1039 1073 1188 1103 eorum
1210 1057 1256 1100 in
1278 1055 1564 1112 generatione
1587 1052 1739 1095 altera.

432 1129 674 1170 Narrantes
698 1123 852 1166 laudes
876 1119 1056 1164 Domini
1079 1124 1122 1162 et
1146 1117 1333 1160 virtutes
1355 1115 1471 1171 ejus,

434 1192 478 1230 et
499 1183 720 1228 mirabilia
746 1182 842 1238 ejus
868 1194 966 1236 quae
991 1178 1115 1222 fecit.

334 1248 350 1273 5
371 1248 426 1289 Et
447 1243 680 1288 suscitavit
705 1239 1007 1285 testimonium
1034 1238 1080 1280 in
1103 1235 1265 1291 Jacob,

434 1310 477 1348 et
498 1304 644 1359 legem
669 1300 816 1359 posuit
840 1299 885 1341 in
908 1297 1067 1351 Israel,

436 1368 600 1420 quanta
622 1358 852 1403 mandavit
871 1357 1071 1414 patribus
1096 1354 1257 1398 nostris
1283 1356 1387 1395 nota
1412 1350 1562 1394 facere
1591 1363 1641 1393 ea
1666 1348 1768 1391 filiis
1793 1346 1910 1391 suis:

336 1424 352 1451 ὓ
371 1429 417 1467 ut
441 1424 678 1477 cognoscat
701 1416 927 1474 generatio
955 1415 1119 1469 altera3

435 1480 515 1523 filii
537 1478 611 1535 qui
637 1480 876 1520 nascentur
901 1479 944 1518 et
968 1477 1205 1528 exurgent,

437 1544 480 1583 et
503 1537 747 1580 narrabunt
770 1533 873 1576 filiis
899 1532 1009 1587 suis,

338 1599 353 1626 ⁷
371 1604 419 1642 ut
443 1600 611 1655 ponant
635 1595 682 1637 in
709 1595 801 1637 Deo
827 1606 951 1649 spem
977 1604 1122 1645 suam,

435 1661 480 1700 et
500 1669 588 1699 non
613 1653 935 1698 obliviscantur
959 1663 1141 1706 operum
1168 1649 1270 1702 Dei,

438 1721 481 1760 et
506 1713 719 1757 mandata
744 1712 842 1768 ejus
867 1709 1123 1766 exquirant3

338 1776 354 1802 3
372 1789 427 1819 ne
449 1775 578 1829 fiant,
606 1772 720 1816 sicut
743 1775 891 1828 patres
918 1782 1088 1823 eorum,

438 1832 664 1890 generatio
690 1844 827 1888 prava
852 1834 896 1873 et
921 1841 1209 1884 exasperans3

441 1891 667 1949 generatio
693 1904 791 1946 quae
814 1903 902 1932 non
928 1886 1090 1930 direxit
1113 1901 1186 1929 cor
1211 1900 1360 1940 suum,

440 1957 483 1996 et
507 1965 595 1994 non
620 1955 686 1994 est
711 1948 904 1992 creditus
927 1961 1028 1991 cum
1054 1947 1147 1989 Deo
1173 1944 1352 2001 spiritus
1377 1942 1486 1998 ejus.

343 2013 360 2039 9
376 2011 481 2056 Filii
506 2010 718 2067 Ephrem,
740 2007 1021 2051 intendentes
1046 2009 1089 2048 et
1115 2004 1342 2047 mittentes
1367 2015 1538 2057 arcum,

441 2069 638 2114 conversi
661 2073 763 2111 sunt
786 2066 833 2109 in
859 2065 930 2109 die
954 2064 1076 2108 belli.

327 2131 362 2158 ¹0
379 2131 480 2174 Non
507 2127 811 2172 custodierunt
835 2129 1153 2168 testamentum
1180 2122 1284 2177 Dei,

443 2194 487 2232 et
510 2189 557 2231 in
581 2187 680 2243 lege
701 2185 798 2242 ejus
826 2183 1060 2227 noluerunt
1084 2181 1326 2225 ambulare.

326 2250 358 2276 ¹¹
380 2250 437 2292 Et
462 2246 590 2292 obliti
611 2250 714 2289 sunt
734 2243 1073 2287 benefactorum
1095 2241 1211 2296 ejus,

444 2313 487 2351 et
512 2304 785 2349 mirabilium
811 2302 906 2358 ejus
932 2315 1030 2356 quae
1056 2300 1250 2344 ostendit
1275 2299 1350 2342 eis.

329 2368 364 2394 ¹⁷²
381 2368 540 2412 Coram
562 2363 761 2422 patribus
784 2375 933 2405 eorum
958 2359 1069 2403 fecit
1091 2358 1312 2401 mirabilia

445 2426 492 2468 in
517 2430 634 2468 terra
659 2420 869 2479 AEgypti,
895 2419 942 2462 in
969 2432 1124 2474 campo
1150 2418 1336 2460 Taneos.

331 2487 366 2513 ¹3
384 2483 627 2540 Interrupit
652 2496 794 2536 mare,
821 2485 864 2523 et
885 2477 1092 2536 perduxit
1113 2491 1211 2530 eos,

447 2549 491 2588 et
511 2541 668 2586 statuit
692 2554 830 2596 aquas
856 2537 980 2594 quasi
1004 2536 1052 2579 in
1073 2541 1182 2580 utre.

331 2605 366 2632 ¹¹¹
384 2606 443 2648 Et
468 2601 655 2646 deduxit
676 2615 748 2652 eos
772 2599 819 2641 in
846 2597 962 2640 nube
986 2595 1095 2651 diei,

449 2667 494 2706 et
517 2667 611 2705 tota
633 2664 762 2703 nocte
782 2658 829 2701 in
855 2654 1181 2699 illuminatione
1202 2652 1333 2709 ignis.

331 2723 368 2750 ¹5
385 2721 629 2778 Interrupit
650 2724 821 2776 petram
842 2716 889 2759 in
911 2728 1082 2769 eremo,

396 2816 408 2825 ,
451 2787 494 2824 et
511 2778 751 2835 adaquavit
778 2791 850 2820 eos
877 2774 997 2818 velut
1020 2772 1067 2815 in
1092 2771 1252 2828 abysso
1278 2768 1430 2811 multa.

334 2842 370 2868 ¹0
388 2842 445 2885 Et
470 2839 625 2884 eduxit
645 2851 806 2893 aquam
832 2835 886 2878 de
910 2839 1055 2890 petra,

452 2904 496 2944 et
521 2896 706 2942 deduxit
730 2901 944 2950 tanquam
969 2891 1152 2934 fiumina
1178 2902 1327 2945 aquas.

338 2960 373 2988 ¹⁷
390 2961 448 3003 Et
471 2961 771 3016 apposuerunt
792 2953 937 2997 adhuc
959 2964 1143 3008 peccare
1168 2949 1232 3000 ei;

455 3018 500 3061 in
523 3017 637 3060 iram
655 3014 962 3059 excitaverunt
988 3008 1227 3053 Excelsum
1251 3008 1298 3050 in
1318 3008 1543 3063 inaquoso.

339 3080 374 3106 ¹⁸
389 3080 447 3122 Et
471 3078 755 3121 tentaverunt
781 3074 924 3116 Deum
945 3070 991 3113 in
1017 3067 1221 3112 cordibus
1246 3066 1356 3122 suis,

456 3142 504 3180 ut
528 3137 730 3193 peterent
754 3146 876 3176 escas
902 3128 1136 3172 animabus
1162 3126 1266 3170 suis.

338 3194 375 3222 19
393 3197 452 3239 Et
476 3194 592 3238 male
617 3192 755 3237 locuti
780 3196 882 3234 sunt
906 3189 959 3232 de
982 3189 1101 3242 Deo;

459 3255 666 3298 dixerunt
691 3269 700 3296 :
730 3248 958 3305 Numquid
983 3245 1145 3304 poterit
1171 3246 1291 3288 Deus
1312 3258 1468 3301 parare
1493 3254 1693 3285 mensam
1712 3238 1760 3282 in
1782 3236 1954 3281 deserto
1969 3235 1991 3280 ‘?

341 3311 380 3340 ²⁰
394 3313 613 3367 Quoniam
637 3309 854 3369 percussit
878 3313 1071 3364 petram,
1100 3309 1143 3348 et
1163 3303 1387 3347 fluxerunt
1407 3315 1556 3358 aquae,

461 3378 506 3418 et
525 3375 742 3415 torrentes
762 3367 1102 3411 inundaverunt.

399 3430 628 3488 Numquid
650 3434 694 3474 et
715 3442 876 3486 panem
898 3424 1059 3483 poterit
1084 3423 1208 3479 dare,

461 3497 538 3534 aut
562 3503 716 3548 parare
738 3500 938 3531 mensam
962 3482 1124 3540 populo
1144 3480 1255 3525 suo?

172 3641 220 3674 21]
237 3641 299 3668 Ex.
320 3638 412 3673 xiv,
428 3639 473 3665 29.
491 3650 527 3655 —
545 3635 593 3669 13]
612 3635 673 3662 Ex.
690 3632 783 3667 XIV,
799 3633 843 3658 22.
861 3643 896 3648 -
915 3628 962 3662 15]
989 3628 1050 3655 Ex.
1074 3626 1174 3654 XVII
1189 3645 1198 3661 ‚
1214 3627 1240 3653 6.
1262 3625 1315 3652 ps.
1333 3624 1416 3659 (nv,
1433 3625 1478 3651 41.

2073 623 2217 653 Titulus.

2040 695 2197 725 Hortatio
2214 695 2255 723 ael

2045 740 2246 770 audiendum

2045 788 2080 814 et
2106 784 2250 813 animan-

2045 828 2253 858 vertendum.

2059 2000 2182 2028 Thema
2194 2007 2201 2027 ε
2214 1998 2274 2028 Dei

2075 2042 2251 2075 beneficia,

2098 2087 2234 2116 Israelis

2053 2131 2276 2166 ingratitudo.

2075 2366 2266 2395 Elucidatio

2050 2410 2212 2439 thematis
2233 2417 2290 2443 pcr

2082 2454 2259 2483 historiam

2050 2501 2291 2528 Hebraeorum:

2072 2547 2102 2571 1⁰
2122 2543 2156 2572 in
2174 2542 2270 2571 exitu

2055 2588 2246 2622 deAEgypto
2257 2591 2292 2615 er,

2084 2633 2117 2663 in
2133 2639 2244 2661 eremo
2257 2651 2265 2666 ,
