2423 3861
658 124 808 165 Flocm.
843 120 975 171 XVI,
1012 120 1064 160 14
1097 144 1155 149 -—
1186 116 1344 171 XVII,
1379 116 1418 158 5.
1867 112 1950 152 749

132 233 218 240 ..ρ-α
236 233 525 238 ——.——-
540 231 651 236 --—
672 229 756 234 -.—--
817 228 849 231 --
1150 224 1182 227 --
1262 224 1285 226 ff?
1314 224 1328 225 ἡ
1352 224 1355 225 ⁷
1469 222 1585 225 -v-..ddd
1632 220 1687 223 μ,
1722 220 1749 223 --
1785 219 1944 223 ῄᾳψ

422 293 484 335 sic
508 291 724 349 correptio
749 291 868 333 illins
894 288 1118 332 hominem
1145 284 1388 330 secundum
1412 297 1542 340 opera
1565 295 1643 325 sua
1667 279 1853 336 judicat.

307 351 338 377 ¹⁴
363 351 461 394 Non
484 351 671 406 effugiet
698 351 742 392 in
768 349 922 405 rapina
944 352 1162 403 peccator,

421 416 465 453 et
490 424 577 452 non
601 409 846 452 retardabit.
871 405 1130 449 sufferentia
1151 402 1501 447 misericordiam
1527 398 1750 443 facientis.

308 469 340 495 ¹5
363 469 517 513 Omnis
544 467 843 511 misericordia
864 466 1003 508 faciet
1031 465 1175 507 locum
1198 463 1454 517 unicuique,

422 527 667 570 seeundum
695 525 901 568 meritum
927 538 1106 580 operum
1131 537 1329 575 suorum,

423 592 466 629 et
488 586 731 629 secundum
757 584 1034 627 intellectum
1057 579 1425 638 peregrinationis
1448 579 1597 635 ipsius.

309 646 340 671 ¹⁰
363 646 463 688 Non
490 645 612 687 dicas
643 661 650 687 :
678 644 718 686 A
744 645 836 686 Deo
863 642 1137 694 abscondar;

421 709 466 747 et
487 718 541 746 ex
566 716 739 745 summo
762 701 858 757 quis
885 701 970 742 mei
996 697 1345 743 memorabitur?

304 763 337 790 ¹⁷
363 764 415 805 In
439 761 600 819 populo
626 774 787 816 magno
810 774 896 802 non
922 773 1139 814 agnoscar
1160 776 1168 811 3

423 836 521 877 quae
546 826 612 864 est
637 820 755 863 enim
781 818 933 861 anima
959 832 1057 861 mea
1082 817 1127 859 in
1155 823 1245 859 tam
1272 816 1489 858 immensa
1511 812 1745 857 creatura?

308 882 339 908 ¹⁸
364 883 478 924 Ecce
502 880 661 922 caelum
684 884 728 921 et
754 877 851 921 caeli
874 877 1103 931 caelorum,

424 940 630 995 abyssus,
654 943 698 981 et
724 937 927 980 universa
950 941 1085 991 terra,
1113 941 1156 979 et
1178 949 1274 990 quae
1300 935 1346 977 in
1372 934 1434 978 eis
1456 939 1577 988 sunt,

422 999 465 1041 in
494 1002 734 1054 conspectu
761 995 880 1038 illius
906 995 1316 1038 commovebuntur.

308 1059 342 1086 ¹⁰
362 1059 534 1101 Montes
557 1056 712 1112 simul,
739 1060 783 1098 et
809 1055 964 1109 colles,
993 1059 1036 1097 et
1060 1054 1355 1096 fundamenta
1382 1056 1528 1105 terrae,

423 1131 524 1160 cum
548 1114 826 1172 conspexerit
852 1114 931 1156 illa
954 1115 1093 1167 Deus,
1119 1117 1307 1155 tremore
1333 1109 1653 1154 concutientur.

305 1176 342 1204 ‘2⁰
365 1179 422 1220 Et
442 1177 487 1219 111
510 1175 714 1219 omnibus
736 1174 804 1217 his
826 1173 1102 1216 insensatum
1128 1177 1193 1215 est
1219 1185 1304 1225 cor,

422 1241 466 1279 et
491 1249 620 1278 omne
643 1248 716 1277 eor
738 1233 1003 1288 intelligitur
1028 1231 1084 1274 ab
1110 1230 1201 1274 illo.

306 1294 339 1321 2¹
368 1297 423 1339 Et
443 1294 542 1337 vias
563 1293 683 1336 illius
705 1292 802 1349 quis
825 1291 1057 1346 intelligit,

424 1359 467 1397 et
492 1352 733 1410 procellam
759 1365 889 1407 quam
916 1365 996 1393 nec
1024 1350 1176 1393 oculus
1199 1349 1371 1392 videbit
1392 1346 1618 1391 hominis?

307 1413 343 1440 2'2
366 1415 482 1457 Nam
508 1412 698 1469 plurima
723 1411 844 1453 illius
867 1424 998 1466 opera
1021 1415 1122 1452 sunt
1145 1409 1189 1450 in
1212 1407 1439 1450 absconsis
1459 1423 1468 1462 3

425 1472 500 1515 sed
523 1485 654 1527 opera
679 1469 867 1525 justitiae
891 1469 986 1523 ejus
1013 1468 1107 1523 quis
1135 1466 1407 1522 enuntiabit,
1431 1470 1508 1508 aut
1534 1464 1629 1521 quis
1652 1460 1922 1507 sustinebit?

366 1533 519 1585 Longe
542 1529 658 1572 enim
687 1533 753 1571 est
774 1531 1092 1570 testamentum
1119 1541 1144 1568 a
1170 1525 1454 1581 quibusdam,

424 1596 469 1633 et
489 1587 777 1643 interrogatio
800 1586 996 1628 omnium
1019 1585 1063 1627 111
1088 1583 1468 1627 consummatione
1495 1587 1573 1626 est.

308 1648 345 1675 23
365 1649 448 1700 Qui
474 1648 720 1690 minoratur
742 1645 872 1689 corde
896 1645 1064 1700 cogitat
1086 1643 1257 1699 inania,

425 1714 469 1750 et
493 1707 561 1749 vir
581 1705 839 1762 imprudens
862 1709 905 1748 et
927 1718 1075 1747 errans
1102 1703 1269 1759 cogitat
1291 1703 1439 1747 stulta.

307 1767 343 1794 24
364 1767 484 1810 Audi
511 1781 602 1822 me,
628 1765 711 1820 fili,
736 1770 779 1808 et
802 1764 922 1807 disce
949 1763 1234 1819 disciplinam
1259 1776 1431 1816 sensus,

427 1832 471 1869 et
492 1825 537 1868 in
558 1825 704 1868 verbis
729 1824 839 1867 meis
861 1823 1043 1866 attende
1068 1823 1115 1864 111
1139 1822 1268 1865 corde
1294 1826 1396 1874 tuo;

310 1885 346 1912 ²5
367 1892 411 1930 et
436 1886 583 1928 dicam
607 1884 654 1926 in
678 1884 887 1940 aequitate
914 1882 1217 1939 disciplinam,

427 1950 470 1988 et
491 1944 720 1988 scrutabor
741 1957 942 1986 enarrare
968 1941 1235 1998 sapientiam
1254 1958 1263 1995 3

368 2010 410 2048 et
432 2005 478 2046 111
500 2003 648 2046 verbis
674 2003 782 2045 meis
808 2001 990 2044 attende
1015 2000 1060 2043 in
1084 2000 1213 2043 corde
1236 2006 1331 2054 tuo,

427 2070 471 2106 et-
493 2063 590 2106 dico
615 2063 661 2104 in
690 2061 898 2117 aequitate
914 2061 1099 2116 spiritus
1125 2059 1311 2102 virtutes

429 2137 536 2179 quas
562 2121 709 2178 posuit
735 2122 855 2163 Deus
878 2120 926 2162 in
952 2134 1084 2176 opera
1106 2134 1184 2162 sua
1209 2119 1266 2161 ab
1291 2117 1439 2171 initio,

430 2188 474 2226 et
498 2182 544 2224 in
571 2181 758 2224 veritate
780 2179 961 2222 enuntio
985 2178 1219 2222 scientiam
1245 2177 1355 2232 ejus.

312 2241 349 2268 ²6
370 2243 423 2285 In
445 2240 616 2298 judicio
643 2239 726 2282 Dei
749 2253 881 2295 opera
904 2239 999 2294 ejus
1022 2238 1076 2280 ab
1098 2237 1227 2280 initio
1247 2254 1255 2290 3

431 2308 472 2344 et
499 2300 554 2343 ab
576 2298 856 2342 institutione
878 2297 1075 2353 ipsorum
1101 2296 1307 2339 distinxit
1330 2300 1476 2352 partes
1499 2294 1694 2349 illorum,

431 2365 475 2403 et
494 2359 624 2402 initia
650 2372 798 2401 eorum
823 2357 870 2399 in
897 2356 1105 2412 gentibus
1131 2355 1234 2398 suis.

311 2420 346 2446 2⁷
370 2419 558 2464 Ornavit
578 2418 625 2460 in
648 2423 863 2460 {eternum
890 2430 1020 2472 opera
1042 2414 1244 2467 illorum;

432 2493 512 2522 nec
535 2477 800 2530 esurierunt,
824 2489 905 2518 nec
932 2475 1265 2526 laboraverunt,

433 2543 476 2582 et
497 2552 585 2580 non
608 2536 872 2579 destiterunt
898 2535 954 2576 ab
981 2533 1185 2589 operibus
1208 2532 1310 2576 suis,

314 2599 351 2626 28
373 2597 686 2653 Unusquisque
712 2595 962 2651 proximum
980 2593 1064 2635 sibi
1083 2607 1171 2635 non
1193 2590 1470 2646 angustiabit
1496 2605 1632 2645 usque
1655 2589 1700 2631 in
1724 2593 1963 2643 aeternum3

374 2658 410 2684 ²20
432 2672 520 2700 non
546 2656 604 2698 sis
631 2653 904 2697 incredibilis
927 2652 1061 2695 verbo
1083 2651 1216 2694 illius.

314 2718 351 2745 3⁰
373 2718 479 2761 Post
503 2716 600 2759 haec
625 2716 743 2757 Deus
768 2713 815 2755 in
837 2718 999 2755 terram
1023 2710 1237 2767 respexit,

434 2782 478 2819 et
501 2774 706 2831 implevit
728 2772 853 2815 illam
879 2771 1006 2815 bonis
1031 2770 1134 2813 suis.

316 2836 349 2863 3¹
375 2836 539 2879 Anima
563 2833 704 2877 omnis
726 2831 876 2874 vitalis
903 2829 1184 2873 denuntiavit
1208 2834 1311 2871 ante
1337 2829 1504 2872 faciem
1526 2827 1682 2884 ipsius,

434 2900 477 2938 et
499 2895 545 2936 in
570 2894 714 2949 ipsam
734 2892 896 2934 iterum
921 2888 1110 2932 reversio
1134 2888 1322 2930 illorum.

199 2955 306 3001 CAP.
329 2955 483 2999 XVII.
509 2980 569 2984 —
596 2952 606 2978 ¹
628 2953 746 2994 Deus
774 2949 940 2993 creavit
962 2948 1014 2991 de
1037 2953 1153 2990 terra
1173 2947 1418 3001 hominem,

436 3019 480 3057 et
505 3011 747 3056 secundum
773 3008 1014 3064 imaginem
1038 3021 1162 3049 suam
1188 3006 1300 3049 feeit
1321 3005 1460 3048 illum.

336 3072 353 3100 2
375 3074 433 3117 Et
456 3073 617 3116 iterum
641 3069 859 3113 convertit
884 3067 1011 3109 illum
1033 3066 1079 3108 in
1104 3066 1267 3122 ipsam,

435 3138 479 3176 et
504 3130 748 3174 secundum
773 3143 818 3171 se
841 3126 1022 3170 vestivit
1046 3125 1173 3168 illum
1197 3125 1372 3168 virtute.

337 3192 355 3219 3
376 3194 621 3236 Numerum
644 3189 815 3232 dierum
841 3192 885 3230 et
907 3191 1081 3241 tempus
1104 3184 1226 3227 dedit
1246 3184 1336 3238 illi,

436 3257 480 3294 et
506 3249 630 3293 dedit
653 3248 720 3290 illi
742 3250 1009 3304 potestatem
1035 3258 1185 3287 eorum
1210 3258 1308 3300 quae
1331 3249 1434 3287 sunt
1454 3259 1584 3301 super
1606 3248 1781 3287 terram.

337 3310 355 3337 4
376 3310 530 3354 Posuit
555 3309 758 3351 timorem
779 3305 899 3348 illius
921 3317 1050 3360 super
1075 3317 1252 3346 omnem
1278 3317 1475 3359 carnem,

438 3374 481 3413 et
506 3368 759 3412 dominatus
787 3370 851 3408 est
876 3363 1117 3406 bestiarum
1141 3368 1184 3405 et
1205 3362 1472 3406 volatilium.

338 3429 356 3456 5
375 3428 555 3473 creavit
578 3441 631 3470 ex
653 3426 749 3482 ipso
770 3421 1045 3479 adjutorium
1071 3421 1215 3465 simile
1240 3420 1326 3464 sibi
1346 3439 1354 3477 ;

142 3635 190 3669 15]
210 3633 409 3668 R0m.11‚6.
423 3647 459 3652 —-
475 3634 502 3666 1]
521 3633 598 3661 Gen.
620 3632 644 3665 Ι,
662 3633 695 3658 2,·
713 3633 745 3656 ct
766 3629 803 3662 Υ,
824 3630 846 3655 l.
862 3641 896 3645 -—
913 3627 942 3660 5]
961 3626 1038 3654 Gen.
1060 3627 1103 3661 11,
1125 3629 1166 3655 15.

2115 633 2172 662 Dei

2040 677 2205 711 guberniu
2214 685 2241 704 ni

2051 720 2083 749 in
2103 721 2236 749 mundo.

2057 1764 2189 1791 creatio
2207 1766 2241 1789 ct

2061 1805 2241 1839 dispositis>

2070 1849 2230 1879 universi.

2089 3010 2222 3038 creatio

2074 3052 2235 3087 hominis,

2062 3101 2097 3128 et
2113 3098 2200 3126 dona
2216 3095 2247 3125 ei

2091 3142 2223 3171 collata.
