2456 3861
594 157 720 200 Nom.
756 157 943 211 xxxv,
978 158 1033 216 23
1066 183 1124 188 —
1155 158 1377 212 xxxvl,
1413 159 1480 201 13.
1866 162 1947 204 159

128 328 250 382 odio,
277 325 313 353 ²3
332 332 376 370 et
396 325 665 381 inimicitiis,
690 326 931 382 quidquam
953 326 1108 368 horum
1131 325 1367 382 1666111,Ἡ
1389 332 1432 370 61
1453 327 1535 369 1106
1559 327 1767 370 audiente
1789 328 1950 384 populo

127 386 264 430 fuerit
293 385 648 442 comprobatum
677 391 809 440 atque
838 384 1289 442 i11te1·percuss01em
1319 391 1362 429 et
1398 385 1690 442 propinquum
1721 386 1949 441 sanguinis

126 443 314 500 quaestio
342 443 578 499 ventilata,
625 443 960 486 “liberabitur
949 457 1160 487 1nnocens
1191 443 1245 487 de
1274 444 1426 487 ultoris
1457 459 1610 500 manu,
1645 450 1687 488 et
1719 445 1951 487 reducetur

126 518 202 560 per
233 503 499 546 sententiam
531 478 578 544 in'
612 502 784 556 urbem,
817 502 875 544 ad
909 517 1040 557 quam
1073 502 1355 558 confugerat,
1387 503 1669 558 manebitque
1697 503 1781 558 ibi,
1812 503 1948 546 donec

124 561 328 604 sacerdos
359 576 566 617 magnus,
601 561 674 616 qui
707 561 802 603 oleo
831 566 984 603 sancto
1014 566 1170 602 unctus
1201 568 1285 616 est,
1310 562 1532 605 moriatur.
1563 561 1599 588 ‘²⁰
1618 561 1663 605 Si
1693 562 1948 605 interfector

123 626 249 663 extra
287 620 393 664 fines
424 619 619 674 urbium,
650 633 748 674 quae
778 618 981 662 exulibus
1011 618 1234 675 deputatae
1265 626 1386 676 sunt,
1417 621 1451 646 ⁶²⁷
1474 621 1611 663 fuerit
1642 621 1869 676 inventus,
1907 626 1949 663 et

125 693 355 736 percussus
383 679 440 721 ab
469 692 518 722 eo
549 678 621 733 qui
651 677 766 720 ultor
795 682 860 720 est
891 677 1142 733 sanguinis,
1172 677 1338 733 absque
1368 693 1481 722 noxa
1510 680 1591 722 erit
1617 679 1689 735 qui
1716 693 1814 722 eum
1838 678 1950 722 occi-

123 738 262 793 derit3
286 736 323 764 ”²⁸
345 737 557 781 debuerat
577 736 697 779 enim
718 737 934 792 profugus
956 750 1092 791 usque
1112 736 1170 779 ad
1192 743 1378 780 mortem
1400 738 1619 794 pontificis
1640 739 1686 780 in
1709 738 1814 782 urbe
1846 738 1947 781 resi-

123 797 250 851 dere3
275 801 508 853 postquam
536 800 686 838 autem
714 794 789 838 ille
818 794 996 849 obierit,
1027 794 1250 838 homicida
1278 801 1519 839 revertetur
1546 796 1592 838 in
1622 802 1782 840 terram
1811 812 1946 840 suam.

124 855 161 880 ‘2⁹
184 856 296 898 Haec
325 853 593 910 sempiterna
622 859 770 909 erunt,
793 859 837 897 et
865 853 1067 909 legitima
1099 854 1144 896 in
1182 854 1353 897 cunctis
1390 854 1738 898 habitationibus
1779 856 1949 899 vestris.

122 916 161 940 30
189 913 428 957 Homicida
457 912 539 955 sub
572 911 759 956 testibus
789 913 1017 969 punietur;
1049 913 1106 956 ad
1139 913 1268 956 unius
1290 913 1593 957 testimonium
1616 914 1762 957 nullus
1792 915 1948 957 conde-

124 973 361 1016 mnabitur.
380 972 414 999 3¹
434 972 534 1014 Non
555 971 784 1028 accipietis
806 971 997 1028 pretium
1015 973 1071 1015 ab
1094 986 1144 1015 eo
1162 972 1234 1028 qui
1256 986 1354 1015 reus
1377 978 1442 1016 est
1463 972 1716 1028 sanguinis3
1738 973 1889 1016 statim
1908 979 1950 1016 et

121 1032 216 1089 ipse
237 1032 459 1075 morietur.
483 1030 520 1057 3'2
542 1030 706 1074 Exules
728 1036 771 1074 et
793 1031 972 1087 profugi
1005 1036 1108 1074 ante
1138 1036 1325 1074 mortem
1354 1031 1574 1088 pontificis
1603 1032 1725 1075 nullo
1754 1032 1884 1074 modo
1904 1032 1950 1074 in

124 1091 251 1135 urbes
284 1105 385 1134 suas
418 1089 578 1134 reverti
611 1094 837 1146 poterunt,
868 1089 905 1116 33
933 1104 988 1133 ne
1017 1090 1226 1147 polluatis
1255 1095 1417 1134 terram
1449 1090 1737 1133 habitationis
1773 1096 1949 1146 vestrae,

121 1165 220 1206 quae
238 1149 482 1193 insontium
511 1163 663 1192 cruore
692 1149 962 1203 maculatum
994 1164 1074 1193 nec
1103 1149 1232 1192 aliter
1260 1149 1428 1206 expiari
1451 1154 1614 1206 potest,
1637 1149 1722 1192 nisi
1755 1163 1830 1206 per
1855 1149 1951 1205 ejus

121 1209 408 1266 sanguinem,
446 1209 519 1264 qui
556 1208 737 1250 alterius
777 1208 1042 1264 sanguinem
1075 1208 1257 1251 fuderit.
1296 1208 1331 1235 34
1360 1209 1507 1264 Atque
1539 1208 1602 1251 ita
1639 1208 1952 1252 emundabitur

121 1275 267 1312 vestra
293 1268 529 1325 possessio,
557 1281 627 1310 me
649 1272 950 1310 commorante
972 1267 1227 1322 vobiscum,
1253 1281 1334 1324 ego
1364 1267 1482 1311 enim
1510 1281 1607 1310 sum
1638 1267 1854 1310 Dominus
1877 1267 1950 1323 qui

120 1327 275 1371 habito
296 1328 411 1371 inter
431 1327 544 1370 filios
566 1328 719 1371 Israel.

181 1388 288 1431 CAP.
311 1388 526 1430 XXXVI.
549 1414 608 1420 —-
629 1387 641 1413 '¹
663 1389 958 1431 Accesserunt
979 1393 1128 1431 autem
1150 1393 1193 1431 et
1216 1388 1434 1445 principes
1456 1387 1733 1431 familiarum
1755 1387 1949 1441 Galaad,

120 1447 201 1489 filii
227 1447 419 1502 Machir,
442 1446 522 1488 filii
544 1447 772 1502 Manasse,
795 1447 848 1489 de
870 1447 1005 1503 stirpe
1027 1447 1218 1489 filiorum
1236 1447 1263 1490 J
1268 1447 1422 1503 oseph,
1443 1446 1665 1503 locutique
1686 1451 1788 1489 sunt
1805 1446 1949 1502 Moysi

120 1520 270 1549 coram
295 1505 568 1562 principibus
591 1505 752 1560 Israel,
774 1511 907 1561 atque
929 1505 1136 1548 dixerunt
1165 1523 1173 1549 :
1196 1505 1213 1531 2
1233 1506 1335 1548 Tibi
1359 1505 1538 1548 domino
1559 1512 1706 1548 nostro
1738 1506 1950 1563 praecepit

121 1565 338 1623 Dominus
364 1570 414 1607 ut
439 1570 601 1607 terram
625 1569 741 1608 sorte
767 1564 985 1607 divideres
1011 1564 1113 1606 filiis
1147 1564 1306 1620 Israel,
1341 1571 1384 1607 et
1418 1570 1465 1606 ut
1497 1565 1672 1607 filiabus
1704 1565 1948 1621 Salphaad,

119 1624 272 1666 fratris
304 1624 462 1679 nostri,
490 1623 615 1667 dares
649 1623 971 1690 possessionem
1004 1623 1202 1666 debitam
1235 1623 1382 1691 patri,
1410 1624 1427 1650 3
1452 1638 1558 1679 quas
1592 1624 1628 1666 si
1661 1624 1841 1668 alterius
1875 1624 1948 1666 tri-

118 1683 201 1726 bus
234 1683 435 1726 homines
468 1697 625 1726 uxores
658 1682 929 1739 acceperint,
961 1688 1167 1738 sequetur
1198 1683 1414 1739 possessio
1446 1697 1544 1739 sua,
1577 1690 1619 1726 et
1648 1683 1862 1726 translata
1894 1683 1950 1725 ad

116 1741 256 1784 aliam
289 1741 474 1797 tribum,
509 1742 563 1785 de
596 1747 745 1786 nostra
778 1718 1024 1785 hereditate
1058 1741 1344 1785 1111111161111.4
1370 1742 1516 1798 Atque
1548 1742 1611 1784 ita
1644 1743 1737 1797 fiet,
1773 1747 1820 1784 ut
1850 1756 1951 1784 cum

117 1800 334 1857 jubileus,
368 1801 415 1844 id
449 1807 535 1857 est,
570 1801 965 1858 quinquagesimus
998 1816 1140 1844 annus
1174 1800 1443 1844 remissionis
1477 1801 1565 1844 adx
1569 1802 1726 1857 enerit,
1763 1801 1950 1843 confun-

119 1859 250 1903 datur
280 1861 466 1904 sortium
499 1837 774 1915 distributio,
809 1865 852 1904 et
883 1860 1074 1903 aliorum
1107 1860 1321 1917 possessio
1354 1861 1411 1903 ad
1443 1860 1553 1904 alios
1587 1866 1793 1904 transeat.

178 1920 195 1947 5
222 1920 466 1977 Respondit
498 1920 672 1976 Moyses
707 1896 810 1963 fili'is
844 1920 1003 1975 Israel,
1039 1925 1081 1962 et
1115 1920 1305 1963 Domino
1339 1919 1644 1976 praecipiente,
1678 1920 1740 1963 ait
1773 1937 1781 1964 :
1816 1920 1952 1963 Recte

117 1979 259 2022 tribus
288 1979 480 2022 filiorum
509 1980 679 2036 Joseph
707 1979 856 2023 locuta
885 1985 974 2034 est3
1009 1979 1025 2005 ⁶
1055 1984 1098 2022 et
1128 1979 1225 2022 haec
1255 1979 1327 2022 lex
1360 1993 1490 2035 super
1514 1980 1689 2022 filiabus
1727 1979 1950 2035 Salphaad

116 2053 145 2081 a
179 2039 369 2082 Domino
403 2039 686 2095 promulgata
720 2045 798 2082 est.
834 2039 1019 2081 Nubant
1052 2038 1211 2094 quibus
1244 2038 1419 2095 volunt,
1462 2044 1638 2081 tantum
1670 2045 1718 2082 ut
1750 2054 1841 2082 suae
1875 2039 1950 2081 tri-

118 2097 200 2140 bus
233 2098 508 2154 hominibus,
543 2098 558 2124 7
585 2113 640 2141 ne
674 2098 1014 2142 commisceatur
1046 2098 1261 2155 possessio
1295 2098 1487 2141 filiorum
1520 2099 1658 2142 Israel
1684 2099 1737 2142 de
1762 2098 1880 2141 tribu
1904 2099 1950 2140 in

118 2157 298 2200 tribum.
334 2158 497 2201 Omnes
539 2157 658 2200 enim
697 2157 781 2200 viri
823 2157 987 2200 ducent
1020 2171 1176 2200 uxores
1219 2157 1273 2199 de
1306 2157 1424 2200 tribu
1465 2163 1508 2201 et
1549 2158 1812 2214 cognatione
1845 2172 1939 2207 sua,v

118 2215 137 2242 8
160 2222 204 2259 61
237 2222 411 2260 cunctae
444 2216 630 2260 feminae
663 2217 717 2260 de
746 2217 902 2260 eadem
926 2217 1044 2259 tribu
1070 2216 1251 2259 maritos
1276 2217 1517 2273 accipient,
1544 2223 1593 2259 ut
1617 2217 1836 2260 hereditas
1856 2232 1946 2274 per-

118 2282 298 2319 maneat
328 2276 376 2318 in
408 2275 618 2331 familiis,
654 2275 672 2302 9
696 2290 777 2319 nec
809 2276 893 2319 sibi
919 2276 1189 2319 misceantur
1221 2277 1382 2333 tribus,
1402 2277 1478 2320 sed
1510 2276 1574 2319 ita
1600 2282 1809 2320 maneant.
1844 2276 1880 2302 1⁰
1904 2283 1947 2320 ut

116 2349 143 2377 a
178 2335 369 2378 Domino
403 2340 620 2392 separatae
649 2341 766 2378 sunt.
793 2335 1014 2378 Fecerunt
1037 2335 1143 2377 filiae
1167 2335 1393 2392 Salphaad
1418 2342 1467 2379 ut
1491 2337 1639 2379 fuerat
1662 2336 1949 2392 imperatum,

120 2394 152 2420 ¹¹
180 2400 223 2437 et
255 2400 520 2451 nupserunt,
554 2394 724 2450 Maala,
760 2400 803 2438 et
835 2394 1021 2451 Thersa,
1057 2399 1100 2438 et
1134 2395 1303 2451 Hegla,
1338 2401 1380 2438 et
1405 2395 1601 2452 Melcha,
1637 2400 1678 2438 et-
1705 2396 1821 2451 Noa,
1849 2395 1951 2438 filiis

118 2453 263 2510 patrui
297 2454 386 2509 sui,
414 2453 450 2480 1'2
483 2454 537 2498 de
569 2454 747 2496 familia
780 2454 1005 2509 Manasse,
1041 2453 1115 2509 qui
1148 2454 1239 2497 fuit
1264 2454 1379 2497 filius
1413 2455 1603 2510 Joseph,
1647 2460 1689 2497 et
1715 2455 1943 2512 possessio,

116 2527 217 2568 quae
250 2513 340 2556 illis
374 2514 523 2557 fuerat
555 2513 792 2569 attributa,
828 2512 992 2555 mansit
1024 2513 1071 2555 in
1104 2513 1221 2556 tribu
1256 2519 1299 2556 et
1330 2513 1507 2556 familia
1540 2514 1676 2570 patris
1717 2529 1881 2557 earum.

179 2572 215 2598 ‘¹3
241 2573 355 2616 Haec
381 2578 484 2615 sunt
510 2572 723 2615 mandata
756 2578 890 2628 atque
914 2571 1104 2628 judicia,
1133 2587 1230 2628 quae
1258 2572 1489 2615 mandavit
1517 2573 1733 2616 Dominus
1759 2587 1834 2630 per
1860 2588 1951 2616 ma-

116 2646 225 2674 num
258 2631 402 2688 Moysi
435 2632 493 2674 ad
526 2631 639 2674 filios
680 2631 840 2687 Israel,
882 2631 929 2674 in
970 2631 1291 2688 campestribus
1324 2631 1478 2687 Moab,
1517 2646 1648 2688 supra
1689 2632 1949 2689 Jordanem,

116 2696 271 2733 contra
304 2691 497 2734 Jericho.

119 2854 148 2888 1]
166 2854 244 2887 sup.
262 2854 409 2890 XXVII,
428 2858 453 2883 1.
471 2870 507 2874 —
524 2855 739 2890 6]Tob.V11‚
762 2858 805 2882 14.

2051 1401 2096 1428 De
2113 1400 2226 1428 matri-

2082 1443 2194 1472 monio

2015 1487 2174 1516 heredum
2210 1488 2256 1516 te-

2048 1531 2223 1561 minarum.

2086 1576 2189 1604 casus

2033 1619 2243 1656 proponitur,

2061 1928 2215 1957 solvitur.

2092 2580 2184 2608 Libri

2047 2623 2228 2653 conclusio.
