2423 3861
167 319 184 346 J
191 319 272 346 udas-

114 362 324 390 Machala-tuus

139 406 302 438 templum

134 449 301 482 purificat.

101 1683 324 1712 Introductio.

145 2394 282 2422 Idumaei

93 2437 332 2467 devincuntur.

122 3342 315 3372 'liin-'alicus

183 3387 249 3414 dux

142 3430 296 3462 syrorum

113 3473 319 3508 profligatur.

409 133 520 176 1088
1072 129 1119 168 Il
1154 129 1308 169 Mirr-11.
1343 128 1405 169 X.
1444 128 1571 169 1-26.

464 304 570 346 CAP.
597 303 652 345 X.
677 327 737 332 -
767 300 776 325 ¹
797 298 1084 340 Machabfcus
1105 302 1276 350 autem,
1304 305 1347 338 et
1373 296 1446 351 qui
1471 309 1572 338 cuin
1598 309 1648 338 eo
1675 302 1819 351 erant,
1849 296 2040 340 Domino
2069 311 2116 340 se
2136 310 2242 354 pro-

405 367 601 418 tegente,
634 359 851 414 templum
881 355 1060 411 quidem
1098 360 1140 398 et
1171 354 1402 398 civitatem
1427 355 1607 410 recepit.
1631 354 1649 379 ²¹
1666 355 1781 397 Aras
1805 358 1979 410 autem,
2002 369 2110 410 quas
2132 356 2237 400 alie-

404 421 578 476 nigenae
608 433 684 475 per
722 417 893 472 plateas
931 420 1266 465 exstruxerant,
1302 413 1496 469 itemque
1533 413 1718 456 delubra
1755 412 1995 456 demolitus
2031 419 2123 469 est3
2158 415 2239 458 3et-

403 484 591 536 purgato
620 475 807 531 templo,
833 474 955 516 aliud
980 473 1121 516 altare
1146 473 1377 527 fecerunt3
1406 479 1449 515 et
1480 472 1533 515 de
1563 472 1719 527 ignitis
1745 472 1970 529 lapidibus
2000 473 2106 528 igne
2137 488 2239 518 con-

404 544 530 594 cepto
564 534 779 578 sacrificia
813 533 1071 577 obtulerunt-
1103 538 1203 589 post,
1234 531 1486 588 biennium,
1518 538 1561 575 et
1590 532 1845 587 incensum,
1873 536 1918 575 et
1946 531 2173 588 lucernas,
2196 540 2239 577 et

402 610 538 654 panes
560 592 872 651 propositionis
906 597 1159 649 posuerunt.
1183 590 1201 618 4
1219 591 1387 640 Quibus
1412 591 1575 647 gestis,
1603 591 1825 647 rogabant
1851 591 2119 647 Dominum,
2142 606 2240 648 pro-

402 655 527 698 strati
553 654 599 695 in
626 658 811 707 terram,
838 666 893 695 ne
930 651 1124 708 amplius
1157 650 1324 693 talibus
1354 650 1483 694 malis
1516 650 1791 705 inciderent3
1827 650 1904 694 sed
1931 655 1975 694 et
1999 651 2036 693 si
2066 651 2241 707 quando

401 717 680 770 peccassent,
707 718 757 754 ut
781 712 838 754 ab
862 711 959 768 ipso
984 710 1137 752 mitius
1163 710 1500 766 corriperentur,
1533 715 1578 753 et
1606 724 1694 753 non
1725 709 1927 753 barbaris
1952 724 2005 754 ac
2034 709 2240 768 blasphe-

400 773 483 815 mis
505 772 759 815 hominibus
780 771 1072 814 traderentur.
1100 770 1119 796 5
1135 770 1231 820 Qua
1253 769 1326 813 die
1349 776 1500 813 autem
1526 769 1743 826 templum
1769 769 1827 812 ab
1852 769 2119 825 alienigenis
2148 769 2241 827 pol-

400 833 543 874 lutum
572 832 742 886 fuerat,
775 830 965 885 contigit
994 829 1151 872 eadem
1185 829 1257 872 die
1288 829 1645 886 purificat-ionem
1682 828 1798 884 fieri,
1833 829 2055 884 vigesima
2089 830 2240 885 quinta

399 891 583 947 mensis,
607 891 679 947 qui
705 890 797 933 fuit
818 890 980 932 casleu.

458 952 476 977 ⁰
500 952 558 993 Et
599 965 701 993 cum
741 949 903 992 laetitia
944 949 1101 992 diebus
1142 954 1241 992 oct-o
1284 954 1472 1005 egerunt
1513 949 1558 992 in
1598 948 1782 992 modum
1824 948 2247 1005 tabernaculorum,

399 1010 679 1053 recordantes
706 1009 843 1065 quod,
867 1015 971 1052 ante
1002 1008 1229 1051 modicum
1250 1007 1485 1065 temporis,
1515 1008 1632 1051 diem
1663 1007 1906 1051 solemnem
1932 1008 2242 1052 tabernaculo-

398 1084 496 1112 rum
531 1070 577 1111 in
612 1068 838 1111 montibus
874 1073 919 1111 et
955 1068 1000 1110 in
1038 1068 1281 1124 speluncis,
1321 1081 1442 1110 inore
1474 1067 1741 1123 bestiarum,
1778 1072 1975 1123 egerant.
2009 1066 2025 1093 ⁷
2057 1068 2244 1126 Propter

399 1129 512 1185 quod
539 1129 734 1184 thyrso&
762 1134 805 1171 et
826 1142 973 1170 ramos
995 1127 1181 1182 virides,
1209 1132 1252 1170 et
1277 1127 1452 1183 palmas
1474 1127 1780 1184 praeferebant
1804 1127 1842 1170 ei
1867 1127 1940 1183 qui
1962 1127 2242 1185 prosperavit

398 1188 603 1231 mundari
636 1188 782 1230 locum
812 1202 955 1230 suum.
981 1187 998 1214 8
1026 1187 1083 1229 Et
1111 1187 1422 1242 decreverunt,
1451 1186 1677 1229 communi
1705 1192 1930 1243 praecepto
1964 1192 2008 1229 et
2041 1186 2240 1242 decreto,

398 1248 616 1291 universae
638 1247 762 1303 genti
785 1247 1067 1301 Judaeorum,
1096 1246 1302 1289 omnibus
1328 1246 1458 1288 annis
1479 1259 1613 1301 agere
1637 1245 1732 1288 dies
1760 1245 1884 1289 istos.
1910 1245 1927 1272 9
1946 1247 2006 1289 Et
2026 1246 2241 1290 Antiochi

399 1307 597 1364 quidem,
627 1306 699 1362 qui
722 1306 974 1363 appellatus
1000 1311 1067 1348 est
1089 1305 1285 1362 Nobilis,
1309 1305 1416 1348 vitre
1442 1319 1647 1348 excessus
1673 1306 1738 1347 ita
1760 1319 1805 1348 se
1830 1305 2002 1348 habuit.

398 1438 560 1481 Sncrro
595 1437 684 1480 ΠΙ.
718 1462 777 1468 —-
818 1436 1052 1479 H1s⁷ron1A
1086 1436 1380 1490 JUDAEORUM,
1419 1447 1669 1478 REGNANTE
1704 1437 1953 1477 An‘riocno
1988 1434 2242 1477 EUPATORE

600 1559 625 1615 ξ
658 1558 696 1602 Ι.
720 1584 780 1590 -
811 1558 1012 1600 Victoriae
1037 1557 1398 1600 Machabaeorum
1422 1557 1475 1599 (Ze
1498 1556 1713 1599 Idumccis
1735 1562 1865 1612 atque
1891 1555 2032 1611 Syris.

460 1667 496 1693 ¹⁰
518 1667 647 1710 Nunc
673 1671 824 1709 autem
850 1666 903 1708 de
927 1667 1171 1721 Eupatore,
1200 1665 1412 1707 Antiochi
1443 1665 1569 1721 impii
1599 1665 1711 1718 filio,
1739 1679 1838 1721 quae
1861 1670 1988 1720 gesta
2013 1670 2118 1708 sunt
2143 1679 2246 1707 nar·-

398 1726 615 1781 rabimus,
642 1726 894 1769 breviantes
921 1725 1038 1767 mala
1065 1739 1162 1780 quae
1184 1724 1231 1766 in
1256 1724 1386 1767 'bellis
1411 1731 1538 1779 gesta
1563 1729 1679 1767 sunt.
1711 1723 1740 1749 ¹¹
1763 1724 1853 1767 Hic
1880 1724 2012 1778 enim,
2036 1729 2241 1781 suscepto

398 1796 556 1841 regno,
595 1785 825 1827 constituit
865 1798 996 1841 super
1031 1784 1211 1839 negotia
1248 1784 1374 1839 regni
1414 1783 1597 1840 Lysiam
1630 1783 1893 1839 quemdam,
1933 1783 2159 1826 Phoenicis
2199 1788 2245 1827 et

398 1844 539 1901 Syriae
565 1844 740 1886 militiae
765 1844 1025 1900 principem.
1058 1842 1093 1869 1⁹2
1116 1844 1233 1885 Nam
1260 1843 1552 1898 Ptolemaeus,
1580 1843 1653 1898 qui
1685 1842 1918 1886 dicebatur
1941 1843 2106 1898 Macer,
2133 1843 2243 1899 justi

400 1910 534 1947 tenax
560 1918 663 1959 erga
689 1903 873 1946 Judaeos
899 1917 993 1946 esse
1023 1902 1274 1957 constituit,
1303 1907 1346 1945 et
1371 1902 1597 1958 przecipue
1622 1908 1801 1958 propter
1825 1901 2112 1957 iniquitatem
2143 1916 2241 1958 quae

398 1964 523 2006 facta
549 1969 642 2006 erat.
666 1963 712 2004 in
739 1977 830 2018 eos,
860 1968 902 2005 et
927 1962 1112 2019 pacifice
1141 1975 1272 2017 agere
1299 1975 1399 2003 curn
1434 1961 1509 2004 eis.
1538 1960 1574 1987 ¹3
1602 1961 1686 2004 Sed
1713 1961 1769 2004 ob
1799 1961 1883 2004 hoc
1915 1966 2153 2004 accusatus
2184 1961 2241 2004 ab

398 2023 555 2065 amicis
599 2022 716 2078 apud
759 2024 1054 2078 Eupatorem,
1101 2036 1203 2064 cum
1247 2021 1523 2076 frequent-er
1553 2020 1752 2077 proditor
1795 2020 1989 2075 audiret,
2032 2035 2083 2064 eo
2125 2020 2241 2076 quod

399 2082 593 2139 Cyprum
620 2081 834 2124 creditam
861 2081 945 2124 sibi
968 2095 994 2123 a
1021 2081 1322 2123 Philometore
1347 2080 1626 2135 deseruisset,
1650 2085 1694 2123 et
1718 2079 1774 2122 ad
1802 2080 2077 2123 Antiochum
2103 2080 2240 2123 Nobi-

398 2142 485 2185 lem
517 2141 760 2184 translatus
794 2140 929 2184 etiam
959 2140 1016 2183 ab
1043 2154 1093 2183 eo
1126 2140 1401 2196 recessisset,
1428 2154 1601 2183 veneno
1631 2139 1772 2182 vitam
1801 2139 1961 2182 finivit.
1989 2139 2025 2166 ¹4
2050 2139 2241 2195 Gorgias

397 2207 570 2255 autem,
605 2215 705 2243 cum
732 2206 847 2243 esset
879 2200 971 2243 dux
1005 2200 1222 2254 locorum,
1256 2199 1497 2256 assumptis
1526 2199 1734 2254 advenis,
1764 2200 2024 2255 frequenter
2056 2199 2241 2242 Judaeos

399 2259 666 2304 debellabat.
691 2259 728 2286 1⁵
745 2260 895 2302 Judaei
926 2274 1050 2315 vero,
1078 2259 1151 2315 qui
1183 2259 1396 2302 tenebant
1425 2264 1697 2316 opportunas
1732 2258 2022 2314 munitiones,
2057 2258 2247 2314 fugatos

397 2320 454 2362 ab
479 2321 506 2363 J
513 2319 771 2376 erosolymis
792 2318 1116 2376 suscipiebant,
1144 2324 1187 2362 et
1211 2318 1380 2361 bellare
1402 2319 1652 2362 tentabant.

458 2379 495 2406 ¹⁸
512 2379 573 2422 Hi
596 2394 700 2422 vero
725 2377 798 2437 qui
825 2384 951 2422 erant
976 2393 1077 2421 cum
1102 2378 1387 2434 Machabaeo,
1415 2392 1492 2434 per
1517 2378 1739 2421 orationes
1765 2377 2010 2421 Dominum
2032 2384 2241 2434 rogantes

398 2445 448 2482 ut
480 2444 600 2482 'esset
636 2439 720 2482 sibi
760 2439 961 2494 adjutor,
999 2437 1218 2494 impetum
1258 2437 1465 2481 fecerunt
1503 2437 1551 2480 in
1592 2437 1864 2481 munitiones
1905 2437 2237 2492 Idumaeorum3

401 2498 433 2526 ¹7
453 2498 679 2554 multaque
705 2498 749 2541 vi
776 2498 1054 2552 insistentes,
1078 2498 1177 2541 loca
1202 2497 1509 2553 obtinuerunt,
1533 2502 1814 2541 occurrentes
1840 2497 2172 2552 interemerunt,
2195 2501 2240 2539 et

399 2572 550 2602 omnes
575 2558 709 2601 simul
730 2573 819 2601 non
844 2557 991 2600 minus
1012 2557 1174 2613 viginti
1197 2556 1396 2600 millibus
1419 2556 1770 2600 trucidaverunt.
1798 2556 1834 2583 ¹⁸
1852 2555 2043 2606 Quidam
2065 2561 2238 2599 autem.

400 2632 499 2661 cum
534 2618 842 2674 confugissent
873 2617 920 2659 in
954 2617 1065 2659 duas
1092 2622 1232 2660 turres
1261 2615 1394 2659 valde
1427 2616 1645 2672 munitas,
1677 2629 1852 2659 omnem
1886 2622 2153 2672 apparatum
2181 2615 2239 2658 ad

397 2677 740 2734 repugnandum
765 2677 1002 2731 habentes,
1033 2675 1070 2702 ¹9
1087 2676 1375 2719 Machabaeus
1400 2676 1457 2718 ad
1484 2689 1634 2718 eorum
1662 2675 2056 2732 expugnationem,
2083 2674 2238 2718 relicto

400 2737 596 2793 Simone,
624 2742 667 2780 et
691 2737 907 2794 Josepho,
942 2736 1138 2792 itemque
1171 2735 1380 2791 Zachaeo,
1409 2735 1558 2791 eisque
1591 2735 1665 2791 qui
1697 2749 1797 2777 cum
1830 2734 1940 2791 ipsis
1972 2740 2098 2778 erant
2130 2734 2238 2777 satis

399 2796 574 2851 multis,
610 2796 705 2853 ipse
737 2797 794 2839 ad
828 2810 922 2851 eas,
952 2809 1051 2852 quae
1084 2795 1277 2851 amplius
1314 2795 1634 2852 perurgebant,
1674 2809 1845 2851 pugnas
1883 2807 2121 2837 convensus
2157 2798 2238 2837 est.

400 2854 436 2881 ΞΟ
453 2856 515 2898 Hi
541 2869 644 2899 vero
670 2856 742 2911 qui
773 2870 874 2898 cum
908 2855 1087 2899 Simone
1112 2859 1258 2911 erant,
1290 2854 1536 2911 cupiditate
1566 2854 1709 2909 ducti,
1736 2867 1763 2896 a
1793 2852 2057 2909 quibusdam
2084 2852 2158 2908 qui
2190 2852 2237 2896 in
2280 2878 2285 2883 .

399 2915 592 2958 turribus
626 2920 752 2958 erant
787 2915 904 2958 suasi
941 2919 1045 2958 sunt
1081 2914 1291 2971 pecunia,
1330 2919 1374 2957 et
1410 2914 1695 2970 septuaginta
1731 2913 1930 2957 millibus
1964 2911 2237 2956 didrachmis

399 2975 614 3030 acceptis,
639 2975 899 3018 dimiserunt
924 2974 1140 3031 quosdam
1165 2973 1376 3030 effugere.
1403 2971 1436 2999 2¹
1458 2973 1569 3017 Cum
1595 2978 1747 3016 autem
1773 2970 2036 3014 Machabaeo
2058 2971 2236 3014 nuntia-

399 3038 495 3075 tum
532 3039 645 3076 esset
679 3034 795 3089 quod
828 3034 1004 3077 factum
1041 3038 1127 3088 est,
1161 3033 1436 3090 principibus
1466 3032 1619 3090 populi
1650 3030 1952 3088 congregatis,
1983 3031 2232 3086 accusavit,

400 3092 515 3148 quod
551 3093 740 3149 pecunia
776 3094 938 3137 fratres
975 3093 1302 3149 vendidissent,
1340 3092 1606 3136 adversariis
1645 3105 1795 3135 eorum
1833 3089 2042 3134 dimissis,
2075 3088 2114 3116 ²²
2138 3089 2236 3133 Hos

398 3151 537 3206 igitur
572 3152 815 3208 proditores
848 3153 995 3196 factos
1027 3151 1278 3208 interfecit,
1313 3156 1356 3196 et
1389 3151 1627 3195 confestim
1662 3150 1772 3193 duas
1809 3154 1949 3192 turres
1982 3148 2234 3205 occupavit.

399 3210 437 3237 ‘²³
453 3211 603 3254 Armis
633 3216 783 3254 autem
813 3226 865 3254 ac
892 3213 1095 3255 manibus
1125 3211 1275 3255 omnia
1300 3225 1506 3269 prospere
1531 3209 1725 3266 agendo,
1751 3209 1798 3251 in
1826 3208 1998 3251 duabus
2024 3208 2232 3250 munitio-

400 3270 528 3314 nibus
553 3271 652 3327 plus
677 3285 810 3326 quam
836 3271 996 3326 viginti
1020 3271 1162 3314 millia
1187 3271 1387 3328 peremit.

458 3328 493 3356 Ψ*
511 3331 573 3372 At
594 3329 875 3384 Timotheus,
899 3330 971 3385 qui
997 3331 1118 3386 prius
1143 3345 1169 3373 a
1195 3331 1369 3373 Judaeis
1394 3332 1544 3374 fuerat
1564 3332 1817 3385 superatus,
1838 3332 2082 3371 convocato
2108 3341 2230 3371 exer-

401 3389 490 3431 citu
511 3389 758 3445 peregrinae
784 3389 1103 3444 multitudinis,
1124 3395 1168 3432 et
1193 3396 1464 3447 congregato
1485 3389 1685 3444 equitatu
1707 3384 1873 3442 asia'no,
1896 3386 2080 3430 advenit
2105 3387 2231 3442 quasi

399 3448 531 3490 armis
564 3448 774 3492 Judaeam
804 3453 1026 3506 capturus.
1057 3447 1094 3474 ‘²⁵
1119 3448 1408 3492 Machabaeus
1441 3453 1610 3503 autem,
1644 3452 1688 3490 et
1717 3446 1791 3502 qui
1822 3460 1923 3489 cum
1955 3446 2051 3503 ipso
2084 3449 2230 3501 erant,

401 3508 782 3564 appropinquante
805 3508 904 3564 illo,
935 3507 1290 3564 deprecabantur
1323 3508 1583 3563 Dominum,
1608 3511 1742 3563 caput
1774 3511 1890 3548 terra
1922 3509 2230 3562 aspergentes,

402 3565 659 3622 lumbosque
692 3568 848 3611 ciliciis
880 3567 1132 3624 praecincti,
1160 3566 1196 3593 '2⁶
1221 3568 1276 3610 ad
1306 3568 1459 3610 altaris
1493 3565 1766 3624 crepidinem
1793 3565 2036 3623 provoluti,
2064 3571 2112 3608 ut
2143 3564 2229 3608 sibi

403 3625 634 3681 propitius,
660 3627 853 3670 inimicis
887 3632 1036 3670 autem
1066 3639 1213 3669 eorum
1249 3632 1363 3670 esset
1395 3626 1624 3681 inimicus,
1653 3631 1693 3669 et
1728 3622 1993 3669 adversariis
2022 3624 2234 3670 adversa-
