<?xml version="1.0" encoding="UTF-8"?>
<!DOCTYPE html PUBLIC "-//W3C//DTD XHTML 1.0 Transitional//EN"
    "http://www.w3.org/TR/xhtml1/DTD/xhtml1-transitional.dtd">
<html xmlns="http://www.w3.org/1999/xhtml" xml:lang="en" lang="en">
 <head>
  <title>
</title>
<meta http-equiv="Content-Type" content="text/html;charset=utf-8" />
  <meta name='ocr-system' content='tesseract 3.04.00' />
  <meta name='ocr-capabilities' content='ocr_page ocr_carea ocr_par ocr_line ocrx_word'/>
</head>
<body>
  <div class='ocr_page' id='page_1' title='image "./bibliasacrajuxta00fill_1363.png"; bbox 0 0 2391 3861; ppageno 0'>
   <div class='ocr_carea' id='block_1_1' title="bbox 792 140 1960 194">
    <p class='ocr_par' dir='ltr' id='par_1_1' title="bbox 792 140 1960 194">
     <span class='ocr_line' id='line_1_1' title="bbox 792 140 1960 194; baseline -0.004 -9"><span class='ocrx_word' id='word_1_1' title='bbox 792 143 836 185; x_wconf 87' lang='grc' dir='ltr'><strong><em>Π</em></strong></span> <span class='ocrx_word' id='word_1_2' title='bbox 875 143 1012 185; x_wconf 63' lang='grc' dir='ltr'>Ριεϊιι.</span> <span class='ocrx_word' id='word_1_3' title='bbox 1054 142 1142 194; x_wconf 77' lang='grc' dir='ltr'>ΙΙΙ,</span> <span class='ocrx_word' id='word_1_4' title='bbox 1178 142 1305 183; x_wconf 75' lang='lat' dir='ltr'>3-1s</span> <span class='ocrx_word' id='word_1_5' title='bbox 1852 140 1960 181; x_wconf 60' lang='lat'>1341</span> 
     </span>
    </p>
   </div>
   <div class='ocr_carea' id='block_1_2' title="bbox 1273 247 1505 255">
    <p class='ocr_par' dir='ltr' id='par_1_2' title="bbox 1273 247 1505 255">
     <span class='ocr_line' id='line_1_2' title="bbox 1273 247 1505 255; baseline 0 0"><span class='ocrx_word' id='word_1_6' title='bbox 1273 247 1505 255; x_wconf 95' lang='lat' dir='ltr'> </span> 
     </span>
    </p>
   </div>
   <div class='ocr_carea' id='block_1_3' title="bbox 1113 248 1272 255">
    <p class='ocr_par' dir='ltr' id='par_1_3' title="bbox 1113 248 1272 255">
     <span class='ocr_line' id='line_1_3' title="bbox 1113 248 1272 255; baseline 0 0"><span class='ocrx_word' id='word_1_7' title='bbox 1113 248 1272 255; x_wconf 95' lang='lat' dir='ltr'> </span> 
     </span>
    </p>
   </div>
   <div class='ocr_carea' id='block_1_4' title="bbox 825 249 989 256">
    <p class='ocr_par' dir='ltr' id='par_1_4' title="bbox 825 249 989 256">
     <span class='ocr_line' id='line_1_4' title="bbox 825 249 989 256; baseline 0 0"><span class='ocrx_word' id='word_1_8' title='bbox 825 249 989 256; x_wconf 95' lang='lat' dir='ltr'> </span> 
     </span>
    </p>
   </div>
   <div class='ocr_carea' id='block_1_5' title="bbox 105 310 1963 2184">
    <p class='ocr_par' dir='ltr' id='par_1_5' title="bbox 137 310 1963 651">
     <span class='ocr_line' id='line_1_5' title="bbox 142 310 1963 370; baseline -0.002 -13"><span class='ocrx_word' id='word_1_9' title='bbox 142 314 238 357; x_wconf 82' lang='lat' dir='ltr'>sitis</span> <span class='ocrx_word' id='word_1_10' title='bbox 271 328 420 357; x_wconf 88' lang='lat' dir='ltr'>eorum</span> <span class='ocrx_word' id='word_1_11' title='bbox 453 327 549 370; x_wconf 82' lang='lat' dir='ltr'>quae</span> <span class='ocrx_word' id='word_1_12' title='bbox 583 311 766 369; x_wconf 61' lang='lat' dir='ltr'>pra‘dixi</span> <span class='ocrx_word' id='word_1_13' title='bbox 795 313 1026 356; x_wconf 62' lang='lat' dir='ltr'>vorin-»rum</span> <span class='ocrx_word' id='word_1_14' title='bbox 1058 328 1085 354; x_wconf 83' lang='lat' dir='ltr'>a</span> <span class='ocrx_word' id='word_1_15' title='bbox 1113 312 1278 355; x_wconf 84' lang='lat' dir='ltr'>sanetis</span> <span class='ocrx_word' id='word_1_16' title='bbox 1314 310 1556 368; x_wconf 79' lang='lat' dir='ltr'>prophetis,</span> <span class='ocrx_word' id='word_1_17' title='bbox 1590 315 1635 353; x_wconf 87' lang='lat' dir='ltr'>et</span> <span class='ocrx_word' id='word_1_18' title='bbox 1666 310 1963 366; x_wconf 66' lang='lat' dir='ltr'>a];›ost‹,›lorum</span> 
     </span>
     <span class='ocr_line' id='line_1_6' title="bbox 141 369 1960 429; baseline -0.002 -15"><span class='ocrx_word' id='word_1_19' title='bbox 141 378 409 428; x_wconf 78' lang='lat' dir='ltr'>vestrorum,</span> <span class='ocrx_word' id='word_1_20' title='bbox 439 377 773 429; x_wconf 70' lang='lat' dir='ltr'>praeceptorum·</span> <span class='ocrx_word' id='word_1_21' title='bbox 795 370 974 414; x_wconf 83' lang='lat' dir='ltr'>Domini</span> <span class='ocrx_word' id='word_1_22' title='bbox 1010 376 1052 414; x_wconf 85' lang='lat' dir='ltr'>et</span> <span class='ocrx_word' id='word_1_23' title='bbox 1084 370 1329 413; x_wconf 72' lang='lat' dir='ltr'>salvatoris.</span> <span class='ocrx_word' id='word_1_24' title='bbox 1357 370 1374 394; x_wconf 67' lang='lat'>³¹</span> <span class='ocrx_word' id='word_1_25' title='bbox 1402 370 1498 413; x_wconf 86' lang='lat' dir='ltr'>Hoc</span> <span class='ocrx_word' id='word_1_26' title='bbox 1526 369 1718 426; x_wconf 86' lang='lat' dir='ltr'>primum</span> <span class='ocrx_word' id='word_1_27' title='bbox 1751 369 1960 423; x_wconf 77' lang='lat' dir='ltr'>scientes,</span> 
     </span>
     <span class='ocr_line' id='line_1_7' title="bbox 140 427 1961 487; baseline -0.002 -14"><span class='ocrx_word' id='word_1_28' title='bbox 140 431 254 487; x_wconf 61' lang='lat' dir='ltr'>quod</span> <span class='ocrx_word' id='word_1_29' title='bbox 281 431 462 475; x_wconf 78' lang='lat' dir='ltr'>venient</span> <span class='ocrx_word' id='word_1_30' title='bbox 485 431 532 473; x_wconf 90' lang='lat' dir='ltr'>in</span> <span class='ocrx_word' id='word_1_31' title='bbox 559 430 810 473; x_wconf 87' lang='lat' dir='ltr'>novissimis</span> <span class='ocrx_word' id='word_1_32' title='bbox 836 428 990 473; x_wconf 74' lang='lat' dir='ltr'>diebus</span> <span class='ocrx_word' id='word_1_33' title='bbox 1016 429 1060 472; x_wconf 90' lang='lat' dir='ltr'>in</span> <span class='ocrx_word' id='word_1_34' title='bbox 1087 429 1346 485; x_wconf 77' lang='lat' dir='ltr'>decept-ione</span> <span class='ocrx_word' id='word_1_35' title='bbox 1371 429 1583 482; x_wconf 77' lang='lat' dir='ltr'>illusores,</span> <span class='ocrx_word' id='word_1_36' title='bbox 1611 427 1738 483; x_wconf 69' lang='lat' dir='ltr'>Juxta</span> <span class='ocrx_word' id='word_1_37' title='bbox 1763 427 1961 483; x_wconf 79' lang='lat' dir='ltr'>proprias</span> 
     </span>
     <span class='ocr_line' id='line_1_8' title="bbox 139 485 1961 547; baseline -0.002 -17"><span class='ocrx_word' id='word_1_38' title='bbox 139 489 520 547; x_wconf 67' lang='lat' dir='ltr'>concupiscent-ias</span> <span class='ocrx_word' id='word_1_39' title='bbox 557 489 857 542; x_wconf 81' lang='lat' dir='ltr'>ambulantes,</span> <span class='ocrx_word' id='word_1_40' title='bbox 884 488 900 515; x_wconf 78' lang='lat'>⁴</span> <span class='ocrx_word' id='word_1_41' title='bbox 919 489 1116 531; x_wconf 75' lang='lat' dir='ltr'>dicentes</span> <span class='ocrx_word' id='word_1_42' title='bbox 1143 505 1150 531; x_wconf 94' lang='lat'><strong>:</strong></span> <span class='ocrx_word' id='word_1_43' title='bbox 1178 488 1268 532; x_wconf 86' lang='lat' dir='ltr'>Ubi</span> <span class='ocrx_word' id='word_1_44' title='bbox 1299 494 1363 531; x_wconf 85' lang='lat' dir='ltr'>est.</span> <span class='ocrx_word' id='word_1_45' title='bbox 1390 487 1618 543; x_wconf 71' lang='lat' dir='ltr'>promissio</span> <span class='ocrx_word' id='word_1_46' title='bbox 1643 491 1721 529; x_wconf 87' lang='lat' dir='ltr'>aut</span> <span class='ocrx_word' id='word_1_47' title='bbox 1745 485 1961 528; x_wconf 75' lang='lat' dir='ltr'>adventus</span> 
     </span>
     <span class='ocr_line' id='line_1_9' title="bbox 139 542 1963 604; baseline -0.004 -12"><span class='ocrx_word' id='word_1_48' title='bbox 139 548 272 603; x_wconf 71' lang='lat' dir='ltr'>ejus?</span> <span class='ocrx_word' id='word_1_49' title='bbox 302 563 356 592; x_wconf 82' lang='lat' dir='ltr'>ex</span> <span class='ocrx_word' id='word_1_50' title='bbox 386 562 470 604; x_wconf 88' lang='lat' dir='ltr'>quo</span> <span class='ocrx_word' id='word_1_51' title='bbox 500 548 618 590; x_wconf 87' lang='lat' dir='ltr'>enim</span> <span class='ocrx_word' id='word_1_52' title='bbox 651 554 797 604; x_wconf 86' lang='lat' dir='ltr'>patres</span> <span class='ocrx_word' id='word_1_53' title='bbox 823 547 1117 601; x_wconf 63' lang='lat' dir='ltr'>dormierunt,</span> <span class='ocrx_word' id='word_1_54' title='bbox 1147 547 1293 590; x_wconf 81' lang='lat' dir='ltr'>onmia</span> <span class='ocrx_word' id='word_1_55' title='bbox 1326 546 1389 588; x_wconf 77' lang='lat' dir='ltr'>si(-</span> <span class='ocrx_word' id='word_1_56' title='bbox 1429 550 1708 601; x_wconf 74' lang='lat' dir='ltr'>perseverant</span> <span class='ocrx_word' id='word_1_57' title='bbox 1743 544 1799 587; x_wconf 79' lang='lat' dir='ltr'>ab</span> <span class='ocrx_word' id='word_1_58' title='bbox 1837 542 1963 586; x_wconf 80' lang='lat' dir='ltr'>initi‹›</span> 
     </span>
     <span class='ocr_line' id='line_1_10' title="bbox 137 605 1265 651; baseline 0.001 -2"><span class='ocrx_word' id='word_1_59' title='bbox 137 612 363 650; x_wconf 78' lang='lat' dir='ltr'>creaturae.</span> <span class='ocrx_word' id='word_1_60' title='bbox 492 647 496 651; x_wconf 90' lang='lat'>.</span> <span class='ocrx_word' id='word_1_61' title='bbox 1263 605 1265 607; x_wconf 63' lang='grc'><strong>’</strong></span> 
     </span>
    </p>

    <p class='ocr_par' dir='ltr' id='par_1_6' title="bbox 105 662 1962 1309">
     <span class='ocr_line' id='line_1_11' title="bbox 196 662 1961 720; baseline -0.002 -12"><span class='ocrx_word' id='word_1_62' title='bbox 196 666 212 692; x_wconf 76' lang='lat'>5</span> <span class='ocrx_word' id='word_1_63' title='bbox 232 666 364 708; x_wconf 81' lang='lat' dir='ltr'>Late-t</span> <span class='ocrx_word' id='word_1_64' title='bbox 389 666 506 708; x_wconf 87' lang='lat' dir='ltr'>enim</span> <span class='ocrx_word' id='word_1_65' title='bbox 529 679 601 708; x_wconf 90' lang='lat' dir='ltr'>eos</span> <span class='ocrx_word' id='word_1_66' title='bbox 627 666 708 707; x_wconf 90' lang='lat' dir='ltr'>hoc</span> <span class='ocrx_word' id='word_1_67' title='bbox 735 665 952 719; x_wconf 76' lang='lat' dir='ltr'>volentes,</span> <span class='ocrx_word' id='word_1_68' title='bbox 979 664 1097 720; x_wconf 85' lang='lat' dir='ltr'>quod</span> <span class='ocrx_word' id='word_1_69' title='bbox 1119 665 1217 707; x_wconf 74' lang='lat' dir='ltr'>caeli</span> <span class='ocrx_word' id='word_1_70' title='bbox 1243 670 1367 707; x_wconf 81' lang='lat' dir='ltr'>erant</span> <span class='ocrx_word' id='word_1_71' title='bbox 1394 664 1530 719; x_wconf 82' lang='lat' dir='ltr'>prins,</span> <span class='ocrx_word' id='word_1_72' title='bbox 1555 670 1598 706; x_wconf 84' lang='lat' dir='ltr'>ct</span> <span class='ocrx_word' id='word_1_73' title='bbox 1624 671 1737 706; x_wconf 82' lang='lat' dir='ltr'>terra</span> <span class='ocrx_word' id='word_1_74' title='bbox 1768 662 1821 705; x_wconf 87' lang='lat' dir='ltr'>de</span> <span class='ocrx_word' id='word_1_75' title='bbox 1847 677 1961 719; x_wconf 79' lang='lat' dir='ltr'>aqua</span> 
     </span>
     <span class='ocr_line' id='line_1_12' title="bbox 137 722 1962 781; baseline -0.002 -14"><span class='ocrx_word' id='word_1_76' title='bbox 137 730 181 767; x_wconf 85' lang='lat' dir='ltr'>et</span> <span class='ocrx_word' id='word_1_77' title='bbox 213 738 289 781; x_wconf 86' lang='lat' dir='ltr'>per</span> <span class='ocrx_word' id='word_1_78' title='bbox 313 738 471 779; x_wconf 77' lang='lat' dir='ltr'>aquam</span> <span class='ocrx_word' id='word_1_79' title='bbox 504 724 746 766; x_wconf 67' lang='lat' dir='ltr'>consistens</span> <span class='ocrx_word' id='word_1_80' title='bbox 783 723 865 767; x_wconf 86' lang='lat' dir='ltr'>Dei</span> <span class='ocrx_word' id='word_1_81' title='bbox 894 723 1050 775; x_wconf 62' lang='lat' dir='ltr'>verbm</span> <span class='ocrx_word' id='word_1_82' title='bbox 1079 722 1096 748; x_wconf 73' lang='lat'><strong>⁶</strong></span> <span class='ocrx_word' id='word_1_83' title='bbox 1121 737 1196 779; x_wconf 90' lang='lat' dir='ltr'>per</span> <span class='ocrx_word' id='word_1_84' title='bbox 1230 736 1347 777; x_wconf 72' lang='lat' dir='ltr'>quae,</span> <span class='ocrx_word' id='word_1_85' title='bbox 1384 722 1457 764; x_wconf 84' lang='lat' dir='ltr'>ilie</span> <span class='ocrx_word' id='word_1_86' title='bbox 1488 728 1591 765; x_wconf 84' lang='lat' dir='ltr'>tunc</span> <span class='ocrx_word' id='word_1_87' title='bbox 1626 722 1814 765; x_wconf 83' lang='lat' dir='ltr'>mundus</span> <span class='ocrx_word' id='word_1_88' title='bbox 1847 736 1962 777; x_wconf 83' lang='lat' dir='ltr'>aqua</span> 
     </span>
     <span class='ocr_line' id='line_1_13' title="bbox 105 781 1961 839; baseline -0.001 -14"><span class='ocrx_word' id='word_1_89' title='bbox 105 827 108 830; x_wconf 64' lang='grc'>,</span> <span class='ocrx_word' id='word_1_90' title='bbox 135 782 375 826; x_wconf 85' lang='lat' dir='ltr'>inundatus</span> <span class='ocrx_word' id='word_1_91' title='bbox 404 782 548 839; x_wconf 86' lang='lat' dir='ltr'>periit.</span> <span class='ocrx_word' id='word_1_92' title='bbox 579 782 594 808; x_wconf 86' lang='lat'><strong>⁷</strong></span> <span class='ocrx_word' id='word_1_93' title='bbox 614 782 723 826; x_wconf 87' lang='lat' dir='ltr'>Caeli</span> <span class='ocrx_word' id='word_1_94' title='bbox 749 787 898 825; x_wconf 85' lang='lat' dir='ltr'>autem</span> <span class='ocrx_word' id='word_1_95' title='bbox 925 781 998 836; x_wconf 85' lang='lat' dir='ltr'>qni</span> <span class='ocrx_word' id='word_1_96' title='bbox 1029 794 1145 824; x_wconf 89' lang='lat' dir='ltr'>nunc</span> <span class='ocrx_word' id='word_1_97' title='bbox 1170 787 1293 836; x_wconf 83' lang='lat' dir='ltr'>sunt,</span> <span class='ocrx_word' id='word_1_98' title='bbox 1320 788 1364 824; x_wconf 85' lang='lat' dir='ltr'>et</span> <span class='ocrx_word' id='word_1_99' title='bbox 1393 786 1527 836; x_wconf 85' lang='lat' dir='ltr'>terra,</span> <span class='ocrx_word' id='word_1_100' title='bbox 1554 781 1711 824; x_wconf 86' lang='lat' dir='ltr'>eodem</span> <span class='ocrx_word' id='word_1_101' title='bbox 1738 781 1869 824; x_wconf 88' lang='lat' dir='ltr'>verbo</span> <span class='ocrx_word' id='word_1_102' title='bbox 1894 795 1961 824; x_wconf 86' lang='lat' dir='ltr'>re—</span> 
     </span>
     <span class='ocr_line' id='line_1_14' title="bbox 135 838 1960 898; baseline -0.001 -14"><span class='ocrx_word' id='word_1_103' title='bbox 135 841 266 898; x_wconf 84' lang='lat' dir='ltr'><strong>positi</strong></span> <span class='ocrx_word' id='word_1_104' title='bbox 292 847 414 896; x_wconf 86' lang='lat' dir='ltr'>sunt,</span> <span class='ocrx_word' id='word_1_105' title='bbox 440 841 533 897; x_wconf 76' lang='lat' dir='ltr'>igni</span> <span class='ocrx_word' id='word_1_106' title='bbox 560 841 769 884; x_wconf 81' lang='lat' dir='ltr'>reservati</span> <span class='ocrx_word' id='word_1_107' title='bbox 798 841 842 883; x_wconf 87' lang='lat' dir='ltr'>in</span> <span class='ocrx_word' id='word_1_108' title='bbox 874 840 989 883; x_wconf 84' lang='lat' dir='ltr'>diem</span> <span class='ocrx_word' id='word_1_109' title='bbox 1016 840 1170 895; x_wconf 80' lang='lat' dir='ltr'>judicii</span> <span class='ocrx_word' id='word_1_110' title='bbox 1199 846 1242 883; x_wconf 87' lang='lat' dir='ltr'>et</span> <span class='ocrx_word' id='word_1_111' title='bbox 1270 838 1530 896; x_wconf 80' lang='lat' dir='ltr'>perditionis</span> <span class='ocrx_word' id='word_1_112' title='bbox 1559 840 1796 896; x_wconf 88' lang='lat' dir='ltr'>impiorum</span> <span class='ocrx_word' id='word_1_113' title='bbox 1819 839 1960 882; x_wconf 86' lang='lat' dir='ltr'>homi-</span> 
     </span>
     <span class='ocr_line' id='line_1_15' title="bbox 135 898 1959 955; baseline -0.001 -12"><span class='ocrx_word' id='word_1_114' title='bbox 135 914 254 943; x_wconf 85' lang='lat' dir='ltr'>num.</span> <span class='ocrx_word' id='word_1_115' title='bbox 280 900 297 926; x_wconf 77' lang='lat'>⁸</span> <span class='ocrx_word' id='word_1_116' title='bbox 321 901 471 943; x_wconf 88' lang='lat' dir='ltr'>Unum</span> <span class='ocrx_word' id='word_1_117' title='bbox 498 913 600 942; x_wconf 83' lang='lat' dir='ltr'>vero</span> <span class='ocrx_word' id='word_1_118' title='bbox 628 900 710 942; x_wconf 89' lang='lat' dir='ltr'>hoc</span> <span class='ocrx_word' id='word_1_119' title='bbox 741 914 825 943; x_wconf 92' lang='lat' dir='ltr'>non</span> <span class='ocrx_word' id='word_1_120' title='bbox 861 899 998 942; x_wconf 84' lang='lat' dir='ltr'>lateat</span> <span class='ocrx_word' id='word_1_121' title='bbox 1023 913 1120 953; x_wconf 81' lang='lat' dir='ltr'>vos,</span> <span class='ocrx_word' id='word_1_122' title='bbox 1152 898 1421 952; x_wconf 76' lang='lat' dir='ltr'>charissimi,</span> <span class='ocrx_word' id='word_1_123' title='bbox 1456 899 1557 953; x_wconf 83' lang='lat' dir='ltr'>quia</span> <span class='ocrx_word' id='word_1_124' title='bbox 1584 913 1694 941; x_wconf 89' lang='lat' dir='ltr'>unus</span> <span class='ocrx_word' id='word_1_125' title='bbox 1720 898 1813 941; x_wconf 81' lang='lat' dir='ltr'>dies</span> <span class='ocrx_word' id='word_1_126' title='bbox 1842 899 1959 955; x_wconf 86' lang='lat' dir='ltr'>apud</span> 
     </span>
     <span class='ocr_line' id='line_1_16' title="bbox 136 957 1959 1015; baseline -0.001 -14"><span class='ocrx_word' id='word_1_127' title='bbox 136 959 397 1015; x_wconf 86' lang='lat' dir='ltr'>Dominum,</span> <span class='ocrx_word' id='word_1_128' title='bbox 425 959 540 1001; x_wconf 89' lang='lat' dir='ltr'>sicut</span> <span class='ocrx_word' id='word_1_129' title='bbox 569 959 690 1001; x_wconf 89' lang='lat' dir='ltr'>mille</span> <span class='ocrx_word' id='word_1_130' title='bbox 716 959 842 1014; x_wconf 84' lang='lat' dir='ltr'>anni,</span> <span class='ocrx_word' id='word_1_131' title='bbox 874 964 917 1002; x_wconf 81' lang='lat' dir='ltr'>et</span> <span class='ocrx_word' id='word_1_132' title='bbox 941 958 1064 1001; x_wconf 89' lang='lat' dir='ltr'>mille</span> <span class='ocrx_word' id='word_1_133' title='bbox 1094 958 1203 1000; x_wconf 85' lang='lat' dir='ltr'>anni</span> <span class='ocrx_word' id='word_1_134' title='bbox 1228 958 1343 1001; x_wconf 87' lang='lat' dir='ltr'>sicut</span> <span class='ocrx_word' id='word_1_135' title='bbox 1368 957 1459 1000; x_wconf 88' lang='lat' dir='ltr'>dies</span> <span class='ocrx_word' id='word_1_136' title='bbox 1485 972 1610 1001; x_wconf 90' lang='lat' dir='ltr'>unus.</span> <span class='ocrx_word' id='word_1_137' title='bbox 1638 957 1655 983; x_wconf 80' lang='lat'>9</span> <span class='ocrx_word' id='word_1_138' title='bbox 1681 958 1779 1001; x_wconf 88' lang='lat' dir='ltr'>Non</span> <span class='ocrx_word' id='word_1_139' title='bbox 1812 957 1959 1000; x_wconf 78' lang='lat' dir='ltr'>tardat</span> 
     </span>
     <span class='ocr_line' id='line_1_17' title="bbox 135 1016 1961 1074; baseline -0.001 -14"><span class='ocrx_word' id='word_1_140' title='bbox 135 1018 352 1060; x_wconf 85' lang='lat' dir='ltr'>Dominus</span> <span class='ocrx_word' id='word_1_141' title='bbox 388 1017 725 1074; x_wconf 79' lang='lat' dir='ltr'>promissionem</span> <span class='ocrx_word' id='word_1_142' title='bbox 762 1033 908 1073; x_wconf 90' lang='lat' dir='ltr'>suam,</span> <span class='ocrx_word' id='word_1_143' title='bbox 946 1017 1060 1060; x_wconf 88' lang='lat' dir='ltr'>sicut</span> <span class='ocrx_word' id='word_1_144' title='bbox 1097 1016 1278 1073; x_wconf 84' lang='lat' dir='ltr'>quidam</span> <span class='ocrx_word' id='word_1_145' title='bbox 1315 1017 1596 1070; x_wconf 77' lang='lat' dir='ltr'>existimant3</span> <span class='ocrx_word' id='word_1_146' title='bbox 1632 1017 1708 1059; x_wconf 85' lang='lat' dir='ltr'>sed</span> <span class='ocrx_word' id='word_1_147' title='bbox 1741 1016 1961 1072; x_wconf 77' lang='lat' dir='ltr'>patienter</span> 
     </span>
     <span class='ocr_line' id='line_1_18' title="bbox 132 1075 1957 1134; baseline 0 -16"><span class='ocrx_word' id='word_1_148' title='bbox 132 1077 228 1132; x_wconf 83' lang='lat' dir='ltr'>agit</span> <span class='ocrx_word' id='word_1_149' title='bbox 252 1082 429 1133; x_wconf 87' lang='lat' dir='ltr'>propter</span> <span class='ocrx_word' id='word_1_150' title='bbox 446 1091 543 1130; x_wconf 79' lang='lat' dir='ltr'>vos,</span> <span class='ocrx_word' id='word_1_151' title='bbox 564 1077 716 1120; x_wconf 89' lang='lat' dir='ltr'>nolens</span> <span class='ocrx_word' id='word_1_152' title='bbox 738 1077 908 1133; x_wconf 88' lang='lat' dir='ltr'>aliquos</span> <span class='ocrx_word' id='word_1_153' title='bbox 934 1076 1094 1134; x_wconf 87' lang='lat' dir='ltr'>perire,</span> <span class='ocrx_word' id='word_1_154' title='bbox 1117 1076 1194 1119; x_wconf 87' lang='lat' dir='ltr'>sed</span> <span class='ocrx_word' id='word_1_155' title='bbox 1214 1090 1364 1119; x_wconf 89' lang='lat' dir='ltr'>omnes</span> <span class='ocrx_word' id='word_1_156' title='bbox 1382 1075 1439 1118; x_wconf 82' lang='lat' dir='ltr'>ad</span> <span class='ocrx_word' id='word_1_157' title='bbox 1457 1076 1765 1132; x_wconf 81' lang='lat' dir='ltr'>poenitentiam</span> <span class='ocrx_word' id='word_1_158' title='bbox 1784 1076 1957 1118; x_wconf 84' lang='lat' dir='ltr'>reverti.</span> 
     </span>
     <span class='ocr_line' id='line_1_19' title="bbox 136 1134 1958 1191; baseline -0.001 -13"><span class='ocrx_word' id='word_1_159' title='bbox 136 1134 170 1161; x_wconf 81' lang='lat'>¹⁰</span> <span class='ocrx_word' id='word_1_160' title='bbox 190 1135 413 1178; x_wconf 86' lang='lat' dir='ltr'>Adveniet</span> <span class='ocrx_word' id='word_1_161' title='bbox 437 1141 586 1179; x_wconf 88' lang='lat' dir='ltr'>autem</span> <span class='ocrx_word' id='word_1_162' title='bbox 613 1135 706 1179; x_wconf 86' lang='lat' dir='ltr'>dies</span> <span class='ocrx_word' id='word_1_163' title='bbox 734 1136 913 1179; x_wconf 89' lang='lat' dir='ltr'>Domini</span> <span class='ocrx_word' id='word_1_164' title='bbox 939 1140 987 1178; x_wconf 91' lang='lat' dir='ltr'>ut</span> <span class='ocrx_word' id='word_1_165' title='bbox 1012 1135 1108 1190; x_wconf 80' lang='lat' dir='ltr'>fur3</span> <span class='ocrx_word' id='word_1_166' title='bbox 1135 1135 1181 1177; x_wconf 87' lang='lat' dir='ltr'>in</span> <span class='ocrx_word' id='word_1_167' title='bbox 1207 1149 1291 1191; x_wconf 91' lang='lat' dir='ltr'>quo</span> <span class='ocrx_word' id='word_1_168' title='bbox 1318 1134 1415 1177; x_wconf 75' lang='lat' dir='ltr'>eaeli</span> <span class='ocrx_word' id='word_1_169' title='bbox 1443 1149 1606 1191; x_wconf 85' lang='lat' dir='ltr'>magno</span> <span class='ocrx_word' id='word_1_170' title='bbox 1627 1135 1796 1190; x_wconf 90' lang='lat' dir='ltr'>impetu</span> <span class='ocrx_word' id='word_1_171' title='bbox 1820 1140 1958 1176; x_wconf 82' lang='lat' dir='ltr'>trans-</span> 
     </span>
     <span class='ocr_line' id='line_1_20' title="bbox 132 1193 1959 1250; baseline -0.001 -14"><span class='ocrx_word' id='word_1_172' title='bbox 132 1193 243 1250; x_wconf 87' lang='lat' dir='ltr'>ient,</span> <span class='ocrx_word' id='word_1_173' title='bbox 279 1195 497 1238; x_wconf 86' lang='lat' dir='ltr'>elementa</span> <span class='ocrx_word' id='word_1_174' title='bbox 530 1209 632 1237; x_wconf 81' lang='lat' dir='ltr'>vero</span> <span class='ocrx_word' id='word_1_175' title='bbox 664 1195 808 1238; x_wconf 85' lang='lat' dir='ltr'>calore</span> <span class='ocrx_word' id='word_1_176' title='bbox 841 1195 1085 1250; x_wconf 78' lang='lat' dir='ltr'>solventur,</span> <span class='ocrx_word' id='word_1_177' title='bbox 1120 1199 1235 1237; x_wconf 87' lang='lat' dir='ltr'>terra</span> <span class='ocrx_word' id='word_1_178' title='bbox 1264 1201 1411 1237; x_wconf 74' lang='lat' dir='ltr'>auten]</span> <span class='ocrx_word' id='word_1_179' title='bbox 1444 1200 1487 1237; x_wconf 88' lang='lat' dir='ltr'>et</span> <span class='ocrx_word' id='word_1_180' title='bbox 1519 1209 1616 1250; x_wconf 81' lang='lat' dir='ltr'>quae</span> <span class='ocrx_word' id='word_1_181' title='bbox 1651 1194 1695 1235; x_wconf 90' lang='lat' dir='ltr'>in</span> <span class='ocrx_word' id='word_1_182' title='bbox 1729 1193 1826 1249; x_wconf 84' lang='lat' dir='ltr'>ipsa</span> <span class='ocrx_word' id='word_1_183' title='bbox 1857 1198 1959 1235; x_wconf 84' lang='lat' dir='ltr'>sunt</span> 
     </span>
     <span class='ocr_line' id='line_1_21' title="bbox 132 1258 541 1309; baseline 0.002 -14"><span class='ocrx_word' id='word_1_184' title='bbox 132 1267 259 1309; x_wconf 79' lang='lat' dir='ltr'>opera</span> <span class='ocrx_word' id='word_1_185' title='bbox 292 1258 541 1296; x_wconf 77' lang='lat' dir='ltr'>exurentur.</span> 
     </span>
    </p>

    <p class='ocr_par' dir='ltr' id='par_1_7' title="bbox 126 1310 1959 2184">
     <span class='ocr_line' id='line_1_22' title="bbox 195 1310 1958 1370; baseline -0.001 -14"><span class='ocrx_word' id='word_1_186' title='bbox 195 1311 224 1338; x_wconf 88' lang='lat'>¹¹</span> <span class='ocrx_word' id='word_1_187' title='bbox 245 1313 356 1356; x_wconf 84' lang='lat' dir='ltr'>Cum</span> <span class='ocrx_word' id='word_1_188' title='bbox 389 1313 525 1368; x_wconf 84' lang='lat' dir='ltr'>igitur</span> <span class='ocrx_word' id='word_1_189' title='bbox 550 1314 645 1355; x_wconf 66' lang='lat' dir='ltr'>haec</span> <span class='ocrx_word' id='word_1_190' title='bbox 675 1313 824 1356; x_wconf 81' lang='lat' dir='ltr'>omnia</span> <span class='ocrx_word' id='word_1_191' title='bbox 849 1310 1133 1357; x_wconf 82' lang='lat' dir='ltr'>dissolvenda</span> <span class='ocrx_word' id='word_1_192' title='bbox 1157 1313 1267 1368; x_wconf 87' lang='lat' dir='ltr'>sint,</span> <span class='ocrx_word' id='word_1_193' title='bbox 1296 1313 1446 1368; x_wconf 86' lang='lat' dir='ltr'>quales</span> <span class='ocrx_word' id='word_1_194' title='bbox 1481 1318 1651 1370; x_wconf 88' lang='lat' dir='ltr'>oportet</span> <span class='ocrx_word' id='word_1_195' title='bbox 1685 1326 1761 1354; x_wconf 75' lang='lat' dir='ltr'>vos</span> <span class='ocrx_word' id='word_1_196' title='bbox 1790 1326 1883 1354; x_wconf 88' lang='lat' dir='ltr'>esse</span> <span class='ocrx_word' id='word_1_197' title='bbox 1914 1311 1958 1354; x_wconf 91' lang='lat' dir='ltr'>in</span> 
     </span>
     <span class='ocr_line' id='line_1_23' title="bbox 131 1371 1957 1429; baseline -0.001 -15"><span class='ocrx_word' id='word_1_198' title='bbox 131 1371 296 1414; x_wconf 78' lang='lat' dir='ltr'>sanctis</span> <span class='ocrx_word' id='word_1_199' title='bbox 326 1372 735 1415; x_wconf 82' lang='lat' dir='ltr'>conversationibus</span> <span class='ocrx_word' id='word_1_200' title='bbox 765 1378 808 1415; x_wconf 80' lang='lat' dir='ltr'>et·</span> <span class='ocrx_word' id='word_1_201' title='bbox 841 1372 1101 1429; x_wconf 87' lang='lat' dir='ltr'>pietatibus,</span> <span class='ocrx_word' id='word_1_202' title='bbox 1141 1371 1173 1398; x_wconf 67' lang='lat'>¹²</span> <span class='ocrx_word' id='word_1_203' title='bbox 1202 1377 1489 1428; x_wconf 79' lang='lat' dir='ltr'>expectantes</span> <span class='ocrx_word' id='word_1_204' title='bbox 1524 1377 1567 1414; x_wconf 89' lang='lat' dir='ltr'>et</span> <span class='ocrx_word' id='word_1_205' title='bbox 1595 1376 1880 1428; x_wconf 81' lang='lat' dir='ltr'>properantes</span> <span class='ocrx_word' id='word_1_206' title='bbox 1914 1371 1957 1413; x_wconf 91' lang='lat' dir='ltr'>in</span> 
     </span>
     <span class='ocr_line' id='line_1_24' title="bbox 129 1430 1959 1487; baseline 0 -14"><span class='ocrx_word' id='word_1_207' title='bbox 129 1430 374 1474; x_wconf 80' lang='lat' dir='ltr'>advent-um</span> <span class='ocrx_word' id='word_1_208' title='bbox 406 1430 495 1474; x_wconf 86' lang='lat' dir='ltr'>diei</span> <span class='ocrx_word' id='word_1_209' title='bbox 530 1431 730 1486; x_wconf 78' lang='lat' dir='ltr'>Domini,</span> <span class='ocrx_word' id='word_1_210' title='bbox 756 1445 834 1487; x_wconf 89' lang='lat' dir='ltr'>per</span> <span class='ocrx_word' id='word_1_211' title='bbox 861 1445 996 1487; x_wconf 69' lang='lat' dir='ltr'>¹quem</span> <span class='ocrx_word' id='word_1_212' title='bbox 1026 1431 1124 1474; x_wconf 81' lang='lat' dir='ltr'>caeli</span> <span class='ocrx_word' id='word_1_213' title='bbox 1157 1431 1362 1474; x_wconf 75' lang='lat' dir='ltr'>ardentes</span> <span class='ocrx_word' id='word_1_214' title='bbox 1392 1431 1639 1486; x_wconf 66' lang='lat' dir='ltr'>solventur,</span> <span class='ocrx_word' id='word_1_215' title='bbox 1667 1436 1710 1473; x_wconf 86' lang='lat' dir='ltr'>et</span> <span class='ocrx_word' id='word_1_216' title='bbox 1738 1430 1959 1473; x_wconf 81' lang='lat' dir='ltr'>elementa</span> 
     </span>
     <span class='ocr_line' id='line_1_25' title="bbox 130 1488 1957 1545; baseline 0 -14"><span class='ocrx_word' id='word_1_217' title='bbox 130 1489 246 1545; x_wconf 81' lang='lat' dir='ltr'>ignis</span> <span class='ocrx_word' id='word_1_218' title='bbox 271 1489 426 1533; x_wconf 85' lang='lat' dir='ltr'>ardore</span> <span class='ocrx_word' id='word_1_219' title='bbox 455 1489 718 1533; x_wconf 83' lang='lat' dir='ltr'>tabescent?</span> <span class='ocrx_word' id='word_1_220' title='bbox 745 1490 782 1516; x_wconf 77' lang='lat'>¹3</span> <span class='ocrx_word' id='word_1_221' title='bbox 807 1491 956 1534; x_wconf 83' lang='lat' dir='ltr'>Novos</span> <span class='ocrx_word' id='word_1_222' title='bbox 985 1504 1087 1533; x_wconf 87' lang='lat' dir='ltr'>vero</span> <span class='ocrx_word' id='word_1_223' title='bbox 1113 1491 1246 1534; x_wconf 80' lang='lat' dir='ltr'>caelos</span> <span class='ocrx_word' id='word_1_224' title='bbox 1271 1497 1315 1533; x_wconf 83' lang='lat' dir='ltr'>et</span> <span class='ocrx_word' id='word_1_225' title='bbox 1342 1504 1502 1533; x_wconf 84' lang='lat' dir='ltr'>novam</span> <span class='ocrx_word' id='word_1_226' title='bbox 1527 1496 1689 1533; x_wconf 79' lang='lat' dir='ltr'>terram</span> <span class='ocrx_word' id='word_1_227' title='bbox 1715 1488 1957 1532; x_wconf 80' lang='lat' dir='ltr'>secundum</span> 
     </span>
     <span class='ocr_line' id='line_1_26' title="bbox 131 1548 1955 1605; baseline 0.001 -15"><span class='ocrx_word' id='word_1_228' title='bbox 131 1548 341 1605; x_wconf 84' lang='lat' dir='ltr'>promissa</span> <span class='ocrx_word' id='word_1_229' title='bbox 368 1548 507 1604; x_wconf 89' lang='lat' dir='ltr'>ipsius</span> <span class='ocrx_word' id='word_1_230' title='bbox 533 1554 839 1605; x_wconf 80' lang='lat' dir='ltr'>expectamus,</span> <span class='ocrx_word' id='word_1_231' title='bbox 869 1550 916 1592; x_wconf 91' lang='lat' dir='ltr'>in</span> <span class='ocrx_word' id='word_1_232' title='bbox 949 1550 1107 1605; x_wconf 89' lang='lat' dir='ltr'>quibus</span> <span class='ocrx_word' id='word_1_233' title='bbox 1134 1549 1307 1605; x_wconf 78' lang='lat' dir='ltr'>justitia</span> <span class='ocrx_word' id='word_1_234' title='bbox 1332 1549 1520 1592; x_wconf 81' lang='lat' dir='ltr'>habitat.</span> <span class='ocrx_word' id='word_1_235' title='bbox 1552 1549 1588 1575; x_wconf 62' lang='grc' dir='ltr'>Μ</span> <span class='ocrx_word' id='word_1_236' title='bbox 1611 1550 1795 1605; x_wconf 87' lang='lat' dir='ltr'>Propter</span> <span class='ocrx_word' id='word_1_237' title='bbox 1818 1549 1955 1604; x_wconf 78' lang='lat' dir='ltr'>quod,</span> 
     </span>
     <span class='ocr_line' id='line_1_27' title="bbox 129 1607 1957 1664; baseline 0 -15"><span class='ocrx_word' id='word_1_238' title='bbox 129 1607 397 1662; x_wconf 84' lang='lat' dir='ltr'>charissimi,</span> <span class='ocrx_word' id='word_1_239' title='bbox 424 1607 522 1649; x_wconf 83' lang='lat' dir='ltr'>haec</span> <span class='ocrx_word' id='word_1_240' title='bbox 547 1613 835 1664; x_wconf 78' lang='lat' dir='ltr'>expectantes</span> <span class='ocrx_word' id='word_1_241' title='bbox 883 1609 1075 1664; x_wconf 84' lang='lat' dir='ltr'>satagite</span> <span class='ocrx_word' id='word_1_242' title='bbox 1103 1608 1381 1651; x_wconf 80' lang='lat' dir='ltr'>immaculati</span> <span class='ocrx_word' id='word_1_243' title='bbox 1406 1613 1450 1652; x_wconf 85' lang='lat' dir='ltr'>et</span> <span class='ocrx_word' id='word_1_244' title='bbox 1472 1608 1676 1651; x_wconf 81' lang='lat' dir='ltr'>inviolati</span> <span class='ocrx_word' id='word_1_245' title='bbox 1699 1608 1738 1652; x_wconf 90' lang='lat' dir='ltr'>ei</span> <span class='ocrx_word' id='word_1_246' title='bbox 1766 1608 1957 1651; x_wconf 86' lang='lat' dir='ltr'>inveniri</span> 
     </span>
     <span class='ocr_line' id='line_1_28' title="bbox 127 1643 1955 1723; baseline 0.001 -15"><span class='ocrx_word' id='word_1_247' title='bbox 127 1666 173 1708; x_wconf 89' lang='lat' dir='ltr'>in</span> <span class='ocrx_word' id='word_1_248' title='bbox 197 1678 322 1723; x_wconf 77' lang='lat' dir='ltr'>pace:</span> <span class='ocrx_word' id='word_1_249' title='bbox 346 1666 381 1693; x_wconf 84' lang='lat'>¹5</span> <span class='ocrx_word' id='word_1_250' title='bbox 399 1667 458 1708; x_wconf 84' lang='lat' dir='ltr'>Et</span> <span class='ocrx_word' id='word_1_251' title='bbox 482 1666 663 1709; x_wconf 81' lang='lat' dir='ltr'>Domini</span> <span class='ocrx_word' id='word_1_252' title='bbox 689 1667 826 1709; x_wconf 86' lang='lat' dir='ltr'>nostri</span> <span class='ocrx_word' id='word_1_253' title='bbox 847 1643 1258 1723; x_wconf 56' lang='lat' dir='ltr'>longanimitatem,</span> <span class='ocrx_word' id='word_1_254' title='bbox 1281 1668 1472 1710; x_wconf 78' lang='lat' dir='ltr'>salutem</span> <span class='ocrx_word' id='word_1_255' title='bbox 1501 1667 1777 1710; x_wconf 82' lang='lat' dir='ltr'>arbitremini</span> <span class='ocrx_word' id='word_1_256' title='bbox 1803 1684 1812 1710; x_wconf 72' lang='grc' dir='ltr'>ε</span> <span class='ocrx_word' id='word_1_257' title='bbox 1842 1667 1955 1710; x_wconf 84' lang='lat' dir='ltr'>sieut</span> 
     </span>
     <span class='ocr_line' id='line_1_29' title="bbox 127 1725 1954 1782; baseline 0 -14"><span class='ocrx_word' id='word_1_258' title='bbox 127 1731 172 1768; x_wconf 83' lang='lat' dir='ltr'>et</span> <span class='ocrx_word' id='word_1_259' title='bbox 189 1725 474 1768; x_wconf 85' lang='lat' dir='ltr'>charissimus</span> <span class='ocrx_word' id='word_1_260' title='bbox 498 1725 641 1768; x_wconf 65' lang='lat' dir='ltr'>frater</span> <span class='ocrx_word' id='word_1_261' title='bbox 664 1729 813 1769; x_wconf 85' lang='lat' dir='ltr'>noster</span> <span class='ocrx_word' id='word_1_262' title='bbox 830 1726 994 1769; x_wconf 88' lang='lat' dir='ltr'>Paulus</span> <span class='ocrx_word' id='word_1_263' title='bbox 1015 1726 1260 1769; x_wconf 84' lang='lat' dir='ltr'>secundum</span> <span class='ocrx_word' id='word_1_264' title='bbox 1281 1726 1433 1769; x_wconf 80' lang='lat' dir='ltr'>datam</span> <span class='ocrx_word' id='word_1_265' title='bbox 1454 1726 1538 1769; x_wconf 88' lang='lat' dir='ltr'>sibi</span> <span class='ocrx_word' id='word_1_266' title='bbox 1564 1726 1830 1782; x_wconf 81' lang='lat' dir='ltr'>sapientiam</span> <span class='ocrx_word' id='word_1_267' title='bbox 1852 1726 1954 1768; x_wconf 87' lang='lat' dir='ltr'>scri-</span> 
     </span>
     <span class='ocr_line' id='line_1_30' title="bbox 127 1783 1956 1843; baseline 0 -16"><span class='ocrx_word' id='word_1_268' title='bbox 127 1784 217 1841; x_wconf 87' lang='lat' dir='ltr'>psit</span> <span class='ocrx_word' id='word_1_269' title='bbox 240 1784 392 1840; x_wconf 80' lang='lat' dir='ltr'>vobis3</span> <span class='ocrx_word' id='word_1_270' title='bbox 420 1783 456 1811; x_wconf 72' lang='lat'>¹⁶</span> <span class='ocrx_word' id='word_1_271' title='bbox 473 1784 589 1828; x_wconf 89' lang='lat' dir='ltr'>sicut</span> <span class='ocrx_word' id='word_1_272' title='bbox 617 1790 662 1828; x_wconf 88' lang='lat' dir='ltr'>et</span> <span class='ocrx_word' id='word_1_273' title='bbox 688 1785 736 1828; x_wconf 90' lang='lat' dir='ltr'>in</span> <span class='ocrx_word' id='word_1_274' title='bbox 761 1785 966 1828; x_wconf 83' lang='lat' dir='ltr'>omnibus</span> <span class='ocrx_word' id='word_1_275' title='bbox 988 1785 1206 1843; x_wconf 86' lang='lat' dir='ltr'>epistolis,</span> <span class='ocrx_word' id='word_1_276' title='bbox 1233 1785 1415 1841; x_wconf 87' lang='lat' dir='ltr'>loquens</span> <span class='ocrx_word' id='word_1_277' title='bbox 1440 1786 1487 1828; x_wconf 87' lang='lat' dir='ltr'>in</span> <span class='ocrx_word' id='word_1_278' title='bbox 1509 1785 1571 1828; x_wconf 90' lang='lat' dir='ltr'>eis</span> <span class='ocrx_word' id='word_1_279' title='bbox 1595 1785 1647 1828; x_wconf 88' lang='lat' dir='ltr'>de</span> <span class='ocrx_word' id='word_1_280' title='bbox 1672 1785 1760 1841; x_wconf 87' lang='lat' dir='ltr'>his,</span> <span class='ocrx_word' id='word_1_281' title='bbox 1795 1785 1842 1827; x_wconf 86' lang='lat' dir='ltr'>in</span> <span class='ocrx_word' id='word_1_282' title='bbox 1864 1785 1956 1840; x_wconf 86' lang='lat' dir='ltr'>qui-</span> 
     </span>
     <span class='ocr_line' id='line_1_31' title="bbox 127 1843 1955 1901; baseline 0 -15"><span class='ocrx_word' id='word_1_283' title='bbox 127 1843 210 1886; x_wconf 90' lang='lat' dir='ltr'>bus</span> <span class='ocrx_word' id='word_1_284' title='bbox 231 1849 332 1886; x_wconf 87' lang='lat' dir='ltr'>sunt</span> <span class='ocrx_word' id='word_1_285' title='bbox 353 1843 560 1900; x_wconf 73' lang='lat' dir='ltr'>quaedam</span> <span class='ocrx_word' id='word_1_286' title='bbox 574 1843 783 1887; x_wconf 71' lang='lat' dir='ltr'>difficilia</span> <span class='ocrx_word' id='word_1_287' title='bbox 803 1845 1048 1901; x_wconf 84' lang='lat' dir='ltr'>intellectu,</span> <span class='ocrx_word' id='word_1_288' title='bbox 1069 1859 1167 1901; x_wconf 81' lang='lat' dir='ltr'>quae</span> <span class='ocrx_word' id='word_1_289' title='bbox 1190 1844 1360 1888; x_wconf 86' lang='lat' dir='ltr'>indocti</span> <span class='ocrx_word' id='word_1_290' title='bbox 1379 1850 1425 1888; x_wconf 64' lang='lat' dir='ltr'>«et</span> <span class='ocrx_word' id='word_1_291' title='bbox 1445 1844 1678 1887; x_wconf 84' lang='lat' dir='ltr'>instabiles</span> <span class='ocrx_word' id='word_1_292' title='bbox 1697 1844 1955 1900; x_wconf 78' lang='lat' dir='ltr'>depravant,</span> 
     </span>
     <span class='ocr_line' id='line_1_32' title="bbox 128 1902 1954 1961; baseline -0.001 -16"><span class='ocrx_word' id='word_1_293' title='bbox 128 1902 242 1946; x_wconf 87' lang='lat' dir='ltr'>sicut</span> <span class='ocrx_word' id='word_1_294' title='bbox 271 1908 315 1946; x_wconf 86' lang='lat' dir='ltr'>et</span> <span class='ocrx_word' id='word_1_295' title='bbox 340 1907 507 1946; x_wconf 87' lang='lat' dir='ltr'>ceteras</span> <span class='ocrx_word' id='word_1_296' title='bbox 538 1903 804 1961; x_wconf 86' lang='lat' dir='ltr'>Scripturas,</span> <span class='ocrx_word' id='word_1_297' title='bbox 831 1904 888 1947; x_wconf 89' lang='lat' dir='ltr'>ad</span> <span class='ocrx_word' id='word_1_298' title='bbox 918 1918 1041 1947; x_wconf 88' lang='lat' dir='ltr'>suam</span> <span class='ocrx_word' id='word_1_299' title='bbox 1073 1904 1270 1961; x_wconf 86' lang='lat' dir='ltr'>ipsorum</span> <span class='ocrx_word' id='word_1_300' title='bbox 1294 1904 1602 1961; x_wconf 87' lang='lat' dir='ltr'>perditionem.</span> <span class='ocrx_word' id='word_1_301' title='bbox 1632 1904 1664 1930; x_wconf 79' lang='lat'>¹⁷</span> <span class='ocrx_word' id='word_1_302' title='bbox 1687 1904 1778 1947; x_wconf 82' lang='lat' dir='ltr'>Vos</span> <span class='ocrx_word' id='word_1_303' title='bbox 1806 1903 1954 1959; x_wconf 68' lang='lat' dir='ltr'>igitur,</span> 
     </span>
     <span class='ocr_line' id='line_1_33' title="bbox 127 1962 1956 2021; baseline -0.001 -16"><span class='ocrx_word' id='word_1_304' title='bbox 127 1962 309 2019; x_wconf 68' lang='lat' dir='ltr'>fratres,</span> <span class='ocrx_word' id='word_1_305' title='bbox 336 1962 619 2019; x_wconf 80' lang='lat' dir='ltr'>praescientes</span> <span class='ocrx_word' id='word_1_306' title='bbox 653 1963 893 2021; x_wconf 77' lang='lat' dir='ltr'>custodite,</span> <span class='ocrx_word' id='word_1_307' title='bbox 920 1978 974 2007; x_wconf 91' lang='lat' dir='ltr'>ne</span> <span class='ocrx_word' id='word_1_308' title='bbox 1005 1963 1316 2021; x_wconf 72' lang='lat' dir='ltr'>insipientium</span> <span class='ocrx_word' id='word_1_309' title='bbox 1341 1977 1482 2007; x_wconf 86' lang='lat' dir='ltr'>errore</span> <span class='ocrx_word' id='word_1_310' title='bbox 1517 1962 1709 2006; x_wconf 86' lang='lat' dir='ltr'>traducti</span> <span class='ocrx_word' id='word_1_311' title='bbox 1740 1962 1956 2006; x_wconf 73' lang='lat' dir='ltr'>excidatis</span> 
     </span>
     <span class='ocr_line' id='line_1_34' title="bbox 126 2021 1956 2079; baseline -0.001 -15"><span class='ocrx_word' id='word_1_312' title='bbox 126 2036 153 2064; x_wconf 86' lang='lat' dir='ltr'>a</span> <span class='ocrx_word' id='word_1_313' title='bbox 181 2021 357 2079; x_wconf 86' lang='lat' dir='ltr'>propria</span> <span class='ocrx_word' id='word_1_314' title='bbox 389 2022 612 2065; x_wconf 86' lang='lat' dir='ltr'>firmitate.</span> <span class='ocrx_word' id='word_1_315' title='bbox 646 2021 680 2050; x_wconf 72' lang='lat'>18</span> <span class='ocrx_word' id='word_1_316' title='bbox 707 2022 901 2066; x_wconf 87' lang='lat' dir='ltr'>Crescite</span> <span class='ocrx_word' id='word_1_317' title='bbox 935 2037 1036 2066; x_wconf 85' lang='lat' dir='ltr'>vero</span> <span class='ocrx_word' id='word_1_318' title='bbox 1065 2023 1112 2066; x_wconf 90' lang='lat' dir='ltr'>in</span> <span class='ocrx_word' id='word_1_319' title='bbox 1141 2023 1305 2079; x_wconf 84' lang='lat' dir='ltr'>gratia,</span> <span class='ocrx_word' id='word_1_320' title='bbox 1338 2027 1382 2065; x_wconf 89' lang='lat' dir='ltr'>et</span> <span class='ocrx_word' id='word_1_321' title='bbox 1409 2022 1455 2065; x_wconf 92' lang='lat' dir='ltr'>in</span> <span class='ocrx_word' id='word_1_322' title='bbox 1489 2022 1743 2079; x_wconf 84' lang='lat' dir='ltr'>cognitione</span> <span class='ocrx_word' id='word_1_323' title='bbox 1775 2021 1956 2065; x_wconf 86' lang='lat' dir='ltr'>Domini</span> 
     </span>
     <span class='ocr_line' id='line_1_35' title="bbox 127 2080 1956 2139; baseline -0.001 -16"><span class='ocrx_word' id='word_1_324' title='bbox 127 2081 264 2125; x_wconf 87' lang='lat' dir='ltr'>nostri</span> <span class='ocrx_word' id='word_1_325' title='bbox 295 2086 338 2124; x_wconf 88' lang='lat' dir='ltr'>et</span> <span class='ocrx_word' id='word_1_326' title='bbox 363 2081 596 2124; x_wconf 83' lang='lat' dir='ltr'>salvatoris</span> <span class='ocrx_word' id='word_1_327' title='bbox 619 2082 647 2125; x_wconf 75' lang='lat' dir='ltr'>&#39;J</span> <span class='ocrx_word' id='word_1_328' title='bbox 651 2096 726 2125; x_wconf 89' lang='lat' dir='ltr'>esu</span> <span class='ocrx_word' id='word_1_329' title='bbox 754 2082 931 2126; x_wconf 85' lang='lat' dir='ltr'>Christi.</span> <span class='ocrx_word' id='word_1_330' title='bbox 956 2083 1048 2139; x_wconf 83' lang='lat' dir='ltr'>Ipsi</span> <span class='ocrx_word' id='word_1_331' title='bbox 1075 2082 1236 2138; x_wconf 82' lang='lat' dir='ltr'>gloria,</span> <span class='ocrx_word' id='word_1_332' title='bbox 1264 2087 1307 2125; x_wconf 89' lang='lat' dir='ltr'>et</span> <span class='ocrx_word' id='word_1_333' title='bbox 1336 2096 1473 2136; x_wconf 84' lang='lat' dir='ltr'>nunc,</span> <span class='ocrx_word' id='word_1_334' title='bbox 1498 2087 1541 2125; x_wconf 85' lang='lat' dir='ltr'>et</span> <span class='ocrx_word' id='word_1_335' title='bbox 1564 2082 1610 2124; x_wconf 89' lang='lat' dir='ltr'>in</span> <span class='ocrx_word' id='word_1_336' title='bbox 1638 2081 1756 2124; x_wconf 86' lang='lat' dir='ltr'>diem</span> <span class='ocrx_word' id='word_1_337' title='bbox 1783 2080 1956 2123; x_wconf 84' lang='lat' dir='ltr'>aeterni-</span> 
     </span>
     <span class='ocr_line' id='line_1_36' title="bbox 126 2139 427 2184; baseline 0.01 -3"><span class='ocrx_word' id='word_1_338' title='bbox 126 2139 245 2183; x_wconf 86' lang='lat' dir='ltr'>tatis.</span> <span class='ocrx_word' id='word_1_339' title='bbox 268 2141 427 2184; x_wconf 87' lang='lat' dir='ltr'>Amen.</span> 
     </span>
    </p>
   </div>
   <div class='ocr_carea' id='block_1_6' title="bbox 131 2241 231 2249">
    <p class='ocr_par' dir='ltr' id='par_1_8' title="bbox 131 2241 231 2249">
     <span class='ocr_line' id='line_1_37' title="bbox 131 2241 231 2249; baseline 0 0"><span class='ocrx_word' id='word_1_340' title='bbox 131 2241 231 2249; x_wconf 95' lang='lat' dir='ltr'> </span> 
     </span>
    </p>
   </div>
   <div class='ocr_carea' id='block_1_7' title="bbox 125 2300 1956 2383">
    <p class='ocr_par' dir='ltr' id='par_1_9' title="bbox 125 2300 1956 2383">
     <span class='ocr_line' id='line_1_38' title="bbox 125 2300 1956 2339; baseline -0.001 -9"><span class='ocrx_word' id='word_1_341' title='bbox 125 2303 155 2336; x_wconf 69' lang='lat'>3}</span> <span class='ocrx_word' id='word_1_342' title='bbox 174 2303 190 2330; x_wconf 90' lang='lat'>1</span> <span class='ocrx_word' id='word_1_343' title='bbox 207 2300 287 2331; x_wconf 74' lang='lat' dir='ltr'>Tim.</span> <span class='ocrx_word' id='word_1_344' title='bbox 304 2304 361 2337; x_wconf 71' lang='lat' dir='ltr'>IV,</span> <span class='ocrx_word' id='word_1_345' title='bbox 379 2306 404 2331; x_wconf 92' lang='lat'>1.</span> <span class='ocrx_word' id='word_1_346' title='bbox 431 2304 465 2331; x_wconf 87' lang='grc' dir='ltr'>ΙΙ</span> <span class='ocrx_word' id='word_1_347' title='bbox 485 2303 565 2332; x_wconf 84' lang='lat' dir='ltr'>Tim.</span> <span class='ocrx_word' id='word_1_348' title='bbox 586 2304 660 2338; x_wconf 76' lang='grc' dir='ltr'>ΙΙΙ,</span> <span class='ocrx_word' id='word_1_349' title='bbox 679 2307 704 2332; x_wconf 91' lang='grc'>1.</span> <span class='ocrx_word' id='word_1_350' title='bbox 730 2304 846 2339; x_wconf 72' lang='lat' dir='ltr'>Judae,</span> <span class='ocrx_word' id='word_1_351' title='bbox 865 2307 907 2332; x_wconf 67' lang='lat' dir='ltr'>ls.</span> <span class='ocrx_word' id='word_1_352' title='bbox 922 2318 955 2323; x_wconf 90' lang='lat'><em>-</em></span> <span class='ocrx_word' id='word_1_353' title='bbox 975 2305 1004 2337; x_wconf 77' lang='lat'>4]</span> <span class='ocrx_word' id='word_1_354' title='bbox 1022 2305 1075 2332; x_wconf 67' lang='grc' dir='ltr'>ΕΖ.</span> <span class='ocrx_word' id='word_1_355' title='bbox 1102 2304 1190 2339; x_wconf 77' lang='lat' dir='ltr'>XII,</span> <span class='ocrx_word' id='word_1_356' title='bbox 1212 2306 1256 2331; x_wconf 76' lang='grc'>27.</span> <span class='ocrx_word' id='word_1_357' title='bbox 1273 2319 1308 2322; x_wconf 77' lang='lat'>-</span> <span class='ocrx_word' id='word_1_358' title='bbox 1330 2304 1376 2336; x_wconf 76' lang='lat' dir='ltr'>lo]</span> <span class='ocrx_word' id='word_1_359' title='bbox 1398 2304 1413 2330; x_wconf 94' lang='lat' dir='ltr'>I</span> <span class='ocrx_word' id='word_1_360' title='bbox 1435 2303 1548 2331; x_wconf 81' lang='lat' dir='ltr'>Thess.</span> <span class='ocrx_word' id='word_1_361' title='bbox 1562 2303 1600 2336; x_wconf 71' lang='lat' dir='ltr'>V,</span> <span class='ocrx_word' id='word_1_362' title='bbox 1619 2305 1646 2329; x_wconf 80' lang='grc'>2.</span> <span class='ocrx_word' id='word_1_363' title='bbox 1670 2302 1770 2334; x_wconf 79' lang='lat' dir='ltr'>Apoc.</span> <span class='ocrx_word' id='word_1_364' title='bbox 1794 2301 1865 2336; x_wconf 83' lang='lat'>111,</span> <span class='ocrx_word' id='word_1_365' title='bbox 1889 2303 1905 2328; x_wconf 80' lang='lat'><strong>3</strong></span> <span class='ocrx_word' id='word_1_366' title='bbox 1922 2303 1956 2328; x_wconf 69' lang='lat' dir='ltr'>ei:</span> 
     </span>
     <span class='ocr_line' id='line_1_39' title="bbox 126 2344 1463 2383; baseline 0 -10"><span class='ocrx_word' id='word_1_367' title='bbox 126 2344 219 2380; x_wconf 80' lang='lat' dir='ltr'>XVI,</span> <span class='ocrx_word' id='word_1_368' title='bbox 234 2348 276 2374; x_wconf 87' lang='lat'>15.</span> <span class='ocrx_word' id='word_1_369' title='bbox 290 2361 325 2366; x_wconf 89' lang='lat'>--</span> <span class='ocrx_word' id='word_1_370' title='bbox 340 2348 386 2381; x_wconf 85' lang='lat'>13]</span> <span class='ocrx_word' id='word_1_371' title='bbox 402 2346 447 2374; x_wconf 83' lang='lat' dir='ltr'>Is.</span> <span class='ocrx_word' id='word_1_372' title='bbox 466 2347 567 2382; x_wconf 76' lang='lat' dir='ltr'>LXV,</span> <span class='ocrx_word' id='word_1_373' title='bbox 581 2350 614 2375; x_wconf 85' lang='grc'>17</span> <span class='ocrx_word' id='word_1_374' title='bbox 633 2349 667 2374; x_wconf 83' lang='lat' dir='ltr'>et</span> <span class='ocrx_word' id='word_1_375' title='bbox 682 2346 803 2383; x_wconf 73' lang='lat' dir='ltr'>LXVI,</span> <span class='ocrx_word' id='word_1_376' title='bbox 817 2350 860 2375; x_wconf 71' lang='lat'>22.</span> <span class='ocrx_word' id='word_1_377' title='bbox 878 2346 979 2379; x_wconf 84' lang='lat' dir='ltr'>Apoc.</span> <span class='ocrx_word' id='word_1_378' title='bbox 992 2347 1086 2382; x_wconf 81' lang='lat' dir='ltr'>XXI,</span> <span class='ocrx_word' id='word_1_379' title='bbox 1105 2349 1129 2374; x_wconf 88' lang='lat'>1.</span> <span class='ocrx_word' id='word_1_380' title='bbox 1143 2360 1178 2365; x_wconf 93' lang='lat'>—-</span> <span class='ocrx_word' id='word_1_381' title='bbox 1196 2346 1243 2379; x_wconf 88' lang='lat'>15]</span> <span class='ocrx_word' id='word_1_382' title='bbox 1258 2347 1353 2374; x_wconf 81' lang='lat' dir='ltr'>Hom.</span> <span class='ocrx_word' id='word_1_383' title='bbox 1374 2346 1419 2381; x_wconf 88' lang='lat' dir='ltr'>II,</span> <span class='ocrx_word' id='word_1_384' title='bbox 1436 2348 1463 2374; x_wconf 70' lang='lat'>4.</span> 
     </span>
    </p>
   </div>
   <div class='ocr_carea' id='block_1_8' title="bbox 781 2732 1292 3162">
    <p class='ocr_par' dir='ltr' id='par_1_10' title="bbox 781 2732 1292 3162">
     <span class='ocr_line' id='line_1_40' title="bbox 781 2732 1292 3162; baseline 0 699"><span class='ocrx_word' id='word_1_385' title='bbox 781 2732 1292 3162; x_wconf 95' lang='lat' dir='ltr'> </span> 
     </span>
    </p>
   </div>
   <div class='ocr_carea' id='block_1_9' title="bbox 2046 677 2246 750">
    <p class='ocr_par' dir='ltr' id='par_1_11' title="bbox 2046 677 2246 750">
     <span class='ocr_line' id='line_1_41' title="bbox 2062 677 2241 711; baseline 0.011 -8"><span class='ocrx_word' id='word_1_386' title='bbox 2062 677 2241 711; x_wconf 71' lang='lat' dir='ltr'>Illusorum</span> 
     </span>
     <span class='ocr_line' id='line_1_42' title="bbox 2046 721 2246 750; baseline 0.005 -3"><span class='ocrx_word' id='word_1_387' title='bbox 2046 721 2246 750; x_wconf 50' lang='lat' dir='ltr'>confutatio.</span> 
     </span>
    </p>
   </div>
   <div class='ocr_carea' id='block_1_10' title="bbox 2026 1323 2263 1441">
    <p class='ocr_par' dir='ltr' id='par_1_12' title="bbox 2026 1323 2263 1441">
     <span class='ocr_line' id='line_1_43' title="bbox 2026 1323 2263 1352; baseline 0.004 -1"><span class='ocrx_word' id='word_1_388' title='bbox 2026 1323 2102 1352; x_wconf 70' lang='lat' dir='ltr'>Dies</span> <span class='ocrx_word' id='word_1_389' title='bbox 2131 1324 2263 1352; x_wconf 34' lang='lat' dir='ltr'>Domin.</span> 
     </span>
     <span class='ocr_line' id='line_1_44' title="bbox 2039 1371 2248 1401; baseline 0.005 -6"><span class='ocrx_word' id='word_1_390' title='bbox 2039 1371 2173 1401; x_wconf 76' lang='lat' dir='ltr'>paratos</span> <span class='ocrx_word' id='word_1_391' title='bbox 2190 1376 2248 1396; x_wconf 83' lang='lat' dir='ltr'>no·</span> 
     </span>
     <span class='ocr_line' id='line_1_45' title="bbox 2065 1411 2226 1441; baseline -0.006 -1"><span class='ocrx_word' id='word_1_392' title='bbox 2065 1411 2226 1441; x_wconf 68' lang='lat' dir='ltr'>inveniat,</span> 
     </span>
    </p>
   </div>
  </div>
 </body>
</html>
