2456 3861
191 776 236 804 De
255 774 366 803 causis

189 818 367 853 perplexis.

159 1482 262 1517 RegiS
276 1482 398 1511 electio

195 1530 229 1555 et
247 1525 364 1555 officia.

182 2488 267 2515 Jura
284 2493 390 2515 sacer-

229 2532 345 2560 dotum

166 2581 200 2605 et
213 2575 403 2605 levitarum.

210 3371 257 3399 De
277 3371 375 3399 falsis

216 3421 372 3448 verisque

203 3459 386 3492 prophetis.

461 183 544 226 178
966 181 1113 223 DEUT.
1146 179 1305 233 XVII,
1339 180 1365 220 4
1397 204 1457 211 —
1487 178 1672 232 XVIII,
1710 179 1775 221 10.

461 352 580 408 caeli,
609 366 705 408 quae
727 364 814 393 non
840 348 1052 405 praecepi,
1079 348 1095 373 4
1114 353 1158 390 et
1179 347 1262 389 hoc
1286 346 1370 388 tibi
1396 345 1534 389 fuerit
1555 346 1830 401 nuntiatum,
1854 346 2124 402 audiensque
2145 347 2288 404 inqui-

461 411 583 455 sieris
623 410 871 465 diligenter,
913 412 958 450 et
997 421 1150 449 verum
1187 420 1282 449 esse
1321 404 1554 462 repereris,
1590 410 1634 448 et
1670 404 1943 448 abominatio
1980 406 2106 448 facta
2141 412 2208 449 est
2243 407 2290 449 in

463 469 628 523 Israe13
663 469 680 495 5
705 468 865 510 educes
897 466 1042 508 virum
1071 479 1123 508 ac
1148 464 1400 520 mulierem,
1428 464 1502 520 qui
1526 478 1620 507 rem
1652 463 2042 507 sceleratissimam
2066 471 2290 522 perpetra-

461 532 582 584 runt,
613 527 670 570 ad
704 531 855 583 portas
888 525 1084 568 civitatis
1116 529 1225 580 tuae,
1253 529 1298 566 et
1329 522 1554 580 lapidibus
1584 523 1835 566 obruentur.
1873 524 1891 550 6
1914 523 1968 565 Ι11
2001 537 2073 566 ore
2107 523 2291 567 duorum

462 592 538 630 aut
562 586 695 629 trium
727 585 909 628 testium
940 583 1103 641 peribit
1135 583 1210 639 qui
1242 582 1560 637 interficietur3
1594 596 1725 625 nemo
1758 581 1997 637 occidatur,
2020 596 2106 625 uno
2139 589 2293 626 contra

462 661 506 689 se
530 646 704 689 dicente
729 643 1046 687 testimonium.
1073 642 1088 669 ⁷
1111 643 1272 686 Manus
1297 641 1479 685 testium
1503 641 1647 698 prima
1667 641 1904 684 interficiet
1928 655 2049 697 eum,
2070 646 2114 685 et
2134 655 2292 685 manus

460 704 617 760 reliqui
638 703 791 760 populi
815 707 1014 746 extrema
1038 702 1252 757 mittetur,
1283 706 1329 745 ut
1352 701 1531 744 auferas
1557 700 1724 743 malum
1750 700 1803 743 de
1828 700 1974 744 medio
1996 700 2075 744 tui.

519 763 537 790 3
555 763 601 808 Si
625 762 804 806 difficile
830 767 875 805 et
895 762 1156 818 ambiguum
1180 760 1298 818 apud
1323 767 1367 804 te
1388 759 1607 817 judicium
1632 774 1726 804 esse
1751 760 2028 817 perspexeris
2053 760 2169 803 inter
2193 775 2293 804 san-

462 822 643 879 guinem
667 827 712 865 et
735 821 1020 878 sanguinem,
1051 835 1230 864 causam
1252 825 1297 863 et
1321 834 1521 875 causam,
1545 819 1715 876 lepram
1740 824 1786 862 et
1809 819 2000 876 lepram,
2024 824 2069 862 01
2092 819 2295 875 judicum

461 882 579 925 intra
599 887 748 938 portas
772 886 871 924 tuas
892 881 1057 924 videris
1078 880 1214 923 verba
1235 879 1419 935 variari,
1439 893 1589 935 surge,
1609 884 1653 922 et
1677 878 1869 922 ascende
1894 879 1951 922 ad
1976 879 2143 935 locum,
2163 893 2293 934 quem

462 941 647 998 elegerit
672 940 889 984 Dominus
924 941 1043 983 Deus
1067 945 1188 995 tuus,
1222 938 1239 965 9
1260 939 1498 994 veniesque
1526 938 1583 981 ad
1617 938 1868 981 sacerdotes
1901 937 2071 981 levitici
2097 937 2290 994 generis,

462 1005 508 1045 et
531 1001 588 1044 ad
612 1000 811 1058 judicem
835 999 908 1055 qui
934 999 1072 1043 fuerit
1096 998 1172 1041 illo
1194 1003 1391 1054 tempore
1414 1014 1422 1052 3
1448 1011 1704 1053 quaeresque
1737 997 1794 1039 ab
1818 997 1900 1053 eis,
1925 997 1999 1052 qui
2032 997 2294 1040 indicabunt

461 1060 546 1103 tibi
567 1059 723 1116 judicii
744 1058 993 1104 veritatem.
1027 1058 1062 1084 ¹⁰
1088 1058 1147 1100 Et.
1168 1056 1309 1100 facies
1332 1056 1638 1112 quodcumque
1661 1056 1856 1099 dixerint
1877 1056 1952 1111 qui
1977 1062 2174 1112 praesunt
2198 1056 2294 1099 loco

462 1134 593 1176 quem
629 1118 814 1175 elegerit
848 1117 1087 1172 Dominus,
1118 1121 1164 1159 et
1199 1116 1430 1159 docuerint
1466 1120 1510 1158 10
1548 1114 1580 1140 11
1615 1115 1747 1170 juxta
1782 1115 1929 1171 legem
1970 1115 2097 1171 ejus,
2142 1129 2294 1171 seque·

461 1179 607 1234 risque
644 1177 913 1221 sententia-m
953 1191 1124 1231 eorum,
1158 1189 1240 1218 nec
1277 1174 1523 1217 declinabis
1563 1174 1621 1216 ad
1661 1173 1891 1217 dexteram
1923 1188 2064 1229 neque
2101 1174 2157 1217 ad
2190 1174 2295 1217 sini-

462 1243 614 1281 stram.
650 1236 685 1263 ¹⁸²
711 1236 794 1287 Qui
825 1240 975 1278 autem
1008 1234 1290 1292 superbierit,
1326 1234 1481 1277 nolens
1514 1233 1692 1276 obedire
1722 1233 1965 1276 sacerdotis
1990 1233 2195 1289 imperio,
2222 1233 2297 1289 qui

463 1311 514 1341 00
536 1300 734 1353 tempore
755 1294 981 1338 ministrat
1006 1294 1198 1338 Domino
1220 1295 1313 1336 Deo
1338 1298 1435 1349 tuo,
1459 1297 1504 1336 et
1526 1292 1702 1336 decreto
1727 1292 1912 1348 judicis,
1934 1292 2145 1336 morietur
2165 1292 2297 1336 homo

463 1356 559 1414 ille,
586 1359 634 1399 et
657 1355 834 1398 auferes
864 1354 1033 1397 malum
1058 1353 1112 1397 de
1135 1353 1294 1409 Israel,
1327 1352 1363 1379 13
1385 1356 1656 1408 cunctusque
1677 1351 1866 1408 populus
1887 1351 2072 1394 audiens
2097 1351 2295 1408 timebit,

462 1420 512 1458 ut
535 1415 683 1460 nullus
709 1413 918 1470 deinceps
944 1413 1213 1456 intumescat
1234 1411 1454 1469 superbia.

522 1476 557 1502 ¹4
583 1476 695 1519 Cum
718 1472 942 1531 ingressus
975 1473 1114 1516 fueris
1138 1477 1321 1527 terram,
1345 1486 1478 1527 quam
1513 1471 1729 1514 Dominus
1756 1472 1876 1514 Deus
1905 1476 2006 1515 tuus
2033 1471 2158 1514 dabit
2190 1470 2295 1527 tibi,

463 1541 508 1579 et
531 1534 778 1592 possederis
803 1548 922 1589 eam,
949 1531 1308 1586 habitaverisque
1341 1531 1386 1573 in
1412 1530 1510 1585 illa,
1546 1535 1592 1573 et
1620 1529 1784 1573 dixeris
1811 1546 1819 1574 :
1858 1530 2136 1574 Constituam
2169 1544 2299 1587 super

463 1609 533 1638 me
559 1608 728 1650 regem,
749 1593 864 1636 sicut
885 1591 1054 1635 habent
1075 1605 1227 1635 omnes
1251 1604 1329 1646 per
1347 1589 1581 1632 circuitum
1603 1589 1827 1645 nationes,
1851 1589 1887 1616 ¹5
1906 1604 2007 1633 eum
2032 1589 2297 1646 constitues,

464 1668 594 1710 quem
630 1652 846 1696 Dominus
873 1652 994 1694 Deus
1017 1656 1119 1693 tuus
1140 1649 1327 1706 elegerit
1361 1648 1414 1692 de
1448 1663 1630 1692 numero
1652 1649 1845 1691 fratrum
1876 1654 2064 1693 tuorum.
2089 1650 2189 1693 Non
2221 1663 2298 1705 po-

463 1713 569 1756 teris
609 1711 791 1755 alterius
832 1710 979 1767 gentis
1012 1708 1239 1752 hominem
1278 1722 1429 1764 regem
1465 1708 1636 1763 facere,
1678 1707 1752 1764 qui
1789 1723 1877 1751 non
1913 1708 1971 1750 sit
2007 1708 2148 1751 frater
2183 1713 2297 1752 tuus.

465 1772 501 1799 16
526 1772 724 1827 Cumque
756 1771 894 1813 fuerit
923 1768 1211 1824 constitutus,
1238 1781 1325 1810 non
1357 1767 1677 1823 multiplicabit
1708 1767 1794 1810 sibi
1823 1781 1976 1823 equos,
2003 1782 2085 1810 1100
2117 1767 2300 1811 reducet

464 1830 678 1888 populum
713 1829 759 1872 in
795 1831 1066 1886 AEgyptum,
1101 1826 1325 1884 equitatus
1369 1840 1550 1869 numero
1592 1826 1869 1883 sublevatus,
1911 1827 2159 1884 praesertim
2199 1841 2299 1869 cum

467 1890 685 1934 Dominus
721 1889 984 1946 praeceperit
1016 1887 1162 1943 vobis,
1199 1890 1249 1929 ut
1285 1899 1565 1942 nequaquam
1603 1885 1794 1942 amplius
1833 1900 1911 1942 per
1943 1886 2146 1929 eamdem
2179 1886 2299 1929 viam

464 1948 764 1993 revertamini.
793 1948 826 1974 ¹7
846 1949 946 1991 Non
971 1947 1156 1990 habebit
1176 1958 1334 1990 uxores
1355 1944 1590 2001 plurimas,
1612 1960 1711 2000 quae
1737 1945 1941 1988 alliciant
1964 1945 2163 1988 animum
2184 1946 2295 2002 ejus,

466 2023 607 2064 neque
641 2007 816 2064 argenti
848 2012 893 2051 et
926 2007 1020 2050 auri
1053 2007 1272 2049 immensa
1303 2004 1516 2062 pondera.
1554 2003 1586 2031 ¹8
1609 2005 1851 2060 Postquam
1883 2009 2033 2048 autem
2066 2004 2230 2048 sederit
2253 2004 2300 2047 in

466 2067 576 2111 solio
599 2067 727 2123 regni
753 2067 840 2123 sui,
867 2066 1089 2110 describet
1121 2065 1206 2108 sibi
1241 2063 1636 2108 Deuteronomium
1661 2063 1774 2120 legis
1806 2064 1941 2120 hujus
1974 2064 2020 2106 in
2052 2063 2298 2121 volumine,

467 2126 692 2184 accipiens
722 2126 950 2182 exemplar
983 2140 1009 2168 a
1041 2124 1344 2168 sacerdotibus
1369 2122 1563 2167 leviticae
1590 2123 1731 2166 tribus
1752 2141 1761 2178 3
1788 2123 1823 2149 19
1849 2130 1894 2167 01
1917 2123 2103 2167 habebit
2128 2137 2297 2180 secum,

467 2187 673 2242 legetque
710 2185 820 2228 illud
862 2185 1064 2228 omnibus
1105 2184 1261 2227 diebus
1301 2183 1407 2226 vitae
1444 2197 1558 2239 suae,
1596 2188 1645 2226 ut
1684 2182 1828 2226 discat
1864 2183 2020 2226 timere
2060 2182 2301 2226 Dominum

470 2248 614 2289 Deum
646 2260 794 2300 suum,
820 2246 870 2288 et
899 2244 1117 2287 custodire
1151 2243 1287 2286 verba
1320 2247 1364 2285 et
1397 2241 1670 2285 ceremonias
1702 2242 1820 2298 ejus,
1847 2256 1946 2298 quae
1979 2242 2025 2284 111
2057 2242 2156 2298 lege
2188 2257 2300 2299 prae-

469 2309 599 2362 cepta
630 2309 746 2347 sunt.
783 2303 819 2330 ²0
842 2305 940 2349 Nec
972 2304 1169 2346 elevetur
1201 2317 1275 2345 cor
1311 2302 1408 2358 ejus
1441 2301 1487 2344 in
1527 2301 1781 2358 superbiam
1817 2315 1947 2358 super
1979 2302 2142 2344 fratres
2175 2315 2299 2357 suos,

468 2378 610 2420 neque
633 2363 827 2407 declinet
843 2363 890 2406 in
907 2368 1081 2420 partem
1099 2362 1328 2405 dexteram
1346 2361 1418 2404 vel
1441 2360 1687 2417 sinistram,
1708 2366 1756 2404 ut
1777 2360 1910 2417 longo
1929 2366 2126 2419 tempore
2144 2366 2302 2417 regnet

468 2423 584 2480 ipse,
607 2428 653 2466 et
676 2422 757 2465 filii
782 2423 900 2480 ejus,
926 2436 1056 2479 super
1082 2422 1233 2465 Israel.

529 2483 637 2526 CAP.
663 2483 842 2526 XVIII.
874 2508 934 2515 —
967 2481 980 2507 ¹
1002 2482 1101 2524 Non
1127 2481 1357 2524 habebunt
1392 2480 1643 2524 sacerdotes
1680 2485 1724 2524 et
1759 2480 1930 2535 levitae,
1958 2483 2003 2522 et
2036 2493 2187 2523 omnes
2228 2479 2302 2536 qui

471 2543 524 2586 de
559 2542 715 2585 eadem
745 2541 863 2584 tribu
892 2546 1014 2597 sunt,
1048 2547 1221 2597 partem
1254 2546 1299 2583 et
1330 2539 1626 2583 hereditatem
1664 2553 1763 2582 cum
1800 2539 1967 2594 reliquo
2006 2539 2165 2595 Israel,
2201 2539 2304 2595 quia

471 2601 688 2645 sacrificia
712 2601 913 2657 Domini,
941 2606 986 2644 et
1011 2600 1258 2644 oblationes
1285 2599 1382 2656 ejus
1410 2599 1665 2655 comedent,
1692 2598 1709 2624 2
1727 2604 1771 2642 et
1796 2598 1908 2641 nihil
1933 2597 2054 2641 aliud
2079 2598 2304 2656 accipient

472 2661 525 2704 de
573 2660 850 2718 possessione
894 2661 1086 2702 fratrum
1131 2673 1337 2714 suorum3
1390 2658 1606 2701 Dominus
1655 2658 1773 2702 enim
1822 2658 1914 2714 ipse
1963 2663 2029 2700 est
2080 2657 2303 2701 hereditas

472 2734 642 2775 eorum,
669 2719 784 2762 sicut
809 2719 981 2763 locutus
1006 2724 1073 2762 est
1098 2719 1199 2762 illis.
1228 2718 1245 2745 3
1264 2719 1363 2762 Hoc
1397 2717 1480 2761 erit
1511 2717 1732 2774 judicium
1757 2717 2037 2760 sacerdotum
2061 2731 2088 2759 a
2117 2717 2299 2774 populo,

473 2784 518 2821 et
549 2779 605 2822 ab
637 2779 706 2822 his
740 2779 813 2835 qui
847 2778 1041 2821 offerunt
1065 2778 1272 2821 victimas
1302 2794 1310 2822 :
1350 2778 1442 2821 sive
1472 2777 1655 2835 bovem,
1680 2776 1774 2820 sive
1800 2790 1928 2819 ovem
1953 2775 2301 2832 immolaverint,

473 2838 644 2881 dabunt
674 2838 893 2881 sacerdoti
925 2852 1095 2880 armum
1127 2852 1179 2880 ac
1212 2837 1533 2891 ventriculum,
1569 2835 1824 2894 4primitias
1858 2835 2094 2889 frumenti,
2118 2834 2233 2891 vini,
2259 2841 2305 2879 et

474 2897 580 2953 olei,
616 2902 660 2940 et
692 2897 895 2940 lanarum
928 2902 1100 2953 partem
1125 2911 1181 2939 ex
1207 2896 1355 2940 ovium
1382 2895 1598 2940 tonsione.
1626 2896 1642 2923 ⁵
1660 2897 1815 2953 Ipsum
1845 2895 1965 2938 enim
1988 2894 2125 2950 elegit
2151 2894 2304 2938 Domi-

474 2970 556 2999 nus
595 2957 713 2999 Deus
750 2962 850 2999 tuus
890 2956 944 2999 de
985 2956 1156 2999 cunctis
1197 2955 1399 2999 tribubus
1432 2955 1540 3010 tuis,
1578 2960 1627 2998 ut
1663 2960 1769 3011 stet,
1797 2958 1843 2997 et
1877 2954 2100 2997 ministret
2136 2953 2305 2997 nomini

475 3015 656 3059 Domini
689 3015 803 3072 ipse,
843 3020 887 3059 et
919 3015 1000 3058 filii
1037 3015 1155 3071 ejus,
1191 3015 1237 3057 in
1270 3015 1602 3072 sempiternum.
1636 3014 1653 3041 6
1679 3014 1723 3058 Si
1755 3012 1915 3058 exierit
1946 3013 2103 3057 levites
2133 3028 2188 3057 ex
2217 3026 2307 3056 una.

475 3073 650 3117 urbium
674 3079 849 3117 tuarum
874 3089 930 3118 ex
960 3075 1079 3117 omni
1106 3075 1246 3117 Israel
1271 3074 1317 3117 in
1340 3089 1426 3131 qua
1447 3074 1636 3130 habitat,
1661 3078 1705 3117 et
1729 3073 1919 3116 voluerit
1940 3072 2106 3130 venire,
2133 3072 2306 3116 deside-

474 3147 577 3176 rans
610 3133 756 3177 locum
792 3148 922 3189 quem
961 3134 1145 3190 elegerit
1187 3134 1424 3189 Dominus,
1463 3132 1478 3159 7
1504 3131 1777 3176 ministrabit
1817 3132 1863 3175 in
1902 3131 2080 3176 nomine
2123 3130 2304 3176 Domini

477 3192 561 3236 Dei
593 3192 680 3248 sui,
714 3192 829 3235 sicut
857 3207 1009 3236 omnes
1041 3193 1204 3236 fratres
1230 3193 1327 3249 ejus
1353 3192 1524 3247 levitae,
1548 3191 1622 3248 qui
1647 3191 1830 3234 stabunt
1859 3206 1910 3235 eo
1935 3197 2133 3248 tempore
2157 3205 2304 3234 coram

478 3252 683 3296 Domino.
709 3251 726 3278 ⁸
746 3252 923 3294 Partem
946 3252 1143 3295 ciborum
1166 3253 1370 3296 eamdem
1395 3252 1598 3310 accipiet,
1624 3264 1758 3308 quam
1783 3256 1827 3293 et
1857 3251 2003 3307 ceteri,
2032 3255 2218 3308 excepto
2240 3262 2305 3306 eO,

477 3311 593 3368 quod
618 3311 664 3354 in
689 3311 796 3354 urbe
818 3325 897 3353 sua
919 3325 973 3354 ex
999 3317 1184 3368 paterna
1210 3312 1250 3354 ei
1275 3311 1553 3355 successione
1578 3311 1775 3354 debetur.

536 3371 555 3398 9
571 3370 754 3423 Quando
777 3370 998 3426 ingressus
1024 3370 1162 3413 fueris
1189 3376 1350 3413 terram
1380 3385 1511 3427 quam
1538 3369 1752 3414 Dominus
1781 3371 1900 3413 Deus
1921 3375 2022 3413 tuus
2049 3368 2175 3411 dabit
2199 3369 2303 3425 tibi,

478 3445 587 3475 cave
616 3444 671 3474 ne
703 3429 869 3472 imitari
899 3429 1010 3472 velis
1045 3429 1397 3473 abominationes
1433 3430 1608 3472 illarum
1634 3428 1863 3484 gentium3
1893 3428 1929 3456 ¹⁰
1946 3442 2027 3472 nec
2052 3427 2306 3470 inveniatur

478 3490 523 3532 in
557 3495 600 3533 te
637 3489 711 3546 qui
743 3489 899 3532 lustret
935 3488 1075 3531 filium
1109 3502 1257 3545 suum,
1292 3498 1370 3531 aut
1406 3488 1566 3544 filiam,
1604 3487 1770 3531 ducens
1803 3502 1881 3545 per
1913 3487 2085 3543 ignem,
2122 3492 2200 3529 aut
2231 3485 2307 3543 qui

481 3655 509 3688 6]
530 3655 594 3683 Inf.
616 3655 718 3689 XIX,
737 3657 780 3683 15.
809 3655 931 3682 Matth.
954 3655 1092 3689 XVIII,
1118 3657 1161 3682 16.
1189 3655 1223 3681 II
1245 3654 1315 3682 Cor.
1334 3654 1442 3688 XIII,
1460 3656 1485 3681 1.
1518 3668 1554 3673 —
1584 3654 1612 3687 7]
1631 3653 1708 3684 Sup.
1724 3653 1831 3687 XIII,
1848 3656 1874 3681 9.
1892 3668 1928 3672 —
1951 3653 1981 3686 9]
2005 3652 2039 3680 II
2061 3652 2133 3680 Par.
2156 3652 2258 3686 XIX,
2277 3654 2306 3681 8.

480 3713 515 3718 —
530 3699 557 3733 1]
580 3699 676 3727 Num.
698 3697 828 3733 XVIII,
841 3701 934 3726 20-23.
957 3698 1034 3730 sup.
1053 3698 1095 3733 X,
1113 3702 1138 3726 9.
1162 3697 1175 3724 1
1198 3698 1269 3725 Cor.
1288 3697 1348 3732 IX,
1364 3700 1405 3725 13.
1434 3711 1468 3715 —
1502 3697 1530 3730 4]
1549 3697 1645 3724 Num.
1664 3696 1795 3732 XVIII,
1818 3699 1861 3725 11.
1883 3710 1918 3715 —-
1940 3697 1987 3730 10]
2007 3696 2085 3724 Lev.
2103 3695 2180 3731 XX,
2203 3697 2249 3724 27.
