2456 3861
501 180 586 222 324
1139 173 1214 214 III
1252 172 1364 214 REG.
1399 171 1514 223 VII,
1549 171 1681 214 9-31.

244 362 392 392 Materia?
559 348 576 374 9
602 346 760 390 Omnia
786 342 1009 399 lapidibus
1050 339 1272 398 pretiosis,
1309 338 1381 394 qui
1407 338 1463 381 ad
1491 352 1693 381 normam
1718 339 1958 394 quamdam
1990 344 2124 395 atque
2155 355 2328 384 mensu-

232 406 400 435 adhibitae·
500 421 593 448 ram
616 411 708 447 tani
731 402 996 445 intrinsecus
1019 414 1152 456 quam
1178 398 1451 442 extrinsecus
1476 396 1630 440 serrati
1652 402 1798 451 erant,
1823 412 1849 439 a
1874 397 2171 442 fundamento
2195 414 2331 455 usque

499 465 555 506 ad
588 462 893 506 summitatem
917 459 1158 517 parietum,
1182 463 1225 501 et
1251 456 1522 501 extrinsecus
1548 470 1685 511 usque
1709 456 1766 498 ad
1791 456 1955 499 atrium
1973 457 2134 513 majus.
2160 457 2197 484 1⁰
2214 459 2330 501 Fun-

501 523 710 565 damenta
735 526 885 564 autem
911 519 966 562 de
990 517 1214 575 lapidibus
1240 515 1464 573 pretiosis,
1487 514 1711 572 lapidibus
1738 516 1912 571 magnis
1940 515 2094 559 decem
2116 516 2209 559 sive
2235 523 2334 559 octo

501 581 764 624 cubitorum.
792 579 825 606 ¹¹
857 580 914 621 Et
952 577 1138 634 desuper
1166 575 1337 633 lapides
1367 575 1546 632 pretiosi
1582 574 1765 629 aequalis
1799 589 2018 618 mensurae
2052 575 2162 618 secti
2189 582 2334 630 era-nt,

500 640 791 695 similiterque
817 639 870 682 de
893 637 1037 681 cedro.
1066 635 1101 662 ¹2
1127 637 1184 678 Et
1208 635 1372 677 atrium
1399 634 1544 690 majus
1577 633 1837 689 rotundum,
1872 634 2008 677 trium
2041 634 2247 677 ordinum
2280 633 2334 676 de

500 699 724 756 lapidibus
750 697 881 741 sectis
907 703 951 740 et
976 695 1106 739 unius
1133 694 1299 738 ordinis
1323 694 1376 737 de
1402 693 1549 736 dolata
1578 691 1733 747 cedro,
1758 707 1930 737 necnon
1954 697 1996 735 et
2028 693 2075 736 in
2113 693 2225 736 atrio
2259 692 2333 736 do-

501 773 597 802 mus
626 757 806 802 Domini
829 755 1046 811 interiori,
1075 760 1117 798 et
1142 754 1189 796 in
1214 753 1386 810 porticu
1409 753 1579 796 domus.

790 881 812 934 ξ
839 879 919 921 IV.
945 904 1005 909 -—
1028 876 1236 932 Supelleae
1256 876 1386 918 varia
1407 875 1470 917 ad
1492 889 1620 917 usam
1648 874 1797 930 templi
1810 876 2045 930 pertinens.

213 1011 344 1041 citatur
369 1017 417 1037 ar·
564 997 597 1024 ¹3
622 995 747 1038 Misit
773 1007 944 1050 quoque
968 1007 1045 1035 rex
1072 991 1301 1045 Salomon,
1329 995 1372 1032 et
1395 990 1498 1032 tulit
1525 990 1685 1032 Hiram
1712 990 1765 1032 de
1791 988 1929 1045 Tyro,
1958 989 1992 1016 ¹²
2018 990 2160 1032 filium
2183 989 2340 1034 mulie-

216 1054 404 1134 mageiiffiw
499 1057 558 1099 rie.
584 1055 733 1098 viduae
761 1054 814 1097 de
841 1052 959 1095 tribu
985 1049 1250 1107 Nephthali,
1274 1054 1398 1105 patre
1421 1048 1575 1104 Tyrio,
1601 1048 1819 1091 artificem
1843 1049 2067 1105 aerarium,
2091 1055 2134 1092 et
2159 1049 2339 1106 plenum

501 1114 720 1172 sapientia
753 1119 796 1157 et
827 1110 1128 1166 intelligentia
1162 1114 1204 1151 et
1238 1107 1437 1151 doctrina
1466 1107 1523 1150 ad
1552 1107 1814 1150 faciendum
1849 1121 1977 1151 omne
2011 1122 2118 1164 opus
2151 1122 2206 1152 ex
2241 1123 2339 1152 aere.

502 1175 584 1226 Qui
608 1188 709 1217 cum
733 1171 926 1216 venisset
951 1170 1008 1212 ad
1033 1183 1184 1224 regem
1208 1167 1512 1222 Salomonem,
1541 1166 1652 1210 fecit
1678 1181 1808 1210 omne
1835 1180 1942 1224 opus
1968 1167 2101 1223 ejus.-

283 1254 363 1282 Duae
561 1233 597 1261 ‘¹5
623 1234 681 1276 Et
703 1231 833 1274 finxit
859 1230 968 1273 duas
995 1228 1225 1271 columnas
1254 1241 1414 1281 aereaS,
1442 1226 1595 1269 decem
1622 1231 1665 1269 et
1688 1230 1786 1269 octo
1813 1226 2063 1270 cubitorum
2089 1227 2341 1270 altitudinis

231 1298 403 1326 001111111120-
503 1294 758 1338 columnam
802 1303 963 1344 unam,
1012 1293 1055 1330 et
1088 1287 1206 1329 linea
1251 1285 1485 1328 duodecim
1523 1285 1774 1329 cubitorum
1818 1286 2047 1330 ambiebat
2089 1286 2342 1330 columnam

503 1358 748 1407 utramque.
772 1349 808 1375 ¹⁶
836 1350 934 1392 Duo
962 1361 1133 1404 quoque
1160 1345 1369 1402 capitella
1395 1345 1506 1388 fecit
1528 1359 1627 1400 quae
1650 1351 1918 1402 ponerentur
1942 1359 2072 1402 super
2097 1346 2244 1403 capita
2270 1359 2338 1389 co-

502 1413 778 1465 lumnarum,
823 1407 977 1451 fusilia
1024 1421 1078 1450 ex
1118 1420 1226 1458 aere3
1268 1405 1460 1460 quinque
1498 1404 1748 1447 cubitorum
1787 1404 2039 1448 altitudinis
2085 1405 2344 1463 capitellum

503 1485 662 1525 unum,
690 1474 733 1513 et
759 1468 951 1524 quinque
978 1465 1229 1510 cubitorum
1254 1463 1507 1507 altitudinis
1542 1463 1801 1520 capitellum
1827 1464 2042 1520 alterum,
2079 1464 2112 1491 17
2140 1470 2183 1508 et
2220 1463 2344 1521 quasi

503 1532 547 1574 in
586 1529 768 1572 modum
808 1526 914 1570 retis
956 1532 998 1569 et
1040 1530 1299 1568 catenarum
1343 1523 1428 1566 sibi
1469 1523 1663 1566 invicem
1698 1523 1808 1566 miro
1848 1538 1976 1581 opere
2021 1530 2344 1568 contextarum.

504 1592 756 1644 Utrumque
779 1585 1039 1643 capitellum
1062 1584 1371 1627 columnarum
1388 1582 1523 1625 fusile
1550 1588 1666 1638 erat;
1694 1588 1879 1639 septena
1902 1597 2109 1627 versuum
2132 1583 2345 1627 retiacula

504 1651 549 1692 iu
576 1646 783 1705 capitello
818 1660 927 1699 uno,
962 1650 1005 1688 et
1034 1649 1216 1700 septena
1253 1641 1467 1686 retiacula
1500 1642 1547 1684 in
1584 1642 1792 1698 capitello
1825 1642 1978 1686 altero.
2014 1643 2048 1670 ¹8
2072 1645 2129 1686 Et
2157 1642 2347 1700 perfecit

506 1709 757 1760 columnas,
796 1711 839 1749 et
872 1704 981 1747 duos
1015 1702 1190 1747 ordines
1224 1716 1300 1760 per
1341 1701 1576 1744 circuitum
1612 1701 1928 1744 retiaculorum
1961 1703 2262 1759 singulorum,
2299 1707 2348 1744 ut

506 1771 707 1825 tegerent
729 1764 937 1823 capitella
963 1777 1061 1819 quae
1081 1767 1206 1805 erant
1228 1776 1358 1819 super
1383 1761 1709 1817 summitatem,
1734 1761 2169 1818 malogranatorum,
2193 1761 2347 1805 eodem

507 1827 638 1870 modo
659 1825 772 1869 fecit
798 1830 841 1868 et
863 1822 1073 1880 capitello
1095 1821 1302 1865 secundo.
1332 1820 1366 1847 '¹9
1389 1820 1609 1876 Capitella
1633 1828 1806 1872 autem,
1834 1835 1933 1877 quae
1956 1827 2082 1865 erant
2115 1835 2246 1879 super
2277 1835 2347 1864 ca-

506 1888 599 1944 pita
626 1885 955 1938 columnarum,
984 1881 1108 1938 quasi
1132 1895 1260 1937 opere
1285 1880 1369 1922 lilii
1395 1879 1617 1922 fabricata
1645 1885 1769 1923 erant
1793 1880 1839 1922 in
1863 1881 2036 1937 porticu
2063 1886 2250 1937 quatuor
2275 1894 2347 1923 cu-

507 1947 714 1989 bitorum.
743 1943 780 1970 ‘2⁰
807 1944 863 1986 Et
884 1956 1058 1985 rursum
1083 1940 1172 1983 alia
1200 1939 1409 1996 capitella
1435 1939 1481 1980 in
1509 1939 1767 1982 summitate
1798 1940 2107 1983 columnarum
2140 1940 2347 1997 desuper,

507 2006 637 2061 juxta
661 2015 915 2046 mensuram
941 2001 1161 2044 columnae
1185 2004 1338 2043 contra
1371 1998 1612 2054 retiacula3
1645 1998 2054 2054 malogranatorum
2086 2005 2238 2043 autem
2271 1999 2347 2042 du-

509 2064 626 2107 centi
643 2062 816 2106 ordines
832 2066 958 2105 erant
975 2060 1022 2103 in
1041 2060 1229 2103 circuitu
1244 2058 1442 2115 capitelli
1460 2058 1658 2101 secundi.
1679 2057 1712 2083 9¹
1734 2059 1790 2100 Et
1809 2059 1966 2101 statuit
1985 2059 2095 2102 duas
2121 2059 2348 2103 columnas

508 2124 553 2166 in
579 2122 751 2180 porticu
784 2119 966 2176 templi,
996 2133 1183 2175 cumque
1217 2117 1446 2161 statuisset
1475 2117 1730 2161 columnam
1760 2118 2013 2174 dexteram,
2046 2118 2223 2162 vocavit
2253 2132 2350 2161 eam

510 2182 688 2225 nomine
717 2180 906 2235 Jachin3
934 2179 1140 2222 similiter
1167 2177 1308 2222 erexit
1330 2177 1584 2220 columnam
1611 2177 1876 2232 secundam,
1903 2183 1946 2221 et
1978 2178 2158 2221 vocavit
2189 2191 2350 2220 nomen

511 2243 607 2299 ejus
636 2243 766 2284 Booz.
793 2239 830 2266 “2²2
856 2241 914 2282 Et
947 2253 1077 2296 super
1111 2238 1258 2295 capita
1293 2236 1600 2280 columnarum
1634 2250 1742 2294 opus
1774 2236 1821 2278 in
1852 2237 2034 2280 modum
2063 2237 2147 2280 lilii
2177 2236 2349 2295 posuit;

511 2301 850 2359 perfectumque
872 2303 938 2342 est
963 2313 1072 2356 opus
1096 2298 1416 2341 columnarum.

282 2370 373 2398 Mare
571 2360 608 2386 '23
636 2359 762 2403 Fecit
788 2372 959 2414 quoque
985 2373 1105 2402 mare
1131 2357 1267 2400 fusile
1287 2357 1441 2400 decern
1464 2357 1714 2400 cubit-orum
1737 2373 1760 2400 a
1784 2357 1904 2400 labio
1924 2371 2060 2414 usque
2084 2357 2141 2400 ad
2167 2356 2350 2411 labium,

257 2419 394 2443 aeneum.
512 2419 753 2463 rotundum
773 2418 820 2460 in
844 2417 1056 2470 circuitu3
1083 2417 1274 2473 quinque
1300 2416 1551 2460 cubitorum
1580 2416 1772 2460 altitudo
1799 2420 1918 2476 ejus,
1953 2421 1997 2459 et
2029 2416 2239 2471 resticula
2275 2415 2351 2458 tri-

513 2480 639 2535 ginta
666 2478 916 2521 cubitorum
939 2477 1149 2533 cingebat
1172 2476 1285 2519 illud
1311 2490 1387 2532 per
1412 2476 1662 2519 circuitum.
1697 2475 1734 2502 ²4
1760 2478 1818 2519 Et
1850 2476 2077 2532 sculptura
2110 2475 2262 2518 subter
2289 2475 2351 2518 la-

513 2539 638 2581 bium
664 2537 880 2581 circuibat
905 2536 1017 2579 illud
1041 2536 1195 2579 decem
1218 2535 1379 2579 cubitis
1404 2535 1606 2578 ambiens
1630 2550 1750 2580 mare
1767 2553 1775 2590 3
1795 2535 1881 2578 duo
1904 2535 2079 2578 ordines
2106 2534 2350 2591 sculptura-

514 2612 612 2641 rum
633 2597 889 2640 striatarum
917 2601 1041 2639 erant
1065 2596 1237 2638 fusiles.
1261 2594 1298 2621 25
1321 2596 1378 2637 Et
1403 2595 1550 2638 stabat
1571 2609 1702 2652 super
1724 2594 1959 2638 duodecim
1978 2594 2133 2649 boves,
2157 2608 2180 2637 e
2195 2593 2352 2649 quibus

515 2664 601 2700 tres
623 2656 921 2713 respiciebant
945 2656 1002 2699 ad
1028 2655 1302 2711 aquilonem,
1331 2660 1374 2697 et
1398 2659 1484 2697 tres
1522 2654 1579 2697 ad
1613 2654 1912 2709 occidentem,
1940 2659 1983 2697 et
2016 2659 2103 2697 tres
2136 2653 2193 2696 ad
2224 2652 2352 2695 meri-

517 2717 659 2771 diem,
683 2721 726 2758 et
751 2720 839 2758 tres
864 2714 920 2758 ad
947 2715 1186 2769 orientem3
1212 2720 1255 2758 et
1281 2729 1401 2758 mare
1425 2728 1557 2771 super
1578 2728 1650 2757 eos¹
1677 2714 1863 2770 desuper
1895 2718 2013 2768 erat;
2046 2727 2230 2769 quorum
2256 2726 2352 2769 pos-

517 2776 675 2818 teriora
701 2775 907 2818 universa
931 2774 1197 2818 intrinsecus
1224 2774 1478 2816 latitabant.
1501 2772 1538 2799 2⁶
1563 2773 1824 2817 Grossitudo
1857 2778 2007 2815 autem
2041 2771 2193 2815 luteris
2219 2771 2352 2814 trium

518 2835 749 2877 unciarum
776 2840 894 2889 erat;
934 2834 1189 2889 labiumque
1223 2833 1320 2889 ejus
1355 2833 1480 2889 quasi
1515 2832 1684 2875 labium
1716 2831 1868 2875 calicis
1900 2836 1943 2874 et
1975 2831 2137 2874 folium
2169 2829 2353 2887 repandi

520 2894 617 2936 lilii.
644 2895 742 2936 Duo
767 2893 908 2935 millia
934 2893 1061 2936 batos
1088 2893 1305 2950 capiebat.
2389 2883 2394 2914 ¹

279 2971 396 2994 necem
579 2952 612 2978 '2⁷
641 2953 698 2994 Et
722 2952 835 2995 fecit
861 2953 1014 2996 decem
1039 2953 1166 2996 bases
1195 2967 1361 3008 aeneas,
1396 2959 1584 3008 quatuor
1617 2953 1865 2996 cubitorum
1900 2951 2194 3008 longitudinis
2227 2951 2354 2994 bases
2418 2965 2422 2968 ·

264 3011 404 3038 ramera.
519 3011 739 3066 singulas,
763 3017 805 3054 et
830 3017 1017 3067 quatuor
1042 3012 1293 3055 cubitorum
1315 3012 1564 3055 latitudinis
1591 3018 1634 3056 et
1654 3012 1789 3055 trium
1812 3012 2062 3055 cubitorum
2087 3009 2353 3054 altitudinis.

520 3069 556 3097 ”2⁸
580 3072 635 3113 Et
659 3070 804 3126 ipsum
832 3084 938 3126 opus
964 3071 1139 3114 basium
1170 3071 1419 3115 interrasile
1452 3077 1572 3126 erat;
1609 3077 1652 3116 et
1687 3070 1928 3128 sculpturae
1961 3071 2077 3114 inter
2108 3070 2354 3126 juncturas.

520 3129 557 3155 29
583 3130 639 3172 Et
670 3129 785 3172 inter
818 3130 1047 3172 coronulas
1081 3136 1124 3174 et
1156 3131 1346 3188 plectas,
1388 3131 1557 3186 leones,
1591 3136 1634 3175 et
1666 3131 1822 3185 boves,
1861 3136 1903 3173 et
1941 3129 2191 3184 cherubim,
2230 3133 2273 3172 et.
2307 3127 2355 3170 in

520 3188 741 3246 juncturis
767 3188 972 3231 similiter
997 3189 1206 3247 desuper,
1235 3196 1278 3233 et
1304 3191 1454 3233 subter
1478 3190 1626 3234 leones
1651 3195 1694 3233 et
1719 3189 1875 3245 boves,
1911 3189 2034 3245 quasi
2068 3188 2161 3231 lora
2187 3202 2241 3231 ex
2270 3201 2356 3230 aere

521 3247 830 3304 dependentia.
857 3246 894 3273 3⁰
921 3248 977 3290 Et
1002 3254 1190 3303 quatuor
1214 3255 1323 3292 rotae
1349 3264 1426 3306 per
1447 3249 1574 3293 bases
1596 3248 1816 3305 singulas,
1845 3254 1887 3292 et
1920 3263 2025 3292 axes
2055 3247 2182 3302 aerei3
2215 3252 2259 3289 et
2280 3259 2356 3303 per

521 3313 708 3363 quatuor
732 3311 878 3364 partes
905 3307 1026 3362 quasi
1051 3308 1270 3351 humeruli
1296 3309 1446 3352 subter
1476 3309 1661 3352 luterem
1686 3308 1865 3363 fusiles,
1900 3313 2053 3351 contra
2082 3321 2128 3350 se
2159 3306 2355 3349 invicem

520 3371 832 3423 respectantes
860 3365 893 3391 3¹
923 3367 980 3409 Os
1007 3380 1177 3422 quoque
1203 3367 1355 3411 luteris
1379 3368 1646 3412 intrinsecus
1680 3374 1773 3410 erat
1797 3367 1843 3410 in
1875 3367 2034 3424 capitis
2068 3365 2352 3419 summitate;

521 3431 564 3469 et
589 3425 703 3482 quod
730 3424 975 3468 forinsecus
1008 3426 1272 3482 apparebat,
1307 3427 1436 3469 unius
1470 3427 1609 3470 cubiti
1640 3432 1733 3469 erat
1767 3432 1910 3469 totum
1940 3425 2205 3479 rotundum3
2240 3422 2354 3481 pari·
2418 3438 2438 3467 :a

522 3491 672 3540 terque
696 3483 890 3527 habebat
915 3498 1051 3526 unum
1079 3484 1280 3528 cubitum
1302 3492 1345 3529 et
1367 3486 1628 3541 dimidium3
1655 3486 1700 3528 in
1734 3486 1911 3541 angulis
1943 3491 2094 3528 autem
2128 3483 2353 3527 columna-

523 3558 619 3585 rum
640 3543 775 3586 variae
796 3543 1021 3586 caelaturae
1037 3549 1162 3587 erant
1178 3561 1187 3599 ;
1205 3550 1248 3587 et
1267 3544 1413 3587 media
1431 3544 1771 3588 intercolumnia
1794 3545 2024 3601 quadrata,
2043 3557 2132 3586 non
2149 3540 2351 3586 rotunda.

2451 2303 2456 2317 -
2445 2141 2456 2295 urm-25⁴*

526 3688 572 3719 151¹
592 3688 659 3715 der.
678 3687 754 3722 LII,
774 3690 817 3715 21.
836 3702 870 3706 -
888 3688 934 3721 23]
956 3688 989 3714 ll
1010 3688 1081 3715 Par.
1101 3688 1197 3721 1v,2.
