2456 3861
743 126 855 169 LEV.
890 127 1030 181 VIII,
1063 128 1121 172 36
1151 153 1211 161 -—
1244 128 1309 183 X,
1339 129 1378 171 4.
1919 133 1973 174 99

150 299 384 344 manebitis
407 299 454 342 in
485 301 770 346 tabernaculo
796 303 1082 347 observantes
1112 305 1333 349 custodiae
1369 306 1569 362 Domini,
1605 321 1659 350 ne
1692 308 1968 365 moriamini;

146 358 209 402 sic
229 358 354 402 euim
379 358 486 402 mihi
518 366 787 417 praeceptum
821 367 899 405 est.
926 362 963 389 3⁰
982 363 1286 420 Feceruntque
1317 365 1467 408 Aaron
1494 370 1537 408 et
1570 365 1649 408 filii
1685 366 1780 422 ejus
1813 374 1972 411 cuncta

140 431 242 472 -quae
269 416 440 460 locutus
464 424 531 462 est
557 419 774 463 Dominus
796 435 872 477 per
896 435 1078 465 manum
1104 422 1261 479 Moysi.

529 538 554 594 ξ
586 538 650 580 ΙΙ.
686 563 743 570 ———
774 539 1071 595 Inauq-m-atto
1105 542 1340 585 ministerii
1375 543 1586 587 Aarom's.

201 648 309 691 CAP.
339 648 418 691 IX.
441 673 500 680 --
528 647 698 690 ¹*Facto
720 653 870 691 autem
901 654 1056 691 octavo
1084 649 1175 702 die,
1204 652 1380 694 vocavit
1407 654 1580 708 Moyses
1611 654 1759 697 Aaron
1790 659 1833 698 et
1862 655 1974 699 filios

141 706 259 761 ejus,
281 720 333 749 ac
355 705 548 761 majores
569 710 677 748 natu
701 706 860 760 Israel,
885 707 1085 763 dixitque
1110 708 1168 751 ad
1190 710 1338 751 Aaron
1358 727 1366 753 z
1387 709 1403 735 “2
1418 711 1544 755 Tolle
1566 712 1620 754 de
1641 718 1840 756 armento
1859 714 1973 756 vitu-

144 764 233 807 lum
257 779 334 821 pro
356 769 561 820 peccato,
589 769 631 807 et
656 764 839 808 arietem
865 765 911 807 in
934 765 1262 821 holocaustum,
1290 773 1522 824 utrumque
1543 769 1903 827 immaculatum,
1931 777 1973 816 et

140 824 252 866 offer
284 823 383 866 illos
418 836 566 866 coram
596 823 800 866 Domino.
828 823 920 866 3Et
946 824 1005 866 ad
1036 825 1147 868 filios
1182 826 1320 869 Israel
1351 826 1538 882 loqueris
1570 845 1577 871 :
1609 829 1772 872 Tollite
1801 831 1972 873 hircum

141 896 217 939 pro
242 886 446 939 peccato,
470 886 516 925 et
540 881 729 924 vitulum
755 888 889 938 atquc
915 897 1081 938 agnum
1103 883 1333 927 anniculos
1367 890 1410 928 et
1438 886 1532 929 sine
1560 887 1754 942 macula,
1781 888 1826 931 in
1853 890 1971 932 holo-

137 946 363 995 caustum,
383 939 400 966 4
413 941 573 984 bovem
592 945 634 983 et
652 941 836 984 afflietem
859 956 941 998 pro
954 941 1172 998 pacificis,
1192 948 1235 986 et
1254 943 1483 987 immolate
1502 959 1573 988 eos
1593 959 1740 988 coram
1762 948 1970 1003 Domino,

136 1000 183 1042 in
205 999 422 1043 sacrificio
451 999 724 1055 singulorum
747 999 943 1043 similam
966 1014 1247 1058 conspersam
1273 1002 1368 1045 oleo
1393 1003 1629 1047 offerentes
1651 1022 1660 1059 3
1695 1005 1825 1048 hodic
1855 1006 1972 1049 enim

140 1059 356 1102 Dominus
379 1058 613 1115 apparebit
634 1058 774 1102 vobis.
794 1059 811 1086 5
828 1059 1043 1103 'Pulcrunt
1069 1074 1172 1115 ergo
1195 1066 1354 1104 cuncta
1378 1076 1474 1117 quae
1499 1062 1689 1117 jusserat
1715 1063 1890 1120 Moyses
1915 1065 1972 1108 ad

135 1117 300 1160 ostium
322 1117 622 1172 tabernaculi3
647 1117 722 1160 u-bi
745 1132 847 1161 cum
871 1119 1014 1161 omnis
1044 1119 1283 1162 multitudo
1308 1125 1493 1175 astaret,
1521 1121 1538 1147 6
1554 1121 1618 1164 ait
1645 1123 1819 1178 Moyses
1846 1139 1854 1166 :
1881 1124 1973 1167 Iste

134 1182 203 1220 est
224 1190 388 1231 sermo,
412 1191 541 1232 quem
567 1177 778 1233 praecepit
801 1178 1018 1220 Dominus
1036 1195 1044 1222 :
1068 1178 1220 1233 facite,
1245 1184 1288 1222 et
1308 1180 1540 1235 apparebit
1558 1181 1683 1224 vobis
1702 1180 1843 1236 gloria
1861 1182 1970 1237 ejus.

134 1235 153 1261 '⁷
174 1236 230 1279 Et
255 1235 370 1278 dixit
390 1235 447 1278 ad
470 1236 647 1279 Aaron:
673 1236 853 1279 Accede
873 1237 931 1280 ad
952 1237 1112 1292 altare,
1140 1243 1184 1281 et
1211 1237 1394 1281 immola
1422 1253 1499 1295 pro
1529 1245 1712 1295 peccato
1737 1245 1836 1295 tuo3
1862 1240 1973 1284 offer

134 1294 464 1349 holocaustum,
503 1300 547 1338 et
583 1294 818 1351 deprecare
858 1309 936 1352 pro
972 1301 1015 1339 te
1052 1302 1095 1339 et
1136 1310 1212 1353 pro
1254 1297 1415 1353 populo
1435 1315 1444 1352 3
1485 1312 1673 1354 cumque
1706 1299 1971 1343 mactaveris

134 1353 327 1397 hostiam
348 1353 521 1411 populi,
544 1367 619 1396 ora
644 1368 721 1410 pro
745 1368 816 1409 eo,
844 1355 959 1398 sicut
980 1355 1191 1412 praecepit
1219 1356 1448 1399 Dominus

195 1414 212 1439 ⁸
223 1412 470 1468 Statimque
484 1412 634 1455 Aaron
642 1413 864 1456 accedens
879 1414 935 1456 acl
951 1414 1104 1469 altare,
1117 1414 1369 1457 immolavit
1385 1415 1574 1458 vitulum
1589 1431 1666 1473 pro
1678 1422 1863 1474 peccato
1878 1433 1968 1473 suo,

138 1472 298 1528 9cujus
314 1471 588 1527 sanguinem
611 1472 863 1515 obtulerunt
894 1472 932 1515 ei
961 1473 1042 1515 filii
1073 1472 1165 1528 sui;
1192 1473 1238 1515 in
1268 1488 1353 1529 quo
1379 1474 1556 1530 tingens
1583 1474 1795 1531 digitum,
1822 1477 1970 1533 tetigit

137 1545 298 1575 cornua
321 1530 497 1585 altaris,
521 1535 564 1573 et
585 1530 706 1573 fudit
734 1531 959 1574 residuum
988 1531 1045 1574 ad
1076 1532 1219 1574 basim
1247 1532 1357 1588 ejus.
1389 1532 1421 1558 ΡΟ
1439 1533 1719 1590 Adipemque
1744 1541 1787 1578 et
1812 1550 1969 1578 renun-

136 1590 277 1645 culos,
299 1604 352 1632 ac
377 1589 613 1632 reticulum
636 1590 817 1646 jecoris,
841 1604 938 1646 quae
964 1595 1067 1633 sunt
1092 1605 1170 1647 pro
1192 1596 1395 1647 peccato,
1430 1592 1627 1635 adolevit
1655 1607 1784 1650 super
1804 1594 1968 1649 altare,

125 1649 248 1692 sicut
287 1654 557 1705 praeceperat
591 1649 807 1692 Dominus
847 1649 1015 1705 Moysi3
1052 1649 1262 1693 v¹1carnes
1299 1665 1401 1694 vero
1440 1656 1483 1694 et
1519 1651 1682 1708 pellem
1715 1653 1810 1709 ejus
1846 1658 1969 1696 extra

125 1713 278 1751 -castra
305 1707 547 1751 combussit
574 1707 683 1763 igni.
714 1707 747 1734 ¹²
773 1708 1033 1752 Immolavit
1058 1714 1100 1752 et
1130 1709 1376 1752 holocausti
1403 1710 1664 1766 victimam3
1696 1711 1969 1755 obtulerunt-

126 1781 216 1823 -que
231 1767 280 1811 ei
306 1766 386 1809 filii
402 1767 478 1809 -sui
504 1767 767 1822 sauguinem
790 1767 909 1824 ejus,
929 1782 1060 1824 quem
1077 1768 1198 1811 fudit
1220 1783 1297 1825 per
1318 1768 1472 1812 altaris
1495 1769 1742 1813 circuitum.
1763 1770 1799 1797 13
1817 1770 1969 1827 Ipsam

125 1826 269 1869 aet-iam
289 1826 483 1869 hostiam
507 1825 553 1868 in
578 1826 723 1869 frusta
747 1827 992 1883 concisam,
1017 1842 1118 1871 eum
1139 1828 1285 1884 capite
1311 1832 1354 1871 et
1380 1829 1588 1871 membris
1615 1829 1824 1886 singulis,
1845 1830 1968 1873 obtu-

134 1885 302 1941 lerunt;
327 1900 425 1941 quae
442 1885 592 1928 omnia
610 1900 739 1942 super
751 1886 896 1929 altare
915 1887 1129 1930 cremavit
1153 1886 1273 1942 igni,
1297 1886 1331 1912 ²4
1350 1887 1450 1930 lotis
1468 1902 1583 1943 aqua
1605 1888 1723 1945 prius
1745 1889 1968 1932 intestinis

125 1950 175 1988 et
198 1944 398 2002 pedibus.
419 1944 454 1971 ¹5
473 1945 530 1987 Et
551 1958 628 2001 pro
648 1950 832 2001 peccato
854 1945 1005 2002 populi
1028 1945 1232 2001 offerens,
1253 1946 1468 1989 mactavit
1486 1946 1683 2003 hircum3
1705 1948 1969 2005 expiatoque

123 2003 283 2059 altari,
305 2003 344 2030 4ss
359 2004 478 2047 fecitv
493 2003 822 2060 holocaustum,
845 2004 878 2030 1⁷
896 2004 1065 2048 addens
1090 2005 1376 2050 insacrificio
1397 2005 1663 2062 libamenta,
1687 2022 1783 2063 quae
1805 2007 1969 2064 pariter

132 2062 391 2118 offer-untur,
419 2067 462 2106 et
486 2062 668 2107 adolens
695 2078 746 2107 ea
771 2078 900 2121 super
921 2063 1082 2120 altare,
1113 2064 1280 2121 absque
1310 2065 1568 2109 ceremoniis
1603 2065 1849 2110 holocausti
1875 2081 1967 2110 ma-

133 2121 278 2165 tutini.
307 2121 341 2148 18
364 2122 624 2165 Immolavit
648 2128 700 2166 et
733 2123 893 2167 bovem
929 2128 1062 2179 atque
1093 2124 1300 2180 arietem,
1338 2124 1505 2168 hostias
1540 2125 1748 2182 pacificas
1784 2125 1964 2183 popuh'3

130 2181 472 2237 obtuleruntque
493 2181 532 2224 ei
553 2181 633 2224 filii
649 2181 722 2224 -sui
747 2182 1024 2238 sanguinem,
1045 2197 1176 2239 quem
1196 2183 1317 2227 fudit
1338 2188 1467 2240 super
1487 2184 1628 2228 altare
1647 2185 1695 2227 in
1719 2185 1965 2228 circuitum.

133 2239 168 2266 ¹9
184 2239 380 2296 Adipem
404 2245 555 2284 autem
578 2240 725 2296 bovis,
747 2246 796 2284 et
829 2242 1019 2285 caudam
1046 2242 1218 2298 arietis,
1247 2242 1597 2299 renunculosque
1631 2258 1732 2287 cum
1761 2243 1966 2301 adipibus

123 2299 241 2355 suis,
276 2304 319 2342 et
355 2299 592 2343 reticulum
626 2300 786 2356 jecoris
825 2299 862 2327 2⁰
882 2306 1122 2358 posuerunt
1153 2316 1282 2358 super
1314 2307 1517 2359 pectora;
1559 2317 1746 2358 cumque
1784 2303 1966 2346 cremati

122 2363 276 2401 essent
300 2358 454 2415 adipes
484 2373 614 2416 super
641 2359 801 2415 altare,
829 2359 863 2386 '²¹
883 2365 1061 2416 pectora
1091 2375 1261 2416 eorum,
1293 2367 1335 2404 et
1364 2375 1508 2404 armos
1542 2361 1718 2405 dextros
1745 2362 1967 2419 separavit

130 2418 302 2473 Aaron,
329 2418 507 2461 elevans
534 2432 682 2461 coram
705 2419 918 2474 Domino,
946 2418 1060 2462 sicut
1081 2425 1351 2477 praeceperat
1375 2421 1563 2476 Moyses,
1585 2420 1622 2446 Ἠ
1641 2422 1697 2464 Et
1724 2421 1966 2465 extendens

128 2491 286 2519 manus
311 2476 368 2520 ad
394 2477 626 2534 populum,
649 2477 880 2522 benedixit
904 2478 957 2522 ei.
982 2478 1139 2534 Sicque
1166 2478 1397 2536 completis
1420 2479 1574 2522 hostiis
1599 2494 1676 2536 pro
1699 2485 1903 2536 peccato,
1924 2484 1966 2523 et

127 2535 419 2592 holocaustis,
446 2541 488 2580 et
514 2537 732 2593 pacificis,
760 2537 1001 2580 descendit.

188 2593 225 2621 ‘²3
242 2595 438 2651 Ingressi
460 2601 611 2639 autem
632 2596 807 2652 Moyses
830 2601 873 2639 et
891 2597 1041 2639 Aaron
1061 2596 1108 2639 in
1129 2597 1467 2640 tabernaculum
1492 2597 1756 2653 testimonii,
1779 2603 1821 2641 et
1844 2598 1966 2642 dein-

121 2668 230 2711 -ceps
257 2654 441 2710 egressi,
467 2655 790 2698 benedixerunt
811 2655 985 2712 populo.
1008 2656 1315 2712 Apparuitque
1339 2656 1480 2711 gloria
1506 2656 1686 2699 Domini
1712 2657 1831 2700 omni
1854 2657 1965 2699 mul-

128 2712 335 2769 titudini3
365 2712 403 2739 ’Μ
421 2719 464 2757 et
496 2727 598 2757 ecce
631 2729 830 2770 egressus
854 2714 971 2770 ignis
997 2729 1022 2757 a
1057 2715 1268 2769 Domino,
1305 2715 1535 2758 devoravit
1569 2716 1899 2771 holocaustum,
1923 2721 1965 2759 et

120 2772 280 2829 *adipes
307 2772 381 2828 qui
414 2778 539 2816 erant
571 2788 700 2830 super
731 2773 884 2816 altare.
921 2773 1044 2824 Quod
1079 2788 1179 2816 cum
1212 2774 1429 2816 vidissent
1469 2774 1632 2829 turbae,
1671 2774 1965 2818 laudaverunt

131 2831 592 2887 Dominum,*ruentes
614 2828 661 2875 in
684 2833 825 2876 facies
852 2847 965 2876 suas.

160 2957 183 3015 ξ
207 2957 296 3001 III.
315 2985 375 2989 —
390 2958 677 3002 Sanctitatem
698 2959 936 3003 ‘nm‘nisterii
956 2961 1245 3003 sacerdotalis
1269 2954 1390 3004 Deus
1412 2975 1535 3017 opere
1556 2975 1608 3004 ac
1630 2961 1755 3003 verbo
1780 2967 1933 3004 tuetur.

185 3068 292 3112 CAP.
316 3069 371 3112 X.
397 3096 457 3101 —-
481 3069 797 3127 ¹Arreptisque
824 3070 983 3113 Nadab
1013 3076 1056 3114 et
1082 3070 1202 3114 Abiu
1235 3071 1314 3114 filii
1345 3072 1495 3115 Aaron
1526 3071 1784 3126 thuribulis,
1811 3086 1962 3128 posue-

117 3132 227 3170 runt
254 3127 426 3183 ignem,
453 3134 497 3172 et
528 3129 759 3173 incensum
786 3129 984 3186 desuper,
1012 3130 1247 3173 offerentes
1280 3144 1428 3173 coram
1457 3130 1829 3186 Dominossignem
1856 3130 1960 3175 alie-

126 3200 252 3241 num,
272 3187 392 3242 quod
419 3188 480 3231 eis
507 3193 778 3245 praeceptum
800 3203 887 3231 non
913 3194 1019 3232 erat.
1039 3188 1375 3245 ⁶²·Egressusque
1399 3190 1516 3245 ignis
1542 3205 1568 3232 a
1596 3189 1808 3244 Domino,
1832 3189 1962 3233 devo-

121 3246 242 3288 ravit
267 3260 361 3302 eos,
388 3252 431 3290 et
465 3247 624 3290 mortui
653 3254 755 3291 sunt
785 3262 933 3291 coram
963 3248 1168 3291 Domino.
1193 3248 1210 3274 3
1235 3248 1448 3304 Dixitque
1478 3249 1654 3305 Moyses
1687 3248 1743 3291 ad
1777 3249 1927 3291 Aaron
1953 3265 1961 3292 :

123 3304 226 3347 [Hoc
249 3309 315 3348 est
334 3305 452 3361 quod
474 3306 646 3350 locutus
668 3311 734 3349 est
756 3306 977 3350 'Dominus
999 3324 1008 3351 z
1035 3307 1355 3351 Sanctificabor
1372 3307 1418 3350 in
1440 3307 1494 3349 iis
1515 3308 1586 3363 qui
1606 3307 1960 3364 appropinquant

121 3363 257 3419 mihi,
292 3369 334 3407 et
369 3364 417 3407 in
458 3371 697 3422 conspectu
734 3365 875 3409 omnis
912 3366 1063 3423 populi
1103 3366 1394 3422 glorificabor.
1438 3367 1561 3418 Quod
1598 3366 1781 3410 audiens
1822 3364 1959 3408 tacuit

128 3422 290 3465 Aaron.
305 3422 332 3449 '4
352 3423 532 3467 Vocatis
565 3429 714 3468 autem
734 3425 919 3481 ‘Moyses
948 3425 1133 3469 Misaele
1162 3431 1205 3468 et
1236 3425 1479 3482 Elisaphan
1513 3424 1614 3468 filiis
1642 3424 1785 3479 Oziel,
1815 3426 1959 3481 patrui

128 3480 297 3536 Aaron,
319 3482 383 3525 ait
401 3483 465 3525 ‘ad
491 3497 563 3526 eos
586 3484 690 3527 :Ite
719 3489 762 3526 et
791 3483 934 3527 tollite
955 3484 1115 3527 fiatres
1143 3489 1309 3527 vestros
1343 3484 1398 3528 de
1431 3489 1668 3540 conspectu
1697 3483 1957 3538 sanctuarii,

121 3628 158 3660 32]
182 3628 240 3656 Ex.
260 3629 386 3666 XXIX,
404 3633 430 3660 1.
447 3645 484 3651 —
501 3633 549 3665 23]
573 3633 606 3660 II
625 3633 731 3661 Mach.
751 3634 858 3669 II‚.10.
876 3647 911 3653 —
931 3633 1075 3667 l]=Num.
1094 3634 1157 3669 III,
1175 3637 1188 3661 4
1209 3637 1243 3661 et
1262 3634 1387 3668 XXVI,
1401 3635 1446 3661 61.
1470 3633 1483 3660 Ι
1504 3632 1574 3660 Par.
1590 3632 1720 3667 XMV,
1730 3634 1756 3661 2.

2062 665 2271 698 praeparatio.

2084 1424 2246 1454 Primitiae

2041 1468 2280 1499 sacrificiorum

2085 1515 2107 1539 A
2115 1512 2236 1541 aronis.

2064 2603 2250 2634 conclusio.

2071 3078 2185 3106 Nadab
2204 3084 2238 3106 et.

2062 3121 2147 3149 Abiu
2168 3121 2245 3155 igne

2053 3170 2244 3199 consumpti
