2423 3861
638 166 824 209 MATTH.
859 169 1002 221 XXV,
1038 167 1093 208 44
1125 192 1183 197 —
1215 165 1391 220 XXVI,
1425 166 1494 208 31.
1867 166 1977 210 1125

155 339 373 393 infirmus,
401 343 444 381 et
468 340 513 380 in
541 352 734 393 carcere,
762 343 806 381 et
838 351 924 380 non
949 337 1160 379 visitastis
1190 352 1272 381 me.
1298 337 1475 380 1’1Τ11110
1505 336 1834 393 respondebunt
1863 337 1901 379 ei
1936 341 1980 380 et

155 397 251 455 ipsi,
276 397 502 441 dicentes:
527 396 736 452 Domine,
761 397 935 452 quando
963 403 1005 439 te
1023 395 1216 438 vidimus
1238 396 1516 451 esurientem,
1543 400 1620 438 aut
1641 395 1880 449 sitientem,
1903 399 1980 437 aut

154 456 388 512 hospitem,
407 461 486 499 aut
510 455 690 509 nudum,
713 462 790 498 aut
816 455 1051 505 infirmum,
1071 460 1148 497 aut
1174 455 1218 496 in
1245 469 1431 510 carcere,
1456 460 1500 498 et
1522 469 1607 497 non
1631 453 1980 497 ministravimus

154 514 268 557 tibi?
295 515 331 542 ⁴²⁵
350 516 474 558 Tunc
500 514 785 570 respondebit
818 514 927 570 illis,
956 514 1133 556 dicens:
1168 514 1312 556 Anien
1339 514 1437 556 11101)
1468 513 1614 569 vobis,
1648 512 1859 569 quamdiu
1892 526 1979 554 non

154 574 326 617 fecistis
355 574 429 616 uni
457 574 509 616 de
544 573 785 617 minoribus
808 574 894 628 his,
920 587 999 615 nec
1026 572 1134 614 mihi
1164 571 1349 615 fecistis.
1377 573 1412 599 ‘¹⁶'
1432 573 1488 615 Et
1513 572 1642 615 ibunt
1666 572 1709 615 hi
1743 571 1788 614 in
1813 570 1979 628 suppli-

153 632 271 675 cium
298 638 533 688 aeternum,
560 632 666 688 justi
693 638 841 675 autem
867 632 911 673 in
938 631 1076 673 vitam
1104 636 1327 674 aeternam.

612 748 636 804 ξ
672 747 758 789 ΙΙΙ.
793 772 850 778 -
883 746 1113 788 Narratur
1144 745 1306 787 Passio
1344 744 1520 789 Christi.

211 855 318 898 OAP.
355 855 481 897 XXV
489 855 524 897 Ι.
546 879 606 887 --
634 854 643 879 1
669 855 723 895 Et
756 854 929 895 factum
962 858 1049 905 est,
1081 866 1180 894 cum
1215 856 1564 894 consummasset
1595 853 1724 895 508118
1758 867 1981 897 sermones

152 915 228 956 hos
252 927 424 967 omnes,
452 912 567 955 dixit
592 911 820 967 discipulis
843 911 933 953 suis
954 925 963 952 z
990 909 1007 936 '2
1023 911 1155 954 Scitis
1181 910 1284 965 quia
1306 915 1404 966 post
1429 909 1610 952 biduum
1638 911 1808 953 Pascha
1830 912 1917 968 fiet,
1937 916 1981 955 et

151 972 291 1015 Filius
312 971 503 1015 hominis
530 971 728 1013 tradetur
753 975 802 1013 ut
827 969 1122 1025 crucifigatur.
1630 988 1633 993 ’

209 1031 226 1057 3
254 1031 379 1073 Tunc
417 1029 678 1086 congregati
714 1034 817 1072 sunt
852 1029 1074 1085 principes
1111 1028 1392 1071 sacerdotum
1429 1034 1473 1072 et
1514 1029 1706 1072 seniores
1744 1029 1896 1085 populi
1935 1030 1980 1073 in

148 1088 309 1133 atrium
333 1089 545 1146 principis
571 1089 870 1144 sacerdotum,
898 1088 972 1144 qui
999 1087 1230 1131 dicebatur
1252 1086 1469 1143 Caiphas3
1497 1087 1514 1113 4
1532 1093 1576 1131 et
1601 1087 1834 1131 consilium
1860 1089 1980 1132 fece-

149 1155 251 1191 runt
274 1154 321 1191 ut
342 1149 371 1191 J
375 1162 498 1191 esum
522 1147 622 1191 dolo
644 1153 859 1203 tenerent,
883 1153 928 1190 et
950 1147 1214 1190 occiderent.
1238 1147 1255 1172 5
1276 1146 1498 1189 Dicebant
1518 1152 1669 1190 autem
1689 1163 1698 1190 ε
1718 1147 1819 1190 Νο11
1840 1147 1887 1189 111
1910 1146 1981 1189 die

146 1207 287 1263 feste,
309 1222 365 1251 ne
387 1207 504 1250 forte
531 1207 747 1249 tumultus
774 1207 897 1250 fieret
922 1207 967 1248 in
992 1206 1169 1263 populo.

207 1267 224 1293 ⁶
242 1267 354 1311 Cum
376 1273 526 1310 autem
545 1267 571 1309 J
577 1280 675 1309 esus
698 1272 812 1309 esset
838 1266 883 1308 in
911 1266 1142 1321 Bethania,
1170 1266 1216 1308 in
1238 1265 1367 1309 domo
1395 1265 1585 1308 Simonis
1606 1265 1780 1322 leprosi,
1800 1266 1814 1292 ⁷
1833 1280 1979 1309 acces-

148 1327 206 1370 sit
229 1326 287 1369 ad
309 1340 411 1369 eum
444 1326 602 1369 mulier
630 1325 800 1368 habens
827 1325 1100 1368 alabastrum
1123 1324 1338 1381 unguenti
1370 1324 1572 1381 pretiosi,
1600 1329 1644 1368 et
1669 1324 1830 1368 effudit
1852 1340 1981 1382 super

149 1390 283 1443 caput
315 1385 452 1442 ipsius
486 1384 799 1428 recumbentis.
839 1385 856 1411 8
886 1385 1098 1427 Videntes
1139 1390 1290 1427 autem
1328 1383 1554 1440 discipuli,
1594 1383 1820 1440 indignati
1853 1390 1979 1440 sunt,

150 1444 348 1489 dicentes
370 1461 379 1490 ;
405 1445 470 1488 Ut
491 1443 596 1500 quid
622 1444 811 1500 perditio
835 1443 968 1487 haec‘?
997 1444 1014 1469 9
1034 1443 1184 1486 Potuit
1209 1443 1328 1486 enim
1354 1443 1471 1486 istud
1493 1442 1738 1486 venundari
1765 1443 1918 1498 multo,
1940 1449 1982 1486 et

148 1504 242 1547 dari
273 1503 553 1560 pauperibus.
583 1502 618 1529 ¹⁰
636 1503 788 1546 Sciens
812 1508 963 1546 autem
993 1503 1020 1545 5
1026 1517 1143 1558 esus,
1167 1503 1232 1544 ait
1258 1502 1377 1544 illis:
1408 1502 1518 1552 Quid
1545 1501 1722 1545 molesti
1747 1503 1853 1545 estis
1879 1503 1982 1545 huic

148 1562 360 1606 mulieri?
385 1562 506 1619 Opus
532 1562 651 1605 enim
684 1562 849 1604 bonum
880 1566 1061 1618 operata
1087 1567 1153 1604 est
1182 1561 1228 1603 in
1254 1576 1348 1616 me3
1380 1561 1410 1587 ¹¹
1438 1575 1543 1602 nam
1569 1575 1741 1617 semper
1765 1576 1981 1618 pauperes

147 1620 322 1665 habetis
344 1620 596 1678 vobiscum,
631 1635 702 1663 me
735 1626 885 1664 autem
917 1635 1004 1664 non
1036 1635 1208 1677 semper
1237 1620 1428 1666 habetis.
1461 1619 1496 1645 ¹2
1520 1619 1706 1663 Mittens
1736 1620 1856 1663 enim
1885 1621 1982 1664 haec

148 1686 425 1737 unguentum
450 1680 534 1724 hoc
556 1679 602 1723 in
628 1694 785 1737 corpus
811 1695 980 1735 meum,
1004 1681 1061 1723 ad
1084 1678 1387 1736 sepeliendum
1413 1693 1482 1720 me
1504 1678 1634 1724 feeit.
1658 1678 1693 1705 ’13
1709 1679 1857 1722 Amen
1884 1680 1982 1722 dico

147 1740 293 1796 vobis,
332 1739 599 1796 ubicumque
635 1738 928 1796 praedicatum
965 1739 1103 1783 fuerit
1140 1739 1223 1781 hoc
1261 1737 1544 1793 evangelium
1577 1737 1624 1780 in
1659 1741 1753 1781 toto
1790 1738 1980 1794 mundo,

145 1799 318 1843 dicetur
339 1804 382 1842 et
407 1799 523 1855 quod
548 1800 644 1843 haec
669 1799 782 1842 fecit
807 1799 852 1842 in
874 1798 1134 1843 memoriam
1155 1798 1267 1854 ejus.

207 1858 242 1885 11
267 1859 392 1901 Τ11110
425 1859 537 1902 abiit
569 1873 684 1902 unus
720 1858 774 1901 de
808 1859 1063 1913 duodecim,
1102 1857 1178 1914 qui
1208 1857 1440 1901 dicebatur
1464 1857 1608 1902 ‚Iudas
1637 1858 1895 1913 Iscariotes,
1926 1858 1983 1901 ad

145 1917 367 1976 principes
394 1918 699 1974 sacerdotum3
725 1917 760 1944 15
779 1923 823 1962 et
850 1919 916 1961 ait
938 1919 1030 1961 illis
1051 1931 1060 1958 ε
1085 1916 1199 1968 Quid
1226 1916 1362 1960 vultis
1387 1916 1497 1960 mihi
1523 1916 1648 1974 dare,
1675 1921 1720 1962 et
1748 1931 1831 1974 ego
1855 1916 1982 1961 vobis

147 1992 248 2021 eum
268 1977 476 2020 tradam?
495 1978 556 2020 At
577 1977 645 2020 illi
667 1978 991 2021 constituerunt
1009 1978 1049 2021 ei
1073 1977 1259 2032 triginta
1280 1982 1527 2032 argenteos.
1548 1976 1584 2002 1⁰
1602 1977 1659 2019 Et.
1681 1975 1842 2021 exinde
1861 1989 1980 2033 quae-

143 2037 272 2080 rebat
298 2037 677 2094 opportunitatem
698 2043 747 2080 ut
772 2052 873 2080 eum
898 2037 1106 2081 traderet.

207 2095 240 2122 ‘¹⁷
260 2096 410 2138 Prima
435 2101 586 2139 autem
612 2096 681 2140 die
703 2111 981 2152 azymorum,
1011 2103 1291 2141 accesserunt
1315 2098 1521 2155 discipuli
1548 2098 1604 2140 ad
1631 2098 1807 2152 50811111,
1833 2097 1981 2140 dicen-

145 2160 242 2199 tes:
269 2154 362 2199 Ubi
390 2156 456 2199 vis
489 2170 694 2212 paremus
726 2156 811 2198 tibi
840 2156 1070 2199 comedere
1106 2156 1311 2200 Pascha?
1341 2157 1375 2183 1⁸
1393 2158 1456 2199 At
1485 2158 1616 2200 508118
1651 2157 1794 2200 dixit:
1830 2156 1900 2198 Ite
1936 2155 1983 2198 in

145 2215 378 2258 civitatem
415 2215 472 2258 ad
508 2216 766 2271 quemdam,
801 2220 845 2258 et
881 2215 1015 2258 dicite
1053 2215 1092 2259 ei
1125 2233 1133 2260 :
1168 2216 1382 2271 Magister
1417 2216 1526 2259 dicit
1556 2233 1565 2260 :
1602 2216 1794 2272 Tempus
1834 2229 1982 2258 meum

147 2288 282 2331 prope
308 2279 397 2330 est,
421 2275 540 2331 apud
564 2279 608 2317 te
629 2275 750 2317 facio
777 2275 949 2317 Pascha
967 2290 1069 2318 cum
1097 2275 1326 2332 discipulis
1350 2275 1473 2319 meis.
1493 2275 1529 2301 19
1548 2276 1605 2318 Et
1626 2275 1832 2318 fecerunt
1851 2273 1981 2317 disci-

148 2333 240 2390 puli
264 2333 382 2376 sicut
406 2334 637 2376 constituit
658 2333 748 2376 illis
773 2335 925 2390 508118,
954 2339 998 2378 et
1020 2340 1289 2392 paraverunt
1311 2335 1498 2379 Pascha.

208 2391 244 2418 2⁰
270 2393 464 2449 Vespere
497 2398 648 2436 autem
684 2394 832 2449 facto,
869 2394 1178 2437 discumbebat
1212 2409 1313 2438 011111
1347 2395 1578 2438 duodecim
1616 2393 1845 2451 discipulis
1877 2393 1980 2436 suis.

148 2451 180 2478 '2¹
203 2453 260 2494 Et
281 2452 515 2495 edentibus
536 2452 645 2508 illis,
673 2453 787 2495 dixit
810 2469 818 2496 :
842 2455 988 2497 Amen
1007 2454 1106 2497 dico
1124 2454 1250 2497 vobis
1273 2454 1375 2510 quia
1401 2469 1510 2497 unus
1528 2458 1725 2497 vestrum
1749 2467 1819 2496 me
1845 2452 1981 2495 tradi-

147 2516 269 2554 turus
296 2517 374 2554 est.
398 2510 435 2537 ‘22
454 2512 512 2554 Et
537 2512 787 2554 contristati
813 2513 965 2569 valde,
994 2519 1223 2570 coeperunt
1249 2514 1414 2569 singuli
1440 2513 1614 2557 dicere:
1643 2512 1870 2568 Numquid
1900 2525 1983 2568 ego

147 2585 264 2627 sum,
291 2570 512 2614 Domine?
537 2569 573 2597 ²3
590 2572 652 2613 At
676 2571 770 2628 ipse
795 2572 1079 2629 respondens,
1103 2572 1191 2618 ait:
1216 2573 1299 2624 Qui
1320 2573 1507 2629 intingit
1532 2587 1705 2616 mecum
1728 2585 1912 2614 manum
1937 2572 1983 2614 111

148 2629 402 2688 paropside,
428 2631 500 2673 hic
530 2645 600 2674 me
633 2631 792 2675 tradet.
823 2631 860 2658 ‘24
879 2631 1020 2675 Filius
1047 2631 1228 2688 quidem
1253 2631 1446 2676 hominis
1471 2632 1597 2675 vadit
1622 2632 1736 2675 sicut
1768 2630 1984 2687 scriptum

149 2695 216 2733 est
248 2689 302 2731 de
335 2688 412 2731 1110
437 2707 445 2745 ;
471 2705 540 2733 vae
575 2696 726 2734 autem
758 2691 929 2734 homini
965 2691 1033 2734 illi
1069 2706 1147 2748 per
1179 2706 1311 2748 quem
1348 2692 1490 2735 Filius
1525 2691 1718 2734 hominis
1755 2690 1981 2734 tradetur:

148 2748 315 2791 bonum
351 2753 447 2791 erat
482 2749 546 2804 ei,
583 2749 620 2792 si
656 2755 788 2793 natus
828 2766 916 2794 non
954 2751 1114 2794 fuisset
1151 2752 1283 2794 homo
1318 2751 1409 2794 ille.
1446 2750 1482 2777 ⁹5
1508 2750 1796 2807 Respondens
1833 2753 1985 2792 autem

146 2807 290 2851 <Iudas
316 2807 391 2863 qui
420 2808 606 2851 tradidit
638 2823 759 2866 eum,
787 2809 928 2854 dixit:
964 2810 1193 2866 Numquid
1220 2825 1301 2866 ego
1328 2825 1444 2866 sum,
1478 2809 1658 2853 Rabbi‘?
1684 2809 1763 2851 Ait
1793 2808 1889 2851 illi:
1915 2808 1984 2851 Tu

148 2866 316 2911 dixisti.
1505 2898 1519 2920 ,

207 2925 244 2953 2⁶
262 2927 551 2971 Coenantibus
577 2932 726 2972 autem
750 2928 833 2985 eiS,
862 2930 1035 2988 accepit
1057 2931 1187 2974 Jesus
1210 2944 1384 2987 panem,
1408 2934 1452 2972 et
1476 2927 1727 2984 benedixit,
1750 2941 1803 2970 ac
1828 2926 1980 2983 fregit,

146 2985 360 3042 deditque
392 2986 622 3043 discipulis
659 2987 768 3044 81118,
803 2994 848 3032 et
880 2990 979 3034 ait:
1014 2989 1219 3046 Accipite
1248 2993 1294 3032 et
1330 2987 1578 3044 comedite3
1610 2988 1693 3031 hoc
1721 2991 1789 3030 est
1826 3000 1982 3043 corpus

149 3059 310 3089 meum.
334 3045 369 3072 2⁷
394 3048 452 3088 Et
472 3046 697 3103 accipiens
720 3047 926 3104 calicem,
955 3048 1121 3105 gratias
1147 3048 1260 3104 egit,
1284 3053 1327 3091 et
1353 3047 1476 3091 dedit
1501 3047 1610 3103 illis,
1630 3046 1808 3090 dicens:
1833 3045 1982 3089 Bibite

145 3119 206 3149 ex
235 3104 319 3148 hoc
354 3120 520 3149 omnes.
546 3105 582 3132 2⁸
610 3106 699 3149 Hic
729 3112 796 3150 est
824 3108 943 3151 enim
977 3107 1158 3163 sanguis
1191 3121 1315 3150 meus
1349 3106 1452 3150 novi
1484 3105 1762 3162 testamenti,
1796 3105 1870 3161 qui
1904 3119 1982 3161 pro

149 3163 302 3207 multis
331 3164 587 3208 effundetur
612 3166 658 3208 in
684 3167 988 3211 remissionem
1015 3172 1312 3223 peccatorum.
1340 3165 1376 3192 29
1399 3165 1511 3209 Dico
1536 3170 1687 3209 autem
1716 3164 1863 3222 vobis,
1894 3178 1982 3207 nou

149 3222 302 3266 bibam
335 3224 495 3268 amodo
529 3225 583 3268 de
616 3226 699 3269 hoc
740 3226 967 3282 genimine
1004 3226 1131 3282 vitis,
1169 3240 1307 3282 usque
1343 3225 1389 3268 in
1423 3225 1540 3269 diem
1571 3225 1701 3268 illum
1737 3238 1838 3267 cum
1870 3221 1980 3265 illud

148 3281 302 3325 bibam
327 3283 558 3327 vobiscum
582 3300 750 3329 novum
775 3286 821 3328 in
846 3300 984 3342 regno
1010 3286 1155 3328 Patris
1176 3286 1279 3329 mei.

209 3341 246 3368 3⁰
263 3343 320 3385 Et
341 3343 508 3399 hymno
532 3344 664 3401 dicto,
689 3345 894 3389 exierunt
914 3345 961 3387 in
984 3350 1181 3388 montem
1199 3344 1379 3389 Oliveti.
1398 3345 1432 3372 3¹
1452 3345 1577 3388 Tunc
1596 3343 1706 3387 dicit
1723 3342 1812 3385 illis
1830 3342 1857 3384 5
1863 3355 1982 3386 08118;

150 3400 315 3444 Omnes
339 3416 418 3445 vos
444 3403 706 3447 scandalum
732 3404 966 3462 patiemini
991 3404 1037 3448 in
1058 3418 1128 3448 me
1153 3403 1199 3447 in
1220 3404 1305 3448 ista
1331 3410 1473 3448 nocte.
1495 3403 1718 3459 Scriptum
1744 3406 1811 3444 est
1832 3400 1951 3444 enim
1972 3418 1980 3444 :

151 3547 200 3580 46]
220 3547 301 3576 Dan.
323 3549 404 3585 XII,
420 3552 447 3579 2.
465 3551 562 3579 Joan.
580 3552 620 3586 V,
637 3554 681 3580 29.
699 3566 735 3570 —
752 3553 781 3585 2]
801 3552 900 3579 Marc.
920 3551 1011 3586 XIV,
1032 3553 1054 3579 1.
1075 3551 1154 3579 Luc.
1172 3551 1287 3585 XXII,
1306 3553 1376 3578 1.-
1395 3551 1422 3583 7]
1441 3550 1542 3576 Marc.
1561 3547 1653 3581 XIV,
1670 3550 1696 3575 8.
1714 3546 1810 3574 Joan.
1828 3545 1897 3580 XI,
1915 3548 1931 3573 2
1948 3548 1982 3574 et

153 3591 220 3618 XII
233 3612 240 3626 ‚
257 3594 283 3620 3.
301 3606 337 3612 ——
362 3595 409 3627 14]
435 3595 536 3623 Marc.
554 3596 646 3631 XIV,
665 3599 708 3624 10.
734 3595 816 3624 Luc.
842 3596 965 3624 XXII.
982 3599 1007 3622 4.
1033 3610 1069 3615 -
1095 3596 1141 3628 17]
1169 3595 1267 3622 Marc.
1290 3595 1382 3628 XIV,
1400 3597 1443 3621 1‘2.
1472 3593 1552 3620 Luc.
1570 3591 1670 3619 XXII
1684 3611 1691 3625 ,
1709 3593 1734 3618 7.
1752 3605 1788 3608 -
1810 3590 1858 3623 20]
1880 3591 1981 3618 Marc.

153 3636 252 3671 XIV,
278 3640 320 3665 17.
348 3639 427 3667 Luc.
459 3640 582 3676 XXII,
607 3643 650 3669 14.
676 3656 712 3659 -—
737 3642 784 3675 21]
807 3642 904 3669 Joan.
931 3640 1031 3675 XIII,
1055 3643 1100 3669 21.
1122 3652 1158 3658 —
1187 3640 1236 3672 23]
1265 3639 1317 3667 Ps.
1344 3639 1422 3674 XL,
1447 3640 1490 3665 10.
1515 3650 1552 3655 --
1575 3636 1622 3668 26]
1650 3635 1665 3662 Ι
1687 3635 1757 3662 Cor.
1784 3635 1852 3670 XI,
1876 3636 1921 3663 24.
1945 3647 1982 3653 —-

151 3681 201 3712 31]
218 3681 319 3710 Marc.
341 3683 432 3715 XIV,
450 3687 494 3713 27.
511 3686 608 3714 Joan.
623 3686 720 3715 XVI.
739 3689 783 3713 32.
801 3685 896 3713 Zach.
915 3685 1019 3712 XIII.
1041 3688 1061 3710 7.

2086 869 2256 898 Instantis

2086 920 2254 946 passionis

2078 957 2260 990 praedictm.

2075 1029 2272 1058 Deliberant

2067 1073 2207 1107 Synedri
2232 1073 2272 1101 de

2128 1119 2213 1146 Jesu

2067 1163 2212 1190 tenendo
2238 1163 2272 1190 et

2074 1205 2267 1234 occidendo.

2111 1277 2234 1307 Unctio

2081 1322 2207 1351 Christi
2226 1322 2258 1350 in

2084 1366 2258 1394 Bethania.

2048 1867 2146 1896 Judae
2153 1868 2288 1899 pactum

2100 1910 2142 1939 de
2158 1910 2179 1939 5
2183 1916 2245 1939 esu

2080 1952 2257 1985 tradendo·

2103 2101 2240 2131 Ultimae

2120 2152 2224 2175 coenae

2066 2189 2276 2225 praeparatio.

2048 2400 2148 2428 Coena
2158 2397 2291 2433 legalis,

2049 2443 2082 2472 iu
2097 2451 2163 2477 qua
2176 2440 2292 2476 praedi-

2066 2487 2156 2516 cit-nr
2176 2488 2197 2516 J
2201 2486 2274 2514 udae

2092 2529 2250 2565 proditio.

2056 2927 2284 2959 Sanctissimae

2058 2971 2283 3002 Eucharistiae

2075 3014 2262 3046 institutio.

2066 3347 2267 3378 Praedicitm·

2048 3392 2141 3422 Petri
2162 3394 2286 3426 lapsus.
