2353 3829
110 407 233 443 Quinta
250 407 330 438 dies.

115 822 216 849 Sexta
236 819 316 849 dies.

120 2002 283 2037 Epilogus
293 2015 299 2033 :

111 2048 170 2076 Dei
188 2051 303 2079 sabba-

169 2096 249 2121 tum.

84 2779 214 2807 Titulus
236 2778 324 2810 iibri.

151 2898 255 2926 Adam

101 2942 131 2969 in
151 2942 312 2974 paradiso.

407 113 433 156 2
1050 114 1164 157 GEN.
1202 114 1242 169 I,
1280 115 1332 157 19
1359 139 1418 144 —
1451 113 1593 168 11,9.

405 288 450 326 et
475 282 723 326 dividerent
748 283 893 326 lucem
925 297 977 325 ac
1003 283 1223 327 tenebras.
1249 283 1307 324 Et
1331 282 1447 324 vidit
1477 283 1597 325 Deus
1624 281 1739 336 quod
1773 286 1889 324 esset
1916 281 2094 326 bonum.
2126 281 2160 308 ¹9
2178 282 2235 325 Et

404 342 577 385 factum
599 348 667 385 est
691 356 872 398 vespere
899 348 943 384 et
965 356 1115 395 mane,
1141 341 1234 384 dies
1253 346 1447 395 quartus.

463 400 500 427 2⁰
518 401 645 444 Dixit
670 401 804 444 etiam
834 402 951 444 Deus
975 417 982 443 :
1009 400 1261 443 Producant-
1286 413 1413 454 aquae
1438 399 1598 455 reptile
1622 398 1784 441 animae
1807 399 2022 455 viventis,
2046 406 2092 443 et
2113 402 2233 444 vola-

403 460 481 504 tile
506 474 636 516 super
661 466 824 502 terram
848 459 928 502 sub
959 459 1240 501 firmamento
1269 457 1381 502 caeli.
1406 457 1439 483 ‘2¹
1460 457 1726 513 Creavitque
1753 459 1873 501 Deus
1903 464 1998 501 cete
2024 460 2232 515 grandia,

403 525 448 563 et
473 533 649 562 omnem
681 519 877 561 animam
900 518 1129 560 viventem
1153 522 1286 572 atque
1311 516 1596 573 motabilem,
1619 531 1752 573 quam
1778 517 2080 574 produxerant
2107 532 2233 574 aquae

403 578 446 620 in
481 578 650 634 species
683 592 803 632 suas,
827 582 871 619 et
901 590 1030 619 omne
1054 576 1239 619 volatile
1268 575 1510 619 secundum
1536 590 1676 632 genus
1706 591 1847 619 suum.
1875 576 1934 619 Et
1967 576 2082 619 vidit
2115 578 2235 621 Deus

403 637 517 693 quod
551 642 666 679 esset
699 636 875 680 bonum.
905 634 940 660 ‘22
960 635 1283 691 Benedixitque
1317 635 1404 692 eis,
1437 635 1588 679 dicens
1619 652 1627 679 :
1665 635 1857 679 Crescite
1891 641 1936 678 et
1964 635 2235 692 multiplica-

402 696 531 751 mini,
559 702 602 738 et
626 694 793 750 replete
819 708 956 750 aquas
981 694 1140 750 maris;
1165 709 1356 750 avesque
1382 695 1734 751 multiplicentur
1761 709 1891 752 super
1916 700 2094 740 terram.
2122 693 2159 721 23
2178 696 2235 738 Et

402 755 574 797 factum
597 759 663 796 est
687 768 869 810 vespere
895 759 939 796 et
963 768 1114 809 mane,
1143 753 1236 797 dies
1262 753 1453 810 quintus.

460 812 495 839 '24
514 812 642 856 Dixit
663 827 834 868 quoque
858 814 978 856 Deus
998 829 1006 856 :
1036 813 1257 856 Producat
1279 820 1394 856 terra
1416 812 1613 855 animam
1633 813 1858 856 viventem
1880 812 1925 855 in
1952 826 2113 868 genere
2135 828 2233 870 suo,

399 873 622 930 jumenta,
650 878 695 915 et
717 872 916 928 reptilia,
943 878 989 916 et
1012 871 1176 916 bestias
1201 878 1330 915 terrae
1356 872 1600 915 secundum
1624 872 1793 928 species
1815 886 1929 915 suas.
1958 872 2234 928 Factumque

400 938 466 976 est
496 932 571 974 ita.
598 930 635 957 25
654 932 712 975 Et
737 931 849 974 fecit
882 933 1002 974 Deus
1031 931 1197 974 bestias
1229 937 1358 974 terrae
1383 931 1515 987 juxta
1540 932 1709 988 species
1735 945 1856 986 suas,
1883 936 1928 974 et
1955 930 2161 986 jumenta
2191 938 2234 975 et

401 1005 528 1034 omne
554 991 712 1047 reptile
740 996 866 1034 terrae
892 990 938 1032 in
964 1005 1123 1046 genere
1149 1005 1238 1034 suo.
1268 991 1326 1033 Et
1350 990 1465 1033 vidit
1492 991 1610 1033 Deus
1636 991 1751 1047 quod
1773 998 1889 1033 esset
1913 990 2092 1033 bonum.
2121 989 2157 1017 2⁶
2177 992 2235 1034 Et

398 1051 463 1094 ait
481 1067 489 1094 :
519 1050 756 1093 Faciamus
777 1049 1001 1093 hominem
1024 1050 1081 1093 ad
1098 1050 1342 1106 imaginem
1359 1055 1404 1092 et
1421 1049 1760 1093 similitudinem
1778 1055 1975 1092 nostram
1992 1066 2001 1104 3
2020 1055 2065 1092 et
2081 1051 2234 1106 praesit

398 1110 594 1166 piscibus
612 1109 765 1165 maris,
785 1114 829 1152 et
847 1109 1103 1152 volatilibus
1123 1109 1241 1165 caeli,
1262 1116 1306 1152 et
1327 1108 1502 1165 bestiis,
1523 1108 1826 1165 universaeque
1852 1114 2001 1164 terrae,
2027 1109 2232 1165 omnique

398 1169 547 1226 reptili
569 1168 683 1225 quod
709 1175 912 1212 movetur
933 1168 978 1210 in
1003 1175 1132 1214 terra.

634 1226 668 1253 '27
694 1229 751 1270 Et
777 1227 944 1270 creavit
970 1229 1090 1271 Deus
1114 1228 1342 1270 hominem
1363 1227 1419 1270 ad
1441 1227 1686 1283 imaginem
1711 1241 1862 1283 suam3

693 1287 749 1330 ad
779 1286 1021 1342 imaginem
1050 1287 1131 1329 Dei
1158 1287 1328 1330 creavit
1349 1286 1495 1341 illum,

691 1346 937 1388 masculum
964 1351 1007 1389 et
1032 1345 1251 1389 feminam
1277 1345 1446 1389 creavit
1471 1360 1558 1389 eos

455 1403 490 1432 '²3
511 1405 836 1461 Benedixitque
862 1405 951 1449 illis
979 1406 1111 1461 Deus,
1131 1410 1176 1449 et
1196 1405 1260 1448 ait
1279 1422 1288 1448 :
1310 1405 1518 1460 Crescite,
1538 1410 1582 1449 et
1599 1405 1978 1462 multiplicamini,
1998 1410 2042 1448 et
2063 1406 2232 1461 replete

394 1471 578 1521 terram,
607 1471 652 1508 et
684 1464 892 1520 subjicite
926 1479 1045 1520 eam,
1081 1470 1125 1508 et
1155 1464 1447 1507 dominamini
1477 1464 1673 1520 piscibus
1706 1465 1860 1520 maris,
1896 1470 1941 1507 et
1973 1464 2232 1509 volatilibus

394 1525 513 1580 caeli,
541 1530 586 1567 et
619 1524 834 1567 universis
859 1524 1189 1580 animantibus,
1214 1538 1312 1580 quae
1341 1529 1576 1567 moventur
1605 1538 1735 1580 super
1759 1530 1936 1567 terram.
1965 1522 2001 1549 29
2019 1524 2231 1580 Dixitque

396 1584 515 1626 Deus
538 1601 547 1628 :
575 1585 690 1626 Ecce
717 1583 819 1626 dedi
844 1583 971 1626 vobis
997 1598 1173 1627 omnem
1198 1583 1383 1626 herbam
1408 1583 1672 1626 afferentem
1699 1598 1850 1626 semen
1884 1597 2015 1639 super
2039 1588 2229 1640 terram,

394 1649 439 1686 et
464 1643 669 1686 universa
694 1643 818 1698 ligna
843 1657 940 1698 quae
965 1643 1134 1686 habent
1158 1642 1204 1685 in
1231 1642 1481 1698 semetipsis
1506 1648 1752 1685 sementem
1775 1642 1949 1698 generis
1973 1642 2053 1695 sui,
2076 1648 2126 1685 ut
2142 1643 2232 1686 sint

394 1702 520 1745 vobis
553 1702 599 1744 in
628 1716 795 1757 escam,
831 1701 868 1728 30
886 1708 929 1745 et
959 1702 1130 1745 cunctis
1159 1701 1463 1744 animantibus
1492 1706 1641 1757 terrae,
1675 1702 1881 1756 omnique
1907 1701 2076 1744 volucri
2109 1702 2229 1758 caeli,

392 1767 438 1804 et
471 1761 688 1804 universis
722 1776 818 1817 quae
851 1767 1087 1804 moventur
1119 1761 1165 1803 in
1190 1766 1328 1817 terra,
1355 1765 1400 1803 et
1432 1760 1477 1802 in
1511 1760 1669 1816 quibus
1699 1766 1767 1803 est
1795 1760 1946 1803 anima
1977 1761 2156 1816 vivens,
2182 1767 2230 1805 ut

395 1820 593 1864 habeant
622 1821 679 1863 ad
705 1821 988 1863 vescendum.
1017 1821 1075 1863 Et
1106 1821 1281 1863 factum
1306 1825 1373 1863 est
1398 1819 1474 1863 ita.
1497 1819 1532 1846 3¹
1554 1819 1765 1875 Viditque
1797 1821 1918 1863 Deus
1943 1824 2108 1862 cuncta
2133 1834 2231 1875 quae

393 1880 595 1935 fecerat3
636 1885 680 1923 et
716 1885 842 1922 crant
881 1880 1012 1923 valde
1051 1880 1180 1923 bona.
1223 1880 1283 1922 Et
1320 1879 1496 1921 factum
1537 1884 1604 1922 est
1639 1893 1822 1936 vespere
1860 1884 1905 1922 et
1941 1893 2099 1935 mane,
2138 1879 2231 1922 dies

392 1946 556 1985 sex-tus

451 1998 555 2044 CAP.
578 2000 639 2043 Π.
654 2025 714 2032 --
737 1998 749 2024 ¹
770 1998 914 2055 Igitur
938 1999 1130 2055 perfecti
1154 2004 1258 2042 sunt
1284 1998 1382 2041 caeli
1405 2003 1450 2041 et
1472 2003 1612 2054 terra,
1636 2003 1680 2042 et
1702 1998 1845 2041 omnis
1864 2003 2042 2041 ornatus
2062 2012 2225 2043 eorum.

390 2057 414 2084 2
425 2058 762 2125 Complevitque
800 2060 917 2100 Deus
950 2058 1021 2101 die
1054 2058 1244 2114 septimo
1278 2072 1389 2114 opus
1419 2072 1547 2101 suum
1572 2057 1687 2113 quod
1713 2058 1910 2112 fecerat3
1939 2063 1984 2100 et
2012 2056 2230 2112 requievit

392 2117 461 2161 die
487 2117 676 2174 septimo
702 2117 758 2160 ab
785 2117 990 2160 universo
1014 2132 1143 2185 opere
1167 2117 1283 2184 quod
1305 2122 1519 2174 patrarat.
1543 2117 1560 2143 3
1579 2117 1638 2160 Et
1662 2116 1894 2160 benedixit
1916 2116 2004 2159 diei
2026 2115 2228 2172 septimo,

390 2182 434 2220 et
461 2177 763 2220 sanctificavit
795 2177 942 2231 illum,
981 2177 1085 2233 quia
1117 2177 1163 2218 in
1195 2177 1290 2233 ipso
1322 2181 1576 2219 cessaverat
1608 2176 1665 2218 ab
1697 2176 1816 2218 omni
1843 2189 1973 2232 opere
2005 2188 2084 2218 suo
2113 2174 2229 2232 quod

390 2236 559 2279 creavit
582 2237 702 2279 Deus
726 2241 775 2278 ut
799 2236 986 2279 faceret.

1139 2371 1397 2425 LIBER
1448 2371 1471 2424 Ι

725 2517 1256 2557 ῼΕΝΕΗΑΤΙΟΝΕΞ
1307 2516 1478 2556 CAELI
1527 2517 1602 2555 ET
1654 2515 1896 2554 TERRAE

977 2653 1000 2710 ξ
1035 2654 1071 2697 Ι.
1103 2677 1164 2686 --
1195 2653 1457 2695 Innocentis&
1490 2656 1643 2694 status.

447 2769 465 2796 4
483 2770 589 2813 Istae
611 2774 717 2812 sunt
739 2768 1047 2824 generationes
1073 2767 1171 2810 oaeli
1198 2773 1242 2810 et
1265 2773 1415 2823 teirae,
1443 2765 1620 2822 quando
1646 2769 1796 2808 creata
1820 2770 1945 2820 sunt,
1969 2766 2015 2807 in
2041 2764 2113 2808 die
2141 2777 2224 2821 quo

389 2829 502 2872 fecit
530 2827 744 2871 Dominus
773 2828 892 2870 Deus
917 2827 1077 2869 caelum
1104 2831 1149 2869 et
1169 2832 1360 2869 terram:

448 2888 465 2915 5
483 2889 542 2931 Et
567 2901 696 2930 omne
721 2886 966 2953 virgultum
996 2885 1093 2941 agri
1122 2891 1362 2952 antequam
1393 2885 1578 2927 oriretur
1602 2884 1649 2926 in
1675 2889 1810 2939 terra,
1840 2897 2104 2938 omnemque
2127 2883 2223 2926 her—

389 2947 492 2991 bam
524 2946 719 3003 regionis
752 2945 1007 3002 p1iusquam
1040 2944 1336 3010 germinaret,
1370 2957 1460 2986 non
1493 2944 1611 2986 enim
1649 2943 1823 3000 pluerat
1854 2943 2071 2985 Dominus
2107 2943 2225 2984 Deus

388 3021 517 3063 super
543 3012 726 3061 terr,am
757 3011 802 3048 et
822 3005 954 3048 homo
980 3018 1065 3047 non
1091 3009 1186 3047 erat
1211 3003 1283 3059 qui
1315 3008 1568 3059 operaretui
1593 3009 1780 3056 terram3
1808 3002 1826 3028 ⁶
1843 3001 1920 3044 sed
1944 3001 2048 3044 fons
2073 3015 2224 3044 ascen-

389 3066 525 3110 debat
556 3080 589 3109 e
613 3072 750 3120 terra,
782 3064 974 3120 irrigans·
1004 3063 1264 3106 universam
1291 3062 1568 3120 superficiem
1606 3067 1746 3105 terrae.
1783 3061 1798 3087 7
1827 3061 2060 3104 Formavit
2089 3059 2225 3116 igitui

390 3125 607 3169 Dominus
633 3126 762 3168 Deus
780 3123 1005 3167 hominem
1031 3122 1084 3166 de
1111 3123 1228 3166 limo
1248 3129 1396 3177 terrae,
1424 3126 1469 3164 et
1494 3121 1729 3177 inspiravit
1750 3120 1796 3163 in
1821 3120 1988 3163 faciem
2014 3119 2115 3175 ejus
2136 3118 2224 3174 spi-

388 3185 589 3227 raculum
621 3184 748 3238 vitae,
784 3188 828 3226 et
862 3183 1013 3226 factus
1045 3188 1112 3225 est
1145 3182 1276 3225 homo
1306 3181 1352 3223 in
1385 3181 1582 3223 animam
1615 3180 1855 3223 viventem
1891 3179 1909 3206 8
1936 3179 2224 3221 plantaverat

389 3249 543 3287 autem
578 3243 798 3286 Dominus
830 3243 957 3285 Deus
983 3241 1239 3298 paradisum
1271 3240 1517 3296 voluptatis
1549 3255 1576 3282 a
1608 3239 1849 3296 principio;
1886 3239 1931 3280 in
1964 3251 2048 3294 quo
2078 3236 2224 3293 posuit

389 3303 616 3346 hominem
640 3316 772 3358 quem
793 3302 1079 3344 formaverat„
1107 3300 1124 3326 9
1143 3299 1445 3355 Produxitque
1472 3299 1686 3342 Dominus
1710 3300 1829 3341 Deus
1855 3297 1908 3341 de
1935 3297 2068 3340 humo
2095 3308 2222 3338 omne

391 3361 563 3417 lignum
594 3361 827 3418 pulchrum
860 3360 978 3416 visu,
1010 3364 1057 3403 et
1087 3359 1145 3402 ad
1174 3358 1444 3402 vescendum
1478 3372 1636 3412 suave3
1670 3357 1849 3413 lignum
1874 3356 2019 3399 etiam
2037 3354 2143 3398 vitae
2177 3354 2222 3396 in

392 3525 440 3557 2⁶]
467 3524 532 3552 Int.
557 3525 596 3559 V,
622 3528 635 3552 1
661 3528 699 3553 et.
715 3525 782 3559 IX,
801 3527 830 3553 6.
850 3525 866 3552 1
891 3524 963 3552 Gor.
993 3524 1062 3558 XI,
1088 3525 1112 3552 7.
1137 3523 1204 3551 Ool.
1233 3523 1306 3557 ΙΙΙ,
1332 3525 1375 3550 10.
1401 3537 1435 3541 -
1458 3522 1506 3555 27]
1532 3521 1605 3554 Sap.
1633 3521 1686 3556 II,
1714 3523 1759 3549 23.
1783 3519 1887 3548 Eccli.
1908 3518 2027 3552 XVII,
2049 3520 2073 3546 l.
2101 3517 2222 3545 Mattm

392 3568 494 3603 lux,
507 3572 533 3597 4.
554 3584 583 3588 *
607 3570 655 3603 28]
675 3570 740 3597 Ins.
758 3569 912 3603 VIII.,17
929 3572 964 3596 et
981 3568 1042 3602 IX,
1057 3571 1080 3596 1,
1107 3583 1142 3587 -
1160 3568 1206 3600 29]
1231 3567 1297 3594 Ins.
1314 3566 1381 3600 IX,
1397 3569 1423 3594 3.
1441 3581 1477 3586 --
1495 3567 1543 3599 31]
1570 3564 1671 3594 Eccli.
1693 3563 1861 3599 XXXIX,
1879 3565 1923 3591 21.
1945 3561 2045 3589 Marc.
2069 3561 2156 3596 VII,
2174 3562 2220 3590 37.

392 3625 427 3632 -
444 3613 472 3646 2]
492 3613 551 3641 Ex.
569 3613 651 3647 XX,
667 3616 697 3640 ll
713 3616 746 3640 ot
762 3613 896 3647 XXXI,
912 3615 954 3640 17.
979 3613 1076 3640 Deut.
1090 3613 1129 3646 V,
1148 3614 1191 3640 14.
1206 3611 1308 3639 Hebr.
1328 3610 1385 3645 IV,
1402 3613 1428 3638 4.
1445 3624 1479 3630 -—
1499 3610 1527 3643 7]
1548 3610 1561 3637 Ι
1576 3610 1646 3637 Gor.
1665 3609 1737 3644 XV,
1754 3611 1798 3637 45.
