2423 3861
676 189 824 231 Mina
858 188 973 242 ΧΠ,
1008 189 1064 232 27
1094 219 1153 226 —-
1186 189 1325 235 xm,
1363 187 1429 229 12.
1859 185 1969 227 1145

145 361 191 403 in
217 360 329 402 libro
354 359 520 416 Moysi,
547 373 677 416 super
705 359 899 411 Rulmm,
925 358 1144 414 quomodo
1169 357 1332 400 dixerit
1353 356 1419 399 illi
1446 357 1584 410 Deus,
1607 354 1810 409 inquiens
1840 371 1849 398 ε
1878 356 1972 410 Ego

147 433 244 462 sum
277 419 397 461 Deus
434 418 684 471 Abraham,
719 427 762 461 et
798 419 916 460 Deus
951 419 1098 472 Isaac,
1134 423 1178 460 et
1212 417 1330 459 Deus
1359 415 1538 458 Jacob?
1571 413 1606 440 ²⁷
1628 414 1726 456 Non
1753 417 1820 456 est
1855 413 1973 455 Deus

145 482 436 533 mortuorum,
460 477 535 520 sed
557 477 772 521 vivorum.
799 477 888 518 Vos
913 490 1016 531 ergo
1039 476 1228 518 multum
1250 474 1418 518 erratis.

204 535 241 563 ²⁸
262 537 318 579 Et
339 536 526 580 accessit
552 550 663 578 unus
687 536 741 579 de
761 536 930 586 scribis,
955 535 1026 590 qui
1053 534 1256 577 audierat
1282 534 1380 576 illos
1407 533 1728 589 conquirentes,
1752 536 1796 576 et
1819 531 1975 574 videns

146 596 355 652 quoniam
392 595 505 638 bene
542 595 632 637 illis
670 594 968 649 responderit,
1002 592 1295 647 interrogavit
1334 607 1435 635 cum
1475 593 1589 648 quod
1631 596 1745 635 esset
1781 590 1974 648 primum

147 655 343 698 omnium
368 653 643 696 mandatum.
671 652 708 678 29
726 653 858 695 Jesus
888 657 1037 694 autem
1068 651 1295 707 respondit
1319 651 1358 693 ci
1392 667 1400 694 z
1424 652 1534 701 Quia
1560 652 1753 707 primum
1774 649 1975 693 omnium

147 713 407 756 mandatum
437 717 503 754 est
541 729 549 755 ε
584 711 728 766 Audi,
761 711 923 762 Isi-ach
955 710 1172 752 Dominus
1196 710 1313 752 Deus
1342 716 1443 752 tuus
1471 711 1589 753 Deus
1620 724 1732 752 unus
1758 714 1852 764 est3
1876 708 1914 736 ³⁰
1932 713 1975 752 et

146 771 304 827 diliges
332 770 574 814 Dominum
602 772 746 813 Deum
771 775 897 812 tuum
927 784 982 812 ex
1007 774 1102 811 toto
1126 768 1257 811 corde
1284 772 1382 823 tuo,
1417 774 1461 811 et
1489 783 1542 812 ex
1577 775 1672 811 tota
1699 769 1852 811 anima
1874 773 1973 823 tua,

145 836 190 874 et
213 845 269 874 ex
294 836 388 873 tota
409 836 558 873 mente
579 835 676 885 tua,
701 834 746 872 et
770 844 825 872 ex
851 834 946 871 tota
970 828 1135 870 virtute
1158 833 1246 870 tua.
1277 827 1377 869 Hoc
1400 833 1466 869 est
1484 828 1675 883 primum
1699 828 1973 871 mandatum.

145 890 179 916 3¹
207 889 459 934 Secundum
496 894 647 932 autem
680 888 825 931 similo
859 892 924 930 cst
956 887 1022 929 illi
1059 903 1067 929 :
1106 885 1279 942 Diliges
1317 886 1570 942 proximum
1603 891 1728 928 tuum
1763 891 1976 942 tanquam

144 950 350 1006 teipsum.
380 948 529 1004 Majus
559 948 716 990 horum
748 947 871 990 aliud
905 946 1169 988 mandatum
1201 960 1290 988 non
1327 950 1406 988 est.
1440 944 1478 971 32
1496 947 1554 988 Et
1586 946 1648 987 ait
1682 945 1747 987 illi
1781 946 1926 988 scriba
1965 962 1975 989 ε

147 1009 288 1064 Bene,
315 1007 543 1064 Magister,
569 1007 616 1050 in
642 1007 829 1050 veritate
860 1005 1014 1049 dixisti
1039 1004 1145 1061 quia
1174 1019 1286 1047 unus
1314 1009 1381 1048 est
1407 1005 1546 1060 Deus,
1579 1010 1621 1047 et
1655 1019 1742 1047 non
1773 1010 1838 1047 cst
1863 1004 1976 1048 alius

143 1072 305 1124 praeter
326 1081 454 1121 eum;
477 1066 516 1093 33
532 1072 576 1110 et
597 1071 648 1110 ut
669 1066 882 1122 diligatur
910 1079 965 1108 ex
990 1069 1086 1107 toto
1110 1064 1260 1119 corde,
1291 1068 1335 1106 et
1364 1078 1417 1107 ex
1443 1069 1538 1106 toto
1564 1063 1819 1119 intellectu,
1850 1068 1894 1106 et
1923 1078 1978 1107 ex

142 1132 237 1169 tota
255 1126 418 1177 anima,
438 1132 482 1170 et
499 1140 554 1169 ex
571 1131 666 1169 tota
683 1125 949 1169 fortitudine
967 1141 976 1179 ;
1001 1128 1045 1167 et
1063 1123 1248 1180 diligere
1272 1123 1524 1181 proximum
1546 1128 1760 1178 tanquam
1781 1122 1977 1178 seipsum

145 1186 291 1242 majus
317 1192 384 1229 est
408 1185 614 1228 omnibus
638 1183 1073 1228 holocautomatibus
1096 1188 1140 1226 et
1166 1182 1409 1226 sacrificiis.
1433 1182 1470 1208 3¹¹*
1488 1183 1516 1225 J
1521 1197 1619 1226 esus
1643 1187 1794 1224 autem
1819 1181 1976 1224 videns

144 1245 259 1301 quod
293 1245 517 1302 sapienter
547 1244 865 1302 respondisset,
897 1243 1012 1286 dixit
1043 1242 1111 1285 illi
1152 1259 1161 1286 :
1197 1242 1296 1285 Non
1326 1256 1372 1285 es
1406 1242 1538 1297 longe
1568 1257 1594 1284 a
1623 1254 1760 1298 regno
1789 1240 1884 1283 Dei.
1920 1242 1978 1283 Et

144 1318 274 1347 nemo
295 1304 389 1361 jam
409 1304 604 1347 audebat
629 1317 732 1346 eum
751 1303 1039 1359 interrogare.
1755 1324 1757 1326 ·

203 1363 240 1390 35
259 1364 318 1406 Et
348 1363 620 1420 respondens
652 1364 784 1406 Jesus
818 1362 1018 1418 dicebat,
1055 1362 1219 1406 docens
1245 1363 1291 1405 in
1321 1363 1489 1419 templo
1520 1379 1528 1406 ε
1563 1361 1792 1412 Quomodo
1823 1361 1978 1404 dicunt

144 1423 299 1466 scribae
330 1423 557 1466 Christum
581 1422 723 1465 filium
748 1436 842 1465 esse
875 1422 1057 1466 David?
1083 1422 1120 1448 3⁶
1139 1423 1242 1479 Ipse
1269 1422 1387 1465 enim
1414 1421 1562 1464 David
1592 1420 1702 1464 dicit
1734 1420 1780 1462 in
1811 1420 1977 1476 Spiritu

144 1487 296 1526 sancto
326 1499 336 1526 :
363 1482 489 1524 Dixit
513 1481 729 1525 Dominus
753 1481 944 1524 Domino
966 1495 1063 1524 meo
1098 1499 1106 1525 :
1132 1482 1246 1525 Sede
1269 1496 1296 1524 a
1318 1481 1484 1525 dextris
1506 1480 1630 1535 meis,
1653 1480 1793 1523 donec
1816 1493 1979 1536 ponam

143 1541 347 1585 inimicos
384 1546 478 1584 tuos
512 1541 758 1584 scabellum
790 1541 954 1596 pedum
984 1546 1174 1584 tuorum.
1210 1540 1244 1567 3⁷
1272 1541 1374 1597 Ipse
1409 1554 1513 1596 ergo
1548 1538 1696 1583 David
1737 1539 1847 1582 dicit
1876 1552 1979 1582 eum

147 1600 407 1655 Dominum,
447 1604 491 1642 et
528 1599 644 1642 unde
681 1605 748 1642 est
783 1599 902 1642 filius
936 1599 1068 1654 ejus?
1109 1601 1166 1642 Et
1199 1600 1340 1642 multa
1373 1599 1504 1642 turba
1541 1613 1642 1642 eum
1678 1598 1869 1641 libenter
1902 1612 1979 1640 au-

145 1659 269 1703 divit.

201 1719 237 1746 33
257 1721 314 1763 Et
337 1719 514 1763 dicebat
536 1719 598 1763 eis
625 1719 670 1762 in
697 1719 898 1763 doctrina
920 1735 999 1763 sua
1031 1737 1039 1763 :
1067 1719 1231 1763 Cavete
1253 1733 1280 1761 a
1301 1718 1477 1773 scribis,
1505 1717 1580 1774 qui
1604 1718 1762 1760 volunt
1785 1717 1832 1759 in
1855 1717 1978 1760 stolis

143 1779 392 1835 ambulare,
416 1783 461 1822 et
485 1779 669 1822 salutari
695 1779 742 1822 in
766 1780 886 1835 foro,
914 1778 952 1806 39
968 1785 1012 1822 et
1039 1778 1084 1821 in
1106 1778 1260 1835 primis
1293 1777 1515 1820 cathedris
1542 1776 1695 1820 sedere
1716 1777 1762 1819 in
1789 1790 1979 1832 synago-

143 1838 232 1894 gis,
263 1844 308 1882 et
329 1839 494 1895 primos
517 1838 765 1882 discubitus
789 1839 837 1881 in
864 1839 1002 1882 coenis
1022 1856 1031 1893 3
1056 1838 1094 1865 4⁰
1113 1838 1186 1894 qui
1210 1837 1426 1880 devorant
1457 1837 1609 1880 domos
1636 1835 1873 1878 viduarum
1898 1835 1978 1878 sub

143 1897 327 1941 obtentu
352 1898 538 1955 prolixae
562 1898 773 1942 orationis
799 1915 808 1941 z
836 1898 882 1941 hi
908 1899 1132 1955 accipient
1153 1897 1367 1954 prolixius
1389 1896 1623 1953 judicium.

202 1957 238 1984 4¹
259 1958 318 2000 Et
344 1958 503 2001 sedens
537 1959 668 2001 Jesus
700 1963 854 2001 contra
887 1957 1278 2015 gazophylacium,
1315 1955 1564 2014 aspiciebat
1596 1955 1816 2011 quomodo
1849 1954 1979 1997 turba

143 2017 334 2073 jactaret
361 2031 420 2060 aes
441 2017 489 2060 in
514 2017 915 2074 gazophylacium3
945 2023 988 2060 et
1013 2017 1142 2060 multi
1173 2016 1334 2059 divites
1360 2015 1596 2072 jactabant
1626 2014 1781 2057 multa.
1813 2012 1851 2040 4²
1868 2014 1980 2057 Cum

143 2076 338 2120 venisset
363 2082 514 2120 autem
542 2076 680 2120 vidua
702 2092 789 2119 una
814 2092 993 2134 pauper,
1023 2077 1146 2119 misit
1176 2076 1260 2119 duo
1289 2076 1481 2131 minuta,
1509 2074 1626 2131 quod
1652 2079 1718 2117 est
1744 2074 1977 2129 quadrans.

143 2135 183 2162 ⁴²³
206 2137 266 2179 Et
298 2150 549 2180 convocans
582 2136 825 2193 discipulos
860 2151 982 2192 suos,
1017 2136 1081 2179 ait
1112 2135 1203 2178 illis
1234 2152 1242 2179 :
1278 2137 1424 2178 Amen
1459 2134 1557 2177 dico
1590 2133 1738 2187 vobis,
1771 2132 1980 2188 quoniam

144 2195 282 2239 vidua
309 2196 406 2238 haec
430 2210 600 2253 pauper
630 2195 730 2252 plus
765 2196 970 2239 omnibus
1000 2195 1123 2238 misit
1155 2195 1229 2251 qui
1265 2195 1480 2237 miserunt
1512 2194 1561 2236 in
1593 2191 1979 2248 gazophylacium.

145 2254 182 2281 ‘¹4
200 2255 363 2299 Omnes
390 2256 509 2298 enim
527 2270 581 2298 ex
601 2269 651 2298 eo
669 2255 784 2311 quod
807 2255 1067 2298 abundabat
1090 2255 1180 2298 illis
1203 2255 1417 2297 miserunt
1437 2271 1447 2308 3
1473 2253 1568 2295 haec
1593 2266 1694 2295 vero
1718 2251 1771 2294 de
1797 2251 1979 2307 penuria

147 2328 225 2357 sua
250 2314 400 2357 omnia
420 2329 520 2370 quae
546 2315 704 2358 habuit
725 2314 860 2370 misit,
883 2319 1028 2358 totum
1049 2314 1219 2357 victum
1244 2328 1384 2356 suum.

206 2374 314 2418 CAP.
349 2374 485 2417 XIII.
509 2401 569 2406 --
594 2373 608 2399 1
629 2375 687 2417 Et
709 2389 811 2417 cum
835 2374 1119 2430 egrederetur
1144 2373 1198 2416 de
1223 2372 1410 2429 templo,
1436 2372 1500 2415 ait
1527 2372 1595 2414 illi
1625 2385 1739 2414 unus
1764 2385 1819 2414 ex
1849 2369 1980 2413 disci-

146 2433 262 2490 pulis
284 2433 375 2476 suis
408 2451 417 2477 :
443 2434 671 2490 Magister,
698 2434 849 2491 aspice
874 2433 1024 2490 quales
1057 2433 1230 2490 lapides
1264 2437 1307 2475 et
1336 2431 1487 2488 quales
1516 2435 1765 2474 structurae.
1797 2428 1814 2455 2
1831 2429 1890 2472 Et
1915 2443 1980 2472 re-

146 2492 368 2549 spondens
399 2493 552 2549 Jesus,
583 2492 646 2536 ait
679 2493 776 2537 illi:
802 2493 941 2537 Vides
975 2494 1054 2536 has
1089 2507 1239 2536 omnes
1274 2505 1460 2548 magnas
1494 2488 1848 2534 aedificationes?
1880 2489 1981 2531 Non

146 2551 421 2608 relinquetur
451 2552 565 2610 lapis
598 2567 730 2610 super
758 2552 955 2610 lapidem
985 2553 1059 2609 qui
1089 2566 1176 2595 non
1207 2552 1471 2595 destruatur.
1497 2550 1515 2576 3
1537 2551 1594 2592 Et
1616 2563 1717 2592 cum
1738 2547 1912 2592 sederet
1934 2548 1982 2590 in

148 2616 298 2654 monte
321 2611 552 2655 Olivarum
578 2617 731 2655 contra
759 2612 998 2669 templum,
1025 2611 1364 2667 interrogabant
1396 2624 1496 2653 eum
1530 2608 1770 2666 separatim
1803 2608 1980 2662 Petrus,

148 2677 193 2713 et
217 2670 433 2727 Jacobus,
465 2677 508 2715 et
533 2673 562 2715 J
565 2686 752 2727 oannes,
779 2677 822 2714 et
846 2672 1050 2715 Andreas
1080 2688 1089 2715 ς
1117 2671 1136 2697 4
1160 2671 1245 2714 Dic
1277 2669 1404 2713 nobis
1430 2668 1606 2725 quando
1635 2668 1722 2711 ista
1755 2667 1901 2710 fient?
1940 2673 1982 2710 et

150 2729 266 2785 quod
288 2730 468 2786 signum
489 2731 573 2774 erit
598 2732 771 2787 quando
795 2732 892 2775 haec
914 2732 1064 2775 omnia
1088 2730 1308 2786 incipient
1333 2727 1663 2772 consummari?

207 2789 226 2816 5
243 2790 301 2831 Et
326 2790 597 2846 respondens
622 2791 650 2833 J
655 2805 774 2847 esus,
809 2791 946 2848 coepit
967 2791 1113 2834 dicere
1134 2790 1224 2832 illis
1258 2806 1267 2833 ε
1293 2788 1455 2831 Videte
1477 2802 1533 2831 ne
1554 2787 1746 2843 quis-vos
1769 2786 1980 2840 seducat3

149 2848 166 2874 6
183 2848 314 2891 multi
337 2849 455 2892 enim
480 2850 663 2893 venient
689 2850 737 2892 in
766 2850 946 2893 nomine
977 2864 1095 2905 meo,
1117 2849 1314 2892 dicentes
1345 2847 1447 2903 quia
1480 2861 1562 2902 ego
1592 2860 1716 2901 sum;
1744 2850 1787 2888 et
1819 2845 1982 2888 multos

147 2907 376 2952 seducent.
395 2907 413 2934 ⁷
429 2907 542 2951 Cum
566 2908 796 2952 audieritis
820 2914 973 2953 autem
1000 2909 1120 2952 bella
1153 2913 1196 2951 et
1225 2907 1454 2964 opiniones
1482 2905 1720 2960 bellorum,
1746 2919 1802 2948 ne
1823 2904 1983 2947 timue-

150 2966 280 3023 ritis3
328 2971 500 3024 oportet
533 2966 653 3009 enim
689 2967 786 3010 haec
818 2968 932 3025 fieri,
980 2968 1056 3011 sed
1086 2967 1284 3010 nondum
1313 2965 1426 3008 finis.
1460 2965 1477 2991 8
1496 2966 1694 3020 Exurget
1726 2963 1982 3019 enim'gens

150 3031 304 3070 contra
325 3033 525 3084 gentem,
550 3033 593 3070 et
622 3041 809 3083 regnum
838 3041 971 3084 super
996 3041 1204 3081 regnum,
1227 3030 1270 3068 et
1299 3029 1426 3068 erunt
1459 3027 1740 3082 terraemotus
1783 3037 1862 3079 per
1886 3023 1984 3066 loca

150 3092 194 3128 et
224 3085 384 3129 fames.
418 3086 607 3129 Initium
640 3086 841 3129 dolorum
873 3086 985 3129 haec.
1020 3085 1037 3111 9
1057 3084 1218 3128 Videte
1257 3089 1408 3128 autem
1445 3083 1750 3139 vosmetipsos.
1785 3081 1983 3125 Tradent

151 3145 271 3188 enim
303 3160 381 3188 vos
411 3145 460 3189 in
493 3144 713 3201 conciliis,
745 3150 788 3188 et
819 3145 867 3187 in
895 3144 1136 3202 synagogis
1166 3142 1459 3200 vapulabitis,
1491 3147 1536 3185 et
1566 3146 1674 3185 ante
1698 3141 1908 3198 praesides
1941 3146 1983 3184 et

150 3218 277 3261 reges
297 3204 473 3248 stabitis
499 3211 678 3262 propter
699 3219 790 3258 me,
811 3205 858 3247 in
880 3203 1184 3248 testimonium
1203 3203 1308 3246 illis.
1336 3202 1372 3229 ¹⁰
1390 3203 1447 3245 Et
1471 3201 1517 3244 in
1543 3214 1695 3244 omnes
1723 3205 1879 3257 gentes
1899 3199 1984 3256 pri-

151 3277 275 3306 mum
304 3270 475 3321 oportet
507 3264 743 3322 praedicari
775 3263 1072 3320 evangelium.
1104 3262 1137 3288 1¹
1163 3263 1222 3305 Et
1251 3277 1354 3305 cum
1383 3261 1593 3305 duxerint
1620 3274 1698 3304 vos
1735 3259 1980 3314 tradentes,

151 3323 290 3367 nolite
321 3324 613 3381 praecogitare
642 3323 748 3380 quid
781 3322 1050 3379 loquamini3
1084 3322 1164 3365 sed
1193 3321 1310 3378 quod
1342 3321 1497 3365 datum
1521 3320 1647 3363 vobis
1676 3319 1813 3362 fuerit
1837 3318 1885 3360 in
1905 3317 1985 3360 illa

152 3380 279 3439 hora,
312 3383 360 3426 id
393 3383 661 3439 loquimini:
682 3397 769 3426 non
805 3382 923 3426 enim
952 3396 1029 3425 vos
1063 3382 1167 3425 estis
1195 3381 1444 3438 loquentes,
1477 3379 1554 3423 sed
1582 3379 1771 3436 Spiritus
1789 3381 1982 3420 sanctus.

154 3439 190 3466 ¹2
207 3441 372 3485 Tradet
392 3447 544 3486 autem
567 3443 708 3501 frater
729 3442 915 3485 fratrem
941 3441 986 3483 in
1009 3445 1214 3496 mortem,
1238 3445 1281 3484 et
1314 3446 1439 3497 pater
1462 3438 1625 3492 filium3
1655 3442 1700 3480 et
1718 3441 1985 3492 consurgent

154 3572 201 3605 28]
219 3572 342 3601 Matth.
364 3572 486 3608 XXII,
503 3576 548 3602 35.
561 3587 599 3593 —
615 3575 663 3607 29]
687 3574 784 3601 Deut.
803 3573 869 3606 VI,
886 3574 912 3600 4.
932 3586 967 3591 -
987 3573 1037 3604 31]
1055 3572 1133 3599 Lev.
1152 3571 1248 3605 XIX,
1267 3574 1310 3599 18.
1333 3570 1400 3598 Gal.
1419 3570 1464 3604 V,
1482 3570 1526 3596 14.
1545 3567 1666 3596 Matth.
1685 3567 1788 3595 XXII
1801 3588 1808 3602 ,
1824 3569 1869 3595 39.
1887 3567 1984 3595 Rom.

154 3615 262 3651 1111,
278 3618 303 3644 9.
321 3617 392 3646 Jac.
417 3616 471 3651 11,
488 3619 515 3645 8.
545 3632 582 3637 —-
609 3617 658 3650 36]
678 3616 731 3645 ΡΞ.
749 3615 842 3650 CIX,
862 3618 886 3643 1.
906 3615 1028 3642 matth.
1045 3615 1168 3649 XXII,
1186 3617 1230 3642 44.
1251 3614 1329 3641 Luc.
1349 3613 1432 3647 XX,
1449 3614 1493 3640 42.
1519 3625 1557 3630 -
1584 3611 1633 3644 38]
1659 3611 1781 3638 Matth.
1799 3610 1941 3645 XXIII,
1955 3613 1983 3639 5.

155 3659 234 3687 Luc.
251 3660 314 3695 XI,
330 3663 366 3688 43
382 3663 417 3689 et
438 3661 514 3697 XX,
531 3664 576 3690 46.
594 3678 630 3681 —
650 3663 698 3696 41]
718 3661 798 3689 Luc.
819 3660 913 3695 XXI,
932 3662 957 3688 1.
974 3675 1011 3679 —
1027 3660 1057 3693 1]
1075 3659 1198 3690 Matth.
1220 3659 1346 3692 XXIV,
1365 3661 1389 3685 1.
1407 3672 1444 3676 —
1467 3658 1496 3690 2]
1519 3657 1600 3684 Luc.
1618 3655 1714 3690 XIX,
1730 3656 1764 3681 44
1786 3656 1824 3682 et
1845 3653 1940 3688 XXI,
1955 3656 1982 3683 6.

153 3716 188 3723 -—
211 3704 242 3737 5]
260 3704 342 3736 Eph.
362 3704 400 3740 V,
420 3707 446 3732 6.
467 3705 502 3732 II
520 3706 633 3734 Thess
656 3706 703 3741 II,
715 3708 742 3734 3.
760 3719 796 3723 ——
822 3705 868 3738 11]
887 3703 1008 3732 Matth.
1026 3703 1069 3738 X,
1088 3705 1132 3731 19.
1151 3703 1231 3731 Luc.
1250 3703 1330 3736 XII,
1345 3705 1377 3730 11
1396 3704 1431 3728 ct
1450 3701 1543 3729 XXI.
1563 3703 1605 3728 14.
1951 3703 1953 3705 ·

2044 550 2282 580 lutei-rogatur

2060 593 2100 620 de
2117 591 2263 620 maximo

2123 635 2208 669 legis

2079 680 2247 708 mandato.

2093 1400 2099 1404 ,
2127 1368 2204 1399 Ipse

2070 1409 2261 1444 interrogat

2017 1465 2024 1478 ·
2075 1455 2114 1484 de
2133 1454 2258 1484 Messia

2063 1499 2132 1528 filio
2152 1498 2269 1528 David.

2073 1728 2112 1756 In
2134 1726 2263 1756 scribas

2075 1771 2262 1801 invehitur.

2059 1962 2132 1989 Duo
2146 1959 2279 1988 minuta

2109 2003 2229 2033 viduae.
2290 2009 2294 2013 ⁴

2111 2377 2225 2405 Sermo

2033 2445 2037 2449 .
2075 2420 2112 2448 dc
2131 2419 2263 2448 excidio

2047 2465 2238 2493 Jerusalem
2254 2466 2288 2492 et

2081 2510 2121 2537 de
2139 2508 2258 2537 mundi

2132 2555 2210 2582 fine.

2076 2602 2107 2626 10
2125 2597 2264 2627 Occasio

2085 2646 2254 2671 narratur.

2047 2785 2080 2810 2⁰
2093 2781 2204 2810 Prima
2214 2788 2290 2814 pars

2079 2833 2244 2855 sermonis
2254 2846 2262 2862 ,

2068 2869 2276 2904 prophetica.
