2423 3861
149 327 260 355 snnon

128 369 289 398 atrociter

132 417 280 441 necatus,

128 1169 275 1195 Joannes

113 1212 303 1243 111101008-

134 1256 271 1286 ereptus

126 1297 285 1332 periculo.

118 1696 296 1726 Conclusio

164 1740 251 1770 libri

395 146 507 186 1074
1021 140 1039 180 Ι
1073 140 1224 181 MACH.
1260 138 1392 193 XVI,
1430 139 1589 180 11-24.

455 314 484 340 ¹¹
507 316 563 357 Et
589 314 876 364 Ptolemaeus,
904 309 1019 351 filius
1045 307 1214 363 Abobi,
1240 308 1506 350 constitutus
1530 313 1623 350 erat
1653 307 1744 350 dux
1773 307 1818 350 111
1841 322 1998 365 campo
2020 310 2222 365 Jericho,

391 379 435 417 et
452 373 646 416 habebat
670 374 906 425 argentum
928 372 972 410 et
999 381 1156 409 aurum
1178 366 1369 409 multum
1388 385 1396 422 ;
1424 366 1459 392 12
1477 371 1572 410 erat
1597 366 1715 410 enim
1741 381 1877 422 gener
1897 367 2058 411 summi
2079 383 2222 412 sacer-

391 433 518 475 dotis,
544 432 579 457 ¹3
598 432 655 473 Et
680 429 927 474 exaltatum
954 431 1020 470 est
1041 440 1115 469 cor
1140 425 1261 481 ejus3
1291 431 1333 469 et
1353 425 1531 469 volebat
1554 425 1752 469 obtinere
1773 426 2014 482 regionem,
2034 431 2078 471 et
2103 428 2224 484 cogi-

389 492 514 534 tabat
548 489 697 532 dolum
731 487 942 530 adversus
974 485 1219 541 Simonem,
1251 490 1296 528 et
1327 485 1440 528 filios
1471 485 1588 541 ejus,
1615 489 1664 527 ut
1696 485 1872 528 tolleret
1897 499 1982 528 eos.
2014 485 2051 512 ¹4
2073 486 2225 531 Simon

389 556 536 593 autem
563 545 876 605 perambulans
902 544 1108 588 civitates
1131 558 1230 600 quae
1257 550 1382 587 erant
1407 545 1452 586 in
1477 545 1657 600 regione
1680 545 1708 587 J
1712 545 1876 600 udaeae,
1897 550 1940 588 et
1961 544 2224 588 sollicitudi-

388 623 489 652 nem
512 620 667 663 gerens
697 619 867 661 earum,
892 604 1124 648 descendit
1151 604 1198 646 in
1221 605 1249 646 J
1254 603 1402 647 ericho
1426 604 1542 660 ipse,
1570 609 1614 647 et
1642 604 1937 659 Mathathias,
1961 604 2078 646 filius
2105 604 2225 660 ejus,

388 673 431 710 et
457 668 485 709 J
491 666 618 722 udas,
648 679 765 708 anno
798 664 1041 708 centesimo
1074 663 1405 720 septuagesimo
1439 663 1648 720 septimo,
1686 677 1836 706 mense
1866 663 2123 719 undecimo,
2155 664 2227 706 1110

388 732 453 770 est
477 725 642 768 mensis
664 724 836 768 sabath.
865 724 900 750 15
920 725 977 766 Et
999 723 1192 780 suscepit
1214 737 1288 765 eos
1310 723 1425 766 filius
1454 723 1602 766 Abobi
1627 723 1674 765 in
1705 722 2101 779 munitiunculam,
2129 737 2227 779 quae

386 789 570 829 vocatur
593 785 731 839 Doch,
753 798 853 827 cum
877 784 991 840 dolo,
1016 797 1149 838 quam
1169 782 1422 839 aedificavit,
1443 787 1487 825 et
1503 782 1616 825 fecit
1635 781 1696 825 eis
1716 781 1972 824 convivium
1994 796 2224 839 magnum,

387 851 430 888 et
459 844 693 888 abscondit
725 843 820 886 11110
846 843 975 886 viros.
1004 842 1039 868 16
1062 843 1120 884 Et
1150 856 1253 885 cum
1285 841 1530 885 inebriatus
1564 846 1679 885 esset
1710 841 1882 897 Simon,
1916 846 1960 884 et
1992 841 2071 884 filii
2105 841 2225 898 ejus,

386 904 577 947 surrexit
614 902 883 946 Ptolemaeus
921 917 1023 946 cum
1056 901 1165 957 suis,
1201 906 1244 945 et
1276 906 1560 959 sumpserunt
1589 915 1712 944 arma
1743 915 1841 956 sua,
1872 905 1916 944 et
1948 900 2227 944 intraverunt

385 964 432 1007 111
455 963 730 1018 convivium,
753 967 798 1006 et
831 961 1090 1006 occiderunt
1115 975 1236 1017 eum,
1260 965 1305 1004 et
1337 961 1445 1005 duos
1475 960 1588 1004 filios
1619 960 1736 1016 ejus,
1765 965 1808 1003 et
1834 960 2048 1016 quosdam
2071 974 2226 1016 pueros

386 1024 497 1080 ejus.
533 1022 566 1049 17
595 1023 652 1065 Et
684 1021 796 1065 fecit
834 1020 1141 1078 deceptionem
1174 1033 1388 1075 magnam
1420 1021 1467 1063 in
1497 1019 1656 1075 Israel,
1691 1025 1735 1063 et
1767 1019 1962 1062 reddidit
1995 1019 2114 1062 mala
2150 1034 2227 1077 pro

386 1083 527 1127 bonis.

449 1143 483 1170 18
502 1143 560 1186 Et
582 1143 758 1200 scripsit
779 1143 876 1186 haec
900 1141 1192 1196 Ptolemaeus,
1217 1145 1260 1183 et
1282 1140 1403 1182 misit
1424 1139 1539 1195 regi,
1559 1145 1607 1182 ut
1633 1139 1830 1183 mitteret
1851 1139 1891 1183 61
1914 1139 2159 1183 exercitum
2180 1139 2226 1182 in

387 1203 628 1257 auxilium,
656 1208 699 1246 et
733 1202 924 1245 traderet
958 1200 997 1244 ei
1030 1200 1280 1256 regionem,
1309 1204 1352 1242 et
1382 1198 1587 1241 civitates
1621 1213 1792 1254 eorum,
1825 1203 1868 1241 et
1900 1198 2080 1242 tributa.
2113 1198 2149 1224 19
2171 1200 2228 1241 Et

388 1263 511 1305 misit
534 1261 645 1305 alios
674 1262 720 1305 in
752 1262 972 1306 Gazaram
1002 1259 1156 1303 tollere
1182 1259 1429 1312 Joannem3
1465 1262 1509 1301 et
1542 1257 1733 1301 tribunis
1765 1257 1887 1300 misit
1918 1257 2149 1314 epistolas,
2180 1263 2229 1300 ut

388 1322 591 1365 venirent
612 1322 669 1365 ad
695 1336 761 1378 se,
789 1325 832 1364 et
855 1320 981 1363 daret
1003 1319 1065 1362 eis
1090 1323 1328 1374 argentum
1352 1322 1396 1361 et
1416 1332 1595 1373 aurum,
1619 1322 1663 1361 et
1688 1317 1816 1361 dona.
1841 1316 1877 1343 20
1896 1318 1953 1360 Et
1973 1317 2083 1360 alios
2107 1316 2230 1360 misit

389 1395 604 1438 occupare
639 1380 909 1436 Jerusalem,
942 1384 984 1423 et
1017 1383 1217 1422 montem
1245 1377 1416 1434 templi.
1440 1375 1474 1403 21
1496 1378 1553 1419 Et
1585 1391 1860 1434 praecurrens
1887 1376 2090 1432 quidam,
2118 1391 2228 1419 nun-

389 1441 519 1484 tiavit
545 1441 573 1484 J
578 1441 710 1484 oanni
742 1441 789 1483 111
816 1440 1008 1494 Gazara,
1039 1438 1143 1494 quia
1172 1437 1304 1495 periit
1332 1442 1458 1494 pater
1482 1437 1600 1493 ejus,
1629 1442 1672 1480 et
1701 1437 1863 1479 fratres
1896 1436 2014 1493 ejus,
2049 1441 2093 1479 et
2126 1436 2230 1491 quia

389 1500 511 1544 misit
539 1505 583 1544 te
616 1514 789 1556 quoque
820 1498 1023 1542 interfici.
1055 1496 1092 1523 22
1118 1499 1181 1542 Ut
1212 1496 1386 1540 audivit
1417 1501 1590 1551 autem,
1625 1497 1911 1540 vehementer
1941 1495 2154 1552 expavit,
2187 1500 2230 1538 et

391 1560 728 1617 comprehendit
752 1559 868 1602 viros
901 1558 975 1614 qui
1002 1562 1216 1601 venerant
1248 1555 1431 1613 perdere
1465 1569 1586 1612 eum,
1614 1561 1658 1599 et
1693 1555 1856 1599 occidit
1889 1569 1994 1599 eos:
2021 1554 2230 1611 cognovit

391 1620 509 1663 enim
535 1619 638 1675 quia
664 1619 923 1675 quaerebant
945 1632 1045 1661 eum
1071 1616 1265 1673 perdere.

450 1678 487 1706 23
513 1679 571 1721 Et
601 1684 747 1722 cetera
779 1691 1033 1720 sermonum
1060 1675 1268 1730 ι1061111118,
1300 1680 1343 1718 et
1375 1674 1593 1718 bellorum
1628 1675 1746 1731 ejus,
1774 1680 1817 1718 et
1850 1674 2065 1718 bonarum
2091 1675 2226 1717 virtu-

391 1744 487 1782 tum
521 1738 678 1794 quibus
706 1737 884 1780 fortiter
904 1736 1061 1793 gessit,
1092 1741 1136 1778 et
1163 1734 1339 1778 aedificii
1365 1749 1590 1777 murorum
1617 1748 1724 1790 quos
1747 1734 1987 1789 exstruxit,
2016 1739 2058 1777 et
2083 1748 2228 1777 rerum

393 1803 619 1854 gesta-rum
641 1796 759 1853 ejus,
790 1795 826 1823 21
851 1810 952 1840 6006
981 1796 1080 1839 haec
1109 1794 1276 1851 scripta
1308 1799 1412 1837 sunt
1437 1794 1481 1836 111
1508 1794 1621 1837 libro
1649 1794 1819 1836 dierum
1842 1793 2077 1837 sacerdotii
2109 1793 2226 1849 ejus,

394 1871 449 1901 ex
471 1871 553 1915 quo
580 1857 729 1900 factus
754 1861 820 1901 est
841 1854 1045 1913 princeps
1071 1854 1349 1898 sacerdotum
1375 1857 1474 1909 post
1500 1858 1671 1909 patrem
1694 1866 1839 1897 suum.
