2456 3861
69 621 256 649 Structurae

88 663 182 690 locus
203 664 236 689 et

89 709 231 739 tempus.

54 831 269 859 construe-fio

93 876 233 911 portici,

96 1124 230 1160 Sancti,

60 1486 175 1516 sanct-i
196 1495 269 1516 san-

42 1538 175 1561 ctorum
207 1540 282 1561 cum

76 1577 249 1605 cherubim

94 1629 132 1650 ac
145 1622 232 1651 velo.

130 2327 208 2353 Duae

84 2371 255 2398 columnae.

88 2741 201 2768 Altare
220 2744 254 2768 et

69 2792 149 2812 vasa
170 2792 272 2813 sacra.

347 131 434 174 410
932 126 980 168 ΙΙ
1015 126 1126 167 PAR.
1161 124 1258 178 III,
1295 124 1315 165 1
1352 149 1411 154 —
1443 124 1522 178 IV,
1557 124 1596 166 6.

348 299 487 342 millia
511 298 586 353 qui
610 297 780 353 lapides
810 297 855 339 in
882 295 1108 338 montibus
1131 294 1379 349 caederent3
1403 294 1487 337 tria
1519 299 1668 336 autem
1699 291 1843 333 millia
1876 296 1920 333 et
1953 296 2187 334 sexcentos

347 356 607 414 praepositos
633 370 815 412 operum
839 355 1004 412 populi.

881 479 902 532 ξ
936 476 999 518 ΙΙ.
1030 502 1088 507 -
1118 475 1399 531 AEdz'ficatur
1432 475 1648 531 templum.

406 595 512 639 CAP.
539 594 629 638 ΙΙΙ.
648 620 707 626 -
728 593 741 619 1
763 594 821 636 Ε1
843 592 980 649 coepit
1003 591 1211 635 Salomon
1230 591 1448 634 aedificare
1468 591 1648 634 domum
1673 588 1854 632 Domini
1871 587 1920 630 in
1938 588 2189 632 Jerusalem

344 653 391 696 in
418 658 568 696 monte
594 653 758 706 Moria,
783 652 856 708 qui
883 652 1211 695 demonstratus
1233 651 1382 694 fuerat
1406 649 1572 704 David,
1599 647 1716 705 patri
1735 647 1854 704 ejus,
1875 646 1920 689 in
1938 646 2035 691 loco
2058 662 2190 704 quem

345 718 581 769 paraverat
608 712 755 755 David
783 712 831 754 in
855 726 958 754 area
988 711 1138 755 Ornan
1161 711 1188 753 J
1193 709 1372 753 ebusaei.
1398 708 1416 735 ⁶2
1434 708 1578 765 Coepit
1604 712 1754 750 autem
1782 705 2003 750 aedificare
2038 721 2191 750 mense

346 771 561 827 secundo,
588 785 705 815 anno
731 776 886 828 quarto
910 770 1037 826 regni
1067 770 1146 813 sui.

404 830 498 874 3Et
526 832 622 874 haec
654 837 759 874 sunt
789 830 1090 874 fundamenta
1124 843 1222 885 qnae
1256 827 1366 885 jecit
1403 827 1610 872 Salomon
1643 832 1692 870 ut
1730 826 1971 870 aedificaret
2009 825 2192 869 domum

347 890 429 934 Dei
450 905 460 934 τ
484 890 779 947 longitudinis
805 890 977 933 cubitos
1001 889 1049 932 in
1070 903 1275 932 mensura
1297 887 1441 943 prima
1463 887 1718 943 sexaginta,
1746 885 1998 929 latitudinis
2018 884 2193 928 cubitos

345 949 521 1006 viginti.
548 949 566 977 4
586 950 812 993 Porticum
837 963 940 993 vero
972 954 1076 991 ante
1108 948 1325 1001 frontem,
1354 960 1452 1001 quae
1485 945 1754 989 tendebatur
1778 945 1824 987 in
1847 944 2032 1000 longum
2060 943 2192 1000 juxta

347 1023 601 1052 mensuram
636 1009 889 1052 latitudinis
920 1008 1095 1063 domus,
1128 1006 1378 1049 cubitorum
1402 1005 1596 1061 viginti,
1630 1019 1759 1061 porro
1789 1004 1981 1047 altitudo
2011 1007 2193 1046 centum

346 1069 510 1125 viginti
535 1068 785 1112 cubitorum
811 1072 924 1123 erat,
952 1072 995 1110 et
1021 1065 1254 1109 deauravit
1279 1079 1379 1107 eam
1402 1063 1671 1107 intrinsecus
1693 1078 1798 1107 auro
1824 1062 2130 1106 mundissimo.

407 1129 423 1155 5
444 1130 637 1172 Domum
668 1142 839 1184 quoque
872 1126 1090 1182 majorem
1126 1123 1240 1168 texit
1272 1122 1437 1166 tabulis
1470 1123 1631 1179 ligneis
1664 1122 1893 1179 abiegnis,
1925 1126 1969 1165 et
2002 1122 2193 1165 laminas

346 1188 440 1231 auri
468 1187 604 1230 obrizi
631 1187 781 1229 affixit
806 1200 883 1242 per
905 1190 1075 1239 totum3
1099 1183 1370 1239 sculpsitque
1391 1182 1439 1225 in
1462 1197 1514 1226 ea
1535 1182 1722 1239 palmas,
1742 1187 1787 1226 et
1811 1180 1939 1237 quasi
1963 1181 2193 1224 catenulas

346 1261 392 1290 se
417 1247 610 1289 invicem
636 1245 997 1302 complectentes.
1024 1244 1041 1270 6
1060 1243 1227 1287 Stravit
1252 1256 1424 1298 quoque
1450 1242 1759 1299 pavimentum
1782 1240 1940 1297 templi
1970 1240 2194 1297 pretiosis-

347 1306 458 1349 simo
483 1319 721 1361 marmore,
746 1304 901 1347 decore
924 1303 1077 1347 multo.
1102 1302 1116 1329 7
1137 1303 1270 1345 Porro
1293 1316 1452 1344 aurum
1474 1305 1569 1344 erat
1593 1300 1960 1357 probatissimum
1987 1299 2041 1342 de
2068 1299 2196 1355 cujus

347 1365 527 1408 laminis
548 1365 661 1408 texit
687 1364 887 1419 domum,
914 1368 958 1406 et
988 1362 1137 1406 trabes
1167 1361 1286 1418 ejus,
1310 1366 1354 1404 et
1379 1366 1547 1418 postes,
1579 1367 1624 1404 et
1655 1360 1868 1417 parietes,
1897 1365 1942 1402 et
1977 1358 2118 1414 ostia,
2154 1364 2197 1401 et

348 1425 528 1468 caelavit
552 1424 781 1467 cherubim
807 1423 853 1466 in
877 1422 1133 1479 parietibus.

407 1484 423 1511 8
442 1484 570 1527 Fecit
595 1498 765 1539 quoque
792 1483 973 1526 domum
995 1481 1147 1526 Sancti
1173 1486 1456 1525 sanctorum:
1481 1480 1810 1536 longitudinem
1838 1479 1970 1536 juxta
1992 1478 2195 1521 latitudi-

348 1558 449 1587 nem
484 1543 659 1598 domus,
696 1542 945 1586 cubitorum
978 1541 1170 1597 viginti;
1202 1546 1246 1583 et
1275 1540 1561 1583 latitudinem
1594 1539 1801 1582 similiter
1830 1537 1995 1594 viginti
2024 1537 2195 1580 cubito-

347 1618 470 1656 rum3
498 1607 541 1645 et
565 1602 744 1645 laminis
771 1601 914 1644 aureis
935 1600 1049 1644 texit
1074 1615 1193 1656 eam,
1218 1599 1342 1655 quasi
1365 1599 1548 1642 talentis
1574 1598 1809 1642 sexcentis.
1838 1597 1855 1623 9
1872 1598 1959 1641 Sed
1985 1602 2029 1640 et
2048 1597 2199 1639 clavos

349 1662 461 1706 fecit
486 1676 661 1717 aureos,
685 1661 748 1703 ita
770 1666 818 1703 ut
839 1660 1003 1716 singuli
1031 1659 1147 1702 clavi
1173 1659 1304 1702 siclos
1331 1658 1666 1714 quinquagenos
1692 1657 2011 1714 appenderent.
2041 1656 2198 1699 Coena-

351 1722 451 1764 cula
473 1735 644 1778 quoque
667 1720 780 1765 texit
805 1734 926 1765 auro.
949 1719 985 1745 10
1003 1718 1131 1762 Fecit
1149 1718 1286 1761 etiam
1307 1718 1353 1760 in
1372 1717 1502 1761 domo
1521 1717 1673 1760 Sancti
1693 1723 1948 1760 sanctorum
1968 1715 2197 1759 cherubim

351 1781 480 1837 duos,
508 1795 638 1837 opere
663 1779 897 1834 statuario,
925 1784 969 1822 et
1001 1778 1115 1821 texit
1145 1792 1216 1821 eos
1242 1792 1361 1821 auro.
1391 1776 1423 1803 ¹¹
1445 1777 1545 1820 Alae
1581 1776 1811 1819 cherubim
1842 1775 2007 1831 viginti
2037 1774 2200 1817 cubitis

352 1840 718 1895 extendebantur,
743 1840 804 1881 ita
831 1843 878 1881 ut
901 1853 987 1881 una
1010 1837 1081 1880 ala
1103 1837 1287 1880 haberet
1313 1836 1486 1879 cubitos
1510 1835 1724 1891 quinque,
1752 1840 1797 1878 et
1827 1839 2033 1890 tangeret
2057 1834 2198 1890 parie-

350 1905 443 1943 tem
477 1899 659 1953 domus3
696 1904 740 1942 et
772 1898 932 1953 altera,
968 1896 1161 1952 quinque
1197 1896 1369 1938 cubitos
1398 1895 1590 1951 habens,
1624 1895 1744 1937 alam
1779 1899 1985 1950 tangeret
2018 1892 2201 1935 alterius

352 1959 531 2002 cherub.
559 1957 594 1984 12
613 1957 826 2001 Similiter
855 1956 1020 2000 cherub
1054 1954 1236 1998 alterius
1266 1955 1337 1997 ala
1371 1954 1564 2010 quinque
1591 1953 1787 1997 habebat
1816 1953 2008 2009 cubitos,
2034 1957 2078 1995 et
2104 1956 2201 1994 tan-

352 2018 488 2074 gebat
512 2017 753 2074 parietem3
779 2021 823 2059 et
843 2016 916 2059 ala
943 2016 1040 2072 ejus
1066 2015 1206 2058 altera
1232 2014 1425 2070 quinque
1453 2013 1724 2069 cubitorum,
1753 2013 1873 2056 alam
1900 2011 2066 2055 cherub
2091 2011 2202 2053 alte-

352 2077 441 2120 rius
479 2076 783 2132 contingebat.
823 2075 859 2102 13
883 2075 1030 2131 Igitur
1070 2074 1155 2117 alae
1193 2073 1420 2130 utriusque
1459 2073 1688 2116 cherubim
1727 2086 1936 2129 expansae
1971 2075 2122 2126 erant,
2159 2076 2202 2113 et

353 2136 710 2180 extendebantur
730 2150 808 2192 per
834 2134 1007 2178 cubitos
1030 2133 1218 2190 viginti,
1246 2133 1330 2190 ipsi
1352 2138 1504 2176 autem
1533 2132 1714 2175 stabant
1741 2131 1899 2175 erectis
1922 2130 2131 2188 pedibus,
2159 2135 2203 2172 et

353 2196 495 2239 facies
520 2210 672 2239 eorum
698 2200 823 2238 erant
848 2209 987 2237 versae
1020 2194 1077 2237 ad
1112 2193 1377 2237 exteriorem
1411 2193 1606 2236 domum.
1635 2191 1670 2218 ¹4
1688 2191 1817 2235 Fecit
1850 2205 2022 2247 quoque
2051 2188 2202 2233 velum

354 2270 408 2298 ex
433 2255 697 2312 hyacintho,
724 2269 938 2311 purpura,
964 2268 1117 2308 cocco,
1145 2258 1189 2296 et
1213 2252 1374 2309 bysso;
1400 2257 1443 2296 et
1468 2251 1663 2295 intexuit
1685 2251 1726 2294 01
1749 2249 1991 2294 cherubim.

414 2315 449 2341 ¹5
471 2315 591 2358 Ante
627 2315 747 2358 fores
784 2313 922 2356 etiam
958 2313 1113 2369 templi
1152 2312 1262 2355 duas
1300 2312 1529 2354 columnas
1567 2325 1665 2367 quae
1703 2310 1890 2366 triginta
1929 2315 1973 2352 et
2010 2308 2204 2365 quinque

355 2374 528 2417 cubitos
568 2374 797 2417 habebant
833 2372 1084 2415 altitudinis
1105 2389 1113 2427 3
1154 2386 1281 2428 porro
1321 2371 1469 2428 capita
1511 2385 1661 2413 earum
1703 2370 1894 2426 quinque
1938 2368 2201 2411 cubitorum.

357 2433 392 2460 ¹⁶
417 2435 602 2477 Necnon
639 2439 684 2476 et
721 2432 845 2489 quasi
885 2432 1114 2475 catenulas
1152 2431 1198 2473 in
1236 2431 1433 2487 oraculo,
1473 2436 1517 2473 et
1555 2429 1834 2487 superposuit
1870 2442 1943 2471 eas
1981 2426 2202 2484 capitibus

356 2492 663 2536 columnarum
687 2510 696 2546 ;
746 2491 1056 2547 malogranata
1101 2490 1238 2533 etiam
1285 2495 1462 2533 centum
1509 2504 1608 2546 quae
1658 2487 1874 2531 catenulis
1922 2486 2202 2542 interposuit.

357 2552 390 2578 ¹⁷
410 2553 537 2609 Ipsas
565 2567 735 2608 quoque
762 2551 991 2594 columnas
1020 2549 1168 2607 posuit
1193 2550 1241 2592 in
1270 2549 1491 2593 vestibulo
1519 2548 1696 2605 templi,
1731 2561 1864 2590 unam
1892 2561 1918 2589 a
1945 2545 2133 2601 dextris,
2161 2550 2204 2588 et

355 2611 544 2655 alteram
576 2627 601 2654 a
631 2610 848 2665 sinistris3
878 2624 976 2653 eam
1006 2624 1105 2666 quae
1135 2624 1161 2651 a
1192 2608 1359 2652 dextris
1389 2613 1484 2652 erat
1515 2607 1691 2652 vocavit
1724 2606 1911 2661 Jachin,
1941 2610 1985 2648 et
2015 2619 2113 2661 quae
2147 2604 2203 2647 ad

356 2671 540 2727 laevam,
567 2672 695 2714 Booz.

416 2730 523 2773 CAP.
551 2731 633 2773 IV.
659 2757 719 2762 —
748 2730 760 2756 1
785 2731 913 2773 Fecit
946 2744 1117 2786 quoque
1149 2730 1290 2773 altare
1324 2744 1496 2773 aeneum
1534 2727 1693 2785 w‘ginti
1724 2726 1975 2770 cubitorum
2010 2724 2204 2781 longitu-

358 2790 495 2844 dinis,
530 2795 575 2833 et
599 2789 763 2846 viginti
792 2789 1043 2833 cubitorum
1076 2789 1348 2844 latitudinis,
1380 2794 1424 2832 et
1453 2788 1608 2831 decem
1643 2786 1893 2830 cubitorum
1925 2784 2204 2839 altitudinis3

357 2848 375 2874 2
390 2863 509 2892 mare
532 2850 667 2892 etiam
689 2849 825 2892 fusile
852 2849 1005 2892 decem
1027 2848 1190 2891 cubitis
1215 2863 1241 2890 a
1266 2847 1385 2891 labio
1412 2862 1549 2903 usque
1572 2847 1629 2890 ad
1652 2845 1844 2899 labium,
1867 2844 2105 2887 rotundum
2128 2857 2206 2900 per

359 2908 594 2951 circuitum
616 2925 625 2962 3
667 2909 859 2964 quinque
901 2908 1074 2951 cubitos
1111 2907 1307 2950 habebat
1347 2907 1623 2962 altitudinis,
1664 2909 1708 2948 et
1748 2903 1976 2947 funiculus
2017 2902 2206 2959 triginta

359 2966 610 3010 cubitorum
643 2967 871 3011 ambiebat
903 2982 1063 3023 gyrum
1089 2967 1201 3023 ejus.
1229 2966 1246 2992 3
1268 2966 1523 3010 Similitudo
1557 2978 1728 3022 quoque
1762 2963 1897 3006 boum
1927 2967 2022 3006 erat
2055 2962 2207 3005 subter

357 3026 492 3081 illud,
520 3031 562 3069 et
589 3026 742 3068 decem
769 3026 930 3069 cubitis
957 3026 1162 3081 quaedam
1187 3026 1462 3069 extrinsecus
1488 3024 1734 3079 caelaturae,
1763 3022 1887 3078 quasi
1911 3021 2082 3065 duobus
2110 3035 2207 3064 ver—

359 3085 481 3129 sibus
503 3085 656 3128 alvum
674 3085 808 3127 maris
827 3085 1089 3128 circuibant.
1111 3085 1254 3127 Boves
1277 3091 1428 3128 autem
1454 3088 1578 3128 erant
1599 3082 1771 3126 fusiles.
1796 3081 1813 3108 ‘¹
1834 3083 1890 3124 Et
1911 3081 2059 3138 ipsum
2084 3094 2206 3123 mare

359 3159 490 3201 super
512 3143 745 3187 duodecim
767 3144 902 3186 boves
926 3143 1186 3200 impositum
1209 3150 1323 3200 erat,
1347 3158 1532 3200 quorum
1557 3148 1646 3185 tres
1673 3141 1972 3197 respiciebant
1998 3139 2056 3183 ad
2081 3139 2206 3195 aqui-

359 3204 529 3260 lonem,
556 3208 600 3247 et
627 3203 704 3245 alii
730 3209 817 3246 tres
843 3202 900 3245 ad
931 3203 1209 3246 occidentem
1229 3220 1237 3258 3
1261 3218 1390 3259 porro
1415 3208 1503 3246 tres
1533 3202 1610 3245 alii
1644 3200 1897 3255 meridiem,
1933 3205 1975 3243 et
2010 3204 2098 3242 tres
2132 3198 2205 3253 qui

359 3262 518 3319 reliqui
549 3267 675 3306 erant
708 3262 944 3317 orientem,
979 3262 1193 3305 habentes
1227 3277 1346 3306 mare
1380 3261 1733 3319 superpositum3
1769 3259 2013 3316 posteriora
2055 3262 2207 3300 autem

360 3322 495 3366 boum
521 3327 646 3366 erant
666 3321 933 3364 intrinsecus
958 3321 1039 3364 sub
1066 3321 1190 3363 mari.
1217 3322 1234 3348 5
1253 3323 1386 3365 Porro
1408 3322 1594 3364 vastitas
1617 3319 1714 3375 ejus
1734 3319 1930 3361 habebat
1950 3330 2205 3361 mensuram

361 3382 522 3437 palmi,
550 3386 593 3425 et
617 3381 787 3423 labium
808 3380 929 3423 illius
956 3386 1048 3423 erat
1072 3381 1195 3436 quasi
1221 3381 1391 3423 labium
1419 3380 1590 3434 calicis,
1618 3378 1689 3421 vel
1712 3378 1897 3435 repandi
1924 3377 2034 3431 lilii;
2059 3375 2204 3432 capie-

362 3440 525 3497 batque
560 3440 643 3483 tria
682 3439 823 3482 millia
860 3444 1083 3482 metretas.
1118 3440 1135 3465 6
1161 3439 1288 3483 Fecit
1321 3453 1492 3496 quoque
1530 3437 1720 3481 conchas
1759 3438 1942 3492 decem3
1981 3442 2024 3479 et
2058 3434 2207 3492 posuit

364 3499 554 3555 quinque
576 3514 602 3542 a
624 3499 809 3554 dextris,
837 3503 881 3542 et
902 3498 1095 3554 quinque
1120 3513 1146 3541 a
1171 3499 1382 3555 sinistris,
1409 3504 1457 3541 ut
1478 3497 1681 3540 lavarent
1705 3496 1751 3539 in
1779 3496 1840 3540 eis
1864 3494 2011 3539 omnia
2035 3508 2134 3550 quae
2156 3493 2206 3536 in

378 3649 407 3681 1]
426 3649 478 3676 111
499 3650 581 3682 Reg.
603 3650 656 3681 VI,
676 3652 699 3676 1.
719 3649 751 3675 11
772 3648 854 3680 Reg.
876 3645 1002 3680 XXIV,
1019 3648 1063 3673 25.
1083 3645 1098 3672 Ι
1122 3645 1193 3672 Par.
1216 3645 1370 3680 XX1‚26.
1390 3660 1426 3664 —
1440 3644 1581 3680 4,2]111
1602 3645 1683 3678 ch.
1704 3645 1782 3680 VII,
1799 3648 1843 3674 23.
