2456 3861
685 84 706 126 I
742 84 850 127 PAR.
886 84 966 139 IV,
1000 85 1056 127 24
1088 111 1147 116 —
1179 86 1233 141 V,
1270 87 1336 130 12.
1838 90 1925 131 383·

428 303 454 360 §
488 303 577 346 III.
606 329 665 336 —
696 303 815 346 Filii
846 303 1021 348 Simeon
1052 311 1091 348 et
1121 320 1268 348 eorum
1300 306 1599 351 habitationes.

152 423 187 450 '2²
206 424 310 467 Filii
339 424 515 467 Simeon
536 441 544 468 ε
569 423 781 479 Namuel,
809 429 852 467 et
874 425 1048 478 Jamin,
1075 426 1223 481 Jarib,
1247 428 1368 482 Zara,
1392 427 1520 481 Saul;
1545 426 1582 454 25
1604 427 1784 485 Sellum,
1808 429 1923 473 filius

88 484 208 538 ejus,
244 483 468 539 Mapsam,
496 482 612 525 filius
643 483 761 538 ejus,
795 483 988 538 Masma,
1019 483 1136 526 filius
1158 485 1268 540 ejus.
1291 484 1328 511 ⁶2⁶
1346 486 1450 528 Filii
1476 487 1679 531 Masma:
1707 488 1922 544 Hamuel,

91 541 207 584 filius
233 541 350 596 ejus,
381 541 564 595 zachur,
597 541 713 583 filius
739 541 857 599 ejus,
889 542 1051 598 Semei,
1079 543 1195 586 filius
1218 544 1327 599 ejus.
1355 543 1389 570 2⁷
1408 545 1513 588 Filii
1541 546 1683 590 Semei
1709 547 1922 603 sedecim,

89 607 133 642 et
161 599 266 642 filiae
291 613 394 654 sex3
418 599 579 642 fratres
605 606 755 643 autem
785 599 881 656 ejus
903 615 991 643 non
1020 601 1270 645 habuerunt
1299 603 1411 646 filios
1437 604 1620 661 multos,
1644 610 1686 648 et
1719 606 1923 649 universa

85 658 297 714 cognatio
323 673 410 702 non
436 658 580 715 potuit
604 658 841 714 adaequare
862 673 1083 702 summam
1107 660 1297 703 filiorum
1317 662 1343 704 5
1350 662 1451 705 uda.

149 717 185 745 2⁸
205 717 536 760 Habitaverunt
561 723 712 760 autem
736 717 781 759 in
806 717 1044 773 Bersabee,
1072 724 1115 761 et
1140 718 1338 775 Molada,
1363 726 1405 763 et
1436 723 1732 780 Hasarsuhal,
1757 723 1793 751 ‘²9
1811 730 1853 768 et
1877 725 1923 768 in

90 778 222 833 Bala,
250 783 292 821 et
324 777 371 819 in
405 777 563 832 Asom,
597 782 642 819 et
676 776 723 818 in
756 776 951 832 Tholad,
981 776 1018 802 3⁰
1035 782 1078 819 et
1109 777 1156 819 in
1187 778 1398 834 Bathuel,
1430 786 1472 823 et
1500 781 1545 823 in
1577 782 1768 838 Horma,
1802 789 1844 827 et
1876 784 1923 826 in

85 837 281 893 Siceleg,
305 836 339 863 3¹
359 841 402 880 et
423 836 469 878 in
501 835 930 892 Bethmarchaboth,
954 835 1067 878 etin
1098 836 1406 893 Hasarsusim,
1440 845 1483 882 et
1515 839 1560 882 in
1592 841 1849 898 Bethberai,
1881 848 1923 886 et

84 897 134 939 in
159 896 343 940 Saarim.
372 896 459 938 Hae
490 895 696 938 civitates
725 909 876 938 eorum
901 908 1038 950 usque
1071 895 1127 938 ad
1157 910 1307 951 regem
1338 897 1499 941 David.
1526 897 1562 924 32
1584 899 1718 942 Villae
1753 915 1923 957 quoque

35 943 43 1006 ,f
84 969 237 999 eorum
263 973 271 1000 :
294 957 447 1011 Etam,
471 960 515 998 et
537 955 655 1010 Aen,
682 954 919 1010 Remmon,
945 959 987 997 et
1005 954 1236 1011 Thochen,
1261 960 1304 998 et
1325 956 1470 1012 Asan,
1490 957 1694 1002 civitates
1717 959 1921 1016 quinque.

34 1035 37 1041 1
83 1015 124 1041 ³3
150 1016 206 1058 Et
236 1014 428 1058 universi
459 1013 596 1057 viculi
635 1027 786 1056 eorum
822 1027 899 1070 per
936 1013 1168 1056 circuitum
1208 1014 1443 1058 civitatum
1475 1016 1662 1060 istarum
1697 1032 1834 1074 usque
1866 1019 1922 1062 ad

87 1074 212 1117 Baal.
241 1074 353 1117 Haec
379 1078 445 1117 681
468 1072 687 1116 habitatio
715 1086 885 1128 eorum,
913 1078 955 1116 et
980 1073 1152 1116 sedium
1179 1073 1445 1121 distributio.

144 1133 181 1160 34
205 1133 418 1177 Mosobab
441 1146 633 1188 quoque,
661 1137 705 1175 et
735 1132 960 1188 5611116011,
988 1137 1032 1175 61
1053 1133 1182 1189 5086,
1213 1133 1329 1177 filius
1358 1135 1576 1192 Amasiae,
1604 1136 1640 1163 35
1665 1141 1709 1180 et
1734 1138 1763 1180 5
1768 1137 1854 1193 061,
1879 1143 1923 1181 61

81 1194 226 1249 561111,
248 1192 364 1236 filius
400 1191 620 1248 Josabiae,
655 1191 735 1234 filii
769 1191 956 1247 Saraiae,
994 1192 1073 1235 filii
1105 1192 1251 1249 Asiel,
1283 1193 1319 1220 36
1344 1199 1388 1237 61
1414 1195 1919 1254 Ε11061161,615660116,

81 1258 130 1296 61
167 1252 366 1308 Ι81111616,
401 1256 445 1294 et
482 1251 638 1307 Asaia,
675 1256 720 1293 et
756 1250 908 1307 Adiel,
949 1256 994 1294 et
1031 1251 1209 1307 Ismiel,
1241 1253 1499 1310 61Β611616,
1535 1254 1570 1281 3⁷
1592 1254 1694 1298 Ziza
1727 1270 1918 1313 quoque,

84 1312 200 1355 filius
224 1311 406 1368 Sephei,
434 1310 514 1353 filii
540 1310 695 1366 Allon,
720 1311 799 1353 filii
827 1311 975 1366 Idaia,
1003 1311 1083 1354 filii
1119 1311 1281 1368 Semri,
1315 1312 1396 1355 filii
1426 1314 1614 1359 Samaia.
1643 1314 1679 1341 38
1701 1314 1784 1357 Isti
1817 1321 1920 1358 sunt

83 1370 303 1414 nominati
325 1370 546 1426 principes
572 1369 618 1412 in
641 1369 982 1426 cognationibus
1008 1370 1118 1427 suis,
1146 1376 1190 1414 et
1210 1371 1257 1413 in
1284 1371 1412 1415 domo
1441 1372 1717 1416 affinitatum
1743 1388 1918 1418 suarum

82 1429 371 1486 multiplicati
393 1433 496 1471 sunt
520 1429 819 1472 vehementer.
847 1428 883 1455 39
910 1429 968 1471 Et
988 1430 1180 1485 profecti
1203 1435 1305 1473 sunt
1329 1437 1378 1474 ut
1405 1431 1741 1487 ingrederentur
1763 1433 1808 1475 in
1831 1434 1918 1476 Ga-

79 1490 163 1533 dor
186 1503 321 1544 usque
343 1487 400 1530 ad
423 1487 638 1531 orientem
660 1487 811 1544 vallis,
835 1492 880 1530 et
902 1492 950 1529 ut
974 1494 1223 1543 quaererent
1244 1503 1408 1545 pascua
1426 1491 1636 1546 gregibus
1656 1492 1759 1534 suis.
1782 1491 1819 1518 “¹⁰
1845 1493 1918 1535 In-

81 1552 384 1603 veneruntque
417 1561 604 1604 pascuas
634 1547 814 1603 uberes,
850 1551 895 1589 et
921 1546 1050 1590 valde
1084 1547 1242 1604 bonas,
1278 1554 1322 1591 et
1354 1553 1516 1592 terram
1554 1550 1840 1605 latissimam,
1875 1557 1919 1595 et

78 1607 299 1663 quietam,
338 1610 382 1649 et
410 1606 629 1662 fertilem,
662 1606 710 1649 in
749 1621 836 1663 qua
864 1611 968 1649 ante
1001 1606 1317 1650 habitaverant
1354 1608 1407 1651 de
1441 1608 1576 1665 stirpe
1609 1609 1762 1654 Cham.
1793 1610 1827 1636 41
1856 1611 1917 1654 Η1

75 1681 185 1722 ergo
209 1670 448 1722 venerunt,
470 1680 578 1722 quos
600 1681 732 1723 supra
767 1665 1080 1722 descripsimus
1110 1666 1397 1724 nominatim,
1431 1667 1478 1710 in
1508 1668 1663 1712 diebus
1690 1669 1914 1726 Ezechiae,

74 1725 196 1781 regis
218 1725 362 1780 511(16;
387 1730 431 1768 et
455 1730 766 1781 percusserunt
789 1725 1080 1768 tabernacula
1105 1740 1275 1782 eorum,
1297 1731 1341 1769 et
1358 1727 1631 1771 habitatores
1653 1728 1727 1785 qui
1745 1729 1916 1772 inventi

76 1785 259 1827 fuerant
278 1784 364 1840 ibi,
392 1790 436 1827 et
458 1784 717 1828 deleverunt
738 1799 812 1828 608
831 1799 967 1841 usque
993 1784 1039 1827 in
1060 1790 1328 1842 praesentem
1346 1785 1464 1829 diem
1481 1822 1490 1842 ,
1513 1786 1916 1844 habitaveruntque

73 1858 155 1900 pro
181 1844 263 1899 618,
289 1844 499 1899 (11101116111
520 1844 765 1888 uberrimas
787 1858 974 1901 pascuas
1000 1843 1168 1888 ibidem
1188 1850 1458 1901 repererunt.
1481 1845 1519 1872 42
1537 1847 1603 1890 De
1625 1847 1727 1890 filiis
1745 1861 1915 1904 quoque

78 1903 256 1947 Simeon
279 1903 484 1946 abierunt
505 1903 551 1946 in
576 1909 775 1947 montem
803 1903 896 1948 Scir
916 1903 1001 1946 viri
1023 1904 1277 1961 quingenti,
1300 1904 1515 1949 habentes
1537 1906 1758 1963 principes
1785 1907 1915 1950 Phal-

75 1962 208 2018 tiam,
232 1968 278 2006 et
303 1962 536 2019 Naariam,
563 1967 608 2006 et
634 1963 904 2020 Raphaiam,
939 1968 984 2005 et
1014 1963 1157 2019 Oziel,
1188 1964 1301 2006 filios
1323 1965 1352 2007 5
1356 1964 1442 2020 681;
1474 1965 1511 1992 43
1533 1970 1577 2009 et
1605 1972 1915 2022 percusserunt

74 2021 305 2077 reliquias,
330 2036 428 2077 quae
451 2022 637 2066 evadere
659 2027 920 2079 potuerant,
948 2022 1320 2080 Amalecitarum,
1349 2029 1392 2067 et
1417 2023 1732 2068 habitaverunt
1753 2025 1815 2068 ibi
1835 2039 1914 2082 pro

72 2080 139 2123 eis
161 2095 298 2136 usque
325 2081 381 2124 ad
405 2081 524 2124 diem
546 2081 674 2124 hanc.

400 2214 423 2267 ξ
448 2213 528 2257 IV.
553 2238 610 2244 —
636 2213 753 2256 Filii
772 2212 947 2266 Haben,
976 2212 1082 2257 Gad
1104 2219 1143 2256 et
1162 2213 1348 2258 dimidii
1370 2214 1593 2257 Manasse.

136 2329 241 2372 CAP.
267 2329 320 2372 V.
342 2354 402 2362 ·—
426 2328 439 2354 ¹
464 2328 569 2371 Filii
595 2343 766 2384 quoque
797 2328 975 2384 Ruben,
1005 2327 1292 2385 primogeniti
1322 2329 1462 2373 Israel
1486 2329 1610 2387 (ipse
1637 2329 1797 2387 quippe
1823 2330 1912 2373 fuit

71 2387 401 2444 primogenitus
423 2388 546 2444 ejus3
570 2388 648 2431 sed
670 2402 771 2430 cum
797 2387 1008 2430 violasset
1029 2388 1206 2430 thorum
1227 2388 1366 2444 patris
1391 2388 1476 2445 sui,
1502 2389 1607 2432 data
1627 2394 1729 2432 sunt
1750 2389 1911 2446 primo-

70 2446 229 2502 genita
253 2447 352 2503 ejus
372 2447 476 2490 filiis
499 2448 527 2490 5
532 2447 668 2503 oseph
693 2447 774 2489 filii
802 2446 962 2502 Israel,
987 2451 1032 2490 et
1052 2461 1141 2489 non
1167 2452 1234 2489 est
1260 2447 1336 2491 ille
1357 2453 1587 2504 reputatus
1616 2448 1662 2490 in
1691 2448 1910 2504 primoge-

75 2505 235 2550 nitum.
270 2506 287 2532 ²
313 2507 447 2550 Porro
477 2508 505 2550 J
510 2506 640 2563 udas,
678 2506 752 2562 qui
788 2511 882 2549 erat
910 2505 1180 2555 fortissimus
1210 2506 1326 2549 inter
1354 2507 1516 2550 fratres
1541 2521 1660 2563 suos,
1693 2507 1745 2550 de
1775 2507 1910 2564 stirpe

68 2565 174 2620 ejus
198 2565 421 2622 principes
442 2564 683 2622 germinati
707 2570 835 2621 sunt3
861 2564 1160 2621 primogenita
1177 2570 1327 2608 autem
1348 2571 1552 2622 reputata
1570 2571 1674 2608 sunt
1699 2567 1728 2609 5
1733 2566 1907 2624 oseph).

74 2623 93 2649 3
129 2624 236 2667 Filii
269 2639 374 2681 ergo
409 2625 587 2680 Ruben,
623 2625 910 2682 primogeniti
950 2624 1338 2679 Israelzflenoch,
1373 2630 1417 2667 et
1451 2625 1630 2681 Phallu,
1670 2627 1830 2681 Esron,
1865 2631 1910 2669 et

69 2683 269 2727 Charmi.
292 2683 309 2710 4
331 2684 436 2727 Filii
463 2684 564 2728 5061
595 2700 603 2727 :
651 2684 822 2737 Samia,
861 2683 975 2726 filius
1009 2683 1126 2739 ejus,
1158 2683 1278 2739 Gog,
1316 2683 1432 2727 filius
1457 2684 1574 2741 ejus,
1602 2684 1766 2740 Semei,
1793 2684 1908 2728 filius

70 2742 192 2798 ejus,
219 2743 236 2769 ⁵
263 2743 432 2800 Micha,
470 2743 586 2787 filius
620 2744 737 2800 ejus,
777 2743 906 2798 Reia,
945 2743 1061 2785 filius
1094 2743 1210 2798 ejus,
1248 2743 1379 2799 Baal,
1409 2743 1524 2786 filius
1558 2743 1675 2800 ejus,
1706 2744 1723 2770 6
1746 2745 1906 2801 Beera,

71 2801 190 2844 filius
216 2802 334 2858 ejus,
362 2817 493 2859 quem
523 2803 750 2860 captivum
776 2801 904 2845 duxit
936 2801 1463 2858 Thelgath-Phalnasar,
1498 2818 1575 2846 rex
1603 2803 1905 2860 Assyriorum,

69 2864 119 2903 et
138 2861 229 2904 fuit
249 2862 455 2919 princeps
481 2861 528 2904 in
548 2862 667 2905 tribu
694 2862 864 2906 Ruben.
888 2860 903 2887 7
926 2861 1104 2904 Fratres
1130 2865 1281 2904 autem
1302 2862 1418 2918 ejus,
1445 2867 1490 2905 et
1512 2863 1717 2906 universa
1746 2876 1906 2919 cogna-

71 2919 135 2963 tio
168 2921 286 2977 ejus,
318 2922 494 2978 quando
524 2922 874 2965 numerabantur
902 2935 979 2978 per
1015 2920 1214 2964 familias
1247 2935 1370 2977 suas,
1402 2921 1652 2965 habuerunt
1683 2922 1906 2979 principes

72 2979 222 3022 5611161
254 2986 299 3025 61
326 2981 600 3025 Zachariam.
638 2980 655 3007 8
682 2982 815 3024 Porro
847 2981 978 3036 Bala,
1009 2979 1124 3023 filius
1156 2982 1298 3037 Azaz,
1328 2981 1408 3024 filii
1441 2982 1644 3038 Samma,
1678 2981 1758 3024 filii
1783 2982 1902 3036 5061,

66 3037 166 3094 ipse
187 3040 413 3084 habitavit
438 3040 484 3083 in
509 3042 649 3084 Aroer
673 3055 809 3097 usque
834 3041 890 3083 ad
913 3040 1040 3083 Nebo
1065 3044 1110 3082 et
1136 3040 1389 3084 Beelmeon.
1415 3040 1432 3067 9
1458 3042 1621 3086 Contra
1646 3041 1905 3085 orientalem

67 3113 244 3155 quoque
269 3100 451 3156 plagam
479 3099 703 3144 habitavit
735 3115 871 3157 usque
899 3099 956 3142 ad
986 3099 1217 3143 introitum
1249 3100 1404 3157 eremi,
1438 3105 1484 3144 et
1507 3100 1672 3145 fiumen
1706 3100 1904 3156 Euphra-

69 3162 174 3213 ten3
201 3158 392 3202 multum
414 3159 576 3217 quippe
601 3160 905 3216 jumentorum
930 3173 1163 3202 numerum
1184 3160 1472 3216 possidebant
1495 3160 1543 3202 in
1568 3165 1685 3204 terra
1715 3159 1901 3204 Galaad.

73 3216 110 3243 ¹⁰
134 3218 190 3260 In
216 3218 370 3261 diebus
397 3224 547 3262 autem
580 3220 684 3263 Saul
717 3218 908 3277 praeliati
942 3223 1046 3261 sunt
1074 3224 1226 3261 contra
1255 3220 1474 3276 Agareos,
1506 3225 1550 3263 et
1581 3219 1902 3263 interfecerunt

68 3274 195 3332 illos,
219 3276 621 3344 habitaveruntque
647 3294 725 3336 pro
748 3279 810 3323 eis
834 3278 880 3320 in
905 3277 1205 3321 tabernaculis
1230 3292 1401 3335 eorum,
1427 3279 1473 3321 in
1499 3279 1617 3321 omni
1639 3278 1774 3335 plaga
1802 3290 1900 3332 quae

70 3336 806 3455 1θἛἚἿΙίἘΙίῗᾶνὲΐῑὲἓῐέ6ἷῗ11ἒ111ᾶ116
828 3413 977 3442 eorum
1010 3398 1326 3443 habitaverunt
1357 3399 1402 3441 in
1435 3403 1549 3441 terra
1585 3399 1731 3440 Basan
1764 3410 1899 3452 usque

73 3450 257 3509 Selcha3
284 3453 321 3480 ¹2
345 3455 373 3497 5
379 3456 447 3498 061
470 3456 518 3498 111
545 3456 711 3513 capite,
735 3462 779 3501 et
802 3457 979 3514 Saphan
1004 3458 1249 3514 secundus3
1280 3458 1414 3501 Janai
1439 3462 1608 3512 autem,
1633 3459 1676 3498 et
1705 3455 1896 3512 Saphat,

70 3600 120 3633 24]
139 3599 218 3629 Gen.
234 3600 355 3636 XLVI,
372 3603 501 3638 lo.—-1]
518 3603 596 3632 Gen.
615 3604 798 3640 XXXV‚22
813 3607 846 3633 et
858 3605 981 3640 XLIX,
998 3607 1068 3633 4.-
1083 3606 1112 3639 3]
1131 3605 1208 3634 Gen.
1232 3605 1352 3640 XLVI,
1365 3608 1390 3633 9.
1409 3606 1469 3633 Ex.
1487 3605 1545 3639 VI,
1565 3607 1606 3633 14.
1622 3606 1718 3634 Num.
1732 3606 1895 3641 XXVI,5.

1989 443 2227 473 uenerationes

2037 487 2177 516 Simeon.

2009 735 2139 764 Priores
2155 736 2206 764 ha

2019 779 2200 808 1›itati0nes

2056 824 2165 853 tribus

2036 868 2178 897 Simeon.

2015 1148 2126 1180 Ipsius
2142 1149 2199 1177 mi-

2016 1192 2198 1226 errationes.

1977 2347 2055 2377 Filii
2085 2349 2215 2379 Ruben.

1995 3400 2073 3431 Filii
2094 3402 2172 3432 Gad.

2446 1001 2456 1052 35

2453 1056 2456 1100 1

2449 1243 2456 1576 i

2446 1626 2452 1792 ξ
