2423 3861
169 1207 277 1236 Judaei

140 1261 151 1276 -.
165 1255 306 1280 ceantur

120 1298 159 1323 a}
179 1296 327 1324 solemne

134 1339 309 1375 iudicium.

138 1441 298 1478 queritur

117 1490 205 1515 Deus
222 1487 262 1515 de
280 1487 329 1515 in-

118 1531 327 1562 gratitudine

148 1575 294 1606 IsraeliS.

113 1804 235 1839 Populi
246 1813 332 1835 vana

117 1851 322 1883 satisfactio.

133 2220 307 2248 Sententia

162 2263 276 2292 divina

168 2309 301 2336 {versus

162 2353 276 2381 Israel.

144 3162 290 3192 Humnss

136 3207 300 3236 suffossio

161 3250 274 3278 hrael.

418 138 529 180 1020
1026 136 1165 177 3111111.
1207 137 1254 189 Υ,
1291 137 1317 176 9
1349 162 1407 166 -
1443 136 1553 190 VII,
1588 138 1627 177 4.

414 320 641 362 pecorum,
681 306 753 362 qui
791 320 889 346 cum
924 303 1166 359 transierit,
1202 308 1246 346 et
1279 305 1628 359 conculcaverit,
1660 310 1705 348 et
1733 306 1920 362 ceperit,
1954 321 2044 351 non
2073 314 2140 352 est
2171 311 2245 364 qui

413 370 550 408 eruat.
573 366 590 391 9
616 364 898 408 Exaltabitur
924 377 1082 404 manus
1111 367 1188 404 tua
1220 376 1351 419 super
1383 363 1531 407 hostes
1561 368 1680 419 tuos,
1714 369 1758 407 et
1790 378 1943 409 omnes
1975 365 2147 411 inimici
2180 367 2246 410 tui

411 424 667 467 interibunt.
2141 435 2145 438 ’

472 483 507 509 11)
526 485 582 525 Et
607 483 688 525 erit
712 483 758 524 in
781 482 852 525 die
872 482 965 537 illa,
991 481 1101 525 dicit
1127 482 1373 526 Dominus:
1393 483 1610 527 Auferam
1638 498 1772 539 equos
1797 491 1890 528 tuos
1918 485 1973 528 de
1998 485 2145 528 medio
2167 485 2245 542 tui,

411 548 454 585 et
473 541 721 597 disperdam
740 540 978 597 quadrigas
997 546 1108 584 tuas.
1130 540 1162 567 11
1184 542 1241 584 Et
1258 542 1441 598 perdam
1459 542 1663 585 civitates
1686 546 1813 587 terrae
1832 550 1937 600 tuae,
1956 550 2001 587 et
2023 543 2248 591 destruam

410 615 561 644 omnes
580 600 848 643 munitiones
869 605 993 655 tuas;
1015 607 1058 644 et
1079 601 1283 644 auferam
1302 601 1523 644 maleficia
1546 602 1599 645 de
1621 617 1755 645 manu
1778 609 1867 659 tua,
1888 609 1931 647 et
1950 603 2247 648 divinationes

410 674 496 702 non
522 664 649 702 erunt
673 659 718 701 in
741 664 809 715 te3
834 659 870 685 ¹2
888 665 929 702 et
956 660 1097 717 perire
1114 660 1283 704 faciam
1306 661 1532 718 sculptilia
1554 666 1630 705 tua
1652 668 1695 706 et
1716 668 1886 705 statuas
1911 668 2011 706 tuas
2030 663 2084 706 de
2102 663 2248 707 medio

410 718 493 774 tui,
521 724 563 761 et
584 733 671 762 non
693 719 899 762 adorabis
919 720 1032 762 ultra
1059 734 1188 776 opera
1210 735 1425 762 manuum
1450 726 1652 777 tuarum3
1678 721 1714 748 13
1731 728 1774 765 et
1797 722 1987 766 evellam
2008 722 2130 766 lucos
2149 727 2248 765 tuos

410 777 463 819 de
492 777 637 821 medio
668 778 754 834 tui,
781 785 825 821 et
858 790 1083 829 conteram
1114 779 1320 823 civitates
1353 786 1466 824 tuas.
1495 780 1529 806 11
1552 781 1609 823 Et
1643 782 1833 836 faciam,
1863 783 1909 824 in
1942 782 2094 824 surore
2127 786 2169 824 et
2201 782 2248 823 in

407 836 735 893 indignatione,
758 838 974 881 ultionem
998 839 1044 880 in
1071 839 1275 882 omnibus
1302 840 1511 895 gentibus
1533 855 1631 896 quae
1653 855 1740 884 non
1767 842 2015 884 audierunt.

801 969 956 1012 51111110
992 968 1081 1011 ΠΙ.
1107 995 1166 1002 —
1200 970 1292 1012 Vni
1326 982 1504 1013 1111011Νο
1538 982 1600 1012 AD
1634 982 1847 1013 SALUTEM

705 1084 728 1139 ξ
762 1084 798 1126 Ι.
825 1111 884 1116 -
912 1085 1132 1128 Dominus
1167 1084 1314 1140 litigiali
1345 1100 1446 1129 cum
1477 1087 1665 1141 inyrate's
1695 1087 1811 1140 filiis·
1843 1088 1946 1129 sicis.

467 1193 572 1237 CAP.
601 1193 682 1235 VI.
707 1218 767 1225 -—
794 1192 993 1236 ¹Audite
1019 1207 1117 1248 quae
1144 1194 1362 1238 Dominus
1392 1194 1586 1250 loquitur
1609 1210 1617 1238 ι
1645 1194 1803 1250 Surge,
1837 1195 2057 1238 contende
2079 1194 2248 1251 judicio

407 1252 641 1295 adversum
666 1257 857 1308 montes,
882 1258 925 1295 et
946 1252 1133 1295 audiant
1157 1253 1293 1296 colles
1314 1268 1469 1297 vocem
1496 1260 1633 1296 tuam.
1661 1252 1678 1279 2
1698 1253 1902 1296 Audiant
1932 1258 2103 1299 montes
2127 1254 2248 1311 judi-

408 1311 527 1354 cium
557 1311 758 1366 Domini,
792 1316 836 1355 et
867 1311 1005 1355 fortia
1033 1312 1332 1356 fundamenta
1361 1319 1514 1368 terrae3
1548 1313 1650 1369 quia
1680 1312 1901 1369 judicium
1933 1312 2113 1357 Domini
2147 1328 2249 1357 eum

407 1371 568 1428 populo
591 1385 688 1426 suo,
714 1376 757 1414 et
778 1385 879 1414 cum
905 1372 1043 1416 Israel
1068 1372 1404 1428 dijudicabitur.
2208 1419 2210 1421 ,

466 1430 483 1456 3
509 1430 678 1487 Popule
708 1444 851 1483 meus,
883 1431 988 1486 quid
1015 1432 1105 1475 :teci
1138 1432 1255 1474 tibi‘?
1280 1438 1358 1475 aut
1384 1433 1490 1489 quid
1521 1433 1732 1477 molestus
1762 1433 1830 1476 fui
1861 1432 1980 1475 tibi?
2016 1433 2250 1491 Responde

408 1489 530 1532 milii.
554 1489 571 1515 4
589 1489 700 1540 Quia
719 1489 852 1533 eduxi
871 1496 915 1533 te
934 1491 987 1534 de
1007 1496 1122 1534 terra
1140 1492 1345 1549 AEgyIJti,
1366 1500 1409 1536 et
1435 1492 1489 1535 de
1506 1492 1646 1536 domo
1671 1492 1961 1536 servientium
1983 1493 2167 1536 liberavi
2190 1497 2248 1549 te,

407 1554 451 1591 et
477 1549 575 1591 misi
598 1554 701 1593 ante
722 1549 889 1593 faciem
914 1555 1038 1593 tuam
1059 1551 1266 1607 Moysen,
1294 1557 1338 1595 et
1362 1554 1533 1608 Aaron,
1561 1557 1607 1596 et
1634 1551 1856 1595 Mariam?
1879 1552 1896 1578 5
1914 1552 2084 1609 Popule
2105 1567 2248 1608 meus,

408 1614 651 1664 memento,
675 1623 845 1664 quaeso,
868 1609 974 1665 quid
1001 1609 1267 1665 cogitaverit
1293 1610 1483 1667 Balach,
1505 1625 1583 1654 rex
1605 1611 1753 1666 Moab,
1778 1616 1823 1654 et
1844 1611 1950 1667 quid
1972 1611 2250 1668 responderit

408 1667 445 1710 ei
474 1668 674 1724 Balaam,
702 1668 818 1711 filius
842 1669 967 1724 Beor,
989 1668 1042 1711 de
1060 1669 1199 1713 Setini
1225 1684 1363 1725 usque
1384 1670 1440 1713 ad
1464 1670 1718 1726 Galgalam,
1742 1676 1790 1712 ut
1813 1684 2102 1725 cognosceres
2118 1671 2249 1728 justi-

408 1727 492 1769 tias
516 1727 711 1771 Domini.

467 1786 484 1812 6
501 1786 615 1837 Quid
642 1787 825 1843 dignum
849 1788 1035 1832 offeram
1063 1790 1286 1833 Domino?
1315 1790 1520 1832 Curvabo
1541 1804 1658 1845 genu
1683 1791 1776 1834 Deo
1800 1789 2006 1834 excelso?
2032 1790 2249 1846 numquid

408 1845 595 1889 offeram
620 1846 658 1890 ei
688 1847 1046 1891 holocautomata
1072 1854 1116 1892 et
1141 1849 1303 1892 vitulos
1329 1849 1591 1893 anniculos?
1619 1849 1633 1875 7
1655 1848 1884 1904 Numquid
1914 1848 2082 1906 placari
2103 1856 2250 1906 potest

409 1905 626 1948 Dominus
646 1906 691 1948 in
715 1906 913 1950 millibus
935 1907 1144 1963 arietum,
1167 1919 1244 1950 aut
1266 1908 1313 1950 in
1334 1908 1486 1950 multis
1513 1908 1714 1951 millibus
1735 1908 1960 1951 hircorum
1981 1908 2248 1965 pinguium?

408 1965 623 2020 numquid
650 1965 763 2009 dabo
789 1967 1135 2022 primogenitum
1161 1982 1308 2010 mcum
1331 1982 1408 2024 pro
1430 1968 1596 2012 scelere
1620 1982 1732 2022 meo,
1755 1967 1956 2011 fructum
1974 1968 2141 2012 ventris
2162 1969 2248 2013 mei

406 2038 482 2079 pro
510 2030 691 2080 peccato
713 2025 874 2068 anima]
902 2027 1046 2069 meze?
1075 2025 1320 2070 8Indicabo
1344 2027 1438 2082 tibi,
1460 2041 1484 2069 o
1501 2027 1647 2083 homo,
1675 2027 1782 2083 quid
1802 2027 1861 2070 sit
1880 2027 2060 2083 bonum,
2080 2027 2248 2083 etquid

407 2083 624 2126 Dominus
646 2084 840 2140 requirat
860 2099 884 2127 a
908 2090 950 2127 te
969 2102 977 2128 ;
999 2086 1164 2142 Utique
1182 2086 1332 2129 facere
1354 2086 1596 2142 judicium,
1615 2092 1658 2130 et
1681 2086 1867 2142 diligere
1885 2086 2246 2143 misericordiam,

405 2148 447 2184 et
472 2142 713 2186 sollicitum
738 2144 967 2188 ambulare
990 2159 1092 2187 cum
1114 2146 1207 2188 Deo
1232 2152 1322 2189 tuo.

463 2202 480 2225 1)
507 2202 606 2245 Vox
644 2203 825 2246 Domini
861 2204 918 2247 ad
954 2204 1185 2248 civitatem
1219 2206 1406 2260 clamat,
1444 2211 1487 2249 et
1524 2205 1644 2249 salus
1682 2206 1765 2249 erit
1793 2206 2057 2250 timentibus
2086 2221 2247 2251 nomen

405 2266 555 2304 tuum:
579 2262 766 2318 Audite,
791 2262 952 2319 tribus,
980 2269 1024 2308 et
1049 2265 1145 2321 quis
1175 2265 1442 2322 approbabit
1469 2265 1615 2309 illud?
1639 2264 1675 2291 10
1692 2265 1856 2309 Adhuc
1884 2265 2003 2321 ignis
2035 2265 2083 2308 in
2116 2265 2247 2311 domo

405 2319 526 2377 impii
556 2321 750 2365 thesauri
771 2322 1043 2380 iniquitatis,
1070 2330 1113 2368 et
1136 2339 1343 2368 mensura
1367 2324 1512 2368 minor
1531 2324 1612 2369 irae
1635 2325 1780 2382 plena.
1809 2324 1841 2350 11
1862 2325 2090 2382 Numquid
2118 2325 2247 2381 :Iusti-

404 2380 546 2423 ficabo
568 2385 780 2424 stateram
812 2383 1019 2440 impiam,
1047 2390 1090 2427 et
1116 2384 1295 2427 saccelli
1321 2384 1518 2441 pondera
1548 2384 1732 2429 dolosa?
1759 2383 1795 2411 ¹²
1817 2385 1872 2428 Ι11
1898 2385 2059 2440 quibus
2084 2384 2246 2429 divites

404 2439 500 2494 ejus
525 2441 681 2496 repleti
711 2447 813 2484 sunt
840 2443 1098 2498 iniquitate,
1127 2449 1171 2487 et
1192 2444 1450 2488 habitantes
1470 2444 1517 2487 in
1543 2459 1594 2488 ea
1619 2444 1914 2500 loquebantur
1939 2443 2243 2499 mendacium,

404 2504 448 2541 et
472 2498 626 2555 lingua
651 2515 803 2543 eorum
827 2502 1118 2546 fraudulenta
1142 2503 1189 2546 in
1218 2518 1291 2547 ore
1317 2518 1482 2547 eorum.
1505 2503 1542 2531 13
1559 2504 1618 2547 Et
1644 2518 1726 2559 ego
1748 2505 1852 2559 ergo
1877 2504 1992 2560 coepi
2017 2508 2244 2560 percutere

402 2563 447 2601 te
471 2558 718 2616 perditione
750 2575 880 2618 super
904 2563 1102 2618 peccatis
1131 2563 1231 2606 tuis.
1258 2562 1292 2589 11
1319 2564 1387 2606 Tu
1416 2563 1644 2619 comedes,
1670 2568 1713 2606 et
1746 2577 1834 2606 non
1871 2562 2169 2618 satu1·aberis;
2200 2569 2245 2608 et

402 2617 653 2662 humiliatio
678 2625 756 2664 tua
777 2620 821 2663 in
848 2621 994 2665 medio
1019 2622 1110 2677 tui3
1132 2627 1177 2665 et
1201 2622 1520 2680 apprehendes
1540 2627 1584 2666 et
1608 2637 1699 2666 non
1723 2622 1942 2678 salvabis3
1967 2627 2011 2666 et
2029 2636 2138 2678 quos
2157 2621 2245 2667 sal-

402 2677 596 2732 vaveris,
629 2678 675 2721 in
710 2679 911 2736 gladium
942 2681 1073 2725 dabo.
1099 2681 1136 2708 ¹5
1161 2683 1227 2726 Tu
1262 2682 1526 2739 seminabis,
1560 2687 1604 2726 et
1640 2696 1728 2726 non
1760 2688 1925 2737 metes3
1961 2687 2010 2725 tu
2047 2680 2244 2726 calcabis

402 2735 579 2793 olivam,
603 2744 646 2780 et
671 2753 758 2782 non
785 2740 964 2796 ungeris
987 2741 1109 2798 oleo,
1135 2747 1179 2785 et
1201 2747 1419 2799 mustum,
1439 2747 1485 2786 et
1508 2757 1596 2786 non
1622 2741 1748 2785 bibes
1773 2741 1941 2785 vinum.
1965 2741 1998 2769 ¹¹3
2017 2742 2073 2786 Et
2098 2745 2243 2785 eusto-

403 2794 506 2838 disti
532 2804 756 2855 praecepta
778 2799 925 2856 Amri,
951 2806 994 2843 et
1020 2815 1151 2845 omne
1172 2816 1283 2859 opus
1304 2801 1459 2846 domus
1482 2801 1661 2855 Achab,
1690 2809 1733 2844 et
1758 2801 2000 2845 ambulasti
2021 2801 2068 2844 in
2090 2800 2243 2844 volun-

402 2855 568 2900 tatibus
594 2871 757 2915 eorum,
777 2864 826 2901 ut
852 2859 1002 2904 darem
1025 2865 1069 2904 te
1091 2861 1140 2904 in
1161 2861 1467 2918 perditionem,
1489 2867 1531 2904 et
1553 2860 1808 2905 habitantes
1830 2860 1875 2903 in
1898 2875 1950 2904 ea
1966 2860 2014 2903 in
2035 2858 2214 2903 sibilum
2233 2877 2241 2913 ς

401 2919 444 2956 et
469 2915 751 2971 opprobrium
778 2919 927 2975 populi
955 2920 1041 2963 mei
1067 2921 1317 2978 portabitis.

660 3041 682 3093 ξ
711 3040 775 3082 Π.
800 3067 859 3073 —-
891 3041 1044 3086 Oratio
1068 3044 1231 3099 populi
1256 3044 1524 3101 poenitentis,
1557 3049 1599 3087 et
1621 3043 1710 3086 Dei
1745 3041 1979 3087 miseratio.

459 3151 567 3196 CAP.
595 3153 702 3197 VII.
730 3181 790 3188 —
818 3155 828 3181 1
852 3157 934 3200 Vae
952 3158 1082 3214 mihi,
1108 3160 1211 3215 quia
1227 3160 1377 3203 factus
1399 3173 1497 3202 sum
1522 3159 1637 3202 sicut
1655 3157 1728 3214 qui
1751 3156 1925 3211 colligit
1950 3156 1995 3200 in
2020 3161 2236 3202 autumno

399 3225 598 3255 racemos
634 3212 896 3258 vindemiae!
926 3217 1025 3259 Non
1063 3225 1130 3261 est
1164 3219 1315 3263 botrus
1351 3219 1407 3262 ad
1433 3217 1795 3272 comedendum,
1832 3230 2091 3272 praecoquas
2127 3216 2236 3261 ficus

400 3270 671 3315 desideravit
693 3273 847 3316 anima
869 3289 981 3318 mea.
1008 3275 1024 3301 '2
1044 3277 1180 3321 Periit
1203 3284 1383 3321 sanctus
1409 3278 1463 3322 de
1496 3283 1632 3333 terra,
1655 3281 1701 3320 et
1723 3281 1870 3319 rectus
1903 3275 1950 3318 in
1979 3274 2235 3319 hominibus

400 3343 488 3373 non
513 3336 581 3374 est
600 3348 608 3374 ε
627 3345 779 3376 omnes
800 3332 847 3375 in
867 3334 1084 3390 sanguine
1109 3336 1399 3391 insidiantur3
1421 3337 1488 3381 vir
1512 3337 1700 3380 fratrem
1721 3348 1851 3378 suum
1875 3333 1932 3377 ad
1955 3339 2143 3378 mortem
2162 3349 2236 3379 ve-

401 3394 542 3433 natur.
576 3389 594 3416 3
618 3390 788 3434 Malum
823 3407 1032 3436 manuum
1067 3409 1244 3438 suarum
1283 3397 1437 3439 dicunt
1469 3396 1635 3440 bonum
1664 3411 1672 3438 z
1706 3393 1911 3450 princeps
1944 3393 2160 3451 postulat,
2189 3400 2234 3438 et

401 3447 536 3500 judex
561 3449 608 3491 in
632 3450 854 3495 reddendo
881 3457 973 3507 est,
999 3458 1043 3496 et
1070 3468 1256 3510 magnus
1278 3455 1451 3498 locutus
1476 3460 1543 3499 est
1569 3452 1836 3497 desiderium
1861 3452 2025 3496 animae
2051 3468 2166 3510 suae,
2191 3460 2235 3498 et

402 3507 775 3552 conturbaverunt
797 3525 907 3554 eam.
928 3511 943 3537 1
958 3511 1039 3562 Qui
1065 3513 1254 3569 optimus
1280 3514 1325 3556 in
1345 3514 1406 3557 eis
1429 3519 1506 3569 est,
1531 3511 1654 3568 quasi
1674 3511 1893 3568 paliurus,
1916 3517 1957 3554 et
1978 3511 2051 3568 qui
2072 3517 2238 3573 rectus,

403 3651 430 3683 ,ἹῙ
454 3651 586 3679 ,lc-1211.
611 3657 635 3681 Γ».
662 3670 694 3673 ——
723 3657 751 3689 5]
771 3656 867 3684 Num.
883 3656 1003 3691 XXII,
1028 3658 1740 3695 XXIIL—1:131)0111.Xxx'111,3s.A1:g.
1761 3663 1794 3698 I,
1813 3667 1837 3691 0.
