2456 3861
838 158 945 199 Tan.
980 157 1042 210 X,
1077 157 1101 198 7
1134 182 1193 187 —
1224 155 1340 210 XII,
1373 156 1413 197 2.
1953 153 2038 195 475

216 327 382 370 turbari
405 345 413 380 ς
441 341 573 369 sanus
596 333 659 369 est
684 327 797 369 tilius
821 332 990 380 noster-3
1015 327 1123 368 satis
1146 325 1288 368 fidelis
1310 330 1375 368 est
1399 324 1464 366 vir
1489 323 1584 378 ille,
1609 337 1708 366 cum
1731 337 1815 378 quo
1842 323 2042 365 misimus

215 400 330 428 eum.
358 385 371 411 7
396 385 481 428 Illa
515 390 664 428 autem
705 386 825 428 nullo
865 385 993 428 modo
1035 384 1250 427 consolari
1282 388 1482 440 poterat;
1518 382 1595 426 sed
1627 381 1822 438 quotidie
1856 381 2041 424 exiliens

217 444 624 499 circumspiciebat,
652 449 695 487 ct
721 444 937 486 circuibat
971 444 1065 486 vias
1100 458 1250 486 omnes
1284 457 1360 499 per
1392 456 1500 498 quas
1535 455 1634 498 spes
1660 440 1886 484 remeandi
1920 440 2041 483 vide-

216 502 358 557 batur,
383 509 430 544 nt
456 503 607 559 procul
629 503 799 545 videret
825 517 944 557 eum,
972 502 1007 544 si
1031 502 1123 545 fieri
1146 507 1313 558 posset,
1337 501 1603 544 venientem.

275 561 291 587 ⁸
318 562 379 603 At
404 576 506 604 vero
536 562 703 617 Raguel
730 561 906 603 dicebat
939 560 996 603 ad
1029 575 1240 615 generum
1273 575 1399 603 suum
1427 578 1434 604 :
1470 560 1602 602 Mane
1636 559 1727 614 hic,
1763 564 1807 602 et
1832 573 1914 613 ego
1938 558 2040 601 mit-

215 625 308 662 tam
334 621 538 662 nuntium
571 620 726 662 salutis
752 619 805 662 de
839 623 882 661 tc
916 618 971 660 ad
1005 619 1212 674 Tobiam,
1240 623 1410 674 patrem
1434 623 1570 663 tuum.
1595 619 1612 644 ⁰
1637 618 1718 662 Cui
1751 618 1914 661 Tobias
1940 617 2003 659 ait
2030 633 2038 659 ε

216 679 312 734 Ego
339 678 441 721 novi
467 679 569 733 quia
594 683 719 734 pater
743 692 866 720 meus
900 682 943 720 et
969 681 1110 719 mater
1144 691 1240 720 mea
1274 677 1402 719 modo
1437 677 1529 719 dics
1564 681 1842 733 computant,
1878 682 1922 719 et
1946 690 2039 718 cru-

216 737 357 780 ciatur
390 738 568 793 spiritus
602 750 750 779 eorum
782 736 829 777 in
862 736 982 791 ipsis.
1021 735 1053 761 ¹⁰
1078 736 1274 791 Cumque
1300 735 1445 778 verbis
1478 735 1629 778 multis
1661 741 1838 791 rogaret
1872 735 2040 791 Raguel

215 796 422 851 Tobiam,
450 801 494 839 et
516 795 590 838 ille
613 809 712 837 eum
734 794 856 837 nulla
881 794 1051 837 ratione
1074 794 1209 837 vellet
1234 794 1406 848 audire,
1434 793 1620 836 tradidit
1645 794 1684 836 ei
1709 796 1882 849 Saram,
1907 799 1951 837 et
1976 793 2040 836 di-

215 855 399 897 midiam
425 859 596 910 partem
623 853 763 896 omnis
789 853 1050 896 substantiae
1073 867 1162 896 suae
1184 853 1231 895 in
1254 853 1419 909 pueris,
1443 852 1487 894 in
1509 852 1689 908 puellis,
1716 853 1761 894 in
1783 853 2039 909 pecudibus,

214 914 262 956 in
287 913 487 967 camelis,
518 917 562 955 et
587 912 632 954 in
655 912 823 967 vaceis,
851 917 894 955 et
922 912 969 954 in
994 911 1183 968 pecunia
1205 911 1373 966 multa3
1403 916 1448 953 et
1479 911 1652 954 salvum
1681 916 1812 966 atque
1847 911 2041 967 gauden-

215 978 305 1015 tem
335 971 504 1014 dimisit
533 986 634 1014 eum
662 986 688 1013 a
713 985 780 1026 se,
806 971 837 996 ¹¹
863 971 1013 1014 dicens
1036 986 1044 1015 :
1074 971 1273 1027 Angelus
1301 970 1482 1013 Domini
1515 975 1694 1012 sanctus
1726 970 1784 1012 sit
1815 970 1858 1012 in
1885 970 2042 1013 itinero

215 1035 382 1085 vestro,
413 1030 711 1087 perducatque
736 1045 815 1073 vos
848 1030 1112 1086 incolumes,
1143 1036 1187 1073 et
1220 1029 1460 1072 inveniatis
1494 1029 1642 1072 omnia
1674 1033 1792 1072 recte
1816 1028 1932 1070 circa
1965 1043 2041 1084 pa-

214 1094 360 1133 rentes
383 1094 571 1144 vestros,
596 1094 639 1132 et
663 1089 846 1132 videa-nt
869 1090 984 1132 oculi
1006 1089 1093 1132 mei
1118 1089 1230 1132 filios
1252 1094 1420 1131 vestros
1446 1088 1702 1145 priusquam
1728 1088 1908 1131 moriar!
1933 1086 1968 1113 ¹2
1989 1089 2045 1129 Et

214 1148 596 1205 apprehendentes
622 1154 827 1204 parentes
860 1149 999 1191 filiam
1031 1163 1176 1204 suam,
1205 1148 1391 1192 osculati
1424 1151 1526 1190 sunt
1560 1162 1677 1203 eam,
1706 1151 1749 1190 et
1782 1146 2044 1189 dimiserunt

214 1208 298 1263 ire,
330 1208 363 1234 13
384 1213 614 1251 monentes
648 1222 747 1251 eam
780 1208 992 1251 honorare
1027 1222 1218 1264 soceros,
1251 1207 1435 1263 diligere
1471 1206 1698 1261 maritum,
1729 1220 1880 1262 regere
1910 1205 2042 1247 fami-

214 1267 341 1322 liam,
366 1267 610 1323 gubernare
633 1267 832 1323 domum,
860 1272 904 1310 et
928 1267 1119 1323 seipsam
1143 1266 1576 1323 irreprehensibilem
1604 1265 1824 1308 exhibere.

275 1327 381 1369 CAP.
405 1328 486 1369 XI.
509 1353 568 1357 —
602 1325 612 1351 ¹
637 1326 834 1382 Cumque
866 1331 1201 1382 reverterentur,
1233 1330 1528 1382 pervenerunt
1552 1325 1609 1367 ad
1635 1325 1829 1380 Charan,
1857 1338 1955 1380 quae
1978 1329 2045 1367 est

214 1385 261 1428 in
302 1385 446 1428 medio
483 1385 640 1428 itinere
679 1390 831 1428 contra
873 1385 1087 1441 Niniven,
1121 1385 1357 1428 undecimo
1398 1385 1481 1427 die.
1519 1383 1536 1410 2
1568 1384 1779 1439 Dixitque
1816 1383 2002 1439 angelus
2035 1399 2042 1427 :

215 1444 355 1487 Tobia
395 1445 548 1499 frater,
590 1445 674 1487 scis
716 1444 1091 1499 quemadmodum
1129 1444 1347 1500 reliquisti
1387 1448 1560 1500 patrem
1597 1448 1733 1486 tuum.
1770 1442 1787 1468 3
1813 1442 1856 1486 Si
1895 1442 2045 1498 placet

215 1502 363 1558 itaque
386 1504 489 1559 tibi,
516 1503 840 1560 praecedamus,
865 1508 909 1546 et
938 1503 1058 1546 lento
1081 1504 1221 1558 gradu
1254 1507 1492 1558 sequantur
1521 1503 1603 1545 iter
1633 1507 1832 1545 nostrum
1852 1501 2043 1543 familiae

214 1562 346 1605 simul
380 1577 478 1605 cum
505 1562 697 1618 conjuge
723 1567 800 1604 tua
833 1567 876 1605 et
901 1576 1001 1605 cum
1027 1562 1308 1604 animalibus.
1343 1561 1360 1587 4
1386 1562 1584 1617 Cumque
1609 1561 1692 1603 hoc
1724 1560 1965 1617 placuisset
1996 1565 2045 1602 ut

214 1621 348 1677 irent,
377 1621 490 1664 dixit
518 1621 717 1678 Raphael
742 1621 798 1664 ad
821 1621 1009 1664 Tobiam
1035 1638 1043 1665 ε
1070 1621 1195 1664 Tolle
1221 1625 1369 1663 tecum
1399 1635 1454 1663 ex
1482 1620 1590 1663 felle
1624 1620 1777 1676 piscis,
1810 1619 1893 1662 erit
1925 1618 2045 1662 enim

214 1680 525 1724 necessarium.
552 1681 674 1723 Tulit
698 1681 848 1736 itaque
870 1680 1033 1723 Tobias
1055 1695 1111 1724 ex
1130 1680 1239 1723 felle
1260 1680 1358 1736 illo,
1386 1685 1429 1722 et
1453 1680 1672 1722 abierunt.

273 1739 290 1766 5
312 1740 445 1783 Anna
470 1744 620 1783 autem
644 1739 828 1783 sedebat
856 1754 981 1783 secus
1010 1739 1131 1783 viam
1161 1739 1357 1795 quotidie
1386 1739 1433 1781 in
1459 1739 1694 1795 supercilio
1717 1738 1900 1794 montis,
1927 1738 2044 1781 unde

213 1799 430 1855 respicere
455 1804 629 1855 poterat
652 1799 704 1842 de
731 1799 987 1855 longinquo.
1018 1799 1035 1826 ⁶
1057 1801 1114 1842 Et
1140 1799 1245 1842 dum
1271 1813 1326 1841 ex
1347 1798 1502 1841 eodem
1528 1798 1624 1841 1000
1646 1798 1948 1854 specularetur
1965 1797 2042 1840 ad-

214 1863 398 1901 ventum
423 1859 539 1914 ejus,
557 1858 672 1901 vidit
692 1873 718 1901 a
743 1858 895 1915 longe,
920 1863 963 1902 et
986 1858 1107 1901 111100
1129 1857 1315 1914 agnovit
1335 1857 1589 1900 venientem
1612 1857 1752 1899 filium
1774 1871 1922 1912 suum,
1951 1870 2044 1899 cur-

214 1931 400 1972 rensque
433 1918 657 1960 nuntiavit
689 1918 782 1960 viro
819 1932 917 1973 suo,
954 1918 1106 1961 dicens
1137 1933 1146 1960 ε
1183 1919 1298 1960 Εο00
1331 1917 1455 1960 venit
1490 1917 1606 1959 filius
1639 1921 1753 1959 tuus.
1791 1915 1806 1942 7
1832 1916 2043 1971 Dixitque

216 1976 416 2032 Raphael
448 1977 504 2019 ad
534 1977 721 2020 Tobiam
751 1994 759 2021 :
793 1978 855 2021 At
879 1977 955 2020 ubi
989 1977 1207 2020 introieris
1238 1976 1417 2019 domum
1450 1980 1594 2032 tuam,
1621 1975 1773 2018 statim
1798 1975 1933 2018 adora
1957 1976 2044 2017 Do-

214 2035 385 2078 minum
420 2037 565 2078 Deum
601 2040 756 2091 tuum3
791 2041 835 2080 et
867 2036 1035 2093 gratias
1068 2051 1206 2092 agens
1241 2035 1300 2091 ei,
1336 2036 1496 2079 accede
1524 2036 1581 2078 ad
1618 2039 1790 2091 patrem
1822 2039 1968 2090 tuum,
2001 2038 2045 2077 et

215 2094 412 2137 osculare
434 2109 548 2138 eum.
571 2094 588 2121 8
615 2095 860 2152 Statimque
882 2095 962 2138 lini
985 2110 1114 2152 super
1140 2095 1288 2138 oculos
1311 2095 1409 2151 ejus
1432 2109 1487 2138 ex
1508 2094 1616 2137 felle
1642 2094 1726 2137 isto
1751 2093 1905 2150 piscis,
1928 2093 2044 2149 quod

214 2158 362 2210 portas
385 2158 560 2206 tecum;
589 2153 702 2197 scias
725 2155 844 2197 enim
865 2155 1075 2210 quoniam
1105 2169 1209 2198 mox
1238 2155 1490 2211 aperientur
1517 2153 1632 2197 oculi
1662 2153 1780 2209 erS,
1808 2158 1852 2196 et
1873 2152 2046 2196 videbit

213 2218 340 2269 pater
372 2218 472 2255 tuus
497 2213 648 2255 lumen
674 2213 793 2270 caeli,
826 2219 870 2256 et
901 2214 948 2256 in
973 2219 1156 2270 aspectu
1186 2219 1260 2257 tuo
1294 2213 1522 2270 gaudebit.
1557 2213 1574 2239 9
1599 2214 1724 2256 Tunc
1758 2211 2045 2269 praecucurrit

215 2272 356 2327 canis,
384 2272 457 2327 qui
483 2272 616 2315 simul
647 2273 798 2315 fuerat
825 2273 872 2315 in
893 2273 987 2329 via,
1011 2278 1056 2316 et
1080 2273 1204 2329 quasi
1231 2273 1411 2315 nuntius
1442 2272 1705 2328 adveniens,
1738 2271 2045 2314 blandimento

214 2345 304 2374 suae
326 2331 479 2374 oaudae
502 2331 739 2387 gaudebat.
767 2331 803 2358 ¹⁰
821 2332 878 2373 Et
901 2346 1170 2387 consurgens
1194 2346 1336 2375 caecus
1361 2337 1488 2388 pater
1513 2331 1631 2388 ejus,
1656 2330 1791 2387 coepit
1813 2330 2045 2374 offendens

212 2390 400 2447 pedibus
434 2404 627 2445 currere,
666 2395 709 2433 et
743 2390 846 2434 data
880 2405 1014 2433 manu
1046 2405 1202 2447 puero,
1238 2391 1428 2434 occurrit
1461 2391 1639 2434 obviam
1672 2391 1763 2433 filio
1796 2404 1901 2444 suo3
1942 2389 1975 2415 ¹¹
2004 2394 2047 2432 et

213 2449 477 2506 suscipiens,
510 2449 731 2493 osculatus
769 2455 834 2493 est
868 2464 969 2493 eum
1003 2463 1104 2492 cum
1136 2464 1271 2493 uxore
1305 2465 1404 2505 sua,
1443 2455 1486 2493 et
1515 2454 1745 2506 coeperunt
1777 2449 1908 2491 ambo
1942 2448 2045 2491 fiere

213 2523 303 2566 prae
329 2509 506 2565 gaudio.
535 2508 570 2534 ¹2
586 2509 784 2564 Cumque
803 2509 1062 2552 adorassent
1081 2510 1237 2565 Deum,
1259 2513 1302 2551 et
1320 2509 1487 2565 gratias
1509 2509 1717 2564 egissent,
1738 2508 2044 2551 consederunt.

275 2568 309 2595 ¹3
329 2569 455 2611 Tunc
488 2582 666 2611 sumens
699 2569 862 2611 Tobias
888 2568 942 2611 de
972 2568 1079 2611 felle
1109 2568 1264 2625 piscis,
1291 2567 1440 2610 linivit
1470 2567 1617 2611 oculos
1651 2567 1788 2624 patris
1813 2567 1895 2610 sui.
1931 2566 1967 2592 ¹4
1989 2568 2047 2609 Et

212 2627 424 2671 sustinuit
460 2627 584 2684 quasi
622 2627 854 2670 dimidiam
887 2627 981 2670 fere
1015 2627 1190 2683 horam,
1226 2632 1269 2670 et
1302 2627 1438 2683 coepit
1469 2626 1634 2682 albugo
1668 2640 1724 2669 ex
1756 2625 1894 2669 oculis
1926 2625 2043 2682 ejus,

212 2687 337 2743 quasi
369 2687 629 2730 membrana
662 2687 754 2741 ovi,
797 2686 959 2742 egredi.
993 2685 1028 2713 ¹5
1053 2686 1194 2736 Quam
1232 2685 1569 2742 apprehendens
1603 2686 1786 2741 Tobias,
1821 2685 1960 2728 traxit
1989 2685 2044 2727 ab

213 2746 351 2789 oculis
376 2746 493 2802 ejus,
520 2746 759 2802 statimque
793 2745 934 2788 visum
969 2746 1150 2802 recepit.
1186 2745 1222 2772 16
1248 2747 1306 2788 Et
1335 2744 1646 2801 glorificabant
1672 2746 1836 2800 Deum,
1860 2744 1955 2801 ipse
1980 2744 2044 2787 vi-

212 2805 394 2861 delicet,
419 2803 463 2849 et
487 2820 597 2849 uxor
618 2806 736 2862 ejus,
763 2810 808 2849 et
830 2819 982 2848 omnes
1004 2804 1077 2860 qui
1108 2804 1310 2848 sciebant
1336 2819 1450 2848 eum.
1486 2803 1520 2830 ¹⁷
1543 2803 1820 2860 Dicebatque
1842 2803 2005 2846 Tobias
2036 2820 2044 2847 :

212 2865 436 2909 Benedico
465 2870 531 2922 te,
556 2865 766 2921 Domine,
797 2865 915 2907 Deus
948 2863 1108 2920 Israel,
1133 2864 1235 2920 quia
1264 2868 1313 2907 tu
1338 2863 1569 2921 castigasti
1599 2878 1690 2921 me,
1714 2868 1758 2907 et
1786 2867 1835 2906 tu
1860 2862 2044 2906 salvasti

211 2938 310 2979 me3
338 2930 383 2968 et
408 2938 509 2967 0000
536 2938 618 2981 ego
641 2924 772 2967 video
797 2923 1005 2978 Tobiam,
1033 2923 1174 2966 filium
1199 2938 1361 2967 meum.

271 2983 306 3011 ’18
332 2985 540 3039 Ingressa
573 2988 639 3027 est
672 2984 807 3028 etiam
841 2988 941 3040 post
973 2988 1143 3039 septem
1174 2983 1267 3026 dies
1293 2984 1419 3039 Sara,
1447 2998 1556 3026 uxor
1581 2983 1661 3026 filii
1687 2982 1804 3039 ejus,
1832 2986 1876 3025 et
1902 2981 2044 3026 omnis

210 3042 388 3086 familia
423 3057 553 3099 sana,
581 3048 626 3086 et
649 3057 828 3100 pecora,
858 3047 900 3085 et
926 3042 1105 3098 cameli,
1134 3047 1177 3085 et
1201 3043 1390 3099 pecunia
1424 3043 1565 3086 multa
1598 3042 1767 3098 uxoris,
1795 3042 1872 3084 sed
1898 3046 1941 3084 et
1966 3041 2044 3083 illa

209 3102 398 3158 pecunia
431 3117 564 3158 quam
596 3108 825 3160 receperat
848 3117 874 3144 a
902 3101 1084 3146 Gabelo.
1121 3101 1157 3128 ¹⁰
1178 3103 1236 3144 Et
1261 3102 1459 3145 narravit
1487 3101 1744 3158 parentibus
1780 3100 1868 3143 suis
1895 3100 2044 3144 omnia

210 3161 426 3204 beneficia
461 3162 564 3218 Dei,
593 3176 693 3218 quae
726 3162 909 3205 fecisset
943 3161 1059 3204 circa
1092 3175 1192 3204 eum
1224 3176 1302 3218 per
1339 3162 1563 3205 hominem
1601 3161 1675 3217 qui
1704 3176 1804 3204 eum
1843 3160 2041 3202 duxerat.

211 3219 248 3246 ²⁰
269 3221 583 3277 Veneruntque
609 3221 777 3265 Achior
809 3226 854 3264 et
879 3220 1081 3276 Nabath,
1114 3221 1364 3264 consobrini
1397 3220 1570 3277 Tobiae,
1599 3220 1843 3276 gaudentes
1869 3218 1926 3261 ad
1958 3219 2042 3261 To-

209 3278 350 3334 biam,
375 3285 419 3323 et
441 3280 805 3336 congratulantes
828 3280 868 3323 ei
895 3279 948 3322 de
974 3279 1178 3323 omnibus
1208 3280 1335 3323 bonis
1365 3294 1462 3336 quae
1493 3279 1610 3322 circa
1634 3279 1762 3322 illum
1788 3277 2043 3323 ostenderat

212 3338 345 3383 Deus,
371 3338 405 3365 2¹
430 3339 489 3382 Et
513 3354 590 3396 per
615 3345 786 3396 septem
816 3339 907 3382 dies
938 3338 1189 3395 epulantes,
1213 3353 1364 3383 omnes
1395 3354 1495 3382 cum
1520 3338 1684 3395 gaudio
1708 3350 1872 3394 magno
1899 3335 2043 3392 gavisi

211 3403 324 3441 sunt.

476 3466 500 3523 ξ
536 3466 616 3509 IV.
644 3492 701 3498 —
731 3466 898 3522 Anyeli
928 3465 1259 3522 manffestatio;
1292 3465 1440 3509 ultimi
1471 3466 1578 3508 anni
1615 3464 1772 3508 Tobiae.

270 3580 375 3625 CAP.
397 3581 506 3625 XII.
532 3607 591 3613 —
615 3580 629 3607 ¹
653 3582 778 3624 Tunc
811 3580 989 3624 vocavit
1021 3579 1078 3623 ad
1111 3595 1157 3624 se
1190 3580 1352 3623 Tobias
1385 3579 1527 3622 filium
1559 3593 1708 3634 suum,
1736 3577 1936 3634 dixitque
1962 3577 2001 3620 ei
2031 3593 2040 3621 ι

211 3638 324 3689 Quid
355 3653 586 3696 possumus
620 3639 724 3683 dare
761 3640 854 3683 viro
895 3639 970 3682 isti
1005 3644 1180 3696 sancto,
1215 3639 1288 3695 qui
1329 3638 1452 3681 venit
1487 3636 1671 3681 tecum?
1709 3635 1727 3662 2
1753 3635 2040 3693 Respondens

2168 570 2286 599 Tobias

2105 614 2236 650 junior,
2257 622 2347 643 aece-

2121 662 2179 692 pta
2195 659 2336 687 muliere

2154 706 2188 732 et
2205 703 2301 738 dote,

2117 747 2305 776 dimittitur
2320 756 2338 776 a.

2151 792 2311 826 Raguele.

2142 1331 2219 1363 Ipse
2238 1337 2312 1358 cum

2127 1375 2246 1408 angelo
2268 1373 2334 1402 iter

2142 1419 2317 1447 accelerat.

2119 1738 2344 1768 Circumstan—

2109 1783 2166 1812 tiae
2174 1784 2351 1812 adventus.

2111 2573 2230 2603 Tobias
2241 2575 2353 2604 senior

2178 2626 2287 2647 visum

2165 2662 2297 2696 recipit.

2122 2982 2338 3017 ingrediente

2182 3027 2261 3055 Sara
2272 3048 2278 3062 ‚

2151 3071 2310 3105 gaudium

2151 3115 2305 3144 iteratur.

2171 3566 2281 3595 Tobiae

2134 3611 2320 3639 mercede-m

2141 3655 2298 3684 offerenti
