2423 3861
849 647 1253 704 SANCTUM

190 818 470 909 JESU
548 818 1040 908 CHRISTI
1115 818 1897 910 EVANGELIUM
1981 821 1987 832 '

637 1008 1116 1074 SECUNDUM
1173 1008 1471 1073 LUCAM

987 1189 1112 1214 »ολ-(ζ

816 1370 1276 1426 PROLOGUS

462 1540 645 1570 UONIAM
672 1527 851 1582 quidem
873 1528 1002 1571 multi
1026 1529 1173 1572 conati
1199 1534 1302 1571 sunt
1325 1529 1527 1571 ordinare
1550 1530 1848 1573 narrationem
1867 1544 1964 1585 quae

483 1586 529 1628 in
556 1586 682 1629 nobis
710 1586 943 1642 completae
965 1592 1068 1629 sunt
1090 1602 1248 1643 rerum,
1272 1586 1289 1612 ”2
1307 1587 1421 1630 sicut
1442 1588 1721 1630 tradiderunt
1741 1589 1867 1631 nobis
1891 1588 1964 1644 qui

241 1634 255 1642 ’
303 1685 319 1697 ,
408 1643 440 1681 ‘n
483 1645 539 1688 ab
557 1645 685 1688 initio
707 1645 791 1701 ipsi
813 1644 1029 1701 viderunt,
1051 1651 1094 1689 et
1112 1645 1304 1688 ministri
1325 1646 1510 1689 fuerunt
1530 1646 1743 1690 sermonis
1762 1664 1770 1691 :
1789 1647 1806 1674 3
1820 1647 1965 1690 Visum
2028 1650 2033 1654 '

426 1726 429 1727 ⁷
484 1709 550 1748 est
570 1707 613 1746 et
634 1702 756 1759 mihi,
783 1707 983 1746 assecuto
1007 1701 1156 1744 omnia
1175 1717 1202 1745 a
1224 1702 1442 1759 principio
1461 1702 1713 1759 diligenter,
1732 1717 1787 1746 ex
1810 1703 1962 1747 ordine

202 1791 218 1806 χ
358 1788 377 1804 ψ
403 1761 440 1804 (a
483 1763 565 1806 tibi
591 1763 802 1819 scribere,
833 1762 999 1819 optime
1025 1762 1293 1820 Theophile,
1321 1763 1339 1789 4
1356 1767 1404 1805 ut
1430 1776 1672 1818 cognoscas
1694 1776 1845 1805 eorum
1868 1776 1963 1805 ver-

128 1821 303 1879 borum,
332 1823 386 1866 de
408 1823 566 1879 quibus
593 1822 789 1866 eruditus
813 1836 880 1876 es,
908 1822 1154 1865 veritatem.

780 1985 994 2040 PARS
1046 1984 1320 2040 PRIMA

257 2116 749 2158 NARRATIONES
801 2116 1115 2156 SELECTAE
1164 2118 1247 2155 DE
1298 2117 1629 2156 INFANTIA
1675 2117 1835 2157 JESU

559 2238 583 2295 ξ
616 2238 653 2281 Ι.
686 2264 745 2271 -
777 2238 1074 2294 Prceparatur
1110 2237 1278 2282 Christi
1310 2239 1533 2280 nativitas.

189 2349 206 2376 5
238 2348 343 2390 Fuit
382 2347 428 2389 in
470 2346 626 2390 diebus
668 2345 885 2402 Herodis,
927 2346 1043 2402 regis
1083 2345 1281 2402 Judaeae‚
1325 2346 1529 2389 sacerdos
1567 2346 1748 2402 quidam
1786 2347 1964 2390 nomine

129 2406 383 2463 Zacharias,
411 2406 465 2449 de
490 2405 588 2449 vice
610 2405 752 2460 Abia3
784 2410 828 2448 et
848 2419 959 2448 uxor
984 2405 1103 2448 illius
1125 2405 1179 2448 de
1205 2405 1382 2448 filiabus
1411 2405 1582 2460 Aaron,
1606 2410 1650 2448 et
1675 2419 1838 2449 nomen
1867 2407 1963 2462 ejus

131 2465 374 2509 Elisabeth.
398 2465 416 2491 6
437 2467 576 2508 Erant
600 2469 750 2508 autem
779 2464 888 2520 justi
918 2465 1048 2507 ambo
1082 2469 1186 2508 ante
1212 2466 1376 2520 Deum,
1407 2464 1662 2508 incedentes
1687 2465 1734 2508 in
1759 2465 1964 2509 omnibus

129 2525 352 2568 mandatis
389 2530 433 2568 et
468 2523 863 2580 justificationibus
903 2523 1083 2567 Domini
1120 2523 1216 2567 sine
1252 2523 1458 2579 querela3
1498 2523 1513 2550 7
1540 2528 1583 2567 et
1619 2539 1707 2568 non
1745 2531 1837 2568 erat
1874 2525 1963 2567 illis

128 2585 265 2641 filius,
296 2598 347 2628 eo
377 2583 495 2641 quod
524 2588 639 2627 esset
672 2582 905 2627 Elisabeth
938 2583 1122 2639 sterilis,
1150 2588 1193 2626 et
1221 2583 1353 2626 ambo
1386 2583 1702 2640 processissent
1732 2584 1777 2626 in
1809 2584 1963 2627 diebus

129 2658 231 2687 su1s.

188 2703 205 2730 8
232 2704 422 2746 Factum
455 2709 520 2747 est
549 2709 720 2761 autem,
754 2718 855 2747 cum
889 2704 1134 2748 sacerdotio
1168 2704 1432 2759 fungeretur
1463 2704 1509 2746 in
1543 2704 1696 2747 ordine
1728 2703 1838 2746 vicis
1873 2718 1963 2746 suae

130 2769 234 2807 ante
253 2763 411 2818 Deum,
432 2762 449 2788 9
463 2763 709 2807 secundum
733 2763 1100 2807 consuetudinem
1121 2763 1372 2818 sacerdotii,
1395 2768 1510 2806 sorte
1532 2762 1641 2806 exiit
1662 2767 1710 2805 ut
1730 2762 1963 2806 incensum

129 2827 333 2880 poneret,
356 2821 578 2878 ingressus
599 2823 646 2865 in
668 2824 885 2880 templum
908 2823 1115 2878 Domini3
1144 2823 1180 2849 10
1196 2828 1240 2866 et
1265 2823 1408 2866 omnis
1430 2821 1670 2865 multitudo
1696 2822 1848 2879 populi
1870 2828 1963 2865 erat

131 2896 259 2925 orans
283 2882 394 2925 foris
423 2882 529 2925 hora
553 2882 738 2926 incensi.
762 2882 795 2908 11
817 2882 1038 2940 Apparuit
1061 2888 1212 2926 autem
1235 2882 1303 2924 illi
1328 2881 1514 2937 angelus
1548 2880 1751 2937 Domini,
1782 2887 1903 2924 stans
1937 2896 1961 2924 a

127 2941 297 2985 dextris
318 2941 471 2984 altaris
498 2941 681 2985 incensi.
706 2940 741 2967 ¹2
760 2943 819 2984 Et
844 2941 1079 2985 Zacharias
1106 2941 1309 2983 turbatus
1331 2946 1397 2983 est
1420 2941 1587 2996 videns,
1612 2946 1654 2983 et
1680 2941 1811 2983 timor
1835 2940 1962 2983 irruit

131 3015 260 3058 super
293 3015 407 3046 eum.
438 3000 473 3027 13
490 3001 569 3043 Ait
598 3005 748 3044 autem
782 3001 837 3044 ad
869 3001 998 3043 illum
1027 3000 1244 3056 angelus:
1280 3000 1348 3043 Ne
1377 3000 1555 3055 timeas,
1590 3000 1822 3051 Zacharia,
1857 3013 1962 3056 quo-

129 3060 252 3103 niam
278 3060 488 3104 exaudita
514 3066 580 3104 est
603 3060 853 3117 deprecatio
880 3065 968 3114 tua,
990 3065 1033 3103 et
1054 3074 1163 3102 uxor
1180 3065 1256 3102 tua
1279 3059 1509 3102 Elisabeth
1535 3059 1677 3115 pariet
1701 3058 1783 3102 tibi
1805 3058 1960 3111 filium,

129 3125 174 3162 et
199 3119 380 3162 vocabis
405 3134 566 3163 nomen
593 3120 688 3176 ejus
715 3121 961 3173 Joannem3
992 3118 1027 3145 ¹4
1045 3123 1089 3162 et
1115 3118 1197 3162 erit
1223 3118 1436 3175 gaudium
1470 3118 1551 3160 tibi
1582 3124 1626 3161 et
1651 3118 1886 3173 exultatio,
1919 3126 1961 3161 et

133 3177 332 3222 multiin
357 3179 593 3223 nativitate
619 3179 716 3235 ejus
739 3179 1025 3235 gaudebunt:
1052 3177 1088 3204 15
1106 3178 1188 3221 erit
1213 3177 1331 3221 enim
1356 3192 1544 3233 magnus
1573 3192 1722 3220 coram
1748 3178 1960 3229 Domino,

128 3243 177 3280 et
201 3238 356 3281 vinum
389 3243 432 3282 et
464 3238 651 3282 siceram
686 3254 773 3283 non
805 3238 948 3294 bibet,
983 3243 1026 3281 et
1057 3237 1224 3294 Spiritu
1260 3243 1413 3281 sancto
1450 3237 1692 3294 replebitur
1723 3236 1870 3279 adhuc
1907 3250 1959 3280 ex

132 3302 254 3341 utero
288 3297 442 3340 matris
479 3312 596 3353 suae3
637 3298 672 3325 ¹⁰
697 3304 741 3342 et
774 3297 936 3340 multos
970 3297 1161 3340 filiorum
1197 3297 1338 3340 Israel
1370 3301 1596 3339 convertet
1628 3296 1685 3339 ad
1720 3296 1960 3338 Dominum

135 3356 278 3399 Deum
302 3357 510 3414 ipsorum.
539 3357 573 3383 ¹⁷
594 3359 651 3400 Et
674 3358 769 3414 ipse
795 3356 1017 3414 praecedet
1041 3362 1144 3399 ante
1168 3356 1297 3399 illum
1325 3356 1371 3398 in
1394 3355 1550 3412 spiritu
1573 3360 1616 3399 et
1641 3355 1804 3397 virtute
1827 3354 1958 3405 Eliae,

133 3420 183 3457 ut
201 3416 586 3460 convertat'corda
603 3422 780 3474 patrum
802 3417 847 3459 in
869 3416 994 3471 filios,
1019 3421 1062 3459 et
1081 3415 1332 3459 incredulos
1354 3414 1410 3458 ad
1428 3414 1708 3471 prudentiam
1726 3413 1958 3469 justorum,

129 3488 287 3534 parare
321 3475 511 3518 Domino
544 3476 721 3532 plebem
758 3476 1018 3533 perfectam.
1046 3473 1081 3501 ¹8
1104 3476 1161 3518 Et
1195 3474 1309 3518 dixit
1343 3473 1578 3517 Zacharias
1615 3472 1672 3515 ad
1709 3471 1918 3528 angelum
1950 3488 1960 3517 :

144 3626 173 3659 5]
194 3625 208 3653 1
228 3625 302 3652 Par.
322 3623 447 3658 XXIV,
462 3626 506 3652 10.
523 3637 560 3643 -
576 3623 624 3657 10]
643 3624 704 3652 Ex.
722 3622 832 3653 XXX,
857 3623 881 3649 7.
900 3622 979 3649 Lev.
999 3620 1090 3657 XVI,
1111 3622 1154 3647 17.
1171 3634 1209 3639 --
1226 3619 1272 3652 17]
1292 3617 1367 3645 Mal.
1385 3617 1443 3652 IV„
1460 3620 1486 3644 6.
1503 3618 1613 3645 Mattn
1643 3617 1687 3644 XI
1703 3638 1708 3643 .
1727 3619 1759 3644 14

2044 1548 2202 1577 Praefatio
2219 1549 2261 1576 ad

2039 1592 2271 1625 Theophilum.

2057 2355 2248 2383 Praecursor

2046 2398 2262 2431 promittitur

2066 2447 2100 2471 et
2127 2442 2236 2472 conci—

2101 2486 2203 2520 pitur.
