<?xml version="1.0" encoding="UTF-8"?>
<!DOCTYPE html PUBLIC "-//W3C//DTD XHTML 1.0 Transitional//EN"
    "http://www.w3.org/TR/xhtml1/DTD/xhtml1-transitional.dtd">
<html xmlns="http://www.w3.org/1999/xhtml" xml:lang="en" lang="en">
 <head>
  <title>
</title>
<meta http-equiv="Content-Type" content="text/html;charset=utf-8" />
  <meta name='ocr-system' content='tesseract 3.04.00' />
  <meta name='ocr-capabilities' content='ocr_page ocr_carea ocr_par ocr_line ocrx_word'/>
</head>
<body>
  <div class='ocr_page' id='page_1' title='image "./bibliasacrajuxta00fill_0309.png"; bbox 0 0 2456 3861; ppageno 0'>
   <div class='ocr_carea' id='block_1_1' title="bbox 606 160 1887 217">
    <p class='ocr_par' dir='ltr' id='par_1_1' title="bbox 606 160 1887 217">
     <span class='ocr_line' id='line_1_1' title="bbox 606 160 1887 217; baseline 0 -15"><span class='ocrx_word' id='word_1_1' title='bbox 606 160 651 202; x_wconf 90' lang='lat'>11</span> <span class='ocrx_word' id='word_1_2' title='bbox 688 162 798 204; x_wconf 63' lang='lat' dir='ltr'>Rus.</span> <span class='ocrx_word' id='word_1_3' title='bbox 833 161 921 215; x_wconf 77' lang='lat' dir='ltr'>VI,</span> <span class='ocrx_word' id='word_1_4' title='bbox 954 163 1010 204; x_wconf 83' lang='lat'>‘23</span> <span class='ocrx_word' id='word_1_5' title='bbox 1043 187 1100 195; x_wconf 90' lang='lat'>—</span> <span class='ocrx_word' id='word_1_6' title='bbox 1134 161 1246 217; x_wconf 87' lang='lat' dir='ltr'>VII,</span> <span class='ocrx_word' id='word_1_7' title='bbox 1279 161 1349 204; x_wconf 82' lang='lat'>25.</span> <span class='ocrx_word' id='word_1_8' title='bbox 1801 161 1887 203; x_wconf 79' lang='lat'>293</span> 
     </span>
    </p>
   </div>
   <div class='ocr_carea' id='block_1_2' title="bbox 65 329 1887 445">
    <p class='ocr_par' dir='ltr' id='par_1_2' title="bbox 65 329 1887 445">
     <span class='ocr_line' id='line_1_2' title="bbox 65 329 1887 388; baseline -0.001 -14"><span class='ocrx_word' id='word_1_9' title='bbox 65 336 109 374; x_wconf 88' lang='lat' dir='ltr'>et</span> <span class='ocrx_word' id='word_1_10' title='bbox 130 344 228 372; x_wconf 89' lang='lat' dir='ltr'>cum</span> <span class='ocrx_word' id='word_1_11' title='bbox 254 330 428 372; x_wconf 88' lang='lat' dir='ltr'>aucillis</span> <span class='ocrx_word' id='word_1_12' title='bbox 454 330 507 373; x_wconf 89' lang='lat' dir='ltr'>de</span> <span class='ocrx_word' id='word_1_13' title='bbox 533 330 690 385; x_wconf 85' lang='lat' dir='ltr'>quibus</span> <span class='ocrx_word' id='word_1_14' title='bbox 716 331 861 373; x_wconf 81' lang='lat' dir='ltr'>locuta</span> <span class='ocrx_word' id='word_1_15' title='bbox 887 345 952 385; x_wconf 89' lang='lat' dir='ltr'>es,</span> <span class='ocrx_word' id='word_1_16' title='bbox 979 331 1208 387; x_wconf 84' lang='lat' dir='ltr'>gloriosior</span> <span class='ocrx_word' id='word_1_17' title='bbox 1233 331 1466 388; x_wconf 75' lang='lat' dir='ltr'><strong>apparebo.</strong></span> <span class='ocrx_word' id='word_1_18' title='bbox 1486 330 1522 357; x_wconf 79' lang='lat'>‘²³</span> <span class='ocrx_word' id='word_1_19' title='bbox 1538 331 1682 387; x_wconf 82' lang='lat' dir='ltr'>Igitur</span> <span class='ocrx_word' id='word_1_20' title='bbox 1710 329 1887 385; x_wconf 82' lang='lat' dir='ltr'>Michol,</span> 
     </span>
     <span class='ocr_line' id='line_1_3' title="bbox 67 388 1495 445; baseline 0.001 -14"><span class='ocrx_word' id='word_1_21' title='bbox 67 388 167 431; x_wconf 85' lang='lat' dir='ltr'>filiae</span> <span class='ocrx_word' id='word_1_22' title='bbox 193 388 318 443; x_wconf 86' lang='lat' dir='ltr'>Saul,</span> <span class='ocrx_word' id='word_1_23' title='bbox 343 403 427 431; x_wconf 89' lang='lat' dir='ltr'>non</span> <span class='ocrx_word' id='word_1_24' title='bbox 455 394 521 432; x_wconf 84' lang='lat' dir='ltr'>est</span> <span class='ocrx_word' id='word_1_25' title='bbox 544 394 672 431; x_wconf 85' lang='lat' dir='ltr'>natus</span> <span class='ocrx_word' id='word_1_26' title='bbox 699 389 812 432; x_wconf 85' lang='lat' dir='ltr'>filius</span> <span class='ocrx_word' id='word_1_27' title='bbox 840 404 973 445; x_wconf 85' lang='lat' dir='ltr'>usquc</span> <span class='ocrx_word' id='word_1_28' title='bbox 998 390 1043 432; x_wconf 89' lang='lat' dir='ltr'>in</span> <span class='ocrx_word' id='word_1_29' title='bbox 1069 390 1187 433; x_wconf 88' lang='lat' dir='ltr'>diem</span> <span class='ocrx_word' id='word_1_30' title='bbox 1215 390 1366 433; x_wconf 86' lang='lat' dir='ltr'>mortis</span> <span class='ocrx_word' id='word_1_31' title='bbox 1391 404 1495 433; x_wconf 84' lang='lat' dir='ltr'>suae.</span> 
     </span>
    </p>
   </div>
   <div class='ocr_carea' id='block_1_3' title="bbox 62 511 1893 739">
    <p class='ocr_par' dir='ltr' id='par_1_3' title="bbox 62 511 1893 739">
     <span class='ocr_line' id='line_1_4' title="bbox 62 511 1893 568; baseline 0.002 -16"><span class='ocrx_word' id='word_1_32' title='bbox 62 513 86 566; x_wconf 66' lang='grc' dir='ltr'>ξ</span> <span class='ocrx_word' id='word_1_33' title='bbox 122 511 209 553; x_wconf 88' lang='lat' dir='ltr'>III.</span> <span class='ocrx_word' id='word_1_34' title='bbox 244 535 300 542; x_wconf 95' lang='lat'>-—</span> <span class='ocrx_word' id='word_1_35' title='bbox 336 511 492 553; x_wconf 76' lang='lat' dir='ltr'>David</span> <span class='ocrx_word' id='word_1_36' title='bbox 534 511 586 554; x_wconf 77' lang='lat' dir='ltr'>cle</span> <span class='ocrx_word' id='word_1_37' title='bbox 624 513 777 567; x_wconf 74' lang='lat' dir='ltr'>templo</span> <span class='ocrx_word' id='word_1_38' title='bbox 822 513 1074 555; x_wconf 63' lang='lat' dir='ltr'>exstruendo</span> <span class='ocrx_word' id='word_1_39' title='bbox 1120 514 1328 567; x_wconf 69' lang='lat' dir='ltr'>coyz‘tanti</span> <span class='ocrx_word' id='word_1_40' title='bbox 1360 514 1643 568; x_wconf 61' lang='lat' dir='ltr'>promittitur</span> <span class='ocrx_word' id='word_1_41' title='bbox 1682 515 1752 556; x_wconf 75' lang='grc' dir='ltr'>31ιὶ</span> <span class='ocrx_word' id='word_1_42' title='bbox 1791 513 1893 555; x_wconf 66' lang='lat' dir='ltr'>solii</span> 
     </span>
     <span class='ocr_line' id='line_1_5' title="bbox 829 573 1113 626; baseline 0.007 -15"><span class='ocrx_word' id='word_1_43' title='bbox 829 573 1113 626; x_wconf 69' lang='lat' dir='ltr'>perpetuitas.</span> 
     </span>
     <span class='ocr_line' id='line_1_6' title="bbox 123 684 1891 739; baseline 0.002 -12"><span class='ocrx_word' id='word_1_44' title='bbox 123 684 230 728; x_wconf 74' lang='lat' dir='ltr'><strong>CAP.</strong></span> <span class='ocrx_word' id='word_1_45' title='bbox 261 685 364 727; x_wconf 82' lang='lat' dir='ltr'>VH.</span> <span class='ocrx_word' id='word_1_46' title='bbox 394 711 448 717; x_wconf 92' lang='lat'>—</span> <span class='ocrx_word' id='word_1_47' title='bbox 475 684 487 710; x_wconf 87' lang='lat'>¹</span> <span class='ocrx_word' id='word_1_48' title='bbox 517 685 703 726; x_wconf 82' lang='lat' dir='ltr'>Factum</span> <span class='ocrx_word' id='word_1_49' title='bbox 737 689 803 726; x_wconf 87' lang='lat' dir='ltr'>est</span> <span class='ocrx_word' id='word_1_50' title='bbox 826 689 975 726; x_wconf 83' lang='lat' dir='ltr'>autem</span> <span class='ocrx_word' id='word_1_51' title='bbox 1003 698 1102 727; x_wconf 87' lang='lat' dir='ltr'>cum</span> <span class='ocrx_word' id='word_1_52' title='bbox 1135 685 1322 728; x_wconf 85' lang='lat' dir='ltr'>sedisset</span> <span class='ocrx_word' id='word_1_53' title='bbox 1354 700 1429 728; x_wconf 85' lang='lat' dir='ltr'>rex</span> <span class='ocrx_word' id='word_1_54' title='bbox 1464 686 1507 728; x_wconf 92' lang='lat' dir='ltr'>in</span> <span class='ocrx_word' id='word_1_55' title='bbox 1546 686 1676 729; x_wconf 89' lang='lat' dir='ltr'>domo</span> <span class='ocrx_word' id='word_1_56' title='bbox 1713 701 1812 739; x_wconf 82' lang='lat' dir='ltr'>sua,</span> <span class='ocrx_word' id='word_1_57' title='bbox 1848 691 1891 730; x_wconf 89' lang='lat' dir='ltr'>et</span> 
     </span>
    </p>
   </div>
   <div class='ocr_carea' id='block_1_4' title="bbox 14 742 1898 3517">
    <p class='ocr_par' dir='ltr' id='par_1_4' title="bbox 14 742 1892 975">
     <span class='ocr_line' id='line_1_7' title="bbox 66 742 1891 799; baseline 0.001 -13"><span class='ocrx_word' id='word_1_58' title='bbox 66 742 279 786; x_wconf 83' lang='lat' dir='ltr'>Dominus</span> <span class='ocrx_word' id='word_1_59' title='bbox 306 743 499 786; x_wconf 79' lang='lat' dir='ltr'>dedisset</span> <span class='ocrx_word' id='word_1_60' title='bbox 524 743 562 785; x_wconf 91' lang='lat' dir='ltr'>ei</span> <span class='ocrx_word' id='word_1_61' title='bbox 589 742 782 797; x_wconf 78' lang='lat' dir='ltr'>requiem</span> <span class='ocrx_word' id='word_1_62' title='bbox 806 742 998 797; x_wconf 90' lang='lat' dir='ltr'>undique</span> <span class='ocrx_word' id='word_1_63' title='bbox 1024 742 1080 784; x_wconf 90' lang='lat' dir='ltr'>ab</span> <span class='ocrx_word' id='word_1_64' title='bbox 1116 743 1330 786; x_wconf 83' lang='lat' dir='ltr'>universis</span> <span class='ocrx_word' id='word_1_65' title='bbox 1364 744 1556 787; x_wconf 85' lang='lat' dir='ltr'>inimicis</span> <span class='ocrx_word' id='word_1_66' title='bbox 1586 745 1695 799; x_wconf 81' lang='lat' dir='ltr'>suis,</span> <span class='ocrx_word' id='word_1_67' title='bbox 1730 744 1747 770; x_wconf 68' lang='lat'><strong>2</strong></span> <span class='ocrx_word' id='word_1_68' title='bbox 1777 745 1891 788; x_wconf 80' lang='lat' dir='ltr'>dixit</span> 
     </span>
     <span class='ocr_line' id='line_1_8' title="bbox 60 800 1892 858; baseline 0.002 -14"><span class='ocrx_word' id='word_1_69' title='bbox 60 802 119 845; x_wconf 84' lang='lat' dir='ltr'>ad</span> <span class='ocrx_word' id='word_1_70' title='bbox 146 803 324 844; x_wconf 80' lang='lat' dir='ltr'>Nathan</span> <span class='ocrx_word' id='word_1_71' title='bbox 350 801 642 858; x_wconf 87' lang='lat' dir='ltr'>prophetam:</span> <span class='ocrx_word' id='word_1_72' title='bbox 672 800 863 844; x_wconf 86' lang='lat' dir='ltr'>Videsne</span> <span class='ocrx_word' id='word_1_73' title='bbox 896 801 1011 855; x_wconf 90' lang='lat' dir='ltr'>quod</span> <span class='ocrx_word' id='word_1_74' title='bbox 1038 815 1120 856; x_wconf 88' lang='lat' dir='ltr'>ego</span> <span class='ocrx_word' id='word_1_75' title='bbox 1145 801 1343 844; x_wconf 89' lang='lat' dir='ltr'>habitem</span> <span class='ocrx_word' id='word_1_76' title='bbox 1374 802 1418 844; x_wconf 93' lang='lat' dir='ltr'>in</span> <span class='ocrx_word' id='word_1_77' title='bbox 1452 803 1580 845; x_wconf 90' lang='lat' dir='ltr'>domo</span> <span class='ocrx_word' id='word_1_78' title='bbox 1615 803 1814 857; x_wconf 83' lang='lat' dir='ltr'>cedrina,</span> <span class='ocrx_word' id='word_1_79' title='bbox 1848 810 1892 847; x_wconf 90' lang='lat' dir='ltr'>et</span> 
     </span>
     <span class='ocr_line' id='line_1_9' title="bbox 14 859 1891 917; baseline 0.002 -14"><span class='ocrx_word' id='word_1_80' title='bbox 14 884 18 888; x_wconf 93' lang='lat'>·</span> <span class='ocrx_word' id='word_1_81' title='bbox 61 875 163 903; x_wconf 86' lang='lat' dir='ltr'>arca</span> <span class='ocrx_word' id='word_1_82' title='bbox 190 861 269 903; x_wconf 91' lang='lat' dir='ltr'>Dei</span> <span class='ocrx_word' id='word_1_83' title='bbox 290 860 433 916; x_wconf 86' lang='lat' dir='ltr'>posita</span> <span class='ocrx_word' id='word_1_84' title='bbox 450 859 508 901; x_wconf 88' lang='lat' dir='ltr'>sit</span> <span class='ocrx_word' id='word_1_85' title='bbox 532 859 578 901; x_wconf 90' lang='lat' dir='ltr'>in</span> <span class='ocrx_word' id='word_1_86' title='bbox 598 859 744 902; x_wconf 91' lang='lat' dir='ltr'>medio</span> <span class='ocrx_word' id='word_1_87' title='bbox 763 859 976 915; x_wconf 84' lang='lat' dir='ltr'>pellium?</span> <span class='ocrx_word' id='word_1_88' title='bbox 998 859 1015 885; x_wconf 82' lang='lat'>³</span> <span class='ocrx_word' id='word_1_89' title='bbox 1034 859 1245 915; x_wconf 81' lang='lat' dir='ltr'>Dixitque</span> <span class='ocrx_word' id='word_1_90' title='bbox 1268 860 1448 903; x_wconf 81' lang='lat' dir='ltr'>Nathan</span> <span class='ocrx_word' id='word_1_91' title='bbox 1467 861 1523 903; x_wconf 87' lang='lat' dir='ltr'>ad</span> <span class='ocrx_word' id='word_1_92' title='bbox 1542 876 1692 917; x_wconf 87' lang='lat' dir='ltr'>regem</span> <span class='ocrx_word' id='word_1_93' title='bbox 1719 879 1726 906; x_wconf 94' lang='lat'>:</span> <span class='ocrx_word' id='word_1_94' title='bbox 1751 863 1891 906; x_wconf 85' lang='lat' dir='ltr'>Omne</span> 
     </span>
     <span class='ocr_line' id='line_1_10' title="bbox 60 918 1546 975; baseline 0 -13"><span class='ocrx_word' id='word_1_95' title='bbox 60 919 177 975; x_wconf 87' lang='lat' dir='ltr'>quod</span> <span class='ocrx_word' id='word_1_96' title='bbox 201 925 265 962; x_wconf 88' lang='lat' dir='ltr'>est</span> <span class='ocrx_word' id='word_1_97' title='bbox 287 920 331 961; x_wconf 89' lang='lat' dir='ltr'>in</span> <span class='ocrx_word' id='word_1_98' title='bbox 359 918 487 961; x_wconf 88' lang='lat' dir='ltr'>corde</span> <span class='ocrx_word' id='word_1_99' title='bbox 514 924 610 973; x_wconf 86' lang='lat' dir='ltr'>tuo,</span> <span class='ocrx_word' id='word_1_100' title='bbox 637 918 770 972; x_wconf 82' lang='lat' dir='ltr'>vade,</span> <span class='ocrx_word' id='word_1_101' title='bbox 797 919 897 973; x_wconf 84' lang='lat' dir='ltr'>fac,</span> <span class='ocrx_word' id='word_1_102' title='bbox 927 918 1030 974; x_wconf 87' lang='lat' dir='ltr'>quia</span> <span class='ocrx_word' id='word_1_103' title='bbox 1057 919 1272 962; x_wconf 86' lang='lat' dir='ltr'>Dominus</span> <span class='ocrx_word' id='word_1_104' title='bbox 1293 925 1441 962; x_wconf 90' lang='lat' dir='ltr'>tecum</span> <span class='ocrx_word' id='word_1_105' title='bbox 1468 925 1546 962; x_wconf 85' lang='lat' dir='ltr'>est.</span> 
     </span>
    </p>

    <p class='ocr_par' dir='ltr' id='par_1_5' title="bbox 58 977 1896 2570">
     <span class='ocr_line' id='line_1_11' title="bbox 121 977 1889 1035; baseline 0.001 -16"><span class='ocrx_word' id='word_1_106' title='bbox 121 979 137 1005; x_wconf 70' lang='lat'>4</span> <span class='ocrx_word' id='word_1_107' title='bbox 164 979 352 1020; x_wconf 85' lang='lat' dir='ltr'>Factum</span> <span class='ocrx_word' id='word_1_108' title='bbox 378 983 444 1020; x_wconf 84' lang='lat' dir='ltr'>est</span> <span class='ocrx_word' id='word_1_109' title='bbox 479 983 627 1020; x_wconf 89' lang='lat' dir='ltr'>autem</span> <span class='ocrx_word' id='word_1_110' title='bbox 661 977 705 1019; x_wconf 90' lang='lat' dir='ltr'>in</span> <span class='ocrx_word' id='word_1_111' title='bbox 736 977 816 1019; x_wconf 90' lang='lat' dir='ltr'>illa</span> <span class='ocrx_word' id='word_1_112' title='bbox 845 982 994 1033; x_wconf 86' lang='lat' dir='ltr'>nocte,</span> <span class='ocrx_word' id='word_1_113' title='bbox 1019 982 1063 1020; x_wconf 90' lang='grc'>01</span> <span class='ocrx_word' id='word_1_114' title='bbox 1095 991 1196 1020; x_wconf 86' lang='grc'>0000</span> <span class='ocrx_word' id='word_1_115' title='bbox 1230 991 1372 1021; x_wconf 88' lang='lat' dir='ltr'>sermo</span> <span class='ocrx_word' id='word_1_116' title='bbox 1395 978 1574 1020; x_wconf 86' lang='lat' dir='ltr'>Domini</span> <span class='ocrx_word' id='word_1_117' title='bbox 1601 979 1657 1021; x_wconf 89' lang='lat' dir='ltr'>ad</span> <span class='ocrx_word' id='word_1_118' title='bbox 1689 980 1889 1035; x_wconf 83' lang='lat' dir='ltr'>Nathan,</span> 
     </span>
     <span class='ocr_line' id='line_1_12' title="bbox 61 1036 1891 1091; baseline 0.001 -11"><span class='ocrx_word' id='word_1_119' title='bbox 61 1037 213 1080; x_wconf 85' lang='lat' dir='ltr'>dicens</span> <span class='ocrx_word' id='word_1_120' title='bbox 236 1053 244 1080; x_wconf 90' lang='lat'><strong>:</strong></span> <span class='ocrx_word' id='word_1_121' title='bbox 270 1037 287 1063; x_wconf 79' lang='lat'>5</span> <span class='ocrx_word' id='word_1_122' title='bbox 306 1037 452 1091; x_wconf 83' lang='lat' dir='ltr'>Vade,</span> <span class='ocrx_word' id='word_1_123' title='bbox 477 1042 520 1079; x_wconf 87' lang='lat' dir='ltr'>et</span> <span class='ocrx_word' id='word_1_124' title='bbox 545 1036 719 1091; x_wconf 87' lang='lat' dir='ltr'>loquere</span> <span class='ocrx_word' id='word_1_125' title='bbox 737 1036 794 1079; x_wconf 88' lang='lat' dir='ltr'>ad</span> <span class='ocrx_word' id='word_1_126' title='bbox 817 1051 991 1079; x_wconf 89' lang='lat' dir='ltr'>servum</span> <span class='ocrx_word' id='word_1_127' title='bbox 1011 1051 1158 1080; x_wconf 90' lang='lat' dir='ltr'>meum</span> <span class='ocrx_word' id='word_1_128' title='bbox 1178 1037 1323 1080; x_wconf 82' lang='lat' dir='ltr'>David</span> <span class='ocrx_word' id='word_1_129' title='bbox 1350 1054 1358 1081; x_wconf 92' lang='lat'>:</span> <span class='ocrx_word' id='word_1_130' title='bbox 1386 1037 1500 1079; x_wconf 86' lang='lat' dir='ltr'>Haec</span> <span class='ocrx_word' id='word_1_131' title='bbox 1519 1037 1627 1080; x_wconf 88' lang='lat' dir='ltr'>dicit</span> <span class='ocrx_word' id='word_1_132' title='bbox 1646 1038 1861 1080; x_wconf 87' lang='lat' dir='ltr'>Dominus</span> <span class='ocrx_word' id='word_1_133' title='bbox 1883 1055 1891 1082; x_wconf 92' lang='lat'>:</span> 
     </span>
     <span class='ocr_line' id='line_1_13' title="bbox 63 1095 1892 1152; baseline 0.001 -14"><span class='ocrx_word' id='word_1_134' title='bbox 63 1095 288 1152; x_wconf 87' lang='lat' dir='ltr'>Numquid</span> <span class='ocrx_word' id='word_1_135' title='bbox 311 1101 359 1138; x_wconf 88' lang='lat' dir='ltr'>tu</span> <span class='ocrx_word' id='word_1_136' title='bbox 386 1095 628 1138; x_wconf 57' lang='lat' dir='ltr'>{edificabis</span> <span class='ocrx_word' id='word_1_137' title='bbox 656 1095 762 1137; x_wconf 87' lang='lat' dir='ltr'>mihi</span> <span class='ocrx_word' id='word_1_138' title='bbox 790 1095 969 1138; x_wconf 89' lang='lat' dir='ltr'>domum</span> <span class='ocrx_word' id='word_1_139' title='bbox 994 1096 1050 1138; x_wconf 87' lang='lat' dir='ltr'>ad</span> <span class='ocrx_word' id='word_1_140' title='bbox 1083 1096 1412 1140; x_wconf 82' lang='lat' dir='ltr'>habitandum?</span> <span class='ocrx_word' id='word_1_141' title='bbox 1446 1096 1464 1122; x_wconf 74' lang='lat'><strong>⁶</strong></span> <span class='ocrx_word' id='word_1_142' title='bbox 1488 1096 1642 1151; x_wconf 90' lang='lat' dir='ltr'>Neque</span> <span class='ocrx_word' id='word_1_143' title='bbox 1669 1096 1790 1139; x_wconf 79' lang='lat' dir='ltr'>enim</span> <span class='ocrx_word' id='word_1_144' title='bbox 1815 1097 1892 1139; x_wconf 90' lang='lat' dir='ltr'>ha-</span> 
     </span>
     <span class='ocr_line' id='line_1_14' title="bbox 63 1154 1894 1213; baseline 0.001 -15"><span class='ocrx_word' id='word_1_145' title='bbox 63 1155 202 1198; x_wconf 89' lang='lat' dir='ltr'>bitavi</span> <span class='ocrx_word' id='word_1_146' title='bbox 228 1155 275 1197; x_wconf 93' lang='lat' dir='ltr'>in</span> <span class='ocrx_word' id='word_1_147' title='bbox 300 1155 430 1198; x_wconf 89' lang='lat' dir='ltr'>domo</span> <span class='ocrx_word' id='word_1_148' title='bbox 456 1169 511 1197; x_wconf 81' lang='lat' dir='ltr'>ex</span> <span class='ocrx_word' id='word_1_149' title='bbox 533 1154 604 1197; x_wconf 90' lang='lat' dir='ltr'>die</span> <span class='ocrx_word' id='word_1_150' title='bbox 628 1154 708 1197; x_wconf 83' lang='lat' dir='ltr'>illa</span> <span class='ocrx_word' id='word_1_151' title='bbox 729 1169 815 1210; x_wconf 90' lang='lat' dir='ltr'>qua</span> <span class='ocrx_word' id='word_1_152' title='bbox 840 1155 971 1198; x_wconf 87' lang='lat' dir='ltr'>eduxi</span> <span class='ocrx_word' id='word_1_153' title='bbox 1005 1154 1118 1197; x_wconf 86' lang='lat' dir='ltr'>filios</span> <span class='ocrx_word' id='word_1_154' title='bbox 1146 1155 1285 1198; x_wconf 83' lang='lat' dir='ltr'>Israel</span> <span class='ocrx_word' id='word_1_155' title='bbox 1311 1155 1364 1199; x_wconf 88' lang='lat' dir='ltr'>de</span> <span class='ocrx_word' id='word_1_156' title='bbox 1397 1160 1513 1198; x_wconf 91' lang='lat' dir='ltr'>terra</span> <span class='ocrx_word' id='word_1_157' title='bbox 1545 1156 1735 1213; x_wconf 89' lang='lat' dir='ltr'>AEgypti</span> <span class='ocrx_word' id='word_1_158' title='bbox 1759 1170 1894 1212; x_wconf 85' lang='lat' dir='ltr'>usque</span> 
     </span>
     <span class='ocr_line' id='line_1_15' title="bbox 61 1213 1895 1268; baseline 0.001 -12"><span class='ocrx_word' id='word_1_159' title='bbox 61 1214 107 1257; x_wconf 89' lang='lat' dir='ltr'>in</span> <span class='ocrx_word' id='word_1_160' title='bbox 133 1213 252 1257; x_wconf 91' lang='lat' dir='ltr'>diem</span> <span class='ocrx_word' id='word_1_161' title='bbox 278 1215 412 1268; x_wconf 86' lang='lat' dir='ltr'>hanc,</span> <span class='ocrx_word' id='word_1_162' title='bbox 431 1213 507 1257; x_wconf 91' lang='lat' dir='ltr'>sed</span> <span class='ocrx_word' id='word_1_163' title='bbox 534 1213 820 1256; x_wconf 88' lang='lat' dir='ltr'>ambulabam</span> <span class='ocrx_word' id='word_1_164' title='bbox 840 1213 886 1256; x_wconf 89' lang='lat' dir='ltr'>in</span> <span class='ocrx_word' id='word_1_165' title='bbox 907 1213 1194 1257; x_wconf 84' lang='lat' dir='ltr'>tabernaculo</span> <span class='ocrx_word' id='word_1_166' title='bbox 1220 1219 1265 1257; x_wconf 90' lang='lat' dir='ltr'>et</span> <span class='ocrx_word' id='word_1_167' title='bbox 1289 1214 1334 1257; x_wconf 93' lang='lat' dir='ltr'>in</span> <span class='ocrx_word' id='word_1_168' title='bbox 1359 1214 1563 1259; x_wconf 90' lang='lat' dir='ltr'>tentorio.</span> <span class='ocrx_word' id='word_1_169' title='bbox 1588 1214 1602 1241; x_wconf 85' lang='lat'><strong>⁷</strong></span> <span class='ocrx_word' id='word_1_170' title='bbox 1627 1216 1710 1258; x_wconf 90' lang='lat' dir='ltr'>Per</span> <span class='ocrx_word' id='word_1_171' title='bbox 1734 1220 1895 1258; x_wconf 81' lang='lat' dir='ltr'>cuncta</span> 
     </span>
     <span class='ocr_line' id='line_1_16' title="bbox 62 1272 1894 1329; baseline 0 -13"><span class='ocrx_word' id='word_1_172' title='bbox 62 1273 159 1316; x_wconf 87' lang='lat' dir='ltr'>loca</span> <span class='ocrx_word' id='word_1_173' title='bbox 185 1287 283 1329; x_wconf 82' lang='lat' dir='ltr'>quae</span> <span class='ocrx_word' id='word_1_174' title='bbox 302 1273 488 1315; x_wconf 86' lang='lat' dir='ltr'>transivi</span> <span class='ocrx_word' id='word_1_175' title='bbox 511 1287 611 1315; x_wconf 89' lang='lat' dir='ltr'>cum</span> <span class='ocrx_word' id='word_1_176' title='bbox 635 1272 838 1315; x_wconf 88' lang='lat' dir='ltr'>omnibus</span> <span class='ocrx_word' id='word_1_177' title='bbox 860 1273 961 1315; x_wconf 86' lang='lat' dir='ltr'>filiis</span> <span class='ocrx_word' id='word_1_178' title='bbox 984 1272 1137 1327; x_wconf 82' lang='lat' dir='ltr'>Israel,</span> <span class='ocrx_word' id='word_1_179' title='bbox 1157 1273 1371 1329; x_wconf 90' lang='lat' dir='ltr'>numquid</span> <span class='ocrx_word' id='word_1_180' title='bbox 1395 1273 1577 1329; x_wconf 91' lang='lat' dir='ltr'>loquens</span> <span class='ocrx_word' id='word_1_181' title='bbox 1603 1273 1774 1317; x_wconf 90' lang='grc'>100111118</span> <span class='ocrx_word' id='word_1_182' title='bbox 1796 1288 1894 1316; x_wconf 86' lang='grc'>811111</span> 
     </span>
     <span class='ocr_line' id='line_1_17' title="bbox 61 1331 1894 1389; baseline 0.001 -15"><span class='ocrx_word' id='word_1_183' title='bbox 61 1331 120 1375; x_wconf 91' lang='lat' dir='ltr'>ad</span> <span class='ocrx_word' id='word_1_184' title='bbox 155 1347 291 1375; x_wconf 91' lang='lat' dir='ltr'>unam</span> <span class='ocrx_word' id='word_1_185' title='bbox 329 1332 382 1375; x_wconf 90' lang='lat' dir='ltr'>de</span> <span class='ocrx_word' id='word_1_186' title='bbox 419 1331 620 1374; x_wconf 83' lang='lat' dir='ltr'>tribubus</span> <span class='ocrx_word' id='word_1_187' title='bbox 655 1331 814 1387; x_wconf 82' lang='lat' dir='ltr'>Israel,</span> <span class='ocrx_word' id='word_1_188' title='bbox 850 1332 918 1374; x_wconf 89' lang='lat' dir='ltr'>cui</span> <span class='ocrx_word' id='word_1_189' title='bbox 952 1332 1144 1388; x_wconf 79' lang='lat' dir='ltr'>praecepi</span> <span class='ocrx_word' id='word_1_190' title='bbox 1184 1338 1233 1375; x_wconf 91' lang='lat' dir='ltr'>ut</span> <span class='ocrx_word' id='word_1_191' title='bbox 1268 1337 1470 1388; x_wconf 88' lang='lat' dir='ltr'>pasceret</span> <span class='ocrx_word' id='word_1_192' title='bbox 1501 1331 1713 1389; x_wconf 85' lang='lat' dir='ltr'>populum</span> <span class='ocrx_word' id='word_1_193' title='bbox 1745 1347 1894 1375; x_wconf 89' lang='lat' dir='ltr'>meum</span> 
     </span>
     <span class='ocr_line' id='line_1_18' title="bbox 65 1390 1894 1446; baseline 0.001 -12"><span class='ocrx_word' id='word_1_194' title='bbox 65 1392 223 1446; x_wconf 85' lang='lat' dir='ltr'>Israel,</span> <span class='ocrx_word' id='word_1_195' title='bbox 252 1391 403 1434; x_wconf 91' lang='lat' dir='ltr'>dicens</span> <span class='ocrx_word' id='word_1_196' title='bbox 430 1408 437 1434; x_wconf 94' lang='lat'><strong>:</strong></span> <span class='ocrx_word' id='word_1_197' title='bbox 464 1391 605 1441; x_wconf 83' lang='lat' dir='ltr'>Quare</span> <span class='ocrx_word' id='word_1_198' title='bbox 639 1405 726 1433; x_wconf 91' lang='lat' dir='ltr'>non</span> <span class='ocrx_word' id='word_1_199' title='bbox 755 1390 1008 1434; x_wconf 76' lang='lat' dir='ltr'>aedificastis</span> <span class='ocrx_word' id='word_1_200' title='bbox 1034 1391 1143 1433; x_wconf 91' lang='lat' dir='ltr'>mihi</span> <span class='ocrx_word' id='word_1_201' title='bbox 1166 1391 1346 1434; x_wconf 88' lang='lat' dir='ltr'>domum</span> <span class='ocrx_word' id='word_1_202' title='bbox 1369 1391 1624 1435; x_wconf 84' lang='lat' dir='ltr'>cedrinam?</span> <span class='ocrx_word' id='word_1_203' title='bbox 1650 1391 1667 1418; x_wconf 77' lang='lat'>⁸</span> <span class='ocrx_word' id='word_1_204' title='bbox 1690 1393 1748 1434; x_wconf 88' lang='lat' dir='ltr'>Et</span> <span class='ocrx_word' id='word_1_205' title='bbox 1776 1406 1894 1435; x_wconf 89' lang='lat' dir='ltr'>nunc</span> 
     </span>
     <span class='ocr_line' id='line_1_19' title="bbox 62 1449 1894 1507; baseline -0.001 -13"><span class='ocrx_word' id='word_1_206' title='bbox 62 1451 159 1495; x_wconf 86' lang='lat' dir='ltr'>haec</span> <span class='ocrx_word' id='word_1_207' title='bbox 185 1451 305 1493; x_wconf 90' lang='lat' dir='ltr'>dices</span> <span class='ocrx_word' id='word_1_208' title='bbox 330 1464 455 1493; x_wconf 84' lang='lat' dir='ltr'>servo</span> <span class='ocrx_word' id='word_1_209' title='bbox 481 1463 577 1492; x_wconf 91' lang='lat' dir='ltr'>meo</span> <span class='ocrx_word' id='word_1_210' title='bbox 606 1449 753 1492; x_wconf 90' lang='lat' dir='ltr'>David</span> <span class='ocrx_word' id='word_1_211' title='bbox 780 1466 787 1493; x_wconf 93' lang='lat'>:</span> <span class='ocrx_word' id='word_1_212' title='bbox 813 1451 926 1492; x_wconf 83' lang='lat' dir='ltr'>Haec</span> <span class='ocrx_word' id='word_1_213' title='bbox 955 1449 1065 1492; x_wconf 85' lang='lat' dir='ltr'>dicit</span> <span class='ocrx_word' id='word_1_214' title='bbox 1098 1450 1316 1492; x_wconf 87' lang='lat' dir='ltr'>Dominus</span> <span class='ocrx_word' id='word_1_215' title='bbox 1349 1450 1623 1493; x_wconf 78' lang='lat' dir='ltr'>exercituum</span> <span class='ocrx_word' id='word_1_216' title='bbox 1648 1467 1656 1494; x_wconf 91' lang='lat'>:</span> <span class='ocrx_word' id='word_1_217' title='bbox 1691 1452 1786 1507; x_wconf 89' lang='lat' dir='ltr'>Ego</span> <span class='ocrx_word' id='word_1_218' title='bbox 1812 1450 1894 1494; x_wconf 90' lang='lat' dir='ltr'>tuli</span> 
     </span>
     <span class='ocr_line' id='line_1_20' title="bbox 62 1508 1891 1566; baseline 0 -14"><span class='ocrx_word' id='word_1_219' title='bbox 62 1516 106 1552; x_wconf 85' lang='lat' dir='ltr'>te</span> <span class='ocrx_word' id='word_1_220' title='bbox 132 1509 186 1552; x_wconf 91' lang='lat' dir='ltr'>de</span> <span class='ocrx_word' id='word_1_221' title='bbox 204 1510 379 1566; x_wconf 83' lang='lat' dir='ltr'>pascuis</span> <span class='ocrx_word' id='word_1_222' title='bbox 401 1512 659 1563; x_wconf 85' lang='lat' dir='ltr'>sequentem</span> <span class='ocrx_word' id='word_1_223' title='bbox 685 1522 842 1563; x_wconf 86' lang='lat' dir='ltr'>greges</span> <span class='ocrx_word' id='word_1_224' title='bbox 860 1513 908 1551; x_wconf 90' lang='grc'>111</span> <span class='ocrx_word' id='word_1_225' title='bbox 934 1522 1050 1551; x_wconf 87' lang='lat' dir='ltr'>esses</span> <span class='ocrx_word' id='word_1_226' title='bbox 1076 1508 1164 1551; x_wconf 86' lang='lat' dir='ltr'>dux</span> <span class='ocrx_word' id='word_1_227' title='bbox 1183 1523 1312 1565; x_wconf 89' lang='lat' dir='ltr'>super</span> <span class='ocrx_word' id='word_1_228' title='bbox 1334 1509 1544 1565; x_wconf 90' lang='lat' dir='ltr'>populum</span> <span class='ocrx_word' id='word_1_229' title='bbox 1564 1524 1712 1552; x_wconf 90' lang='lat' dir='ltr'>meum</span> <span class='ocrx_word' id='word_1_230' title='bbox 1740 1510 1891 1565; x_wconf 88' lang='lat' dir='ltr'>Israel,</span> 
     </span>
     <span class='ocr_line' id='line_1_21' title="bbox 62 1566 1894 1622; baseline 0 -11"><span class='ocrx_word' id='word_1_231' title='bbox 62 1570 80 1594; x_wconf 79' lang='lat'><strong>9</strong></span> <span class='ocrx_word' id='word_1_232' title='bbox 105 1574 148 1612; x_wconf 92' lang='lat' dir='ltr'>et</span> <span class='ocrx_word' id='word_1_233' title='bbox 172 1569 239 1611; x_wconf 91' lang='lat' dir='ltr'>fui</span> <span class='ocrx_word' id='word_1_234' title='bbox 263 1573 409 1610; x_wconf 89' lang='lat' dir='ltr'>tecum</span> <span class='ocrx_word' id='word_1_235' title='bbox 438 1567 484 1609; x_wconf 92' lang='lat' dir='ltr'>in</span> <span class='ocrx_word' id='word_1_236' title='bbox 517 1567 721 1610; x_wconf 89' lang='lat' dir='ltr'>omnibus</span> <span class='ocrx_word' id='word_1_237' title='bbox 754 1566 1020 1622; x_wconf 88' lang='lat' dir='ltr'>ubicumque</span> <span class='ocrx_word' id='word_1_238' title='bbox 1052 1567 1320 1622; x_wconf 86' lang='lat' dir='ltr'>ambulasti;</span> <span class='ocrx_word' id='word_1_239' title='bbox 1351 1572 1395 1610; x_wconf 86' lang='lat' dir='ltr'>et</span> <span class='ocrx_word' id='word_1_240' title='bbox 1426 1567 1633 1610; x_wconf 85' lang='lat' dir='ltr'>interfeci</span> <span class='ocrx_word' id='word_1_241' title='bbox 1667 1569 1894 1611; x_wconf 87' lang='lat' dir='ltr'>universos</span> 
     </span>
     <span class='ocr_line' id='line_1_22' title="bbox 62 1626 1894 1682; baseline -0.001 -12"><span class='ocrx_word' id='word_1_242' title='bbox 62 1627 266 1670; x_wconf 90' lang='lat' dir='ltr'>inimicos</span> <span class='ocrx_word' id='word_1_243' title='bbox 295 1631 392 1670; x_wconf 88' lang='lat' dir='ltr'>tuos</span> <span class='ocrx_word' id='word_1_244' title='bbox 417 1641 444 1668; x_wconf 88' lang='lat' dir='ltr'>a</span> <span class='ocrx_word' id='word_1_245' title='bbox 467 1626 586 1669; x_wconf 87' lang='lat' dir='ltr'>facie</span> <span class='ocrx_word' id='word_1_246' title='bbox 612 1630 709 1681; x_wconf 81' lang='lat' dir='ltr'>tua,</span> <span class='ocrx_word' id='word_1_247' title='bbox 736 1626 912 1681; x_wconf 78' lang='lat' dir='ltr'>fecique</span> <span class='ocrx_word' id='word_1_248' title='bbox 938 1626 1020 1669; x_wconf 91' lang='lat' dir='ltr'>tibi</span> <span class='ocrx_word' id='word_1_249' title='bbox 1047 1640 1208 1669; x_wconf 90' lang='lat' dir='ltr'>nomen</span> <span class='ocrx_word' id='word_1_250' title='bbox 1234 1626 1423 1682; x_wconf 82' lang='lat' dir='ltr'>grande,</span> <span class='ocrx_word' id='word_1_251' title='bbox 1448 1626 1580 1682; x_wconf 80' lang='lat' dir='ltr'>juxta</span> <span class='ocrx_word' id='word_1_252' title='bbox 1611 1641 1772 1670; x_wconf 90' lang='lat' dir='ltr'>nomen</span> <span class='ocrx_word' id='word_1_253' title='bbox 1802 1642 1894 1669; x_wconf 87' lang='lat' dir='ltr'>ma-</span> 
     </span>
     <span class='ocr_line' id='line_1_23' title="bbox 60 1684 1894 1743; baseline 0 -15"><span class='ocrx_word' id='word_1_254' title='bbox 60 1700 250 1742; x_wconf 88' lang='lat' dir='ltr'>gnorum</span> <span class='ocrx_word' id='word_1_255' title='bbox 269 1686 342 1741; x_wconf 91' lang='lat' dir='ltr'>qui</span> <span class='ocrx_word' id='word_1_256' title='bbox 369 1690 471 1728; x_wconf 89' lang='lat' dir='ltr'>sunt</span> <span class='ocrx_word' id='word_1_257' title='bbox 494 1685 541 1727; x_wconf 90' lang='lat' dir='ltr'>in</span> <span class='ocrx_word' id='word_1_258' title='bbox 566 1691 695 1728; x_wconf 88' lang='lat' dir='ltr'>terra.</span> <span class='ocrx_word' id='word_1_259' title='bbox 713 1684 749 1711; x_wconf 89' lang='lat'>¹⁰</span> <span class='ocrx_word' id='word_1_260' title='bbox 763 1686 821 1728; x_wconf 89' lang='lat' dir='ltr'>Et</span> <span class='ocrx_word' id='word_1_261' title='bbox 846 1700 1010 1741; x_wconf 88' lang='lat' dir='ltr'>ponam</span> <span class='ocrx_word' id='word_1_262' title='bbox 1035 1685 1181 1728; x_wconf 88' lang='lat' dir='ltr'>locum</span> <span class='ocrx_word' id='word_1_263' title='bbox 1206 1685 1369 1742; x_wconf 90' lang='lat' dir='ltr'>populo</span> <span class='ocrx_word' id='word_1_264' title='bbox 1394 1700 1492 1728; x_wconf 89' lang='lat' dir='ltr'>meo</span> <span class='ocrx_word' id='word_1_265' title='bbox 1519 1686 1677 1741; x_wconf 80' lang='lat' dir='ltr'>Israel,</span> <span class='ocrx_word' id='word_1_266' title='bbox 1702 1692 1746 1730; x_wconf 86' lang='lat' dir='ltr'>et</span> <span class='ocrx_word' id='word_1_267' title='bbox 1770 1686 1894 1743; x_wconf 88' lang='lat' dir='ltr'>plan-</span> 
     </span>
     <span class='ocr_line' id='line_1_24' title="bbox 63 1744 1895 1801; baseline 0 -13"><span class='ocrx_word' id='word_1_268' title='bbox 63 1745 166 1788; x_wconf 81' lang='lat' dir='ltr'>tabo</span> <span class='ocrx_word' id='word_1_269' title='bbox 193 1759 313 1799; x_wconf 89' lang='lat' dir='ltr'>eum,</span> <span class='ocrx_word' id='word_1_270' title='bbox 349 1751 394 1788; x_wconf 91' lang='lat' dir='ltr'>et</span> <span class='ocrx_word' id='word_1_271' title='bbox 423 1744 647 1787; x_wconf 81' lang='lat' dir='ltr'>habitabit</span> <span class='ocrx_word' id='word_1_272' title='bbox 677 1744 757 1787; x_wconf 89' lang='lat' dir='ltr'>sub</span> <span class='ocrx_word' id='word_1_273' title='bbox 790 1759 861 1801; x_wconf 80' lang='lat' dir='ltr'>eo,</span> <span class='ocrx_word' id='word_1_274' title='bbox 897 1750 940 1788; x_wconf 90' lang='lat' dir='ltr'>et</span> <span class='ocrx_word' id='word_1_275' title='bbox 972 1759 1060 1788; x_wconf 90' lang='lat' dir='ltr'>non</span> <span class='ocrx_word' id='word_1_276' title='bbox 1090 1744 1342 1787; x_wconf 86' lang='lat' dir='ltr'>turbabitur</span> <span class='ocrx_word' id='word_1_277' title='bbox 1370 1744 1588 1801; x_wconf 82' lang='lat' dir='ltr'>amplius3</span> <span class='ocrx_word' id='word_1_278' title='bbox 1624 1760 1704 1788; x_wconf 88' lang='lat' dir='ltr'>nec</span> <span class='ocrx_word' id='word_1_279' title='bbox 1728 1745 1895 1788; x_wconf 84' lang='lat' dir='ltr'>addent</span> 
     </span>
     <span class='ocr_line' id='line_1_25' title="bbox 60 1803 1895 1860; baseline 0.001 -14"><span class='ocrx_word' id='word_1_280' title='bbox 60 1804 143 1846; x_wconf 91' lang='lat' dir='ltr'>filii</span> <span class='ocrx_word' id='word_1_281' title='bbox 166 1803 417 1860; x_wconf 86' lang='lat' dir='ltr'>iniquitatis</span> <span class='ocrx_word' id='word_1_282' title='bbox 443 1808 492 1847; x_wconf 90' lang='lat' dir='ltr'>ut</span> <span class='ocrx_word' id='word_1_283' title='bbox 513 1803 715 1860; x_wconf 88' lang='lat' dir='ltr'>affligant</span> <span class='ocrx_word' id='word_1_284' title='bbox 737 1818 837 1846; x_wconf 91' lang='lat' dir='ltr'>eum</span> <span class='ocrx_word' id='word_1_285' title='bbox 859 1803 973 1846; x_wconf 88' lang='lat' dir='ltr'>sicut</span> <span class='ocrx_word' id='word_1_286' title='bbox 995 1804 1135 1860; x_wconf 87' lang='lat' dir='ltr'>prius,</span> <span class='ocrx_word' id='word_1_287' title='bbox 1166 1803 1196 1829; x_wconf 91' lang='lat'>¹¹</span> <span class='ocrx_word' id='word_1_288' title='bbox 1217 1818 1272 1847; x_wconf 78' lang='lat' dir='ltr'>ex</span> <span class='ocrx_word' id='word_1_289' title='bbox 1294 1803 1365 1859; x_wconf 77' lang='lat' dir='ltr'>die</span> <span class='ocrx_word' id='word_1_290' title='bbox 1387 1818 1473 1859; x_wconf 89' lang='lat' dir='ltr'>qua</span> <span class='ocrx_word' id='word_1_291' title='bbox 1492 1804 1700 1847; x_wconf 81' lang='lat' dir='ltr'>constitui</span> <span class='ocrx_word' id='word_1_292' title='bbox 1722 1804 1895 1860; x_wconf 81' lang='lat' dir='ltr'>judices</span> 
     </span>
     <span class='ocr_line' id='line_1_26' title="bbox 59 1862 1895 1920; baseline -0.001 -14"><span class='ocrx_word' id='word_1_293' title='bbox 59 1877 191 1920; x_wconf 86' lang='lat' dir='ltr'>super</span> <span class='ocrx_word' id='word_1_294' title='bbox 215 1863 429 1920; x_wconf 91' lang='lat' dir='ltr'>populum</span> <span class='ocrx_word' id='word_1_295' title='bbox 453 1877 602 1906; x_wconf 89' lang='lat' dir='ltr'>meum</span> <span class='ocrx_word' id='word_1_296' title='bbox 629 1863 780 1906; x_wconf 87' lang='lat' dir='ltr'>Israel.</span> <span class='ocrx_word' id='word_1_297' title='bbox 808 1864 866 1906; x_wconf 89' lang='lat' dir='ltr'>Et</span> <span class='ocrx_word' id='word_1_298' title='bbox 890 1864 1088 1919; x_wconf 87' lang='lat' dir='ltr'>requiem</span> <span class='ocrx_word' id='word_1_299' title='bbox 1117 1862 1232 1906; x_wconf 90' lang='lat' dir='ltr'>dabo</span> <span class='ocrx_word' id='word_1_300' title='bbox 1265 1862 1347 1905; x_wconf 89' lang='lat' dir='ltr'>tibi</span> <span class='ocrx_word' id='word_1_301' title='bbox 1376 1863 1433 1905; x_wconf 93' lang='lat' dir='ltr'>ab</span> <span class='ocrx_word' id='word_1_302' title='bbox 1464 1863 1668 1906; x_wconf 90' lang='lat' dir='ltr'>omnibus</span> <span class='ocrx_word' id='word_1_303' title='bbox 1699 1863 1895 1906; x_wconf 88' lang='lat' dir='ltr'>inimicis</span> 
     </span>
     <span class='ocr_line' id='line_1_27' title="bbox 63 1921 1895 1979; baseline -0.001 -14"><span class='ocrx_word' id='word_1_304' title='bbox 63 1922 169 1978; x_wconf 88' lang='lat' dir='ltr'>tuis,</span> <span class='ocrx_word' id='word_1_305' title='bbox 192 1922 484 1979; x_wconf 77' lang='lat' dir='ltr'>praedicitque</span> <span class='ocrx_word' id='word_1_306' title='bbox 506 1922 588 1964; x_wconf 89' lang='lat' dir='ltr'>tibi</span> <span class='ocrx_word' id='word_1_307' title='bbox 613 1922 827 1965; x_wconf 89' lang='lat' dir='ltr'>Dominus</span> <span class='ocrx_word' id='word_1_308' title='bbox 850 1922 967 1978; x_wconf 91' lang='lat' dir='ltr'>quod</span> <span class='ocrx_word' id='word_1_309' title='bbox 994 1922 1176 1965; x_wconf 91' lang='lat' dir='ltr'>domum</span> <span class='ocrx_word' id='word_1_310' title='bbox 1194 1922 1339 1965; x_wconf 86' lang='lat' dir='ltr'>faciat</span> <span class='ocrx_word' id='word_1_311' title='bbox 1360 1922 1442 1964; x_wconf 88' lang='lat' dir='ltr'>tibi</span> <span class='ocrx_word' id='word_1_312' title='bbox 1461 1921 1691 1965; x_wconf 87' lang='lat' dir='ltr'>Dominus.</span> <span class='ocrx_word' id='word_1_313' title='bbox 1711 1921 1747 1948; x_wconf 69' lang='lat'>¹2</span> <span class='ocrx_word' id='word_1_314' title='bbox 1765 1923 1895 1966; x_wconf 84' lang='lat' dir='ltr'>Cum-</span> 
     </span>
     <span class='ocr_line' id='line_1_28' title="bbox 61 1981 1895 2038; baseline 0.001 -14"><span class='ocrx_word' id='word_1_315' title='bbox 61 1996 145 2038; x_wconf 89' lang='lat' dir='ltr'>que</span> <span class='ocrx_word' id='word_1_316' title='bbox 167 1981 377 2038; x_wconf 86' lang='lat' dir='ltr'>completi</span> <span class='ocrx_word' id='word_1_317' title='bbox 411 1981 581 2025; x_wconf 83' lang='lat' dir='ltr'>fuerint</span> <span class='ocrx_word' id='word_1_318' title='bbox 613 1981 708 2024; x_wconf 89' lang='lat' dir='ltr'>dies</span> <span class='ocrx_word' id='word_1_319' title='bbox 740 1981 805 2024; x_wconf 88' lang='lat' dir='ltr'>tui</span> <span class='ocrx_word' id='word_1_320' title='bbox 831 1986 876 2024; x_wconf 91' lang='lat' dir='ltr'>et</span> <span class='ocrx_word' id='word_1_321' title='bbox 909 1981 1138 2025; x_wconf 88' lang='lat' dir='ltr'>dormieris</span> <span class='ocrx_word' id='word_1_322' title='bbox 1172 1995 1272 2024; x_wconf 89' lang='lat' dir='ltr'>cum</span> <span class='ocrx_word' id='word_1_323' title='bbox 1305 1981 1505 2037; x_wconf 84' lang='lat' dir='ltr'>patribus</span> <span class='ocrx_word' id='word_1_324' title='bbox 1537 1981 1645 2037; x_wconf 83' lang='lat' dir='ltr'>tuis,</span> <span class='ocrx_word' id='word_1_325' title='bbox 1672 1981 1895 2025; x_wconf 82' lang='lat' dir='ltr'>suscitabo</span> 
     </span>
     <span class='ocr_line' id='line_1_29' title="bbox 58 2040 1896 2097; baseline -0.001 -13"><span class='ocrx_word' id='word_1_326' title='bbox 58 2055 213 2084; x_wconf 87' lang='lat' dir='ltr'>semen</span> <span class='ocrx_word' id='word_1_327' title='bbox 241 2046 369 2084; x_wconf 89' lang='grc'>11111111</span> <span class='ocrx_word' id='word_1_328' title='bbox 407 2046 506 2097; x_wconf 86' lang='lat' dir='ltr'>post</span> <span class='ocrx_word' id='word_1_329' title='bbox 539 2046 604 2096; x_wconf 83' lang='lat' dir='ltr'>te,</span> <span class='ocrx_word' id='word_1_330' title='bbox 627 2040 744 2096; x_wconf 91' lang='lat' dir='ltr'>quod</span> <span class='ocrx_word' id='word_1_331' title='bbox 774 2040 1025 2096; x_wconf 86' lang='lat' dir='ltr'>egredietur</span> <span class='ocrx_word' id='word_1_332' title='bbox 1058 2041 1111 2084; x_wconf 90' lang='lat' dir='ltr'>de</span> <span class='ocrx_word' id='word_1_333' title='bbox 1147 2045 1270 2083; x_wconf 90' lang='lat' dir='ltr'>utero</span> <span class='ocrx_word' id='word_1_334' title='bbox 1299 2046 1395 2095; x_wconf 89' lang='lat' dir='ltr'>tuo,</span> <span class='ocrx_word' id='word_1_335' title='bbox 1423 2045 1467 2083; x_wconf 93' lang='lat' dir='ltr'>et</span> <span class='ocrx_word' id='word_1_336' title='bbox 1499 2040 1683 2084; x_wconf 90' lang='lat' dir='ltr'>firmabo</span> <span class='ocrx_word' id='word_1_337' title='bbox 1708 2055 1896 2096; x_wconf 88' lang='lat' dir='ltr'>regnum</span> 
     </span>
     <span class='ocr_line' id='line_1_30' title="bbox 60 2099 1894 2156; baseline -0.001 -13"><span class='ocrx_word' id='word_1_338' title='bbox 60 2100 174 2156; x_wconf 83' lang='lat' dir='ltr'>ejus.</span> <span class='ocrx_word' id='word_1_339' title='bbox 201 2100 238 2126; x_wconf 86' lang='lat'>¹3</span> <span class='ocrx_word' id='word_1_340' title='bbox 262 2101 366 2156; x_wconf 89' lang='lat' dir='ltr'>Ipse</span> <span class='ocrx_word' id='word_1_341' title='bbox 395 2099 636 2143; x_wconf 77' lang='lat' dir='ltr'>aedificabit</span> <span class='ocrx_word' id='word_1_342' title='bbox 658 2099 839 2143; x_wconf 90' lang='lat' dir='ltr'>domum</span> <span class='ocrx_word' id='word_1_343' title='bbox 864 2100 1032 2143; x_wconf 90' lang='lat' dir='ltr'>nomini</span> <span class='ocrx_word' id='word_1_344' title='bbox 1060 2114 1182 2153; x_wconf 79' lang='lat' dir='ltr'>meo,</span> <span class='ocrx_word' id='word_1_345' title='bbox 1210 2105 1254 2143; x_wconf 89' lang='lat' dir='ltr'>et</span> <span class='ocrx_word' id='word_1_346' title='bbox 1279 2099 1505 2143; x_wconf 88' lang='lat' dir='ltr'>stabiliam</span> <span class='ocrx_word' id='word_1_347' title='bbox 1534 2099 1743 2142; x_wconf 88' lang='lat' dir='ltr'>thronum</span> <span class='ocrx_word' id='word_1_348' title='bbox 1767 2099 1894 2155; x_wconf 88' lang='lat' dir='ltr'>regni</span> 
     </span>
     <span class='ocr_line' id='line_1_31' title="bbox 60 2158 1895 2216; baseline -0.001 -14"><span class='ocrx_word' id='word_1_349' title='bbox 60 2160 160 2215; x_wconf 81' lang='lat' dir='ltr'>ejus</span> <span class='ocrx_word' id='word_1_350' title='bbox 187 2173 322 2215; x_wconf 88' lang='lat' dir='ltr'>usque</span> <span class='ocrx_word' id='word_1_351' title='bbox 344 2159 391 2201; x_wconf 91' lang='lat' dir='ltr'>in</span> <span class='ocrx_word' id='word_1_352' title='bbox 413 2159 745 2215; x_wconf 87' lang='lat' dir='ltr'>sempiternum.</span> <span class='ocrx_word' id='word_1_353' title='bbox 781 2158 817 2185; x_wconf 79' lang='lat'>¹4</span> <span class='ocrx_word' id='word_1_354' title='bbox 843 2161 938 2215; x_wconf 89' lang='lat' dir='ltr'>Ego</span> <span class='ocrx_word' id='word_1_355' title='bbox 964 2174 1036 2203; x_wconf 89' lang='lat' dir='ltr'>ero</span> <span class='ocrx_word' id='word_1_356' title='bbox 1061 2159 1101 2202; x_wconf 90' lang='lat' dir='ltr'>ei</span> <span class='ocrx_word' id='word_1_357' title='bbox 1126 2159 1173 2201; x_wconf 91' lang='lat' dir='ltr'>in</span> <span class='ocrx_word' id='word_1_358' title='bbox 1198 2164 1390 2216; x_wconf 83' lang='lat' dir='ltr'>patrem,</span> <span class='ocrx_word' id='word_1_359' title='bbox 1419 2163 1463 2202; x_wconf 89' lang='lat' dir='ltr'>et</span> <span class='ocrx_word' id='word_1_360' title='bbox 1491 2158 1584 2215; x_wconf 89' lang='lat' dir='ltr'>ipse</span> <span class='ocrx_word' id='word_1_361' title='bbox 1610 2159 1693 2201; x_wconf 90' lang='lat' dir='ltr'>erit</span> <span class='ocrx_word' id='word_1_362' title='bbox 1717 2158 1827 2201; x_wconf 91' lang='lat' dir='ltr'>mihi</span> <span class='ocrx_word' id='word_1_363' title='bbox 1848 2158 1895 2200; x_wconf 92' lang='lat' dir='ltr'>in</span> 
     </span>
     <span class='ocr_line' id='line_1_32' title="bbox 63 2217 1895 2275; baseline -0.001 -15"><span class='ocrx_word' id='word_1_364' title='bbox 63 2219 218 2261; x_wconf 87' lang='lat' dir='ltr'>filium.</span> <span class='ocrx_word' id='word_1_365' title='bbox 243 2218 326 2268; x_wconf 80' lang='lat' dir='ltr'>Qui</span> <span class='ocrx_word' id='word_1_366' title='bbox 351 2218 388 2260; x_wconf 90' lang='lat' dir='ltr'>si</span> <span class='ocrx_word' id='word_1_367' title='bbox 413 2218 563 2273; x_wconf 90' lang='lat' dir='ltr'>inique</span> <span class='ocrx_word' id='word_1_368' title='bbox 589 2217 757 2273; x_wconf 90' lang='lat' dir='ltr'>aliquid</span> <span class='ocrx_word' id='word_1_369' title='bbox 783 2219 982 2274; x_wconf 85' lang='lat' dir='ltr'>gesserit,</span> <span class='ocrx_word' id='word_1_370' title='bbox 1009 2233 1196 2275; x_wconf 84' lang='lat' dir='ltr'>arguam</span> <span class='ocrx_word' id='word_1_371' title='bbox 1221 2233 1322 2261; x_wconf 90' lang='lat' dir='ltr'>eum</span> <span class='ocrx_word' id='word_1_372' title='bbox 1346 2218 1392 2260; x_wconf 90' lang='lat' dir='ltr'>in</span> <span class='ocrx_word' id='word_1_373' title='bbox 1412 2218 1539 2273; x_wconf 87' lang='lat' dir='ltr'>virga</span> <span class='ocrx_word' id='word_1_374' title='bbox 1560 2217 1755 2261; x_wconf 88' lang='lat' dir='ltr'>virorum</span> <span class='ocrx_word' id='word_1_375' title='bbox 1780 2222 1824 2261; x_wconf 88' lang='lat' dir='ltr'>et</span> <span class='ocrx_word' id='word_1_376' title='bbox 1848 2217 1895 2260; x_wconf 89' lang='lat' dir='ltr'>in</span> 
     </span>
     <span class='ocr_line' id='line_1_33' title="bbox 63 2276 1894 2334; baseline -0.001 -14"><span class='ocrx_word' id='word_1_377' title='bbox 63 2278 209 2334; x_wconf 83' lang='lat' dir='ltr'>plagis</span> <span class='ocrx_word' id='word_1_378' title='bbox 234 2277 425 2320; x_wconf 89' lang='lat' dir='ltr'>filiorum</span> <span class='ocrx_word' id='word_1_379' title='bbox 450 2277 695 2320; x_wconf 90' lang='lat' dir='ltr'>hominum.</span> <span class='ocrx_word' id='word_1_380' title='bbox 723 2276 758 2303; x_wconf 81' lang='lat'>¹5</span> <span class='ocrx_word' id='word_1_381' title='bbox 780 2277 1131 2320; x_wconf 88' lang='lat' dir='ltr'>Misericordiam</span> <span class='ocrx_word' id='word_1_382' title='bbox 1157 2282 1307 2320; x_wconf 87' lang='lat' dir='ltr'>autem</span> <span class='ocrx_word' id='word_1_383' title='bbox 1329 2292 1475 2320; x_wconf 90' lang='lat' dir='ltr'>meam</span> <span class='ocrx_word' id='word_1_384' title='bbox 1500 2291 1588 2320; x_wconf 92' lang='lat' dir='ltr'>non</span> <span class='ocrx_word' id='word_1_385' title='bbox 1609 2277 1810 2319; x_wconf 76' lang='lat' dir='ltr'>auferam</span> <span class='ocrx_word' id='word_1_386' title='bbox 1838 2276 1894 2318; x_wconf 90' lang='lat' dir='ltr'>ab</span> 
     </span>
     <span class='ocr_line' id='line_1_34' title="bbox 65 2335 1895 2393; baseline -0.002 -13"><span class='ocrx_word' id='word_1_387' title='bbox 65 2351 138 2393; x_wconf 90' lang='lat' dir='ltr'>eo,</span> <span class='ocrx_word' id='word_1_388' title='bbox 162 2336 276 2380; x_wconf 89' lang='lat' dir='ltr'>sicut</span> <span class='ocrx_word' id='word_1_389' title='bbox 298 2335 462 2380; x_wconf 86' lang='lat' dir='ltr'>abstuli</span> <span class='ocrx_word' id='word_1_390' title='bbox 488 2351 514 2378; x_wconf 91' lang='lat' dir='ltr'>a</span> <span class='ocrx_word' id='word_1_391' title='bbox 535 2336 659 2391; x_wconf 87' lang='lat' dir='ltr'>Saul,</span> <span class='ocrx_word' id='word_1_392' title='bbox 687 2350 818 2392; x_wconf 88' lang='lat' dir='ltr'>quem</span> <span class='ocrx_word' id='word_1_393' title='bbox 840 2336 987 2379; x_wconf 84' lang='lat' dir='ltr'>amovi</span> <span class='ocrx_word' id='word_1_394' title='bbox 1010 2351 1036 2378; x_wconf 91' lang='lat' dir='ltr'>a</span> <span class='ocrx_word' id='word_1_395' title='bbox 1060 2336 1178 2379; x_wconf 89' lang='lat' dir='ltr'>facie</span> <span class='ocrx_word' id='word_1_396' title='bbox 1201 2351 1313 2379; x_wconf 87' lang='lat' dir='ltr'>mea.</span> <span class='ocrx_word' id='word_1_397' title='bbox 1342 2336 1377 2363; x_wconf 76' lang='grc'>16</span> <span class='ocrx_word' id='word_1_398' title='bbox 1396 2337 1453 2379; x_wconf 85' lang='lat' dir='ltr'>Et</span> <span class='ocrx_word' id='word_1_399' title='bbox 1477 2335 1620 2379; x_wconf 88' lang='lat' dir='ltr'>fidelis</span> <span class='ocrx_word' id='word_1_400' title='bbox 1638 2336 1720 2378; x_wconf 89' lang='lat' dir='ltr'>erit</span> <span class='ocrx_word' id='word_1_401' title='bbox 1740 2335 1895 2378; x_wconf 88' lang='lat' dir='ltr'>domus</span> 
     </span>
     <span class='ocr_line' id='line_1_35' title="bbox 62 2395 1895 2452; baseline -0.001 -13"><span class='ocrx_word' id='word_1_402' title='bbox 62 2400 141 2439; x_wconf 85' lang='lat' dir='ltr'>tua</span> <span class='ocrx_word' id='word_1_403' title='bbox 174 2401 217 2439; x_wconf 89' lang='lat' dir='ltr'>et</span> <span class='ocrx_word' id='word_1_404' title='bbox 245 2410 433 2452; x_wconf 90' lang='lat' dir='ltr'>regnum</span> <span class='ocrx_word' id='word_1_405' title='bbox 467 2400 593 2438; x_wconf 87' lang='lat' dir='ltr'>tuum</span> <span class='ocrx_word' id='word_1_406' title='bbox 625 2409 762 2451; x_wconf 87' lang='lat' dir='ltr'>usque</span> <span class='ocrx_word' id='word_1_407' title='bbox 794 2395 841 2437; x_wconf 92' lang='lat' dir='ltr'>in</span> <span class='ocrx_word' id='word_1_408' title='bbox 875 2400 1089 2438; x_wconf 87' lang='lat' dir='ltr'>aeternum</span> <span class='ocrx_word' id='word_1_409' title='bbox 1122 2401 1226 2438; x_wconf 89' lang='lat' dir='ltr'>ante</span> <span class='ocrx_word' id='word_1_410' title='bbox 1258 2395 1425 2439; x_wconf 80' lang='lat' dir='ltr'>faciem</span> <span class='ocrx_word' id='word_1_411' title='bbox 1457 2400 1602 2451; x_wconf 84' lang='lat' dir='ltr'>tuam,</span> <span class='ocrx_word' id='word_1_412' title='bbox 1637 2400 1680 2438; x_wconf 92' lang='lat' dir='ltr'>et</span> <span class='ocrx_word' id='word_1_413' title='bbox 1712 2395 1895 2438; x_wconf 87' lang='lat' dir='ltr'>thronus</span> 
     </span>
     <span class='ocr_line' id='line_1_36' title="bbox 65 2453 1894 2510; baseline -0.002 -12"><span class='ocrx_word' id='word_1_414' title='bbox 65 2461 164 2498; x_wconf 86' lang='lat' dir='ltr'>tuus</span> <span class='ocrx_word' id='word_1_415' title='bbox 179 2455 262 2500; x_wconf 90' lang='lat' dir='ltr'>erit</span> <span class='ocrx_word' id='word_1_416' title='bbox 283 2455 434 2497; x_wconf 88' lang='lat' dir='ltr'>firmus</span> <span class='ocrx_word' id='word_1_417' title='bbox 458 2454 638 2510; x_wconf 82' lang='lat' dir='ltr'>jugiter.</span> <span class='ocrx_word' id='word_1_418' title='bbox 667 2454 700 2481; x_wconf 88' lang='lat'>¹7</span> <span class='ocrx_word' id='word_1_419' title='bbox 726 2454 980 2498; x_wconf 85' lang='lat' dir='ltr'>Secundum</span> <span class='ocrx_word' id='word_1_420' title='bbox 1003 2454 1151 2497; x_wconf 90' lang='lat' dir='ltr'>omnia</span> <span class='ocrx_word' id='word_1_421' title='bbox 1178 2454 1313 2497; x_wconf 90' lang='lat' dir='ltr'>verba</span> <span class='ocrx_word' id='word_1_422' title='bbox 1344 2455 1462 2510; x_wconf 85' lang='lat' dir='ltr'>haec,</span> <span class='ocrx_word' id='word_1_423' title='bbox 1490 2458 1534 2497; x_wconf 90' lang='lat' dir='ltr'>et</span> <span class='ocrx_word' id='word_1_424' title='bbox 1565 2454 1696 2510; x_wconf 79' lang='lat' dir='ltr'>juxta</span> <span class='ocrx_word' id='word_1_425' title='bbox 1721 2453 1894 2496; x_wconf 82' lang='lat' dir='ltr'>univer-</span> 
     </span>
     <span class='ocr_line' id='line_1_37' title="bbox 62 2513 1421 2570; baseline -0.001 -12"><span class='ocrx_word' id='word_1_426' title='bbox 62 2529 160 2558; x_wconf 86' lang='lat' dir='ltr'>sam</span> <span class='ocrx_word' id='word_1_427' title='bbox 182 2514 401 2557; x_wconf 85' lang='lat' dir='ltr'>visionem</span> <span class='ocrx_word' id='word_1_428' title='bbox 424 2513 579 2570; x_wconf 83' lang='lat' dir='ltr'>istam,</span> <span class='ocrx_word' id='word_1_429' title='bbox 603 2514 665 2557; x_wconf 91' lang='grc'>810</span> <span class='ocrx_word' id='word_1_430' title='bbox 690 2513 862 2557; x_wconf 86' lang='lat' dir='ltr'>locutus</span> <span class='ocrx_word' id='word_1_431' title='bbox 888 2519 954 2557; x_wconf 90' lang='lat' dir='ltr'>est</span> <span class='ocrx_word' id='word_1_432' title='bbox 976 2513 1156 2556; x_wconf 82' lang='lat' dir='ltr'>Nathan</span> <span class='ocrx_word' id='word_1_433' title='bbox 1178 2513 1234 2556; x_wconf 88' lang='lat' dir='ltr'>ad</span> <span class='ocrx_word' id='word_1_434' title='bbox 1261 2513 1421 2556; x_wconf 85' lang='lat' dir='ltr'>David.</span> 
     </span>
    </p>

    <p class='ocr_par' dir='ltr' id='par_1_6' title="bbox 63 2571 1898 3517">
     <span class='ocr_line' id='line_1_38' title="bbox 125 2571 1893 2630; baseline -0.001 -14"><span class='ocrx_word' id='word_1_435' title='bbox 125 2573 161 2600; x_wconf 79' lang='lat'>¹⁸</span> <span class='ocrx_word' id='word_1_436' title='bbox 187 2574 420 2630; x_wconf 86' lang='lat' dir='ltr'>Ingressus</span> <span class='ocrx_word' id='word_1_437' title='bbox 454 2578 521 2616; x_wconf 85' lang='lat' dir='ltr'>est</span> <span class='ocrx_word' id='word_1_438' title='bbox 551 2579 701 2617; x_wconf 86' lang='lat' dir='ltr'>autem</span> <span class='ocrx_word' id='word_1_439' title='bbox 730 2587 809 2616; x_wconf 79' lang='lat' dir='ltr'>rex</span> <span class='ocrx_word' id='word_1_440' title='bbox 838 2572 986 2616; x_wconf 90' lang='lat' dir='ltr'>David</span> <span class='ocrx_word' id='word_1_441' title='bbox 1021 2577 1064 2615; x_wconf 87' lang='lat' dir='ltr'>et</span> <span class='ocrx_word' id='word_1_442' title='bbox 1095 2572 1211 2615; x_wconf 88' lang='lat' dir='ltr'>sedit</span> <span class='ocrx_word' id='word_1_443' title='bbox 1244 2586 1392 2615; x_wconf 91' lang='lat' dir='ltr'>coram</span> <span class='ocrx_word' id='word_1_444' title='bbox 1422 2572 1636 2627; x_wconf 86' lang='lat' dir='ltr'>Domino,</span> <span class='ocrx_word' id='word_1_445' title='bbox 1668 2575 1713 2614; x_wconf 85' lang='lat' dir='ltr'>et</span> <span class='ocrx_word' id='word_1_446' title='bbox 1748 2571 1893 2615; x_wconf 78' lang='lat' dir='ltr'>dixit:</span> 
     </span>
     <span class='ocr_line' id='line_1_39' title="bbox 63 2631 1896 2689; baseline -0.002 -13"><span class='ocrx_word' id='word_1_447' title='bbox 63 2633 170 2684; x_wconf 81' lang='lat' dir='ltr'>Quis</span> <span class='ocrx_word' id='word_1_448' title='bbox 193 2647 276 2689; x_wconf 88' lang='lat' dir='ltr'>ego</span> <span class='ocrx_word' id='word_1_449' title='bbox 300 2647 416 2688; x_wconf 86' lang='lat' dir='ltr'>sum,</span> <span class='ocrx_word' id='word_1_450' title='bbox 441 2633 631 2676; x_wconf 90' lang='lat' dir='ltr'>Domine</span> <span class='ocrx_word' id='word_1_451' title='bbox 659 2634 796 2687; x_wconf 80' lang='lat' dir='ltr'>Deus,</span> <span class='ocrx_word' id='word_1_452' title='bbox 824 2637 868 2676; x_wconf 92' lang='lat' dir='ltr'>et</span> <span class='ocrx_word' id='word_1_453' title='bbox 893 2646 989 2688; x_wconf 85' lang='lat' dir='ltr'>quae</span> <span class='ocrx_word' id='word_1_454' title='bbox 1017 2631 1172 2674; x_wconf 85' lang='lat' dir='ltr'>domus</span> <span class='ocrx_word' id='word_1_455' title='bbox 1192 2645 1312 2686; x_wconf 89' lang='lat' dir='ltr'>mea,</span> <span class='ocrx_word' id='word_1_456' title='bbox 1332 2631 1435 2687; x_wconf 90' lang='lat' dir='ltr'>quia</span> <span class='ocrx_word' id='word_1_457' title='bbox 1463 2631 1689 2674; x_wconf 86' lang='lat' dir='ltr'>adduxisti</span> <span class='ocrx_word' id='word_1_458' title='bbox 1716 2645 1785 2673; x_wconf 91' lang='lat' dir='ltr'>me</span> <span class='ocrx_word' id='word_1_459' title='bbox 1810 2631 1896 2672; x_wconf 90' lang='lat' dir='ltr'>huc</span> 
     </span>
     <span class='ocr_line' id='line_1_40' title="bbox 67 2690 1894 2748; baseline -0.002 -13"><span class='ocrx_word' id='word_1_460' title='bbox 67 2692 232 2748; x_wconf 88' lang='lat' dir='ltr'>usque?</span> <span class='ocrx_word' id='word_1_461' title='bbox 259 2691 294 2718; x_wconf 82' lang='lat'>¹⁹</span> <span class='ocrx_word' id='word_1_462' title='bbox 315 2691 402 2735; x_wconf 87' lang='lat' dir='ltr'>Sed</span> <span class='ocrx_word' id='word_1_463' title='bbox 435 2697 480 2735; x_wconf 90' lang='lat' dir='ltr'>et</span> <span class='ocrx_word' id='word_1_464' title='bbox 507 2692 590 2735; x_wconf 90' lang='lat' dir='ltr'>hoc</span> <span class='ocrx_word' id='word_1_465' title='bbox 620 2707 776 2748; x_wconf 89' lang='lat' dir='ltr'>parum</span> <span class='ocrx_word' id='word_1_466' title='bbox 806 2691 949 2734; x_wconf 88' lang='lat' dir='ltr'>visum</span> <span class='ocrx_word' id='word_1_467' title='bbox 976 2695 1042 2734; x_wconf 89' lang='lat' dir='ltr'>est</span> <span class='ocrx_word' id='word_1_468' title='bbox 1066 2690 1111 2733; x_wconf 92' lang='lat' dir='ltr'>in</span> <span class='ocrx_word' id='word_1_469' title='bbox 1145 2696 1383 2747; x_wconf 87' lang='lat' dir='ltr'>conspectu</span> <span class='ocrx_word' id='word_1_470' title='bbox 1412 2696 1508 2746; x_wconf 80' lang='lat' dir='ltr'>tuo,</span> <span class='ocrx_word' id='word_1_471' title='bbox 1536 2690 1725 2733; x_wconf 90' lang='lat' dir='ltr'>Domine</span> <span class='ocrx_word' id='word_1_472' title='bbox 1760 2691 1894 2743; x_wconf 89' lang='lat' dir='ltr'>Deus,</span> 
     </span>
     <span class='ocr_line' id='line_1_41' title="bbox 67 2747 1898 2807; baseline -0.002 -13"><span class='ocrx_word' id='word_1_473' title='bbox 67 2751 150 2794; x_wconf 86' lang='lat' dir='ltr'>nisi</span> <span class='ocrx_word' id='word_1_474' title='bbox 174 2751 412 2807; x_wconf 87' lang='lat' dir='ltr'>loquereris</span> <span class='ocrx_word' id='word_1_475' title='bbox 435 2750 571 2794; x_wconf 88' lang='lat' dir='ltr'>etiam</span> <span class='ocrx_word' id='word_1_476' title='bbox 593 2751 647 2794; x_wconf 89' lang='lat' dir='ltr'>de</span> <span class='ocrx_word' id='word_1_477' title='bbox 668 2751 798 2794; x_wconf 88' lang='lat' dir='ltr'>domo</span> <span class='ocrx_word' id='word_1_478' title='bbox 829 2750 944 2793; x_wconf 88' lang='lat' dir='ltr'>servi</span> <span class='ocrx_word' id='word_1_479' title='bbox 969 2750 1034 2792; x_wconf 83' lang='lat' dir='ltr'>tui</span> <span class='ocrx_word' id='word_1_480' title='bbox 1062 2750 1109 2792; x_wconf 92' lang='lat' dir='ltr'>in</span> <span class='ocrx_word' id='word_1_481' title='bbox 1131 2749 1421 2805; x_wconf 89' lang='lat' dir='ltr'>longinquum</span> <span class='ocrx_word' id='word_1_482' title='bbox 1442 2767 1450 2805; x_wconf 86' lang='lat'>;</span> <span class='ocrx_word' id='word_1_483' title='bbox 1478 2750 1564 2792; x_wconf 87' lang='lat' dir='ltr'>ista</span> <span class='ocrx_word' id='word_1_484' title='bbox 1589 2754 1655 2792; x_wconf 86' lang='lat' dir='ltr'>est</span> <span class='ocrx_word' id='word_1_485' title='bbox 1680 2748 1799 2792; x_wconf 91' lang='lat' dir='ltr'>enim</span> <span class='ocrx_word' id='word_1_486' title='bbox 1823 2747 1898 2791; x_wconf 84' lang='grc' dir='ltr'>1οΧ</span> 
     </span>
     <span class='ocr_line' id='line_1_42' title="bbox 68 2807 1897 2866; baseline -0.002 -13"><span class='ocrx_word' id='word_1_487' title='bbox 68 2810 236 2866; x_wconf 86' lang='lat' dir='ltr'>Adam,</span> <span class='ocrx_word' id='word_1_488' title='bbox 262 2810 452 2853; x_wconf 87' lang='lat' dir='ltr'>Domine</span> <span class='ocrx_word' id='word_1_489' title='bbox 476 2811 609 2854; x_wconf 89' lang='lat' dir='ltr'>Deus.</span> <span class='ocrx_word' id='word_1_490' title='bbox 636 2809 673 2837; x_wconf 70' lang='lat'>2⁰</span> <span class='ocrx_word' id='word_1_491' title='bbox 697 2810 812 2860; x_wconf 86' lang='lat' dir='ltr'>Quid</span> <span class='ocrx_word' id='word_1_492' title='bbox 835 2824 937 2865; x_wconf 89' lang='lat' dir='ltr'>ergo</span> <span class='ocrx_word' id='word_1_493' title='bbox 962 2809 1124 2852; x_wconf 90' lang='lat' dir='ltr'>addere</span> <span class='ocrx_word' id='word_1_494' title='bbox 1149 2809 1311 2865; x_wconf 84' lang='lat' dir='ltr'>poterit</span> <span class='ocrx_word' id='word_1_495' title='bbox 1335 2808 1480 2852; x_wconf 87' lang='lat' dir='ltr'>adhuc</span> <span class='ocrx_word' id='word_1_496' title='bbox 1509 2808 1654 2851; x_wconf 89' lang='lat' dir='ltr'>David</span> <span class='ocrx_word' id='word_1_497' title='bbox 1675 2813 1724 2851; x_wconf 91' lang='lat' dir='ltr'>ut</span> <span class='ocrx_word' id='word_1_498' title='bbox 1746 2807 1897 2863; x_wconf 87' lang='lat' dir='ltr'>loqua-</span> 
     </span>
     <span class='ocr_line' id='line_1_43' title="bbox 64 2866 1896 2924; baseline -0.002 -12"><span class='ocrx_word' id='word_1_499' title='bbox 64 2875 137 2912; x_wconf 88' lang='lat' dir='ltr'>tur</span> <span class='ocrx_word' id='word_1_500' title='bbox 161 2869 218 2912; x_wconf 90' lang='lat' dir='ltr'>ad</span> <span class='ocrx_word' id='word_1_501' title='bbox 243 2869 323 2912; x_wconf 86' lang='lat' dir='ltr'>te?</span> <span class='ocrx_word' id='word_1_502' title='bbox 349 2875 397 2912; x_wconf 93' lang='lat' dir='ltr'>tu</span> <span class='ocrx_word' id='word_1_503' title='bbox 420 2869 538 2912; x_wconf 88' lang='lat' dir='ltr'>enim</span> <span class='ocrx_word' id='word_1_504' title='bbox 559 2869 645 2912; x_wconf 89' lang='lat' dir='ltr'>scis</span> <span class='ocrx_word' id='word_1_505' title='bbox 667 2883 842 2913; x_wconf 87' lang='lat' dir='ltr'>servum</span> <span class='ocrx_word' id='word_1_506' title='bbox 864 2874 1011 2924; x_wconf 80' lang='lat' dir='ltr'>tuum,</span> <span class='ocrx_word' id='word_1_507' title='bbox 1047 2868 1237 2911; x_wconf 90' lang='lat' dir='ltr'>Domine</span> <span class='ocrx_word' id='word_1_508' title='bbox 1272 2869 1404 2911; x_wconf 90' lang='lat' dir='ltr'>Deus.</span> <span class='ocrx_word' id='word_1_509' title='bbox 1438 2867 1472 2894; x_wconf 72' lang='lat'>2¹</span> <span class='ocrx_word' id='word_1_510' title='bbox 1498 2869 1681 2924; x_wconf 89' lang='lat' dir='ltr'>Propter</span> <span class='ocrx_word' id='word_1_511' title='bbox 1712 2866 1896 2910; x_wconf 85' lang='lat' dir='ltr'>verbum</span> 
     </span>
     <span class='ocr_line' id='line_1_44' title="bbox 67 2926 1898 2983; baseline -0.002 -12"><span class='ocrx_word' id='word_1_512' title='bbox 67 2934 193 2971; x_wconf 86' lang='lat' dir='ltr'>tuum</span> <span class='ocrx_word' id='word_1_513' title='bbox 215 2934 260 2972; x_wconf 89' lang='lat' dir='ltr'>et</span> <span class='ocrx_word' id='word_1_514' title='bbox 281 2928 526 2972; x_wconf 87' lang='lat' dir='ltr'>secundum</span> <span class='ocrx_word' id='word_1_515' title='bbox 549 2942 622 2971; x_wconf 88' lang='lat' dir='ltr'>cor</span> <span class='ocrx_word' id='word_1_516' title='bbox 646 2933 774 2971; x_wconf 90' lang='lat' dir='ltr'>tuum</span> <span class='ocrx_word' id='word_1_517' title='bbox 796 2927 944 2971; x_wconf 75' lang='lat' dir='ltr'>fecisti</span> <span class='ocrx_word' id='word_1_518' title='bbox 984 2926 1132 2970; x_wconf 90' lang='lat' dir='ltr'>omnia</span> <span class='ocrx_word' id='word_1_519' title='bbox 1165 2927 1393 2983; x_wconf 88' lang='lat' dir='ltr'>magnalia</span> <span class='ocrx_word' id='word_1_520' title='bbox 1419 2927 1536 2983; x_wconf 85' lang='lat' dir='ltr'>haec,</span> <span class='ocrx_word' id='word_1_521' title='bbox 1570 2927 1635 2969; x_wconf 88' lang='lat' dir='ltr'>ita</span> <span class='ocrx_word' id='word_1_522' title='bbox 1667 2931 1716 2969; x_wconf 92' lang='grc'>111</span> <span class='ocrx_word' id='word_1_523' title='bbox 1744 2931 1898 2969; x_wconf 91' lang='lat' dir='ltr'>notum</span> 
     </span>
     <span class='ocr_line' id='line_1_45' title="bbox 68 2985 1898 3043; baseline -0.002 -13"><span class='ocrx_word' id='word_1_524' title='bbox 68 2987 241 3031; x_wconf 88' lang='lat' dir='ltr'>faceres</span> <span class='ocrx_word' id='word_1_525' title='bbox 263 3001 388 3031; x_wconf 90' lang='lat' dir='ltr'>servo</span> <span class='ocrx_word' id='word_1_526' title='bbox 413 2992 503 3030; x_wconf 88' lang='lat' dir='ltr'>tuo.</span> <span class='ocrx_word' id='word_1_527' title='bbox 522 2986 560 3013; x_wconf 66' lang='lat'>2⁶2</span> <span class='ocrx_word' id='word_1_528' title='bbox 582 2987 756 3031; x_wconf 89' lang='lat' dir='ltr'>Idcirco</span> <span class='ocrx_word' id='word_1_529' title='bbox 779 2987 1091 3043; x_wconf 86' lang='lat' dir='ltr'>magnificatus</span> <span class='ocrx_word' id='word_1_530' title='bbox 1117 3001 1183 3042; x_wconf 88' lang='lat' dir='ltr'>es,</span> <span class='ocrx_word' id='word_1_531' title='bbox 1213 2986 1404 3029; x_wconf 89' lang='lat' dir='ltr'>Domine</span> <span class='ocrx_word' id='word_1_532' title='bbox 1427 2987 1566 3039; x_wconf 86' lang='grc'>130118,</span> <span class='ocrx_word' id='word_1_533' title='bbox 1590 2985 1694 3042; x_wconf 88' lang='lat' dir='ltr'>quia</span> <span class='ocrx_word' id='word_1_534' title='bbox 1719 2999 1806 3028; x_wconf 86' lang='lat' dir='ltr'>non</span> <span class='ocrx_word' id='word_1_535' title='bbox 1832 2989 1898 3027; x_wconf 88' lang='lat' dir='ltr'>est</span> 
     </span>
     <span class='ocr_line' id='line_1_46' title="bbox 64 3045 1897 3102; baseline -0.002 -13"><span class='ocrx_word' id='word_1_536' title='bbox 64 3046 225 3089; x_wconf 82' lang='lat' dir='ltr'>similis</span> <span class='ocrx_word' id='word_1_537' title='bbox 251 3046 337 3102; x_wconf 89' lang='lat' dir='ltr'>tui,</span> <span class='ocrx_word' id='word_1_538' title='bbox 360 3061 501 3102; x_wconf 89' lang='lat' dir='ltr'>neque</span> <span class='ocrx_word' id='word_1_539' title='bbox 523 3051 590 3090; x_wconf 88' lang='lat' dir='ltr'>est</span> <span class='ocrx_word' id='word_1_540' title='bbox 616 3048 734 3090; x_wconf 89' lang='lat' dir='ltr'>Deus</span> <span class='ocrx_word' id='word_1_541' title='bbox 757 3052 882 3090; x_wconf 82' lang='lat' dir='ltr'>extra</span> <span class='ocrx_word' id='word_1_542' title='bbox 907 3051 974 3102; x_wconf 90' lang='grc'>10,</span> <span class='ocrx_word' id='word_1_543' title='bbox 996 3046 1044 3088; x_wconf 86' lang='grc'>111</span> <span class='ocrx_word' id='word_1_544' title='bbox 1069 3045 1273 3089; x_wconf 90' lang='lat' dir='ltr'>omnibus</span> <span class='ocrx_word' id='word_1_545' title='bbox 1303 3059 1400 3101; x_wconf 85' lang='lat' dir='ltr'>quae</span> <span class='ocrx_word' id='word_1_546' title='bbox 1433 3045 1685 3088; x_wconf 84' lang='lat' dir='ltr'>audivimus</span> <span class='ocrx_word' id='word_1_547' title='bbox 1717 3045 1897 3087; x_wconf 90' lang='lat' dir='ltr'>auribus</span> 
     </span>
     <span class='ocr_line' id='line_1_47' title="bbox 67 3104 1898 3162; baseline -0.002 -14"><span class='ocrx_word' id='word_1_548' title='bbox 67 3105 242 3149; x_wconf 88' lang='lat' dir='ltr'>nostris.</span> <span class='ocrx_word' id='word_1_549' title='bbox 265 3104 302 3132; x_wconf 67' lang='lat'>23</span> <span class='ocrx_word' id='word_1_550' title='bbox 326 3106 433 3156; x_wconf 84' lang='lat' dir='ltr'>Quae</span> <span class='ocrx_word' id='word_1_551' title='bbox 460 3111 526 3149; x_wconf 89' lang='lat' dir='ltr'>est</span> <span class='ocrx_word' id='word_1_552' title='bbox 550 3111 721 3161; x_wconf 88' lang='lat' dir='ltr'>autem,</span> <span class='ocrx_word' id='word_1_553' title='bbox 747 3111 796 3149; x_wconf 90' lang='lat' dir='ltr'>ut</span> <span class='ocrx_word' id='word_1_554' title='bbox 820 3105 1007 3162; x_wconf 87' lang='lat' dir='ltr'>populus</span> <span class='ocrx_word' id='word_1_555' title='bbox 1032 3110 1132 3148; x_wconf 88' lang='lat' dir='ltr'>tuus</span> <span class='ocrx_word' id='word_1_556' title='bbox 1158 3104 1318 3159; x_wconf 86' lang='lat' dir='ltr'>Israel,</span> <span class='ocrx_word' id='word_1_557' title='bbox 1345 3119 1453 3161; x_wconf 85' lang='lat' dir='ltr'>gens</span> <span class='ocrx_word' id='word_1_558' title='bbox 1477 3105 1524 3147; x_wconf 91' lang='lat' dir='ltr'>in</span> <span class='ocrx_word' id='word_1_559' title='bbox 1549 3110 1685 3159; x_wconf 85' lang='lat' dir='ltr'>terra,</span> <span class='ocrx_word' id='word_1_560' title='bbox 1720 3109 1898 3160; x_wconf 88' lang='lat' dir='ltr'>propter</span> 
     </span>
     <span class='ocr_line' id='line_1_48' title="bbox 69 3163 1895 3221; baseline -0.002 -15"><span class='ocrx_word' id='word_1_561' title='bbox 69 3177 201 3219; x_wconf 87' lang='lat' dir='ltr'>quam</span> <span class='ocrx_word' id='word_1_562' title='bbox 224 3164 308 3208; x_wconf 90' lang='lat' dir='ltr'>ivit</span> <span class='ocrx_word' id='word_1_563' title='bbox 335 3166 454 3208; x_wconf 87' lang='lat' dir='ltr'>Deus</span> <span class='ocrx_word' id='word_1_564' title='bbox 478 3171 524 3207; x_wconf 85' lang='lat' dir='ltr'>ut</span> <span class='ocrx_word' id='word_1_565' title='bbox 546 3165 785 3208; x_wconf 89' lang='lat' dir='ltr'>redimeret</span> <span class='ocrx_word' id='word_1_566' title='bbox 806 3179 904 3207; x_wconf 89' lang='lat' dir='ltr'>eam</span> <span class='ocrx_word' id='word_1_567' title='bbox 926 3164 1010 3207; x_wconf 91' lang='lat' dir='ltr'>sibi</span> <span class='ocrx_word' id='word_1_568' title='bbox 1031 3164 1078 3206; x_wconf 86' lang='lat' dir='ltr'>in</span> <span class='ocrx_word' id='word_1_569' title='bbox 1096 3164 1322 3221; x_wconf 89' lang='lat' dir='ltr'>populum,</span> <span class='ocrx_word' id='word_1_570' title='bbox 1347 3169 1390 3207; x_wconf 89' lang='lat' dir='ltr'>et</span> <span class='ocrx_word' id='word_1_571' title='bbox 1410 3169 1593 3220; x_wconf 89' lang='lat' dir='ltr'>poneret</span> <span class='ocrx_word' id='word_1_572' title='bbox 1614 3163 1698 3206; x_wconf 88' lang='lat' dir='ltr'>sibi</span> <span class='ocrx_word' id='word_1_573' title='bbox 1722 3176 1895 3215; x_wconf 90' lang='lat' dir='ltr'>nomen,</span> 
     </span>
     <span class='ocr_line' id='line_1_49' title="bbox 66 3220 1897 3280; baseline -0.002 -15"><span class='ocrx_word' id='word_1_574' title='bbox 66 3222 326 3279; x_wconf 89' lang='lat' dir='ltr'>faceretque</span> <span class='ocrx_word' id='word_1_575' title='bbox 358 3223 418 3267; x_wconf 86' lang='lat' dir='ltr'>eis</span> <span class='ocrx_word' id='word_1_576' title='bbox 453 3224 704 3280; x_wconf 84' lang='lat' dir='ltr'>magnalia,</span> <span class='ocrx_word' id='word_1_577' title='bbox 737 3230 782 3268; x_wconf 89' lang='lat' dir='ltr'>et</span> <span class='ocrx_word' id='word_1_578' title='bbox 813 3223 1040 3267; x_wconf 88' lang='lat' dir='ltr'>horribilia</span> <span class='ocrx_word' id='word_1_579' title='bbox 1069 3237 1199 3280; x_wconf 89' lang='lat' dir='ltr'>super</span> <span class='ocrx_word' id='word_1_580' title='bbox 1230 3228 1418 3278; x_wconf 86' lang='lat' dir='ltr'>terram,</span> <span class='ocrx_word' id='word_1_581' title='bbox 1449 3238 1475 3265; x_wconf 90' lang='lat' dir='ltr'>a</span> <span class='ocrx_word' id='word_1_582' title='bbox 1506 3222 1624 3265; x_wconf 89' lang='lat' dir='ltr'>facie</span> <span class='ocrx_word' id='word_1_583' title='bbox 1657 3221 1806 3278; x_wconf 88' lang='lat' dir='ltr'>populi</span> <span class='ocrx_word' id='word_1_584' title='bbox 1833 3220 1897 3263; x_wconf 87' lang='lat' dir='ltr'>tui</span> 
     </span>
     <span class='ocr_line' id='line_1_50' title="bbox 67 3279 1898 3340; baseline -0.002 -16"><span class='ocrx_word' id='word_1_585' title='bbox 67 3295 200 3336; x_wconf 90' lang='lat' dir='ltr'>quem</span> <span class='ocrx_word' id='word_1_586' title='bbox 223 3282 451 3326; x_wconf 87' lang='lat' dir='ltr'>redemisti</span> <span class='ocrx_word' id='word_1_587' title='bbox 477 3282 560 3326; x_wconf 90' lang='lat' dir='ltr'>tibi</span> <span class='ocrx_word' id='word_1_588' title='bbox 582 3297 638 3327; x_wconf 82' lang='lat' dir='ltr'>ex</span> <span class='ocrx_word' id='word_1_589' title='bbox 662 3283 883 3340; x_wconf 87' lang='lat' dir='ltr'>AEgypto,</span> <span class='ocrx_word' id='word_1_590' title='bbox 910 3287 1090 3339; x_wconf 91' lang='lat' dir='ltr'>gentem</span> <span class='ocrx_word' id='word_1_591' title='bbox 1116 3287 1160 3326; x_wconf 93' lang='lat' dir='ltr'>et</span> <span class='ocrx_word' id='word_1_592' title='bbox 1181 3282 1313 3325; x_wconf 89' lang='lat' dir='ltr'>deum</span> <span class='ocrx_word' id='word_1_593' title='bbox 1339 3282 1469 3338; x_wconf 82' lang='lat' dir='ltr'>ejus?</span> <span class='ocrx_word' id='word_1_594' title='bbox 1495 3281 1532 3308; x_wconf 72' lang='lat'>⁹2¹</span> <span class='ocrx_word' id='word_1_595' title='bbox 1551 3280 1759 3324; x_wconf 83' lang='lat' dir='ltr'>Firmasti</span> <span class='ocrx_word' id='word_1_596' title='bbox 1779 3279 1898 3322; x_wconf 91' lang='lat' dir='ltr'>enim</span> 
     </span>
     <span class='ocr_line' id='line_1_51' title="bbox 70 3339 1895 3398; baseline -0.001 -16"><span class='ocrx_word' id='word_1_597' title='bbox 70 3339 152 3383; x_wconf 83' lang='lat' dir='ltr'>tibi</span> <span class='ocrx_word' id='word_1_598' title='bbox 176 3341 390 3398; x_wconf 87' lang='lat' dir='ltr'>populum</span> <span class='ocrx_word' id='word_1_599' title='bbox 414 3346 542 3385; x_wconf 81' lang='lat' dir='ltr'>tuum</span> <span class='ocrx_word' id='word_1_600' title='bbox 560 3342 698 3386; x_wconf 87' lang='lat' dir='ltr'>Israel</span> <span class='ocrx_word' id='word_1_601' title='bbox 722 3342 770 3384; x_wconf 89' lang='lat' dir='ltr'>in</span> <span class='ocrx_word' id='word_1_602' title='bbox 787 3341 999 3398; x_wconf 90' lang='lat' dir='ltr'>populum</span> <span class='ocrx_word' id='word_1_603' title='bbox 1020 3341 1337 3398; x_wconf 85' lang='lat' dir='ltr'>sempiternum</span> <span class='ocrx_word' id='word_1_604' title='bbox 1362 3359 1370 3396; x_wconf 80' lang='lat'><em>3</em></span> <span class='ocrx_word' id='word_1_605' title='bbox 1399 3347 1443 3384; x_wconf 90' lang='lat' dir='ltr'>et</span> <span class='ocrx_word' id='word_1_606' title='bbox 1467 3347 1534 3395; x_wconf 89' lang='grc'>111,</span> <span class='ocrx_word' id='word_1_607' title='bbox 1557 3340 1745 3383; x_wconf 88' lang='lat' dir='ltr'>Domine</span> <span class='ocrx_word' id='word_1_608' title='bbox 1765 3340 1895 3392; x_wconf 87' lang='grc'>130118,</span> 
     </span>
     <span class='ocr_line' id='line_1_52' title="bbox 69 3397 1897 3457; baseline 0 -17"><span class='ocrx_word' id='word_1_609' title='bbox 69 3398 219 3442; x_wconf 84' lang='lat' dir='ltr'>factus</span> <span class='ocrx_word' id='word_1_610' title='bbox 250 3414 296 3443; x_wconf 90' lang='lat' dir='ltr'>es</span> <span class='ocrx_word' id='word_1_611' title='bbox 327 3400 392 3444; x_wconf 84' lang='lat' dir='ltr'>eis</span> <span class='ocrx_word' id='word_1_612' title='bbox 427 3400 475 3443; x_wconf 91' lang='lat' dir='ltr'>in</span> <span class='ocrx_word' id='word_1_613' title='bbox 508 3402 666 3444; x_wconf 90' lang='lat' dir='ltr'>Deum.</span> <span class='ocrx_word' id='word_1_614' title='bbox 700 3400 737 3428; x_wconf 72' lang='lat'>25</span> <span class='ocrx_word' id='word_1_615' title='bbox 762 3402 891 3444; x_wconf 88' lang='lat' dir='ltr'>Nunc</span> <span class='ocrx_word' id='word_1_616' title='bbox 917 3415 1041 3457; x_wconf 87' lang='lat' dir='ltr'>ergo,</span> <span class='ocrx_word' id='word_1_617' title='bbox 1071 3399 1258 3444; x_wconf 90' lang='lat' dir='ltr'>Domine</span> <span class='ocrx_word' id='word_1_618' title='bbox 1294 3402 1434 3452; x_wconf 88' lang='grc'>130118,</span> <span class='ocrx_word' id='word_1_619' title='bbox 1476 3400 1660 3443; x_wconf 77' lang='lat' dir='ltr'>verbum</span> <span class='ocrx_word' id='word_1_620' title='bbox 1694 3397 1809 3453; x_wconf 89' lang='lat' dir='ltr'>quod</span> <span class='ocrx_word' id='word_1_621' title='bbox 1835 3397 1897 3440; x_wconf 91' lang='lat' dir='ltr'>lo-</span> 
     </span>
     <span class='ocr_line' id='line_1_53' title="bbox 70 3456 1896 3517; baseline -0.001 -17"><span class='ocrx_word' id='word_1_622' title='bbox 70 3462 198 3502; x_wconf 86' lang='lat' dir='ltr'>cutus</span> <span class='ocrx_word' id='word_1_623' title='bbox 223 3473 268 3502; x_wconf 87' lang='grc'>08</span> <span class='ocrx_word' id='word_1_624' title='bbox 291 3473 423 3517; x_wconf 85' lang='lat' dir='ltr'>super</span> <span class='ocrx_word' id='word_1_625' title='bbox 441 3474 617 3503; x_wconf 85' lang='lat' dir='ltr'>servum</span> <span class='ocrx_word' id='word_1_626' title='bbox 638 3465 764 3503; x_wconf 87' lang='lat' dir='ltr'>tuum</span> <span class='ocrx_word' id='word_1_627' title='bbox 790 3464 834 3503; x_wconf 87' lang='lat' dir='ltr'>et</span> <span class='ocrx_word' id='word_1_628' title='bbox 850 3473 980 3516; x_wconf 88' lang='lat' dir='ltr'>super</span> <span class='ocrx_word' id='word_1_629' title='bbox 997 3459 1178 3503; x_wconf 88' lang='lat' dir='ltr'>domum</span> <span class='ocrx_word' id='word_1_630' title='bbox 1196 3459 1293 3516; x_wconf 84' lang='lat' dir='ltr'>ejus</span> <span class='ocrx_word' id='word_1_631' title='bbox 1311 3460 1474 3502; x_wconf 82' lang='lat' dir='ltr'>suscita</span> <span class='ocrx_word' id='word_1_632' title='bbox 1492 3459 1538 3501; x_wconf 90' lang='lat' dir='ltr'>in</span> <span class='ocrx_word' id='word_1_633' title='bbox 1564 3456 1896 3513; x_wconf 82' lang='lat' dir='ltr'>sempiternum,</span> 
     </span>
    </p>
   </div>
   <div class='ocr_carea' id='block_1_5' title="bbox 70 3615 1896 3696">
    <p class='ocr_par' dir='ltr' id='par_1_7' title="bbox 70 3615 1896 3696">
     <span class='ocr_line' id='line_1_54' title="bbox 70 3615 1896 3652; baseline 0.001 -9"><span class='ocrx_word' id='word_1_634' title='bbox 70 3617 102 3649; x_wconf 74' lang='lat'>2]</span> <span class='ocrx_word' id='word_1_635' title='bbox 124 3617 139 3644; x_wconf 90' lang='lat'>1</span> <span class='ocrx_word' id='word_1_636' title='bbox 158 3616 230 3644; x_wconf 77' lang='lat' dir='ltr'>Par.</span> <span class='ocrx_word' id='word_1_637' title='bbox 248 3616 359 3651; x_wconf 61' lang='lat' dir='ltr'>xvrr,</span> <span class='ocrx_word' id='word_1_638' title='bbox 375 3621 401 3646; x_wconf 87' lang='lat'>1.</span> <span class='ocrx_word' id='word_1_639' title='bbox 418 3633 454 3638; x_wconf 85' lang='lat'><em>-</em></span> <span class='ocrx_word' id='word_1_640' title='bbox 470 3619 499 3651; x_wconf 79' lang='lat' dir='ltr'>s]</span> <span class='ocrx_word' id='word_1_641' title='bbox 518 3619 534 3645; x_wconf 94' lang='lat'>1</span> <span class='ocrx_word' id='word_1_642' title='bbox 552 3617 635 3651; x_wconf 83' lang='lat' dir='ltr'>Reg.</span> <span class='ocrx_word' id='word_1_643' title='bbox 653 3618 744 3652; x_wconf 83' lang='lat' dir='ltr'>xv1,</span> <span class='ocrx_word' id='word_1_644' title='bbox 762 3621 806 3646; x_wconf 90' lang='lat'>11.</span> <span class='ocrx_word' id='word_1_645' title='bbox 829 3617 881 3645; x_wconf 80' lang='lat' dir='ltr'>Ps.</span> <span class='ocrx_word' id='word_1_646' title='bbox 900 3617 1072 3650; x_wconf 78' lang='lat' dir='ltr'>Lxxvrr‚</span> <span class='ocrx_word' id='word_1_647' title='bbox 1090 3620 1134 3645; x_wconf 71' lang='grc' dir='ltr'>το.</span> <span class='ocrx_word' id='word_1_648' title='bbox 1151 3632 1187 3636; x_wconf 86' lang='grc'>-</span> <span class='ocrx_word' id='word_1_649' title='bbox 1205 3618 1251 3650; x_wconf 84' lang='lat'>12]</span> <span class='ocrx_word' id='word_1_650' title='bbox 1271 3617 1325 3644; x_wconf 86' lang='grc'>111</span> <span class='ocrx_word' id='word_1_651' title='bbox 1345 3617 1426 3649; x_wconf 59' lang='lat' dir='ltr'>neg.</span> <span class='ocrx_word' id='word_1_652' title='bbox 1444 3616 1541 3649; x_wconf 82' lang='lat' dir='ltr'>vm,</span> <span class='ocrx_word' id='word_1_653' title='bbox 1559 3618 1602 3643; x_wconf 79' lang='lat'>19.</span> <span class='ocrx_word' id='word_1_654' title='bbox 1621 3631 1656 3635; x_wconf 91' lang='lat'><em>-</em></span> <span class='ocrx_word' id='word_1_655' title='bbox 1674 3615 1719 3648; x_wconf 89' lang='lat'>13]</span> <span class='ocrx_word' id='word_1_656' title='bbox 1741 3615 1794 3642; x_wconf 90' lang='lat'>111</span> <span class='ocrx_word' id='word_1_657' title='bbox 1813 3615 1896 3648; x_wconf 71' lang='lat' dir='ltr'>neg.</span> 
     </span>
     <span class='ocr_line' id='line_1_55' title="bbox 74 3657 1662 3696; baseline 0.001 -11"><span class='ocrx_word' id='word_1_658' title='bbox 74 3657 113 3692; x_wconf 76' lang='grc' dir='ltr'>ν,</span> <span class='ocrx_word' id='word_1_659' title='bbox 127 3661 204 3686; x_wconf 80' lang='grc'>5.-</span> <span class='ocrx_word' id='word_1_660' title='bbox 220 3660 267 3693; x_wconf 81' lang='lat'>14]</span> <span class='ocrx_word' id='word_1_661' title='bbox 286 3659 302 3686; x_wconf 95' lang='lat'>1</span> <span class='ocrx_word' id='word_1_662' title='bbox 321 3659 392 3688; x_wconf 79' lang='lat' dir='ltr'>Par.</span> <span class='ocrx_word' id='word_1_663' title='bbox 410 3661 583 3696; x_wconf 77' lang='lat' dir='ltr'>xx11‚1s,</span> <span class='ocrx_word' id='word_1_664' title='bbox 606 3662 707 3689; x_wconf 76' lang='lat' dir='ltr'>flebr.</span> <span class='ocrx_word' id='word_1_665' title='bbox 727 3662 753 3696; x_wconf 91' lang='lat'>1,</span> <span class='ocrx_word' id='word_1_666' title='bbox 769 3664 795 3689; x_wconf 83' lang='lat'>5.</span> <span class='ocrx_word' id='word_1_667' title='bbox 816 3675 852 3680; x_wconf 89' lang='lat'>—</span> <span class='ocrx_word' id='word_1_668' title='bbox 866 3661 912 3694; x_wconf 89' lang='lat'>15]</span> <span class='ocrx_word' id='word_1_669' title='bbox 932 3661 984 3689; x_wconf 77' lang='lat' dir='ltr'>ps.</span> <span class='ocrx_word' id='word_1_670' title='bbox 1004 3661 1227 3695; x_wconf 77' lang='lat' dir='ltr'>LxxxvnI,</span> <span class='ocrx_word' id='word_1_671' title='bbox 1245 3663 1271 3695; x_wconf 84' lang='lat'>4,</span> <span class='ocrx_word' id='word_1_672' title='bbox 1288 3663 1333 3688; x_wconf 79' lang='lat'>37.</span> <span class='ocrx_word' id='word_1_673' title='bbox 1350 3674 1386 3679; x_wconf 80' lang='lat'>—</span> <span class='ocrx_word' id='word_1_674' title='bbox 1405 3660 1450 3692; x_wconf 77' lang='lat'>16]</span> <span class='ocrx_word' id='word_1_675' title='bbox 1471 3659 1572 3687; x_wconf 63' lang='lat' dir='ltr'>fleur.</span> <span class='ocrx_word' id='word_1_676' title='bbox 1594 3659 1620 3694; x_wconf 90' lang='lat'>1,</span> <span class='ocrx_word' id='word_1_677' title='bbox 1637 3663 1662 3687; x_wconf 69' lang='lat' dir='ltr'>s.</span> 
     </span>
    </p>
   </div>
   <div class='ocr_carea' id='block_1_6' title="bbox 1981 699 2168 815">
    <p class='ocr_par' dir='ltr' id='par_1_8' title="bbox 1981 699 2168 815">
     <span class='ocr_line' id='line_1_56' title="bbox 2011 699 2146 728; baseline -0.007 0"><span class='ocrx_word' id='word_1_678' title='bbox 2011 699 2146 728; x_wconf 76' lang='lat' dir='ltr'>Davidis</span> 
     </span>
     <span class='ocr_line' id='line_1_57' title="bbox 1985 744 2168 776; baseline -0.005 -5"><span class='ocrx_word' id='word_1_679' title='bbox 1985 744 2025 771; x_wconf 74' lang='lat' dir='ltr'>de</span> <span class='ocrx_word' id='word_1_680' title='bbox 2045 744 2168 776; x_wconf 73' lang='lat' dir='ltr'>templo</span> 
     </span>
     <span class='ocr_line' id='line_1_58' title="bbox 1981 788 2168 815; baseline -0.005 0"><span class='ocrx_word' id='word_1_681' title='bbox 1981 788 2168 815; x_wconf 64' lang='lat' dir='ltr'>consitium.</span> 
     </span>
    </p>
   </div>
   <div class='ocr_carea' id='block_1_7' title="bbox 1974 984 2185 1099">
    <p class='ocr_par' dir='ltr' id='par_1_9' title="bbox 1974 984 2185 1099">
     <span class='ocr_line' id='line_1_59' title="bbox 1986 984 2171 1017; baseline 0.005 -6"><span class='ocrx_word' id='word_1_682' title='bbox 1986 984 2171 1017; x_wconf 64' lang='lat' dir='ltr'>Mazgniflcae</span> 
     </span>
     <span class='ocr_line' id='line_1_60' title="bbox 1974 1028 2185 1060; baseline -0.005 -4"><span class='ocrx_word' id='word_1_683' title='bbox 1974 1029 2031 1057; x_wconf 78' lang='lat' dir='ltr'>Dei</span> <span class='ocrx_word' id='word_1_684' title='bbox 2052 1028 2185 1060; x_wconf 67' lang='lat' dir='ltr'>promis-</span> 
     </span>
     <span class='ocr_line' id='line_1_61' title="bbox 2020 1072 2142 1099; baseline 0 0"><span class='ocrx_word' id='word_1_685' title='bbox 2020 1072 2142 1099; x_wconf 72' lang='grc'>8101103.</span> 
     </span>
    </p>
   </div>
   <div class='ocr_carea' id='block_1_8' title="bbox 1986 2576 2173 2737">
    <p class='ocr_par' dir='ltr' id='par_1_10' title="bbox 1986 2576 2173 2655">
     <span class='ocr_line' id='line_1_62' title="bbox 2014 2576 2150 2606; baseline 0 -1"><span class='ocrx_word' id='word_1_686' title='bbox 2014 2576 2150 2606; x_wconf 81' lang='lat' dir='ltr'>navidis</span> 
     </span>
     <span class='ocr_line' id='line_1_63' title="bbox 1986 2621 2173 2655; baseline 0 -6"><span class='ocrx_word' id='word_1_687' title='bbox 1986 2621 2173 2655; x_wconf 83' lang='lat' dir='ltr'>gratiarum</span> 
     </span>
    </p>

    <p class='ocr_par' dir='ltr' id='par_1_11' title="bbox 2012 2665 2153 2694">
     <span class='ocr_line' id='line_1_64' title="bbox 2012 2665 2153 2694; baseline 0 -1"><span class='ocrx_word' id='word_1_688' title='bbox 2012 2665 2101 2694; x_wconf 86' lang='lat' dir='ltr'>actio</span> <span class='ocrx_word' id='word_1_689' title='bbox 2119 2667 2153 2693; x_wconf 80' lang='lat' dir='ltr'>et</span> 
     </span>
    </p>

    <p class='ocr_par' dir='ltr' id='par_1_12' title="bbox 2022 2709 2141 2737">
     <span class='ocr_line' id='line_1_65' title="bbox 2022 2709 2141 2737; baseline 0 0"><span class='ocrx_word' id='word_1_690' title='bbox 2022 2709 2141 2737; x_wconf 81' lang='lat' dir='ltr'>oratio.</span> 
     </span>
    </p>
   </div>
  </div>
 </body>
</html>
