2456 3861
476 144 561 187 226
1123 142 1232 183 JUD.
1266 141 1346 194 IV,
1382 141 1406 182 7
1439 165 1498 170 —-
1528 139 1584 194 V,
1616 140 1656 182 4.

479 314 531 358 de
568 313 705 357 Cedes
739 310 1011 367 Nephthali;
1048 308 1249 363 dixitque
1289 307 1345 350 ad
1380 321 1485 350 eum
1515 323 1523 350 ε
1561 307 1780 363 Praecepit
1811 308 1895 350 tibi
1932 309 2148 353 Dominus
2185 311 2305 354 Deus

478 372 616 416 Israel
648 388 655 414 :
692 370 836 424 Vade,
872 373 916 411 et
952 367 1035 410 duc
1073 366 1316 409 exercitum
1353 365 1398 408 in
1434 370 1633 409 montem
1668 365 1873 420 Thabor;
1910 367 2125 423 tollesque
2154 374 2306 412 tecum

478 431 629 474 decem
655 428 797 471 millia
825 431 1126 483 pugnatorum
1153 425 1208 468 de
1233 425 1336 467 filiis
1365 425 1632 481 Nephthali,
1657 430 1701 468 et
1721 425 1775 467 de
1800 425 1904 467 filiis
1928 426 2140 470 Zabulon.
2170 428 2185 454 ⁷
2208 429 2306 485 Ego

475 496 625 531 autem
650 487 869 530 adducam
892 485 950 528 ad
975 490 1040 540 te,
1063 484 1109 527 in
1136 484 1235 527 loco
1259 485 1467 527 torrentis
1489 483 1644 540 Cison,
1671 483 1886 540 Sisaram,
1913 484 2160 542 principem
2183 500 2306 530 exer·

476 548 589 590 citus
614 545 776 600 Jabin,
800 550 848 588 et
878 558 1030 587 currus
1062 543 1182 600 ejus,
1208 550 1340 599 atque
1372 557 1549 587 omnem
1578 542 1933 600 multitudinem,
1961 549 2010 587 et
2031 545 2208 588 tradam
2233 559 2307 590 eos

474 606 521 649 in
545 619 681 648 manu
701 609 791 647 tua.
817 604 834 630 ὃ
857 603 1067 659 Dixitque
1093 602 1150 646 ad
1175 617 1274 646 eam
1300 603 1442 645 Barac
1464 617 1474 646 :
1503 602 1550 646 Si
1575 602 1700 646 venis
1730 616 1928 660 mecum,
1953 603 2143 659 vadam3
2167 604 2207 646 si
2232 619 2309 648 no-

475 665 607 707 lueris
640 663 790 707 venire
822 676 1017 718 mecum,
1052 676 1140 705 non
1176 676 1374 718 pergam.
1409 661 1426 688 9
1448 662 1558 712 Quae
1592 661 1707 704 dixit
1741 661 1799 704 ad
1837 676 1938 705 eum
1967 678 1976 705 ε
2010 663 2094 705 Ibo
2129 662 2309 719 quidem

475 729 643 779 tecum,
666 722 743 766 sed
767 723 815 765 in
843 723 926 764 hac
951 721 1049 765 vice
1079 721 1267 764 victoria
1291 735 1378 764 non
1408 720 1689 778 reputabitur
1712 721 1816 777 tibi,
1843 721 1946 777 quia
1971 721 2017 764 iu
2046 736 2182 765 manu
2213 736 2309 765 mu-

474 782 594 827 lieris
618 782 818 825 tradetur
843 781 1002 825 Sisara.
1025 781 1223 825 Surrexit
1252 781 1401 836 itaque
1430 780 1659 836 Debbora,
1683 786 1728 824 et
1752 780 1948 836 perrexit
1973 794 2074 824 cum
2097 782 2239 824 Barac
2261 781 2310 824 in

477 841 627 885 Oedes.
656 841 691 868 ¹⁰
709 841 811 896 Qui,
831 839 986 883 accitis
1010 840 1209 883 Zabulon
1235 845 1280 883 et
1305 840 1571 896 Nephthali,
1590 840 1793 883 ascendit
1814 853 1915 883 cum
1937 840 2092 884 decem
2113 839 2310 883 millibus

474 906 792 957 pugnatorum,
812 899 982 943 habens
1004 899 1262 942 Debboram
1283 899 1328 942 in
1352 899 1568 942 comitatu
1593 913 1684 943 suo.
1708 899 1741 926 ¹²
1762 899 1916 943 Habet·
1931 905 2095 956 autem,
2116 899 2306 956 Cinaeus,

474 964 717 1004 recesserat
738 959 963 1016 quondam
987 973 1014 1001 a
1040 959 1197 1002 ceteris
1217 958 1382 1001 Cinaeis
1407 958 1622 1002 {iratribus
1645 959 1756 1015 suis,
1787 958 1890 1002 filiis
1916 959 2102 1015 Hobab,
2130 959 2311 1015 cognati

476 1019 649 1076 Moys13
676 1024 722 1062 et
746 1018 998 1062 tetenderat
1023 1017 1313 1061 tabernacula
1341 1032 1476 1074 usque
1501 1018 1559 1060 ad
1580 1018 1746 1061 vallem
1771 1032 1869 1074 quae
1892 1024 2080 1061 vocamu-
2100 1016 2305 1075 Sennim,

474 1084 521 1122 et
545 1085 640 1122 erat
663 1079 794 1134 juxta
815 1077 969 1122 Cedes.
1001 1076 1033 1103 ¹2
1051 1077 1092 1120 N
1096 1076 1405 1132 untiatumque
1430 1082 1499 1120 est
1523 1076 1703 1133 Sisarae,
1721 1077 1839 1133 quod
1858 1077 2135 1121 ascendisset
2154 1079 2308 1134 Barac,

475 1138 591 1181 filius
617 1138 861 1192 Abinoem,
881 1137 927 1179 in
953 1142 1150 1180 montem
1171 1136 1375 1191 Thabor;
1404 1136 1441 1162 '¹3
1458 1142 1503 1179 et
1527 1135 1820 1192 congregavit
1845 1142 2094 1193 nongentos
2116 1136 2311 1181 falcatos

475 1211 646 1252 currus,
678 1202 721 1240 et
745 1211 922 1239 omnem
946 1195 1191 1239 exercitum
1228 1195 1283 1238 de
1315 1196 1543 1238 Haroseth
1571 1196 1784 1240 Gentium
1808 1196 1867 1238 ad
1892 1200 2134 1240 torrentem
2161 1196 2311 1241 Cison.

478 1256 513 1283 ²4
532 1256 743 1312 Dixitque
771 1255 979 1298 Debbora
996 1255 1057 1298 ad
1083 1256 1226 1298 Barac
1249 1271 1258 1298 ε
1282 1255 1445 1311 Surge!
1473 1255 1570 1298 haec
1596 1260 1662 1298 est
1679 1256 1798 1298 enim
1822 1255 1936 1312 dies,
1956 1255 2001 1298 in
2023 1269 2110 1312 qua
2127 1256 2313 1300 tradidit

477 1316 695 1359 Dominus
727 1314 920 1358 Sisarain
956 1314 1002 1357 in
1035 1328 1194 1358 manus
1230 1320 1357 1370 tuas3
1395 1329 1450 1357 en
1485 1314 1580 1371 ipse
1621 1314 1777 1358 ductor
1810 1319 1879 1358 est
1912 1320 2029 1359 tuus.
2069 1315 2313 1358 Descendit

475 1374 624 1431 itaque
663 1376 804 1417 Barac
841 1374 894 1417 de
927 1379 1078 1418 monte
1114 1373 1303 1429 Thabor,
1339 1379 1384 1417 et
1416 1374 1571 1417 decem
1603 1374 1747 1417 millia
1778 1380 2078 1431 pugnatorum
2112 1387 2212 1417 cum
2245 1388 2311 1420 e0.

477 1433 513 1461 ²5
534 1434 862 1489 Perterruitque
893 1433 1110 1476 Dominus
1142 1433 1355 1489 Sisaram,
1385 1438 1431 1476 et
1464 1447 1617 1477 omnes
1649 1447 1800 1476 currus
1829 1434 1948 1490 eJ'us,
1972 1434 2313 1490 universamque

476 1493 832 1548 multitudinem,
857 1493 903 1535 in
929 1507 1000 1536 ore
1023 1492 1185 1549 gladii,
1211 1493 1268 1536 ad
1298 1498 1586 1549 conspectum
1611 1494 1775 1549 Barac,
1799 1493 1845 1535 in
1871 1496 2069 1550 tantum,
2092 1499 2142 1536 ut
2165 1493 2314 1537 Sisara

477 1551 531 1595 de
556 1567 686 1595 curru
708 1552 940 1607 desiliens,
969 1551 1158 1609 pedibus
1182 1552 1382 1608 fugeret,
1420 1552 1456 1579 16
1479 1558 1525 1595 et
1550 1554 1693 1595 Barac
1727 1558 2062 1609 persequeretur
2085 1553 2313 1609 fugientes

476 1625 648 1667 currus,
680 1617 728 1655 et
765 1611 1030 1667 exercitum,
1066 1625 1202 1668 usque
1238 1611 1295 1654 ad
1329 1612 1554 1655 Haroseth
1585 1612 1820 1669 Gentium,
1856 1618 1905 1655 et
1940 1613 2083 1656 omnis
2118 1612 2314 1656 hostium

478 1671 718 1714 multitudo
743 1685 878 1726 usque
904 1670 962 1714 ad
987 1670 1337 1714 internecionem
1363 1671 1554 1715 caderet.

537 1729 571 1757 ¹⁷
595 1731 742 1774 Sisara
773 1735 922 1773 autem
955 1729 1135 1786 fugiens
1167 1730 1372 1786 pervenit
1403 1730 1460 1774 ad
1492 1731 1733 1774 tentorium
1770 1732 1924 1789 Jahel,
1961 1733 2110 1776 uxoris
2145 1731 2311 1791 Haber,

478 1789 618 1835 Oinaei
639 1807 648 1845 ;
674 1794 769 1833 erat
793 1789 913 1832 enim
937 1803 1026 1846 pax
1047 1789 1163 1832 inter
1187 1789 1347 1845 Jabin,
1369 1804 1521 1846 regem
1543 1792 1669 1846 Asor,
1697 1796 1742 1834 et
1762 1790 1941 1836 domum
1966 1792 2132 1847 Habet,
2156 1793 2312 1838 Cinaei.

478 1849 514 1876 18
536 1850 727 1905 Egressa
753 1849 888 1905 igitur
908 1848 1043 1892 Jahel
1068 1848 1114 1891 in
1146 1862 1374 1891 occursum
1400 1850 1581 1905 Sisarae,
1609 1849 1724 1893 dixit
1747 1851 1805 1894 ad
1821 1865 1925 1894 eum
1947 1866 1956 1894 :
1985 1852 2111 1895 Intra
2134 1853 2192 1896 ad
2217 1867 2312 1910 me,

478 1908 654 1953 domine
678 1909 764 1963 mi,
793 1908 930 1963 intra,
949 1922 1004 1951 ne
1026 1907 1200 1951 timeas,
1218 1909 1301 1959 Qui
1326 1909 1550 1965 ingressus
1573 1909 1913 1953 tabernaculum
1931 1911 2050 1967 ejus,
2069 1917 2115 1954 et
2137 1917 2313 1970 opertus

475 1968 534 2010 ab
560 1983 611 2011 ea
636 1968 791 2024 pallio,
821 1968 856 1993 19
876 1967 993 2010 dixit
1015 1967 1074 2010 ad
1110 1982 1209 2011 eam
1240 1983 1249 2011 :
1282 1969 1352 2010 Da
1383 1968 1514 2024 mihi,
1543 1968 1743 2023 obsecro,
1770 1970 2000 2026 paululum
2028 1984 2179 2027 aquae,
2209 1971 2313 2028 quia

476 2027 579 2071 sitio
605 2027 751 2073 valde.
779 2027 886 2077 Quae
914 2026 1087 2084 aperuit
1111 2032 1255 2070 utrem
1275 2027 1426 2084 lactis,
1447 2033 1490 2071 et
1515 2027 1639 2071 dedit
1663 2028 1704 2071 ei
1728 2028 1902 2085 bibere,
1921 2034 1966 2072 et
1983 2029 2154 2086 operuit
2171 2030 2312 2076 illum.

477 2085 513 2113 ΞΟ
539 2087 752 2142 Dixitque
774 2087 920 2130 Sisara
943 2086 1001 2129 ad
1027 2101 1126 2130 eam
1149 2103 1159 2129 z
1186 2087 1263 2130 Sta
1287 2092 1392 2131 ante
1425 2088 1588 2130 ostium
1611 2087 1891 2131 tabernaculi
1911 2106 1921 2144 3
1946 2094 1993 2132 et
2018 2103 2119 2132 cum
2139 2090 2314 2133 venerit

476 2145 636 2202 aliquis
657 2145 935 2202 interrogans
960 2151 1025 2203 te,
1052 2151 1097 2190 et
1119 2146 1271 2190 dicens
1292 2163 1302 2191 ε
1332 2147 1558 2203 Numquid
1578 2147 1651 2190 hic
1676 2152 1744 2192 ast
1765 2148 1960 2203 aliquis?
1990 2145 2278 2205 respondebis
2301 2163 2310 2193 :

478 2205 638 2248 Nullus
663 2211 742 2249 est.
769 2205 803 2231 ‘²1
826 2205 949 2249 Tulit
979 2206 1128 2262 itaque
1151 2206 1305 2263 Jahel,
1329 2221 1439 2250 uxor
1468 2206 1636 2263 Haber,
1663 2207 1842 2250 clavum
1867 2207 2165 2265 tabernaculi,
2192 2221 2312 2252 assu*

477 2278 602 2308 mens
627 2265 794 2322 pariter
821 2271 866 2309 et
890 2265 1103 2309 malleum
1113 2283 1130 2321 ’ς
1163 2270 1208 2309 et
1232 2265 1432 2322 ingressa
1459 2266 1722 2310 abscondite
1744 2272 1789 2310 et
1818 2281 1917 2309 cum
1941 2266 2139 2324 silentio,
2165 2268 2314 2326 posuit

477 2338 608 2380 supra
634 2329 809 2382 tempus
834 2326 993 2382 capitis
1020 2325 1117 2381 ejus
1139 2325 1336 2381 clavum,
1364 2340 1705 2383 percussumque
1728 2326 1910 2382 malleo,
1937 2326 2094 2369 defixit
2119 2327 2165 2369 in
2194 2340 2312 2371 cere·

478 2383 604 2426 brun]
626 2398 762 2440 usque
784 2385 840 2428 ad
866 2390 1029 2428 terram
1050 2401 1059 2439 ;
1084 2385 1160 2440 qui
1185 2399 1386 2441 soporem
1408 2385 1540 2430 morti
1561 2385 1821 2429 consocians
1840 2385 2029 2441 defecit,
2046 2391 2094 2429 et
2114 2392 2312 2430 mortuus

477 2448 556 2488 est.
592 2442 629 2469 Ὦ
659 2445 717 2487 Et
753 2458 857 2488 ecce
894 2445 1036 2488 Barac
1072 2458 1258 2500 sequens
1296 2445 1489 2489 Sisaram
1525 2445 1765 2499 veniebat3
1801 2458 2066 2501 egressaque
2099 2443 2233 2488 Jahel
2265 2446 2313 2491 in

478 2516 706 2546 occursum
736 2503 853 2560 ejus,
881 2504 995 2546 dixit
1020 2503 1060 2547 ei
1083 2521 1091 2548 z
1119 2504 1255 2559 Veni,
1279 2510 1324 2548 et
1347 2506 1579 2548 ostendam
1604 2504 1687 2548 tibi
1712 2504 1856 2547 virum
1876 2517 2008 2560 quem
2033 2505 2205 2561 quaeris.
2230 2505 2313 2556 Qui

477 2575 579 2604 cum
601 2562 811 2606 intrasset
843 2563 900 2607 ad
925 2578 1046 2620 eam,
1068 2562 1183 2606 vidit
1218 2563 1411 2608 Sisaram
1434 2564 1664 2620 iacentem
1691 2568 1934 2619 mortuum,
1961 2568 2007 2607 et
2035 2563 2213 2607 clavum
2244 2563 2312 2607 in-

478 2620 614 2664 fixum
639 2621 685 2664 in
709 2628 907 2679 tempore
933 2623 1043 2679 ejus.

240 2694 342 2723 Jabin
537 2679 574 2707 23
596 2681 867 2724 Humiliavit
891 2696 994 2738 ergo
1021 2683 1140 2726 Deus
1163 2683 1208 2726 in
1234 2683 1305 2726 die
1331 2683 1408 2727 illo
1430 2685 1460 2727 J
1463 2684 1589 2739 abin,
1608 2697 1761 2739 regem
1784 2682 2018 2737 Chanaan,
2039 2697 2187 2727 coram
2208 2683 2311 2728 filiis

190 2738 398 2768 humiliatur.
478 2741 638 2795 Israel,
676 2739 712 2767 24
737 2741 812 2797 qui
849 2741 1108 2785 crescebant
1143 2743 1361 2799 quotidie,
1398 2748 1445 2787 et
1483 2743 1591 2786 forti
1627 2755 1762 2786 manu
1801 2741 2113 2798 opprimebant
2149 2742 2310 2801 Jabin,

476 2813 627 2855 regem
654 2800 889 2856 Chanaan,
917 2801 1056 2844 donec
1083 2801 1282 2845 delerent
1307 2817 1420 2845 eum.

243 1728 263 1755 J
269 1727 346 1756 ahel

206 1774 241 1803 et
259 1773 380 1802 Sisara.

915 2923 938 2980 ξ
974 2924 1037 2966 Π.
1064 2923 1314 2969 —Carmcn
1347 2924 1612 2981 triumphale
1644 2923 1868 2966 Debborae.

175 3050 199 3076 τ.
220 3049 412 3097 Exordium.
538 3035 643 3079 CAP.
663 3036 716 3078 V.
736 3061 795 3069 —-
819 3037 831 3063 1
850 3038 1201 3095 Cecineruntque
1220 3039 1429 3083 Debbora
1446 3043 1490 3082 et
1510 3038 1650 3083 Barac
1668 3037 1784 3080 filius
1811 3037 2045 3095 Abinoem,
2064 3039 2110 3082 in
2127 3038 2207 3083 illo
2223 3037 2309 3095 die,

186 3094 402 3166 zaraa?
479 3094 677 3138 dioentes
705 3111 713 3138 =

612 3152 629 3180 Ξ
650 3154 732 3205 Qui
757 3160 913 3211 sponte
940 3156 1163 3201 obtulistis
1190 3159 1242 3202 de
1266 3159 1405 3202 Israel
1431 3158 1604 3201 animas
1624 3160 1794 3200 vestras
1819 3156 1875 3198 ad
1901 3156 2166 3214 periculum,

1152 3217 1403 3261 benedi-cite
1431 3217 1635 3260 Domi-no.
2026 3268 2036 3270 -

815 3271 832 3298 3
852 3273 1037 3330 Audite,
1064 3289 1190 3332 reges
1210 3294 1219 3331 3
1247 3277 1426 3320 auribus
1449 3275 1684 3333 percipite,
1714 3275 1939 3331 principes
1961 3290 1972 3319 ε

888 3332 983 3388 Ego
1008 3347 1124 3390 sum,
1148 3349 1230 3391 ego
1252 3349 1348 3378 sum
1374 3350 1472 3391 quae
1497 3334 1689 3378 Domino
1715 3347 1892 3390 canam,

1039 3394 1229 3450 psallam
1253 3395 1444 3438 Domino
1469 3396 1565 3438 Deo
1591 3393 1743 3436 Israel.

225 3464 257 3488 2⁰
276 3462 364 3509 naus
395 3504 400 3509 ¹
1010 3451 1028 3478 ⁴
1052 3453 1260 3508 Domine,
1287 3467 1386 3496 cum
1416 3454 1561 3497 exires
1583 3453 1638 3496 de
1668 3452 1772 3508 Seir,

177 3507 334 3538 potentxae
347 3507 416 3534 ¹³0¹·
981 3515 1028 3553 et
1056 3511 1265 3554 transires
1298 3526 1374 3568 per
1405 3512 1609 3569 regiones
1640 3510 1795 3567 Edom,

486 3658 529 3691 15]
548 3657 600 3686 Ps.
620 3658 796 3693 LXXXII,
815 3661 856 3686 10.
