2423 3861
40 310 70 334 ἐι
98 306 278 334 secundm.

56 780 84 805 3⁶
115 776 256 804 Tertius.

55 1071 81 1089 42
104 1069 259 1098 quart-us.

55 1323 81 1346 ἲ(
103 1318 256 1353 quintus.

69 1614 93 1635 zv<
113 1609 246 1636 sext-us.

76 1906 105 1930 7⁰
124 1904 243 1933 Matris

88 1948 228 1982 egregia

66 1990 246 2021 rvr-titudo.

99 3396 127 3419 82
145 3393 234 3421 Mors

100 3435 233 3468 septimi

83 3479 201 3509 fratris
217 3483 251 3508 et

101 3523 227 3552 matris.

351 124 458 165 1084
983 123 1029 164 H
1063 123 1215 163 MACH.
1251 123 1366 174 Vll,
1403 123 1535 163 7-233.

403 293 417 318 Τ
438 294 611 336 Mortuo
644 293 791 347 itaque
823 291 900 333 illo
928 291 1067 345 prium
1102 291 1183 332 1100
1210 290 1362 341 modo,
1396 295 1656 346 sequentem
1682 290 1966 336 deducebant
1993 292 2050 336 ad
2077 292 2175 335 illu-

345 352 563 398 dendum:
592 358 634 394 et
666 361 764 392 cute
800 349 959 405 capitis
989 349 1086 403 ejus
1120 362 1222 390 cum
1255 349 1431 405 capillis
1462 349 1712 405 abstracta,
1744 350 2104 407 interrogabant,
2142 351 2178 393 si

344 411 631 454 manducaret
672 410 791 464 prius
835 422 968 463 quam
1010 412 1102 449 toto
1144 421 1324 464 corpore
1365 422 1442 464 per
1478 409 1680 451 membra
1719 408 1897 465 singula
1937 410 2178 466 puniretur.

344 473 360 497 '³
384 471 447 513 At
475 470 571 523 ille,
605 466 875 523 respondens
905 467 1049 523 patria
1079 480 1207 522 voce,
1243 466 1359 509 dixit
1385 485 1394 512 :
1427 468 1527 510 Non
1557 468 1741 512 faciam.
1776 469 1962 525 Propter
1990 469 2107 524 quod
2136 474 2182 512 et

342 529 445 584 iste,
470 526 669 582 sequenti
694 526 810 582 loco,
837 525 967 582 primi
995 532 1216 568 tormenta
1237 526 1458 582 suscepit,
1483 527 1500 552 9
1518 532 1562 570 01
1583 527 1629 569 10
1652 528 1811 570 11111010
1833 527 1992 584 spiritu
2018 527 2179 570 consti—

343 595 475 642 1111110,
502 587 565 628 sic
591 587 679 628 ait:
706 585 774 627 Tu
799 585 990 641 quidem,
1018 585 1346 641 scelestissime,
1373 586 1420 628 in
1446 587 1656 643 praesenti
1683 587 1777 629 vita
1802 602 1882 630 1100
1906 587 2080 644 perdis;
2104 587 2180 629 sed

341 661 417 689 rex
447 645 600 687 mundi
632 643 872 687 defunctos
893 658 979 696 ,nos
1011 657 1090 699 pro
1114 644 1206 686 suis
1232 644 1405 700 legibus
1438 646 1483 688 in
1520 651 1700 688 aeternae
1725 646 1832 688 vitae
1861 645 2182 689 resurrectione

341 704 587 747 suscitabit.

403 763 435 789 ¹⁰
462 764 567 806 Post
590 763 708 807 hunc
741 763 898 807 tertius
928 763 1154 818 illuditur3
1189 769 1232 808 et
1264 764 1468 821 linguam
1498 765 1749 822 postulatus
1783 766 1870 808 cito
1903 765 2107 822 protulit,
2138 764 2181 809 et

340 838 497 866 manus
520 827 775 866 constanter
799 822 1024 878 extendit,
1058 823 1089 849 ‘¹¹
1121 828 1166 866 et
1192 838 1291 867 cum
1319 824 1482 867 fiducia
1515 824 1610 868 ait:
1639 825 1675 867 Ε
1701 824 1812 867 00010
1841 825 1927 867 ista
1956 822 2180 881 possideo,

341 883 416 925 sed
446 888 624 939 propter
651 882 733 925 Dei
766 882 889 937 leges
917 896 1036 924 1111110
1068 883 1165 925 11000
1195 883 1292 939 ipsa
1325 884 1541 940 despicio,
1574 885 1783 939 quoniam
1812 884 1869 926 ab
1898 884 1994 940 ipso
2027 898 2099 927 me
2130 898 2181 926 ea

340 948 618 998 recepturum
650 956 802 998 spero3
835 941 867 967 ²2
884 942 949 984 ita
972 947 1019 984 ut
1043 957 1143 997 rex,
1170 951 1214 985 et
1247 944 1321 998 qui
1349 958 1449 986 cum
1476 943 1571 1000 ipso
1606 950 1752 999 era-nt,
1784 944 2051 986 mirarentur
2075 942 2180 986 ado-

341 1001 549 1044 lescentis
569 1001 793 1056 animum,
819 1001 936 1057 quod
961 1006 1176 1057 tanquam
1197 1002 1390 1045 nihilum
1415 1003 1598 1046 duceret
1623 1003 1859 1046 cruciatus.

400 1061 436 1087 '¹3
463 1062 520 1103 Et
553 1061 635 1103 hoc
668 1060 731 1103 ita
764 1060 1001 1116 defuneto,
1028 1067 1235 1116 quartum
1268 1063 1496 1105 vexabant
1528 1062 1735 1105 similiter
1760 1067 2028 1118 torquentes.
2064 1061 2100 1088 ¹4
2123 1063 2181 1105 Et

340 1135 440 1163 0010
466 1120 561 1176 jam
586 1126 701 1163 esset
726 1120 783 1164 ad
810 1125 1018 1176 mortem,
1046 1121 1110 1163 sic
1135 1121 1226 1164 ait:
1251 1122 1405 1164 Potius
1428 1127 1495 1164 est
1517 1123 1574 1164 ab
1604 1121 1860 1164 hominibus
1887 1121 2018 1165 morti
2053 1121 2180 1164 datos

341 1195 464 1237 spem
497 1185 732 1236 expectare
761 1195 788 1222 a
827 1181 941 1235 Deo,
972 1179 1133 1223 iterum
1165 1180 1222 1223 ab
1255 1180 1351 1236 ipso
1382 1181 1738 1236 resuscitandos3
1773 1181 1855 1224 tibi
1890 1181 2009 1225 enim
2041 1195 2181 1224 resur-

341 1239 476 1283 rectio
501 1240 558 1282 ad
580 1239 721 1282 vitam
743 1254 831 1282 non
857 1239 951 1283 erit.
1316 1280 1323 1289 ,

404 1299 436 1324 ¹⁵
457 1300 513 1341 Et
539 1313 639 1341 curn
668 1299 973 1342 admovissent
1002 1301 1227 1356 quintum,
1251 1301 1479 1343 vexabant
1511 1315 1628 1344 eum.
1659 1300 1723 1343 At
1751 1300 1828 1343 ille
1862 1299 2102 1357 respiciens
2133 1298 2182 1343 in
2246 1348 2251 1353 ,

340 1372 460 1414 eum,
493 1358 640 1401 dixit:
674 1358 709 1385 ¹⁶
736 1360 1009 1402 Potestatem
1038 1359 1156 1402 inter
1180 1360 1383 1402 homines
1415 1359 1607 1416 habens,
1635 1374 1737 1402 cum
1766 1360 1826 1403 sis
1859 1359 2179 1416 corruptibilis,

340 1417 456 1460 facis
481 1418 598 1474 quod
627 1418 694 1461 vis
711 1435 721 1473 3
737 1418 828 1462 noli
854 1424 1004 1462 autem
1029 1424 1185 1475 putare
1214 1434 1355 1474 genus
1384 1427 1584 1462 nostrum
1608 1434 1635 1462 a
1658 1421 1752 1462 Deo
1782 1433 1876 1462 esse
1906 1419 2181 1464 derelictum.

346 1477 375 1502 Π
406 1478 473 1520 Tu
511 1484 660 1520 autem
693 1477 915 1534 patienter
947 1478 1141 1534 sustine,
1176 1485 1220 1522 et
1252 1478 1428 1522 videbis
1466 1494 1680 1535 magnam
1717 1483 1986 1536 potestatem
2021 1478 2182 1536 ipsius,

342 1537 531 1592 qualiter
556 1541 600 1580 te
623 1543 667 1580 et
691 1551 843 1580 semen
869 1543 995 1580 tuum
1020 1538 1255 1593 torquebit.
1866 1581 1867 1585 ,

404 1596 436 1623 ¹8
467 1597 574 1640 Post
609 1597 728 1639 hunc
762 1597 987 1640 ducebant
1019 1603 1216 1651 sextum,
1249 1603 1292 1640 et
1325 1598 1382 1650 10,
1419 1598 1529 1640 mori
1562 1598 1803 1654 incipiens,
1842 1598 1906 1640 sic
1942 1598 2007 1640 ait
2035 1615 2046 1642 :
2078 1598 2183 1641 Noli

343 1656 507 1699 frustra
534 1670 701 1710 errare,
729 1670 809 1699 000
834 1656 955 1699 enim
978 1661 1156 1713 propter
1181 1657 1474 1713 nosmetipsos
1499 1657 1599 1700 11000
1623 1658 1839 1713 patimur,
1866 1662 2103 1712 peccantes
2134 1657 2184 1700 in

345 1716 488 1758 Deum
514 1721 734 1771 nostrum,
761 1720 806 1758 et
834 1716 972 1771 digna
1000 1715 1297 1759 admiratione
1330 1717 1456 1758 facta
1482 1722 1585 1759 sunt
1617 1717 1665 1758 in
1697 1716 1840 1759 nobis.
1872 1715 1908 1742 '¹⁰
1932 1718 2001 1759 Tu
2031 1722 2182 1759 autem

343 1788 397 1817 ne
430 1774 658 1817 existimes
690 1774 773 1817 tibi
805 1774 985 1831 impune
1022 1775 1244 1831 futurum,
1281 1776 1397 1830 quod
1431 1780 1585 1819 contra
1624 1776 1768 1818 Deum
1801 1790 2001 1832 pugnare
2036 1781 2181 1819 tenta-

345 1833 472 1877 veris.
678 1874 680 1876 ,

403 1892 440 1920 ‘²⁰
464 1893 604 1950 Supra
635 1894 818 1937 modurn
851 1900 1000 1937 01110111
1034 1900 1176 1938 mater
1205 1895 1444 1950 mirabilis,
1468 1900 1514 1938 et
1538 1894 1756 1938 bonorum
1782 1895 1996 1937 memoria
2023 1893 2182 1950 digna,

343 1967 441 2008 quae
463 1959 698 2009 pereuntes
724 1958 893 2010 septem
918 1953 1032 1996 filios
1056 1954 1139 1996 sub
1162 1954 1293 1997 unius
1311 1954 1399 1997 diei
1422 1959 1622 2010 tempore
1641 1953 1934 2010 conspiciens,
1954 1953 2070 1996 bono
2087 1953 2183 1996 ani-

344 2026 415 2055 1110
439 2013 636 2067 serebat,
669 2019 845 2069 propter
878 2027 1003 2069 spem
1035 2027 1168 2069 quam
1201 2014 1249 2056 in
1283 2015 1428 2057 Deum
1456 2013 1679 2069 habebat3
1714 2012 1748 2039 2¹
1776 2013 1978 2069 singulos
2005 2013 2185 2057 illorum

342 2072 603 2114 hortabatur
621 2086 728 2114 voce
760 2072 904 2128 patria
927 2072 1117 2128 fortiter,
1139 2073 1309 2130 repleta
1339 2073 1587 2130 sapientia3
1613 2080 1659 2116 et
1683 2072 1895 2116 femineae
1922 2071 2185 2128 cogitationi

342 2131 639 2173 masculinum
669 2131 870 2173 animum
895 2131 1114 2182 inserens,
1143 2131 1179 2158 Ἦ
1206 2132 1321 2175 dixit
1348 2133 1406 2175 ad
1433 2147 1505 2176 eos
1528 2149 1537 2176 :
1570 2132 1731 2176 Nescio
1759 2132 1952 2188 qualiter
1979 2132 2027 2174 in
2060 2138 2184 2176 utero

343 2205 440 2233 meo
469 2190 762 2247 apparuistis3
799 2205 939 2246 neque
974 2192 1093 2234 enim
1127 2206 1209 2248 ego
1242 2193 1449 2248 spiritum
1479 2198 1524 2235 et
1559 2193 1758 2235 animam
1791 2192 1955 2235 donavi
1981 2191 2108 2235 vobis
2138 2197 2184 2234 et

344 2250 503 2306 vitam,
528 2256 571 2292 et
592 2249 871 2306 singulorum
892 2251 1094 2294 membra
1119 2265 1208 2294 non
1233 2265 1316 2307 ego
1336 2252 1436 2308 ipsa
1461 2252 1692 2308 compegi,
1720 2251 1757 2278 '23
1774 2251 1852 2294 sed
1881 2251 2001 2295 enim
2027 2251 2182 2294 mundi

342 2310 534 2365 Creator,
562 2310 635 2365 qui
658 2309 874 2352 formavit
898 2309 1092 2353 hominis
1117 2311 1417 2366 nativitatem,
1444 2311 1606 2367 quique
1628 2311 1826 2355 omnium
1851 2310 2025 2354 invenit
2050 2310 2183 2366 origi.-

343 2383 465 2425 nem,
499 2374 544 2412 01
575 2369 780 2425 spiritum
814 2369 940 2413 vobis
969 2369 1130 2414 iterum
1159 2385 1262 2413 cum
1291 2370 1594 2414 misericordia
1623 2371 1781 2414 reddet
1805 2375 1851 2413 et
1875 2370 2038 2425 vitam,
2067 2369 2184 2414 sicut

343 2443 460 2471 01100
486 2429 778 2485 vosmetipsos
805 2428 1033 2485 despicitis
1057 2437 1237 2487 propter
1259 2430 1381 2486 leges
1407 2430 1519 2486 ejus.

402 2487 438 2514 '24
456 2488 706 2531 Antiochus
726 2494 890 2544 autem,
915 2489 1141 2532 contemni
1165 2504 1212 2533 00
1238 2490 1492 2546 arbitratus,
1520 2489 1652 2532 simul
1674 2494 1720 2533 et
1745 2489 2056 2547 exprobrantis
2073 2503 2182 2533 voce

342 2548 571 2605 despecta,
599 2562 702 2592 cum
727 2548 873 2591 adhuc
898 2549 1224 2593 adolescentior
1255 2555 1525 2607 superesset,
1559 2564 1648 2593 non
1681 2549 1826 2593 solum
1855 2549 2003 2601 yerbis
2036 2549 2182 2592 horta-

344 2607 486 2663 batur,
506 2608 583 2651 sed
609 2614 654 2651 et
678 2622 780 2651 cum
804 2608 1059 2664 juramento
1079 2610 1361 2664 affirmabat,
1386 2624 1431 2653 se
1455 2609 1642 2652 divitem
1666 2615 1710 2652 et
1731 2608 1913 2652 beatum
1939 2608 2181 2662 iacturum,

342 2672 389 2709 et
413 2667 680 2710 translatum
705 2682 732 2710 a
755 2667 911 2725 patriis
937 2667 1112 2725 legibus
1141 2669 1338 2712 amicum
1367 2669 1647 2724 habiturum,
1675 2675 1718 2712 et
1742 2682 1811 2711 res
1837 2667 2109 2712 necessarias
2137 2667 2183 2712 ,01

344 2727 648 2782 praebiturum.
683 2726 720 2754 25
754 2727 840 2770 Sed
879 2728 936 2771 ad
977 2728 1076 2771 11000
1117 2743 1218 2772 0010
1255 2729 1514 2772 adolescens
1551 2742 1833 2784 nequaquam
1869 2727 2181 2782 inclinaretur,

346 2786 523 2829 vocavit
558 2801 636 2830 rex
673 2792 881 2843 matrem,
921 2794 964 2830 01.
1001 2788 1219 2831 suadebat
1260 2789 1300 2831 ei
1342 2793 1391 2830 ut
1426 2787 1700 2832 adolescenti
1742 2787 1866 2830 fieret
1898 2787 1945 2830 in
1977 2787 2182 2830 salutem.

344 2844 381 2871 ΨΒ
402 2845 512 2888 Cum
545 2852 694 2890 autem
729 2846 882 2890 multis
915 2861 1012 2890 eam
1042 2848 1190 2890 Verbis
1227 2855 1342 2891 esset
1380 2848 1602 2903 hortatus,
1641 2846 1845 2904 promisit
1877 2860 2106 2890 suasuram
2136 2859 2183 2889 se

345 2904 434 2947 filio
460 2919 551 2948 suo.
578 2905 612 2932 '2⁷
637 2907 794 2961 Itaque
827 2905 1045 2950 inclinata
1077 2907 1134 2951 ad
1167 2907 1317 2962 illum,
1352 2907 1540 2950 irridens
1570 2906 1794 2950 crudelem
1830 2911 2092 2963 tyrannum,
2119 2905 2182 2948 ait

345 2964 488 3019 patria
510 2979 617 3008 voce
637 2981 646 3008 :
670 2965 758 3007 Fili
781 2965 855 3020 101,
878 2965 1085 3010 miserere
1109 2966 1208 3023 mei,
1233 2981 1332 3023 quae
1359 2973 1401 3010 te
1427 2967 1474 3010 in
1495 2972 1620 3009 utero
1646 2980 1807 3010 novem
1833 2965 2058 3008 mensibus
2083 2979 2182 3021 por-

345 3023 458 3078 tavi,
489 3032 533 3065 et
558 3023 627 3066 lac
657 3024 848 3067 triennio
873 3025 974 3068 dedi
1000 3031 1045 3069 et
1077 3026 1190 3082 alui,
1225 3032 1270 3070 et
1298 3027 1344 3069 in
1376 3032 1555 3069 {etatem
1587 3026 1723 3069 istam
1755 3023 1956 3081 perduxi.
1992 3023 2028 3051 2⁸
2051 3024 2181 3079 Peto,

345 3087 468 3136 nate,
495 3088 542 3124 ut
566 3083 758 3138 aspicias
790 3083 847 3126 ad
880 3084 1040 3128 0001010
1073 3092 1118 3129 01
1146 3092 1330 3142 terram,
1359 3093 1402 3130 et
1435 3085 1492 3130 ad
1522 3085 1671 3128 omnia
1696 3098 1794 3141 quae
1817 3083 1865 3126 in
1895 3083 1958 3126 eis
1989 3091 2114 3138 sunt,
2140 3089 2183 3127 et

345 3140 571 3196 intelligas
597 3143 699 3196 quia
726 3157 781 3184 ex
810 3143 949 3186 nihilo
978 3145 1090 3188 fecit
1121 3145 1202 3188 illa
1227 3147 1368 3200 Deus,
1395 3151 1440 3188 et
1468 3144 1700 3188 hominum
1731 3157 1902 3199 genus:
1934 3142 1971 3169 ‘29
1996 3143 2060 3186 ita
2085 3142 2181 3196 fiet,

346 3206 394 3243 ut
422 3214 510 3243 non
542 3201 701 3244 timeas
727 3202 981 3246 carnificem
1005 3204 1168 3260 istum,
1193 3205 1270 3248 sed
1290 3205 1456 3262 dignus
1481 3203 1698 3248 fratribus
1719 3202 1809 3245 tuis
1834 3202 2022 3246 effectus
2046 3201 2183 3258 110111-

345 3273 470 3326 ceps,
495 3260 670 3317 suscipe
701 3266 908 3317 mortem,
934 3267 983 3304 ut
1012 3263 1056 3305 in
1086 3264 1165 3306 illa
1192 3264 1476 3308 miseratione
1501 3277 1603 3307 cum
1632 3260 1847 3305 fiatribus
1876 3261 1965 3304 tuis
1996 3266 2042 3304 te
2073 3260 2183 3304 reci—

347 3332 478 3373 piam.
1467 3357 1469 3359 ,

405 3377 443 3404 ³⁰
460 3379 571 3423 Cum
596 3380 692 3423 11000
725 3379 803 3423 1110
827 3381 974 3423 adhuc
1003 3382 1191 3439 diceret,
1219 3385 1282 3427 ait
1312 3383 1601 3427 adolescens:
1626 3382 1769 3432 Quem
1800 3380 2069 3424 sustinetis?
2094 3395 2183 3425 11011

349 3436 504 3480 obedio
527 3444 750 3497 praecepto
770 3440 901 3496 regis,
920 3440 997 3484 sed
1016 3449 1238 3498 praecepto
1256 3443 1382 3499 legis,
1400 3456 1500 3498 quae
1516 3441 1626 3484 data
1645 3446 1715 3484 est
1735 3440 1863 3483 nobis
1881 3454 1960 3496 per
1981 3441 2182 3497 Moysen.
2226 3452 2233 3457 ·

349 3494 382 3520 ²²¹
402 3496 469 3537 Tu
494 3511 616 3551 vero,
643 3499 717 3555 qui
743 3499 948 3543 inventor
972 3500 1115 3542 omnis
1142 3501 1327 3545 malitiae
1354 3502 1502 3545 factus
1535 3514 1581 3543 es
1608 3499 1655 3543 in
1683 3500 1920 3554 Hebraeos,
1949 3513 2038 3543 non
2067 3498 2182 3543 effu-

349 3553 444 3609 gies
463 3568 643 3598 manum
667 3559 762 3601 Dei.
790 3558 828 3585 3'2
848 3560 938 3602 Nos
971 3559 1090 3602 enim
1120 3575 1196 3615 pro
1231 3561 1424 3616 peccatis
1458 3559 1618 3603 nostris
1649 3559 1745 3602 haec
1778 3559 1997 3616 patimur,
2024 3559 2062 3586 33
2079 3557 2183 3604 etsi

351 3613 475 3655 nobis
510 3623 685 3671 proptor
709 3618 1058 3673 iuorepatiouern
1092 3626 1135 3661 01
1170 3619 1490 3675 correptionem
1519 3618 1733 3661 Dominus
1761 3619 1882 3662 Deus
1915 3624 2063 3663 noster
2088 3632 2181 3662 10ον
