2456 3861
824 102 870 144 11
906 102 1015 144 PAR.
1052 102 1092 150 I,
1131 103 1183 143 10
1215 102 1374 157 -11,
1413 103 1479 146 18.
1975 105 2061 149 409

234 285 393 313 aurum
433 271 478 312 in
518 271 768 315 Jerusalem
813 273 935 328 quasi
977 274 1170 330 lapides,
1212 279 1256 317 et
1299 274 1450 316 cedros
1491 274 1616 329 quasi
1653 288 1927 330 sycomoros,
1966 289 2063 331 quae

238 335 479 372 nascuntur
505 330 548 372 in
576 332 896 387 campestribus
919 333 1202 375 multitudine
1226 347 1402 387 inagna.
1431 332 1462 359 ¹⁰
1477 333 1826 376 Adducebantiu·
1850 341 1998 377 autem
2024 334 2063 376 ei

236 388 336 443 equi
364 388 418 431 de
442 390 662 446 AEgypto,
686 396 729 433 et
751 390 804 433 de
828 391 936 445 Coa,
960 406 986 433 a
1008 392 1354 446 negotiatoribus
1379 392 1514 447 regis,
1533 392 1606 447 qui
1629 392 1772 447 ibant,
1793 399 1836 435 et
1857 393 2065 435 emebant

237 447 398 502 pretio,
421 447 452 473 ¹7
470 449 730 504 quadrigam
754 464 961 505 equorum
984 451 1205 493 sexcentis
1230 451 1474 506 argenteis,
1494 455 1538 494 et
1563 465 1720 506 equum
1745 456 1922 494 centum
1941 452 2064 507 quin-

238 505 480 561 quaginta;
513 507 717 550 similiter
742 508 795 551 de
822 508 1037 551 universis
1066 509 1212 564 regnis
1245 510 1555 565 Hethzeoruin,
1586 515 1630 552 et
1652 524 1684 552 a
1716 510 1893 566 regibus
1929 510 2066 566 Syriae

233 564 403 620 emptio
429 565 746 609 celebrabatur.

514 694 680 736 Ssso'rio
716 692 777 735 II.
803 718 862 723 —
894 693 1075 734 Teum
1111 704 1425 737 CONsTRUOTIO
1462 707 1516 737 ur
1552 707 1799 739 0001οΑ110

609 812 632 868 §
668 813 702 854 I.
736 837 795 843 -—
826 813 1090 868 Apparatus
1121 813 1184 855 ad
1213 820 1479 856 structuram
1514 817 1672 871 templi.

295 922 402 965 CAP.
426 920 489 963 II.
506 945 562 953 ·-
583 920 593 946 ¹
612 921 820 964 Decrevit
840 927 991 965 autem
1014 922 1222 966 Salomon
1243 922 1462 966 aedificare
1481 924 1660 967 domuin
1684 925 1851 968 nomini
1877 927 2069 983 Domini,

233 986 281 1024 et
310 979 528 1036 palatium
552 979 650 1022 sibi.
674 979 691 1005 2
710 981 768 1022 Et
797 981 1049 1024 numeravit
1079 982 1364 1038 septuaginta
1398 981 1540 1025 millia
1573 983 1765 1026 virorum
1799 985 2071 1039 portantium

234 1038 451 1093 humeris,
478 1043 522 1081 et
551 1039 780 1094 octoginta
804 1039 948 1082 millia
972 1040 1045 1095 qui
1075 1040 1299 1084 caederent
1327 1041 1496 1098 lapides
1517 1042 1565 1084 in
1588 1042 1833 1098 montibus,
1862 1044 2070 1100 praeposi-

234 1103 391 1153 tosque
415 1111 566 1140 eorum
591 1098 676 1140 tria
701 1098 844 1141 millia
866 1103 1112 1143 sexcentos.

295 1156 314 1183 3
330 1156 456 1199 Misit
480 1171 651 1212 quoque
672 1157 729 1200 ad
758 1157 938 1214 Hiram,
965 1172 1115 1214 regem
1138 1158 1256 1215 Tyri,
1281 1159 1459 1204 dicens:
1482 1160 1605 1204 Sicut
1630 1161 1761 1216 egisti
1784 1175 1882 1204 cum
1910 1161 2071 1217 David,

231 1220 360 1273 patre
387 1230 505 1271 meo,
533 1221 578 1259 et
609 1216 770 1259 misisti
800 1217 840 1259 ei
865 1217 989 1273 ligna
1016 1218 1215 1272 cedrina,
1248 1223 1297 1261 ut
1324 1219 1563 1262 aedificaret
1588 1219 1671 1262 sibi
1703 1220 1884 1263 domum
1908 1221 1955 1263 in
1988 1235 2075 1277 qua

234 1280 282 1318 et
305 1274 548 1331 habitavit,
575 1275 673 1318 4sic
699 1275 776 1319 fac
807 1290 1003 1332 mecum,
1034 1281 1082 1319 ut
1112 1277 1328 1320 aedificem
1359 1278 1537 1321 domum
1572 1279 1738 1321 nomini
1775 1279 1956 1322 Domini
1991 1281 2072 1323 Dei

235 1334 337 1389 mei,
361 1339 410 1376 ut
435 1348 689 1377 consecrem
711 1349 810 1378 eam
831 1335 889 1377 ad
912 1335 1181 1378 adolendum
1207 1336 1437 1379 incensum
1461 1351 1609 1380 coram
1633 1337 1721 1393 illo,
1742 1343 1786 1382 et
1807 1339 2073 1395 fumiganda

236 1398 458 1449 aromata,
486 1399 529 1436 et
550 1393 607 1436 ad
633 1393 979 1450 propositionem
1005 1409 1170 1450 panum
1196 1395 1532 1451 sempiternam,
1561 1402 1605 1439 et
1635 1397 1690 1439 ad
1717 1398 2074 1440 holocautomata

237 1466 368 1495 mane
390 1457 436 1495 et
455 1465 649 1508 vespere,
677 1452 875 1495 sabbatis
899 1467 1070 1508 quoque
1097 1458 1140 1496 et
1161 1454 1420 1510 neomeniis,
1444 1460 1487 1497 et
1513 1455 1869 1498 solemnitatibus
1895 1457 2073 1499 Domini

238 1511 321 1554 Dei
359 1511 497 1554 nostri
530 1511 578 1552 in
614 1511 955 1567 sempiternum,
991 1526 1089 1567 quae
1127 1513 1340 1555 mandata
1376 1520 1479 1556 sunt
1512 1514 1682 1557 Israeli.
1714 1515 1731 1541 5
1754 1516 1922 1557 Domus
1956 1516 2075 1558 enim

237 1584 370 1626 quam
405 1569 623 1612 aedificare
660 1569 788 1626 cupio
822 1585 987 1626 magna
1020 1577 1110 1626 est,
1148 1585 1335 1626 magnus
1369 1577 1435 1614 est
1468 1572 1586 1615 enim
1623 1574 1741 1616 Deus
1774 1579 1923 1616 noster
1947 1588 2076 1631 super

237 1643 391 1672 omnes
415 1629 531 1671 deos.
555 1629 572 1654 ss
589 1628 695 1678 Quis
718 1643 823 1684 ergo
846 1630 1007 1686 pot-erit
1033 1630 1297 1686 praevalere,
1321 1636 1369 1673 ut
1388 1631 1578 1674 aedificet
1596 1632 1635 1675 ei
1659 1632 1844 1688 dignam
1863 1633 2074 1676 domum?

237 1688 282 1732 Si
307 1687 490 1743 caelum,
512 1692 558 1730 et
583 1687 682 1730 caeli
712 1688 920 1731 caelorum
956 1703 1112 1745 capere
1139 1703 1240 1732 eum
1264 1695 1510 1746 nequeunt,
1542 1696 1843 1748 quantusego
1877 1706 1994 1748 sum,
2027 1699 2077 1736 ut

235 1747 402 1804 possim
429 1746 649 1789 aedificare
678 1746 718 1789 ei
744 1747 956 1792 domum?
989 1749 1074 1792 Sed
1099 1748 1156 1791 ad
1185 1749 1270 1791 hoc
1298 1754 1494 1805 tantum,
1521 1755 1570 1793 ut
1594 1751 1824 1794 adoleatur
1843 1751 2076 1794 incensum

237 1820 386 1849 coram
407 1806 497 1849 illo.
525 1805 540 1831 7
559 1806 689 1848 Mitte
715 1820 819 1862 ergo
845 1807 956 1849 mihi
981 1807 1125 1850 Virum
1148 1807 1390 1864 eruditum,
1415 1808 1488 1864 qui
1510 1810 1684 1852 noverit
1705 1811 1874 1866 operari
1900 1811 1945 1853 in
1971 1825 2076 1853 auro

236 1870 282 1908 et
304 1870 512 1921 argento,
551 1879 634 1907 tere
669 1870 713 1908 et
745 1866 885 1922 ferro,
919 1881 1132 1923 purpura,
1168 1867 1368 1924 coccino,
1404 1873 1448 1910 et
1482 1868 1744 1925 hyacintho,
1781 1874 1826 1912 et
1857 1870 1932 1926 qui
1965 1870 2078 1913 sciat

237 1924 436 1981 sculpere
463 1924 698 1967 caelaturas
725 1938 826 1967 curn
855 1926 923 1969 his
947 1926 1212 1981 artificibus,
1237 1940 1345 1982 quos
1374 1941 1550 1970 1110011111
1582 1928 1723 1971 habeo
1757 1928 1802 1970 in
1841 1929 2000 1972 Judaea
2033 1934 2076 1972 et

237 1983 510 2038 Jerusalem,
549 1997 656 2038 quos
690 1985 957 2040 praeparavit
994 1984 1142 2028 David
1174 1991 1301 2042 pater
1328 2000 1464 2030 meus..
1499 1988 1515 2014 8
1546 1987 1630 2031 Sed
1665 1993 1710 2031 et
1741 1988 1865 2044 ligna
1899 1988 2077 2032 cedrina

237 2042 365 2085 mitte
395 2042 525 2098 mihi,
553 2048 598 2085 et
622 2044 902 2100 arceuthina,
930 2049 975 2088 et
999 2045 1132 2101 pinea
1157 2045 1211 2088 de
1238 2045 1436 2101 Liban0;
1465 2047 1555 2090 scio
1582 2047 1699 2090 enim
1726 2048 1842 2103 quod
1872 2047 1987 2090 servi
2011 2047 2076 2090 tui

237 2101 442 2144 noverint
479 2101 650 2144 eaedere
684 2102 808 2157 ligna
838 2103 891 2146 de
929 2104 1123 2159 Libano,
1159 2110 1203 2147 et
1235 2110 1362 2148 erunt
1399 2106 1513 2148 servi
1548 2106 1634 2149 mei
1664 2120 1763 2148 cum
1794 2107 1930 2149 servis
1960 2107 2072 2158 tuis,

238 2160 255 2186 9
279 2165 328 2203 ut
363 2165 576 2217 parentur
611 2160 721 2203 mihi
759 2161 883 2218 ligna
919 2163 1136 2219 plurima,
1173 2163 1328 2207 domus
1367 2165 1486 2207 enim
1523 2179 1656 2221 quam
1693 2166 1822 2222 cupio
1858 2165 2077 2208 aedificare

237 2234 403 2275 magna
429 2225 495 2262 est
517 2219 671 2275 nimis,
699 2225 743 2263 et
767 2220 950 2277 inclyta.
978 2221 1010 2248 ¹⁰
1029 2223 1251 2265 Praeterea
1277 2224 1506 2281 operariis,
1531 2224 1603 2280 qui
1631 2225 1787 2267 caesuri
1810 2230 1912 2268 sunt
1930 2225 2074 2280 ligna,

237 2278 376 2322 servis
403 2279 511 2335 tuis,
548 2279 662 2322 dabo
696 2280 742 2321 in
776 2280 944 2323 cibaria
977 2281 1115 2323 tritici
1149 2296 1270 2325 coros
1295 2283 1459 2339 viginti
1493 2283 1655 2339 millia,
1691 2289 1736 2327 et
1767 2284 1921 2327 hordei
1955 2297 2077 2326 coros

236 2337 446 2394 totidem,
470 2343 515 2380 et
540 2338 633 2380 vini
664 2338 827 2394 viginti
855 2339 998 2382 millia
1022 2343 1254 2397 metretas,
1284 2342 1369 2384 olei
1398 2356 1569 2398 quoque
1599 2348 1696 2386 sata
1725 2343 1886 2399 viginti
1921 2342 2076 2385 millia.

298 2396 331 2422 ¹¹
353 2397 479 2440 Dixit
503 2403 655 2440 autem
686 2398 866 2454 Hiram,
900 2413 978 2441 rex
1006 2399 1132 2455 Tyri,
1162 2413 1240 2455 per
1268 2400 1440 2444 litteras
1466 2416 1574 2457 quas
1606 2403 1788 2445 miserat
1820 2402 2075 2447 Salomoni:

233 2457 350 2507 Quia
374 2455 533 2499 dilexit
560 2457 777 2501 Dominus
799 2459 1012 2514 populum
1033 2472 1180 2514 suum,
1208 2459 1373 2502 idcirco
1394 2465 1438 2503 te
1463 2474 1647 2516 regnare
1673 2461 1786 2504 fecit
1810 2475 1940 2517 super
1962 2475 2075 2504 eum.

239 2515 275 2541 ¹2
293 2517 351 2558 Et
372 2516 566 2573 addidit,
595 2517 772 2560 dicens:
800 2517 1068 2560 Benedictus
1094 2518 1329 2573 Dominus,
1361 2520 1481 2562 Deus
1504 2520 1664 2576 Israel,
1688 2521 1762 2575 qui
1783 2520 1895 2562 fecit
1917 2520 2078 2562 caelum

236 2580 284 2618 et
306 2579 495 2632 terram,
517 2575 592 2632 qui
617 2575 741 2619 dedit
769 2577 915 2619 David
941 2576 1035 2632 regi
1061 2576 1202 2619 filium
1232 2578 1501 2634 sapientem,
1525 2583 1570 2621 et
1595 2579 1836 2634 eruditum,
1859 2586 1904 2622 et
1929 2593 2076 2622 sensa-

235 2638 354 2689 tum,
381 2639 513 2690 atque
539 2635 822 2691 prudentem,
846 2641 894 2678 ut
926 2635 1166 2678 aedificaret
1195 2636 1374 2679 domum
1409 2637 1622 2693 Domino,
1653 2642 1697 2681 et
1729 2638 1946 2694 palatium
1977 2637 2075 2681 sibi.

239 2693 276 2720 ¹3
294 2693 398 2736 Misi
414 2707 519 2750 ergo
538 2693 622 2736 tibi
637 2693 782 2736 virum
801 2695 1065 2751 prudentem
1087 2699 1131 2737 et
1152 2695 1496 2738 scientissimum
1517 2696 1695 2752 Hiram,
1715 2702 1887 2753 patrem
1906 2711 2075 2753 meum,

239 2751 275 2778 ¹4
299 2752 440 2796 filium
469 2753 667 2796 mulieris
698 2754 752 2797 de
778 2753 954 2797 filiabus
976 2755 1100 2808 Dan,
1123 2754 1252 2810 cujus
1274 2760 1399 2811 pater
1424 2755 1513 2798 fuit
1534 2755 1713 2812 Tyrius,
1733 2755 1806 2811 qui
1828 2756 1953 2799 novit
1975 2770 2077 2813 ope-

235 2811 325 2854 rari
349 2811 395 2854 in
419 2826 526 2855 auro
552 2817 597 2855 et
621 2818 828 2869 argento,
860 2828 964 2869 aere,
989 2819 1033 2856 et
1058 2813 1196 2869 ferro,
1225 2819 1269 2856 et
1293 2827 1532 2869 marmore,
1563 2820 1607 2858 et
1631 2814 1787 2871 lignis,
1815 2815 1860 2857 in
1885 2829 2078 2872 purpura

236 2885 430 2927 quoque,
465 2876 511 2914 et
543 2871 805 2928 hyacintho,
838 2877 882 2916 et
914 2872 1066 2929 bysso,
1102 2878 1147 2915 et
1178 2873 1383 2928 coccino,
1412 2878 1456 2916 et
1485 2873 1559 2929 qui
1591 2874 1675 2917 scit
1709 2874 1867 2918 caelare
1901 2888 2077 2918 omnem

237 2930 532 2986 sculpturam,
567 2936 612 2974 et
644 2931 904 2975 adinvenire
935 2931 1174 2988 prudenter
1202 2931 1507 2988 quodcumque
1540 2932 1586 2975 in
1616 2947 1746 2990 opere
1779 2934 2077 2976 necessarium

238 2993 326 3044 est,
354 3003 455 3032 cum
476 2989 721 3034 artificibus
747 2991 855 3047 tuis,
883 2996 927 3034 et
949 3005 1050 3033 cum
1070 2990 1314 3034 artificibus
1336 2991 1504 3034 domini
1529 2991 1617 3035 mei
1639 2992 1809 3048 David,
1833 2992 1971 3049 patris
1996 2992 2074 3036 tui.

240 3046 276 3074 1⁵
293 3047 511 3091 Triticum
536 3063 653 3105 ergo,
674 3055 718 3093 et
735 3050 962 3105 hordeum,
982 3055 1026 3093 et
1044 3049 1202 3106 oleum,
1223 3054 1268 3093 et
1284 3049 1439 3093 vinum
1457 3065 1552 3107 quae
1574 3051 1800 3108 pollicitus
1819 3064 1877 3107 es,
1899 3051 2078 3095 domine

239 3106 322 3162 mi,
347 3107 477 3150 mitte
502 3108 640 3152 servis
661 3109 765 3152 tuis.
787 3109 820 3136 ¹⁶
839 3110 930 3152 Nos
952 3114 1102 3152 autem
1124 3109 1346 3153 caedemus
1371 3110 1494 3166 ligna
1512 3110 1565 3154 de
1585 3110 1779 3167 Libano,
1799 3115 1905 3166 quot
1926 3124 2076 3153 neces-

239 3165 358 3208 saria
377 3166 584 3210 habueris
597 3203 607 3223 ,
625 3173 671 3211 et
685 3168 1011 3225 applicabimus
1034 3181 1086 3210 ea
1102 3168 1272 3212 ratibus
1292 3182 1370 3225 per
1386 3182 1509 3212 mare
1529 3169 1573 3211 in
1593 3170 1737 3226 Joppe
1755 3187 1764 3225 3
1783 3174 1909 3212 tuum
1927 3174 2077 3212 autem

239 3223 325 3267 erit
344 3225 588 3270 transferre
613 3240 670 3270 ea>
690 3227 736 3270 in
759 3227 1022 3271 Jerusalem.

300 3283 334 3310 ¹⁷
357 3285 620 3329 Numeravit
651 3286 787 3343 igitur
813 3287 1019 3331 Salomon
1045 3302 1196 3331 omnes
1221 3289 1337 3332 viros
1362 3289 1610 3346 proselytos
1634 3289 1708 3344 qui
1734 3294 1860 3332 erant
1888 3288 1935 3330 in
1960 3293 2077 3332 terra

239 3343 401 3400 Israel,
443 3350 543 3401 post
584 3345 984 3389 dinumerationem
1021 3361 1153 3403 quam
1187 3347 1486 3391 dinumeravit
1527 3347 1674 3390 David
1709 3354 1835 3404 pater
1867 3348 1992 3403 ejus3
2032 3352 2077 3391 et

239 3400 414 3446 inventi
437 3409 542 3447 sunt.
567 3410 745 3448 centum
770 3405 1096 3462 quinquaginta
1116 3405 1280 3463 millia,
1304 3413 1348 3450 et
1373 3407 1458 3450 tria
1479 3407 1622 3449 millia
1647 3405 1858 3450 sexcenti.
1878 3406 2076 3450 18Εοοὴ-

238 3474 325 3516 que
349 3475 405 3505 ex
434 3463 498 3506 eis
526 3464 812 3520 septuaginta
841 3464 983 3507 millia
1008 3464 1082 3521 qui
1109 3464 1304 3509 humeris
1334 3480 1465 3509 onera
1496 3470 1747 3523 portarent,
1773 3469 1818 3508 et
1847 3465 2076 3522 octoginta

239 3605 272 3639 3]
292 3605 346 3633 111
363 3606 448 3639 neg.
468 3607 509 3642 V,
528 3611 555 3637 2.

2176 936 2339 965 Recensio

2137 981 2372 1013 operariorum.

2167 1173 2352 1203 conventio

2177 1226 2252 1247 cum
2269 1225 2348 1251 rege

2195 1262 2321 1290 Hiram.

2204 3302 2322 3331 Altera

2149 3352 2374 3378 operariorum

2184 3396 2346 3418 recenSlO.
