2423 3861
780 166 897 208 MAI..
934 165 1028 219 111,
1064 166 1090 208 6
1122 191 1179 196 —
1214 165 1292 216 IV,
1327 165 1366 207 6.
1878 164 1990 205 1043

165 337 465 395 peregrinum,
492 351 572 380 nec
606 336 847 379 timuerunt
880 351 970 392 me,
998 336 1107 379 dicit
1137 335 1354 379 Dominus
1386 334 1673 378 exercituum.
1705 333 1721 359 ⁰
1744 334 1840 389 Ego
1872 334 1988 377 enim

167 396 402 451 Dominus,
429 401 472 439 et
497 409 585 438 non
611 400 780 450 mutor;
804 401 846 439 ct
868 410 964 451 vos,
993 395 1070 437 filii
1093 396 1256 449 Jacob,
1280 408 1368 437 non
1390 393 1494 438 estis
1520 392 1782 449 consumpti.

223 455 238 481 ⁷
258 457 297 498 A
323 455 476 498 diebus
499 454 618 498 enim
648 459 820 511 patrum
852 460 1095 497 vestrorum
1119 453 1360 497 recessistis
1385 468 1410 496 a
1437 451 1649 508 legitimis
1674 451 1804 507 meis,
1831 455 1874 495 et
1903 465 1989 494 non

163 514 417 558 custodistis
443 531 450 558 :
477 513 749 557 revertimini
783 513 838 556 ad
874 528 962 569 ine,
991 519 1033 556 et
1066 518 1259 556 revertar
1283 512 1339 555 ad
1366 527 1463 567 vos,
1490 511 1599 554 dicit
1626 510 1842 554 Dominus
1868 524 1988 553 exer-

162 574 344 618 cituum.
370 574 427 616 Et
456 573 662 616 dixistis:
690 573 740 615 In
776 587 859 628 quo
891 571 1195 615 revertemur?
1225 572 1242 597 ⁸
1269 571 1312 615 Si
1337 572 1496 627 affiget
1525 571 1656 612 homo
1691 570 1854 625 Deum,
1889 568 1991 625 quia

163 648 237 676 vos
268 633 488 688 configitis
515 631 617 675 me?
645 632 702 674 Et
727 631 933 674 dixistis:
961 631 1013 673 In
1044 645 1127 686 quo
1159 631 1420 686 configimus
1450 629 1528 673 te?
1567 630 1621 671 In
1655 627 1840 672 decimis
1869 633 1912 672 et
1943 628 1990 671 in

161 692 380 748 primitiis.
407 692 425 717 ⁹
444 693 502 734 Et
530 691 574 733 in
605 689 788 747 penuria
813 705 890 733 vos
924 689 1151 733 maledicti
1185 689 1309 744 estis,
1342 695 1384 732 et
1418 703 1486 732 ine
1520 703 1596 732 vos
1626 687 1848 744 configitis
1881 702 1990 744 gens

160 756 266 794 tota.
298 751 330 778 ¹⁰
351 751 524 794 Inferte
550 764 726 793 omnem
755 749 974 793 decimam
1003 749 1048 791 in
1078 749 1303 804 horreum,
1331 753 1375 791 et
1407 748 1464 791 sit
1490 747 1612 790 cibus
1636 746 1680 789 in
1707 747 1836 790 domo
1862 761 1986 802 mea3

157 815 202 852 et
224 810 407 866 probate
433 824 502 852 me
528 823 657 865 super
681 808 777 864 hoc,
800 808 910 851 dicit
932 807 1147 851 Dominus
1168 824 1176 851 :
1203 807 1239 850 si
1262 821 1349 850 non
1371 820 1579 863 aperuero
1597 805 1723 849 vobis
1742 811 1990 849 cataractas

158 870 277 925 caeli,
305 875 348 912 et
370 868 567 912 effudero
594 867 716 910 vobis
737 867 1093 910 benedictionem
1119 880 1254 922 usque
1275 866 1331 909 ad
1356 865 1702 919 abundantiam;
1730 864 1761 891 ¹¹
1782 870 1825 908 et
1849 865 1989 908 incre-

158 928 272 984 pabo
295 942 372 985 pro
394 927 518 971 vobis
541 927 852 981 devorante1n3
878 931 921 969 et
945 940 1033 969 non
1055 931 1302 982 corrumpet
1330 925 1526 968 fructum
1553 929 1679 968 terrae
1700 929 1880 980 vestrae,
1908 938 1989 967 nec

158 987 239 1029 erit
272 986 434 1030 sterilis
461 986 592 1028 vinea
624 985 669 1027 in
705 999 831 1041 agro,
867 985 975 1029 dicit
1009 984 1224 1028 Dominus
1255 984 1542 1028 exercituum.
1578 981 1613 1009 ¹²
1643 984 1701 1026 Et
1729 982 1883 1026 beatos
1911 997 1988 1026 vos

157 1046 307 1089 dicent
339 1059 492 1089 omnes
521 1050 702 1101 gentes;
736 1044 855 1088 eritis
886 1045 1004 1088 enim
1033 1058 1107 1087 vos
1130 1048 1244 1087 terra
1273 1042 1601 1099 desiderabilis,
1628 1041 1738 1085 dicit
1772 1041 1988 1086 Dominus

154 1105 444 1148 exercituum.

218 1164 251 1191 ¹3
277 1164 569 1207 Invaluerunt
601 1178 731 1220 super
763 1178 833 1207 me
866 1164 999 1207 verba
1025 1169 1191 1219 vestra,
1224 1163 1333 1207 dicit
1365 1163 1595 1206 Dominus.
1623 1161 1658 1188 ¹¹
1685 1162 1742 1204 Et
1776 1160 1951 1205 dixistis
1978 1178 1986 1204 :

153 1223 269 1274 Quid
295 1223 432 1267 locuti
457 1238 608 1266 sumus
634 1228 787 1267 contra
808 1223 882 1266 te?
907 1223 1094 1266 Dixistis
1114 1239 1122 1266 ε
1143 1223 1298 1266 Vanus
1323 1227 1389 1266 est
1415 1222 1489 1278 qui
1510 1220 1645 1264 servit
1668 1222 1785 1275 De0;
1810 1225 1855 1264 et
1873 1220 1987 1277 quod

154 1282 505 1326 emolumentum
538 1282 641 1339 quia
678 1281 996 1325 custodivimus
1034 1286 1257 1339 praecepta
1290 1281 1407 1337 ejus,
1442 1286 1485 1324 et
1522 1280 1624 1336 quia
1660 1279 1987 1323 ambulavimus

154 1342 301 1385 tristes
340 1356 488 1385 coram
526 1342 717 1385 Domino
751 1341 1060 1385 exercituum?
1096 1341 1131 1368 ¹5
1160 1342 1277 1397 Ergo
1312 1355 1428 1384 nunc
1460 1340 1614 1383 beatos
1651 1339 1839 1382 dicimus
1871 1353 1987 1382 arro-

153 1406 334 1457 gantes3
377 1401 595 1457 siquidem
638 1400 847 1443 aedificati
883 1406 986 1443 sunt
1025 1400 1244 1444 facientes
1280 1399 1583 1456 impietatem,
1620 1403 1665 1441 et
1703 1403 1988 1441 tentaverunt

157 1461 320 1515 Deum,
347 1466 392 1503 et
417 1460 529 1503 salvi
558 1460 671 1502 facti
697 1464 812 1503 sunt.
841 1458 876 1486 ¹¹³⁸
893 1460 1018 1502 Tunc
1044 1459 1180 1502 locuti
1205 1464 1307 1502 sunt
1331 1459 1538 1502 timentes
1564 1457 1828 1513 Dominum,
1855 1472 1988 1500 unus-

153 1520 336 1575 quisque
365 1534 467 1562 cum
490 1519 692 1575 proximo
721 1532 823 1572 su03
857 1523 900 1561 et
931 1518 1125 1561 attendit
1156 1517 1394 1572 Dominus,
1421 1522 1466 1560 et
1494 1516 1687 1570 audivit,
1723 1522 1766 1560 et
1799 1516 1988 1574 scriptus

152 1584 220 1621 est
244 1578 355 1621 liber
375 1577 652 1621 monumenti
679 1591 827 1620 coram
857 1591 907 1620 eo
929 1577 1190 1620 timentibus
1221 1576 1485 1631 Dominum,
1513 1581 1557 1618 et
1587 1575 1888 1631 cogitantibus
1912 1589 1988 1618 no-

152 1652 254 1681 men
278 1637 388 1693 ejus.
409 1636 442 1663 ¹⁷
462 1638 520 1680 Et
542 1641 671 1680 erunt
696 1636 827 1692 mihi,
847 1636 910 1678 ait
933 1635 1151 1679 Dominus
1173 1635 1467 1691 exercituum,
1486 1635 1533 1676 in
1555 1635 1625 1678 die
1644 1649 1729 1691 qua
1751 1648 1832 1690 ego
1853 1634 1986 1690 facio,

151 1697 197 1739 in
222 1696 472 1754 peculium;
502 1700 545 1739 et
569 1710 750 1752 parcam
776 1695 857 1752 eis,
888 1695 1003 1738 sicut
1027 1695 1171 1751 parcit
1198 1694 1262 1737 vir
1286 1694 1376 1738 filio
1405 1708 1484 1737 suo
1509 1692 1718 1737 servienti
1747 1693 1845 1736 sibi.
1873 1693 1908 1720 ¹8
1931 1694 1990 1736 Et

151 1753 488 1812 convertemini,
509 1760 552 1798 et
580 1754 790 1798 videbitis
816 1754 922 1811 quid
951 1754 1008 1797 sit
1036 1754 1152 1797 inter
1175 1753 1346 1810 justum
1375 1758 1419 1798 et
1445 1753 1658 1810 impium3
1688 1757 1731 1796 et
1756 1752 1873 1795 inter
1901 1766 1988 1795 ser-

150 1815 347 1859 vientem
369 1817 464 1858 Deo
485 1820 530 1858 et
550 1829 639 1858 non
660 1814 927 1857 servientem
953 1813 1005 1857 ei.

210 1874 316 1918 GAP.
345 1875 426 1918 IV.
451 1900 511 1908 —
535 1873 549 1900 ¹
573 1875 690 1917 Ecce
711 1873 830 1917 enim
857 1873 950 1917 dies
976 1873 1126 1917 veniet
1155 1887 1369 1917 succensa
1391 1872 1514 1929 quasi
1537 1872 1766 1927 caminus3
1791 1877 1836 1915 et
1861 1878 1988 1916 erunt

150 1949 302 1978 omnes
328 1933 506 1991 superbi
530 1938 574 1977 et
596 1947 747 1977 omnes
768 1933 987 1977 facientes
1012 1933 1290 1989 impietatem
1317 1932 1505 1989 stipula3
1531 1937 1574 1975 et
1597 1931 1897 1975 inflammabit
1915 1946 1987 1975 eos

150 1993 245 2037 dies
262 1993 458 2049 veniens,
482 1992 591 2036 dicit
617 1992 833 2036 Dominus
855 1992 1143 2048 exercituum,
1167 2006 1265 2048 quae
1292 2006 1380 2035 non
1404 1991 1678 2047 derelinquet
1704 1990 1766 2034 eis
1790 1991 1987 2035 radicem

152 2058 196 2096 et
231 2067 425 2109 germen.
455 2051 473 2078 2
499 2053 557 2095 Et
590 2051 752 2095 orietur
779 2051 902 2095 vobis
936 2051 1197 2095 timentibus
1226 2065 1387 2094 nomen
1420 2065 1569 2094 meum
1602 2050 1676 2094 Sol
1704 2050 1917 2106 justitiae,
1945 2056 1987 2093 et

150 2112 318 2156 sanitas
357 2112 404 2155 in
437 2111 595 2169 pennis
636 2111 759 2167 ejus,
800 2116 843 2154 et
881 2110 1195 2167 egrediemini,
1230 2115 1274 2154 et
1309 2110 1478 2154 salietis
1518 2109 1634 2153 sicut
1669 2109 1800 2152 vituli
1833 2110 1889 2152 de
1919 2124 1986 2152 ar-

151 2177 315 2216 mento.
344 2171 362 2198 3
387 2173 445 2215 Et
474 2170 707 2214 calcabitis
736 2170 915 2226 impios,
943 2184 1045 2213 cum
1076 2169 1247 2213 fuerint
1280 2169 1392 2213 cinis
1424 2169 1505 2212 sub
1534 2168 1690 2227 planta
1721 2169 1884 2225 pedum
1913 2182 1986 2211 ve-

151 2237 353 2286 strorum,
371 2231 418 2273 in
433 2231 504 2274 die
523 2244 608 2286 qua
626 2243 708 2285 ego
725 2229 859 2285 facio,
876 2229 985 2272 dicit
1004 2228 1222 2272 Dominus
1241 2228 1530 2273 exercituum.
1550 2227 1568 2254 4
1586 2229 1857 2272 Mementote
1875 2227 1986 2283 legis

152 2289 316 2345 Moysi,
339 2289 454 2332 servi
479 2289 587 2345 mei,
607 2303 741 2344 quam
767 2288 976 2330 mandavi
1002 2288 1042 2331 ei
1064 2288 1110 2330 in
1138 2287 1288 2330 Horeb
1313 2287 1370 2330 ad
1394 2301 1570 2330 omnem
1592 2287 1744 2343 Israel,
1763 2291 1986 2344 praecepta

149 2355 194 2391 et
218 2349 402 2405 judicia.

210 2409 227 2434 5
249 2408 366 2451 Ecce
391 2422 472 2464 ego
498 2408 674 2451 mittam
699 2407 824 2451 vobis
856 2407 1002 2451 Eliam
1026 2407 1309 2464 prophetam,
1333 2411 1574 2463 antequam
1599 2406 1752 2450 veniat
1777 2405 1870 2449 dies
1898 2408 1985 2450 Do-

151 2467 260 2510 mini
284 2482 472 2523 magnus
497 2473 541 2510 et
565 2466 802 2510 horribilis.
822 2467 839 2493 ⁶
857 2468 915 2510 Et
941 2472 1167 2510 convertet
1190 2481 1264 2510 cor
1284 2470 1462 2523 patrum
1487 2465 1544 2509 ad
1570 2465 1695 2522 filios,
1715 2470 1759 2509 et
1781 2480 1854 2509 cor
1874 2465 1984 2508 filio-

150 2542 247 2569 rum
272 2527 329 2570 ad
354 2531 501 2583 patres
526 2541 677 2569 eorum
696 2544 706 2582 ;
734 2541 788 2570 ne
811 2526 927 2570 forte
945 2525 1144 2582 veniam,
1170 2530 1214 2569 et
1235 2525 1480 2582 percutiam
1503 2530 1665 2568 terram
1685 2524 1983 2568 anathemate.

150 2688 179 2720 τ]
197 2686 292 2714 Zacli.
312 2687 340 2720 Ι,
372 2690 400 2715 3.
425 2701 461 2705 -
478 2687 525 2719 14]
544 2686 622 2721 Job,
641 2686 693 2722 ΙΙ,
712 2688 756 2714 15.
773 2686 851 2719 -2]
871 2685 951 2713 Luc.
970 2684 1005 2721 Ι,
1024 2686 1067 2712 78.
1085 2698 1119 2701 -
1137 2683 1166 2717 4]
1182 2683 1243 2711 Ex.
1261 2682 1336 2710 XX.
1359 2683 1456 2710 Dent.
1477 2682 1533 2717 IV,
1550 2684 1607 2711 5-6.
1626 2697 1661 2702 -
1678 2682 1708 2716 5]
1726 2682 1849 2711 Matth.
1865 2682 1975 2719 XVII¹

152 2733 194 2759 10.
218 2730 318 2759 Marc.
340 2730 398 2766 IX,
417 2732 460 2759 10.
483 2730 565 2759 Luc.
585 2731 610 2766 I,
628 2732 672 2761 17.

799 3045 1337 3300 &affl

988 3219 1055 3251 ss,

2074 462 2282 491 Benedictio-

2086 513 2144 534 nes
2163 513 2266 535 nox-ze.

2103 1168 2251 1200 Populus

2084 1219 2192 1240 novus
2205 1232 2211 1246 ,
2227 1212 2268 1239 ab

2100 1255 2251 1289 antiquis

2129 1299 2224 1328 vitiis

2069 1343 2282 1373 emundatus.

2080 1885 2181 1914 Venit
2198 1886 2270 1915 dies

2110 1930 2242 1959 Domini

2082 1974 2246 2004 terribilis
2255 1996 2263 2011 ‚

2086 2018 2195 2048 oritur
2213 2021 2263 2048 sol

2093 2063 2238 2098 justitiae
2247 2086 2254 2099 ,

2097 2107 2247 2137 mittitur

2122 2152 2221 2181 Elias.
