2423 3861
102 686 162 722 Qui
181 688 318 714 ventum

120 729 283 758 seminant
297 751 302 765 ‚

123 774 291 802 turbinem

136 822 276 847 metent.

167 1355 255 1383 Deus

108 1397 178 1431 lpse
199 1397 310 1426 foedus

141 1442 281 1470 deseret.

159 1999 273 2027 Fames

119 2047 151 2069 et
169 2041 309 2070 exilium

95 2084 331 2119 praedicuntur.

102 3001 158 3031 sci
180 3001 340 3031 beneficia

147 3045 294 3079 peccatis

145 3096 293 3123 repensa.

402 97 513 139 1000
996 93 1068 135 oss«.
1107 93 1217 147 vii,
1254 93 1307 133 16
1342 117 1399 121 -
1431 91 1518 145 IX,
1558 91 1623 133 15.

398 265 567 309 erudivi
590 279 675 318 eos,
699 268 740 306 et
768 261 1015 305 confortavi
1040 259 1221 302 brachia
1248 274 1412 314 eorum,
1437 265 1480 302 et
1500 259 1546 301 in
1570 273 1639 302 me
1666 259 1974 315 cogitaverunt
1990 262 2225 307 malitiam.

400 324 434 350 ¹⁰
460 324 638 367 Reversi
672 327 772 364 sunt
806 325 854 362 ut
886 325 1032 362 essent
1064 319 1230 373 absque
1258 318 1393 374 jug03
1426 318 1541 361 facti
1573 323 1676 360 sunt
1707 319 1830 374 quasi
1863 334 1991 363 arcus
2024 322 2224 376 dolosus3

397 384 556 426 cadent
580 382 625 423 in
651 379 799 435 gladio
826 378 1047 434 principes
1069 390 1240 432 eorum,
1268 391 1294 419 a
1319 378 1468 420 furore
1493 377 1660 432 linguae
1687 391 1790 421 suae.
1818 379 1913 421 Ista
1938 379 2227 424 subsannatio

396 455 544 484 eorum
565 440 611 481 in
634 444 747 480 terra
772 436 974 492 AEgypti.

639 561 661 613 ξ
690 558 752 600 ΙΙ.
777 583 837 590 -
874 557 1116 600 Tantorum
1147 558 1356 601 scelerum
1388 558 1620 613 castiyatio
1643 560 1982 614 prcemmtiatur.

454 675 558 718 CAP.
587 673 720 716 VIII.
745 699 803 706 —
830 672 843 698 1
864 674 918 716 In
940 677 1118 728 gutture
1144 677 1218 716 tuo
1244 672 1303 716 sit
1329 672 1435 716 tuba
1459 673 1584 729 quasi
1605 673 1756 729 aquila
1777 688 1906 730 super
1932 674 2111 718 domum
2143 674 2231 728 Do-

394 733 524 788 mini,
551 747 628 789 pro
651 746 701 775 eo
727 731 843 788 quod
869 732 1132 788 transgressi
1159 737 1262 775 sunt
1285 732 1437 775 foedus
1464 747 1631 789 meum,
1655 742 1699 775 et
1720 733 1867 789 legem
1889 748 2035 777 meam
2059 748 2231 792 praeva-

393 792 521 836 ricati
555 797 671 834 sunt.
698 790 715 817 ‘2
740 792 813 834 Me
840 791 1116 834 invocabunt
1139 808 1147 835 :
1176 793 1295 835 Deus
1330 806 1472 846 meus,
1509 791 1797 847 cognovimus
1831 798 1873 836 te
1907 793 2059 837 Israel.
2087 791 2105 820 3
2127 793 2231 837 Pro-

392 851 502 908 ]'ecit
527 851 666 894 Israel
691 851 878 906 bonum,
904 850 1113 893 inimicus
1139 856 1423 907 persequetur
1448 865 1560 894 eum.
1584 850 1602 877 4
1619 851 1714 907 Ipsi
1735 857 2054 908 regnaverunt,
2079 857 2122 896 et
2145 867 2232 896 non

394 926 448 954 ex
469 925 564 965 me;
593 909 813 967 principes
840 910 1104 965 extiterunt,
1128 915 1172 953 et
1205 924 1292 953 non
1319 910 1509 966 cognovi
1533 926 1541 953 :
1571 915 1803 966 argentum
1836 926 1965 954 suum
1998 917 2042 955 et
2074 926 2233 955 aurum

394 985 523 1014 suum
552 970 756 1013 fecerunt
784 969 869 1012 sibi
896 968 1035 1025 idola,
1063 975 1113 1012 ut
1137 968 1382 1013 interirent.
1410 969 1427 995 ⁵
1453 969 1684 1025 Projectus
1716 976 1781 1013 est
1805 970 1973 1015 vitulus
1998 976 2120 1028 tuus,
2155 972 2232 1016 Sa-

394 1030 559 1085 maria3
586 1029 722 1072 iratus
751 1035 818 1072 est
847 1028 970 1071 furor
1005 1043 1126 1071 meus
1156 1028 1203 1071 in
1233 1043 1320 1072 eos.
1344 1029 1587 1085 Usquequo
1612 1043 1701 1072 non
1731 1033 1937 1086 poterunt
1966 1030 2231 1075 emundari?

396 1089 413 1116 6
431 1089 540 1139 Quia
559 1103 613 1132 ex
636 1088 773 1131 Israel
793 1093 835 1131 et
859 1087 954 1144 ipse
976 1092 1067 1131 est:
1094 1088 1260 1131 artifex
1278 1088 1390 1131 fecit
1407 1088 1557 1145 illum,
1581 1094 1624 1132 et
1650 1103 1738 1132 non
1764 1094 1830 1132 est
1853 1090 1998 1145 Deus3
2022 1090 2234 1146 quoniam

394 1148 439 1191 in
473 1162 732 1191 aranearum
768 1147 880 1190 telas
912 1146 994 1190 erit
1024 1147 1192 1190 vitulus
1219 1147 1446 1191 Samariae.
1467 1147 1482 1174 7
1502 1148 1613 1198 Quia
1638 1153 1823 1191 ventum
1853 1149 2161 1204 seminabunt,
2190 1154 2234 1193 et

396 1207 618 1251 turbinem
645 1211 813 1250 metent
837 1223 845 1250 :
873 1206 1044 1249 culmus
1074 1212 1195 1250 stans
1229 1221 1316 1250 non
1350 1212 1417 1250 est
1446 1207 1491 1250 in
1521 1221 1592 1262 eo,
1620 1222 1802 1264 germen
1836 1222 1924 1251 non
1953 1208 2093 1252 faciet
2125 1207 2232 1250 fari-

395 1281 523 1321 nam3
553 1267 668 1323 quod
694 1272 737 1309 et
762 1266 797 1308 si
824 1266 1002 1322 fecerit,
1026 1266 1160 1309 alieni
1188 1267 1423 1310 comedent
1449 1281 1559 1312 eam.

454 1326 470 1352 8
491 1328 738 1370 Devoratus
760 1330 826 1369 est
851 1325 1014 1380 Israe13
1039 1341 1156 1369 nunc
1183 1326 1334 1369 factus
1359 1332 1425 1370 est
1452 1326 1496 1368 in
1519 1327 1776 1370 nationibus
1798 1327 1924 1383 quasi
1942 1342 2020 1371 vas
2042 1328 2235 1371 immun-

397 1386 514 1430 dum.
546 1385 563 1411 9
589 1385 700 1436 Quia
733 1385 818 1442 ipsi
848 1385 1142 1428 ascenderunt
1172 1385 1230 1428 ad
1258 1388 1407 1441 Assur,
1433 1400 1599 1442 onager
1627 1387 1851 1430 solitarius
1881 1387 1992 1442 sibi;
2021 1387 2232 1444 Ephraim

396 1460 578 1489 munera
616 1445 831 1488 dederunt
866 1445 1154 1489 amatoribus.
1190 1444 1226 1471 ¹⁰
1256 1445 1340 1488 Sed
1378 1451 1423 1489 et
1460 1461 1558 1489 cum
1595 1447 1797 1489 mercede
1831 1446 2124 1490 conduxerint
2147 1461 2233 1489 na-

397 1505 566 1560 tiones,
594 1519 711 1547 nunc
746 1504 1025 1560 congregabo
1059 1518 1156 1560 eos,
1184 1510 1227 1548 et
1261 1504 1489 1560 quiescent
1527 1505 1751 1563 paulisper
1783 1506 1839 1548 ab
1875 1520 2004 1549 onere
2037 1506 2154 1562 regis
2191 1511 2236 1550 et

397 1565 662 1622 principum.
695 1563 726 1589 ¹¹
756 1563 865 1614 Quia
892 1563 1210 1619 multiplicavit
1241 1564 1457 1620 Ephraim
1485 1564 1647 1608 altaria
1675 1565 1733 1607 ad
1763 1565 2060 1622 peccandum,
2095 1565 2235 1608 factae

398 1629 500 1669 sunt
521 1623 561 1666 ei
586 1637 672 1665 arae
697 1622 745 1664 in
771 1622 999 1666 delictum.
1026 1621 1061 1648 ¹⁶²
1084 1623 1286 1666 Scribam
1309 1623 1347 1666 ei
1374 1623 1644 1680 multiplices
1671 1624 1791 1680 leges
1821 1639 1962 1680 meas,
1986 1639 2084 1680 quae
2111 1625 2236 1668 velut

397 1682 556 1726 alienae
587 1687 856 1739 computatae
886 1688 1000 1725 sunt.
1022 1681 1057 1708 ¹3
1072 1682 1256 1725 Hostias
1282 1682 1492 1739 offerent,
1517 1683 1814 1727 immolabunt
1839 1698 1992 1727 carnes
2022 1689 2066 1727 et
2091 1698 2236 1728 come-

399 1742 524 1798 dent,
548 1746 591 1785 et
613 1741 828 1785 Dominus
855 1755 941 1784 non
964 1741 1177 1798 suscipiet
1202 1756 1274 1785 eas
1295 1759 1303 1797 3
1333 1757 1449 1785 nunc
1476 1743 1778 1786 recordabitur
1799 1743 2048 1800 iniquitatis
2070 1757 2234 1801 eorum,

399 1806 443 1845 et
467 1800 667 1844 visitabit
696 1805 881 1857 peccata
906 1815 1055 1844 eorum
1076 1817 1084 1844 ε
1112 1801 1196 1857 ipsi
1222 1801 1267 1843 in
1289 1802 1541 1858 AEgyptum
1573 1808 1897 1845 convertentur.
1927 1802 1962 1828 ¹4
1988 1803 2047 1844 Et
2072 1802 2237 1846 oblitus

399 1865 465 1904 est
489 1860 628 1903 Israel
653 1860 838 1903 factoris
864 1859 952 1915 sui,
973 1865 1015 1903 et
1043 1860 1284 1903 aedificavit
1307 1861 1514 1916 delubra;
1540 1866 1583 1904 et
1605 1862 1633 1904 J
1639 1861 1746 1904 udas
1770 1861 2090 1918 multiplicavit
2107 1861 2237 1905 urbes

399 1920 618 1974 munitas3
647 1924 689 1962 et
715 1919 891 1962 mittam
918 1919 1068 1975 ignem
1090 1919 1135 1961 in
1159 1920 1365 1962 civitates
1392 1919 1510 1976 ejus,
1534 1926 1577 1964 et
1600 1921 1831 1964 devorabit
1858 1921 1974 1964 aedes
2000 1921 2134 1965 illius.

459 1979 564 2022 CAP.
592 1979 672 2022 IX.
695 2005 754 2010 —
779 1977 912 2021 ¹Noli
939 1978 1102 2034 laetari,
1131 1979 1290 2035 Israel,
1319 1979 1409 2022 noli
1440 1980 1639 2023 exultare
1672 1980 1788 2023 sicut
1812 1979 1985 2038 populi,
2013 1980 2116 2037 quia
2147 1981 2238 2025 for—

398 2038 571 2082 nicatus
594 2053 637 2081 es
663 2052 689 2079 a
712 2039 804 2080 Deo
831 2042 924 2093 tu0,
950 2037 1146 2081 dilexisti
1170 2038 1419 2081 mercedem
1445 2053 1574 2096 super
1597 2054 1748 2083 omnes
1771 2054 1894 2083 areas
1917 2039 2068 2084 tritici.
2088 2039 2105 2065 2
2120 2041 2240 2084 Area

399 2103 441 2141 et
467 2098 658 2140 torcular
682 2112 770 2140 non
795 2102 947 2153 pascet
973 2111 1067 2153 eos,
1099 2102 1142 2141 et
1172 2097 1325 2140 vinum
1353 2099 1591 2142 mentietur
1616 2099 1693 2142 eis.
1720 2099 1737 2126 3
1763 2100 1864 2143 Non
1888 2099 2159 2143 habitabunt
2191 2100 2238 2143 in

398 2164 513 2200 terra
548 2156 742 2200 Domini.
771 2158 987 2200 Reversus
1013 2162 1079 2200 est
1113 2157 1329 2213 Ephraim
1354 2158 1399 2199 in
1426 2158 1699 2215 AEgyptum,
1728 2164 1771 2202 et
1803 2159 1849 2201 in
1876 2159 2070 2216 Assyriis
2096 2159 2238 2217 pollu—

398 2222 492 2260 tum
519 2216 724 2260 comedit.
747 2214 764 2242 4
782 2217 883 2260 Non
908 2215 1115 2259 libabunt
1146 2217 1338 2261 Domino
1364 2217 1540 2274 vinum,
1567 2224 1611 2262 et
1636 2233 1724 2262 non
1751 2219 1993 2276 placebunt
2015 2219 2068 2262 ei.
2096 2219 2239 2263 Sacri-

399 2276 498 2319 ficia
536 2290 685 2320 eorum
723 2275 847 2332 quasi
884 2277 1011 2333 panis
1048 2275 1322 2332 lugentium,
1363 2291 1515 2321 omnes
1552 2277 1625 2334 qui
1660 2278 1896 2322 comedent
1929 2293 2050 2335 eum,
2086 2283 2237 2322 conta-

399 2336 709 2390 minabuntur,
735 2335 838 2391 quia
863 2335 990 2392 panis
1025 2350 1174 2379 eorum
1199 2336 1362 2380 animae
1390 2337 1609 2394 ipsorum,
1641 2352 1729 2381 non
1759 2337 1946 2380 intrabit
1976 2338 2024 2380 in
2059 2338 2238 2382 domum

401 2395 595 2438 Domini.
618 2396 634 2422 5
652 2395 765 2445 Quid
791 2395 970 2438 facietis
995 2396 1041 2438 in
1068 2395 1138 2439 die
1163 2396 1370 2452 solemni,
1394 2396 1440 2439 in
1464 2396 1534 2440 die
1559 2397 1823 2440 festivitatis
1848 2397 2062 2440 Domini?
2084 2397 2103 2424 6
2121 2397 2239 2441 Ecce

401 2455 518 2498 enim
549 2455 739 2511 profecti
772 2460 874 2498 sunt
907 2470 932 2497 a
960 2455 1182 2499 vastitate.
1210 2456 1438 2513 AEgyptus
1470 2457 1762 2513 congregabit
1795 2471 1891 2512 e0s3
1922 2457 2142 2514 Memphis
2174 2471 2239 2500 se-

400 2515 534 2571 peliet
571 2529 670 2568 eos3
715 2514 1008 2558 desiderabile
1043 2520 1278 2571 argentum
1317 2529 1466 2558 eorum
1504 2516 1648 2559 urtica
1688 2515 1980 2572 hereditabit,
2020 2515 2154 2573 lappa
2193 2516 2239 2559 in

402 2574 699 2617 tabernaculis
733 2588 896 2617 eorum.
924 2573 938 2600 7
965 2575 1197 2618 Venerunt
1230 2574 1323 2618 dies
1353 2574 1644 2631 visitationis,
1676 2581 1893 2619 venerunt
1926 2575 2019 2620 dies
2051 2576 2239 2619 retribu-

402 2633 547 2676 tionis
581 2633 767 2689 Scitote,
804 2633 966 2689 Israel,
999 2634 1187 2677 stultum
1217 2634 1502 2691 prophetam,
1528 2635 1736 2678 insanum
1763 2635 1907 2678 virum
1939 2635 2239 2692 spiritualem,

402 2698 577 2750 propter
602 2693 936 2736 multitudinem
961 2693 1211 2749 iniquitatis
1234 2699 1344 2749 tuae,
1369 2699 1412 2737 et
1434 2694 1771 2738 multitudinem
1796 2695 2023 2739 amentiae.
2041 2694 2058 2722 ⁸
2078 2695 2240 2751 Specu-

403 2752 515 2795 lator
542 2752 754 2808 Ephraim
788 2767 889 2796 cum
924 2754 1017 2796 Deo
1051 2767 1172 2808 meo;
1202 2753 1418 2810 propheta
1443 2754 1625 2810 laqueus
1655 2754 1795 2798 ruinae
1829 2755 1979 2809 factus
2012 2759 2078 2798 est
2109 2768 2241 2810 super

404 2826 553 2855 omnes
577 2812 673 2855 vias
696 2811 816 2868 ejus3
841 2812 1014 2855 insania
1035 2813 1081 2855 in
1107 2812 1239 2856 domo
1262 2812 1346 2856 Dei
1371 2813 1482 2870 ejus,
1507 2814 1524 2840 9
1543 2813 1771 2858 Profunde
1793 2817 2102 2871 peccaverunt,
2125 2812 2241 2856 sicut

404 2871 448 2913 in
486 2870 640 2914 diebus
678 2871 847 2916 Gabaa.
888 2871 1208 2916 Recordabitur
1241 2872 1490 2929 iniquitatis
1530 2888 1700 2929 eorum,
1740 2878 1783 2916 et
1821 2872 2022 2917 visitabit
2055 2877 2242 2929 peccata

405 2943 565 2972 eornm.

466 2988 501 3014 '¹⁰
519 2990 650 3040 Quasi
682 3006 791 3035 uvas
818 2991 865 3036 in
895 2993 1067 3037 deserto
1091 2993 1242 3036 inveni
1278 2994 1438 3050 Israel,
1467 2994 1591 3051 quasi
1621 2994 1765 3051 prima
1797 3007 1929 3050 poma
1959 2993 2161 3037 ficulneae
2194 2993 2240 3036 in

407 3049 636 3092 cacumine
662 3050 758 3105 ejus
784 3051 875 3094 vidi
902 3057 1049 3108 patres
1072 3066 1249 3108 eorum;
1279 3052 1364 3110 ipsi
1385 3058 1537 3097 autem
1561 3053 1840 3096 intraverunt
1863 3052 1920 3095 ad
1949 3052 2238 3109 Beelphegor,

406 3114 449 3151 et
477 3108 719 3151 abalienati
753 3116 856 3152 sunt
882 3111 926 3153 in
961 3112 1291 3168 confusionem,
1326 3117 1369 3156 et
1402 3112 1516 3156 facti
1549 3116 1652 3156 sunt
1683 3111 2006 3155 abominabiles
2041 3111 2157 3154 sicut
2189 3125 2242 3155 ea

407 3181 505 3223 quae
529 3167 792 3211 dilexerunt.
821 3168 852 3195 ¹¹
875 3171 1087 3226 Ephraim
1113 3171 1236 3227 quasi
1258 3172 1355 3215 avis
1383 3171 1606 3226 avolavit3
1634 3171 1776 3226 gloria
1801 3184 1951 3214 eorum
1976 3185 2002 3213 a
2024 3174 2175 3228 partu,
2199 3175 2242 3215 et

407 3227 462 3269 ab
485 3233 628 3282 utero,
655 3231 700 3270 et
723 3242 749 3270 a
772 3235 1001 3285 conceptu.
1023 3228 1058 3255 ¹2
1076 3230 1201 3280 Quod
1227 3236 1270 3274 et
1291 3231 1327 3274 si
1354 3231 1615 3275 enutrierint
1636 3229 1749 3272 filios
1772 3243 1885 3285 suos,
1906 3229 2071 3285 absque
2089 3229 2240 3273 liberis

408 3300 479 3329 eos
504 3286 674 3330 faciam
699 3286 744 3329 in
770 3287 1049 3343 hominibus3
1077 3289 1153 3332 sed
1176 3295 1218 3333 et
1236 3305 1304 3333 vae
1331 3291 1392 3334 eis
1419 3304 1519 3333 cum
1543 3303 1760 3333 recessero
1780 3289 1836 3332 ab
1856 3289 1939 3332 eis!
1960 3288 1996 3315 ¹3
2011 3288 2238 3346 Ephraim,

409 3351 455 3387 ut
481 3346 592 3402 vidi,
619 3347 762 3402 Tyrus
787 3352 880 3390 erat
912 3347 1105 3391 fundata
1127 3348 1174 3390 in
1204 3349 1559 3406 pulchritudine3
1593 3353 1637 3392 et
1661 3347 1876 3404 Ephraim
1906 3347 2063 3392 educet
2087 3347 2145 3392 ad
2174 3347 2242 3391 in-

409 3405 692 3449 terfectorem
717 3406 830 3450 filios
851 3420 965 3450 suos.
995 3406 1027 3433 ¹⁴
1047 3408 1115 3450 Da
1138 3408 1220 3463 eis,
1250 3409 1452 3453 Domine.
1473 3407 1586 3459 Quid
1613 3407 1739 3450 dabis
1766 3406 1861 3450 eis?
1887 3408 1955 3450 Da
1978 3407 2039 3450 eis
2057 3407 2241 3451 vulvam

409 3462 503 3505 sine
527 3463 697 3521 liberis,
728 3470 770 3509 et
797 3466 929 3510 ubera
955 3466 1138 3510 arentia.
1167 3466 1201 3493 ¹⁵
1221 3467 1382 3511 Omnes
1412 3466 1622 3523 nequitiae
1656 3480 1806 3510 eorum
1839 3465 1884 3508 in
1917 3466 2099 3523 Galgal,
2136 3465 2241 3523 quia

411 3611 439 3640 ⁴³,
459 3609 487 3640 2³]
506 3609 583 3636 dud.
602 3610 695 3644 xlx,
712 3615 755 3639 25.
