2391 3861
86 850 206 878 i‘lioebe
236 855 321 877 coni-

110 893 296 921 :nc-ndatur.

147 1081 256 1111 Amici

132 1125 273 1155 Romani

104 1171 307 1199 salutantur.

85 2148 209 2175 Contra
221 2147 328 2175 falsos

124 2192 291 2219 (lectores.

172 2623 255 2652 Aliae

98 2667 331 2696 salutationes.

123 2854 301 2884 Conclusio

133 2907 144 2927 (
152 2899 294 2932 ristona.

392 131 502 172 1260
949 129 1068 171 Rsm.
1102 129 1202 182 XV,
1238 129 1295 171 30
1326 154 1386 161 —
1417 129 1550 184 XVI,
1587 130 1653 171 27.

448 300 484 326 3⁰
502 301 692 343 Obsecro
719 312 821 353 ergo
846 312 944 353 vos,
970 300 1153 353 fratres,
1181 312 1258 353 per
1284 298 1527 340 Dominum
1557 303 1756 340 nostrum
1787 299 1943 342 Jesum
1969 300 2214 356 Christum,

389 364 433 402 et
449 373 526 415 per
543 358 806 401 charitatem
824 357 968 400 sancti
985 356 1186 413 Spiritus,
1201 361 1250 398 ut
1271 356 1497 412 adjuvetis
1516 371 1586 399 me
1608 356 1654 398 in
1673 357 1946 400 orationibus
1961 359 2118 402 vestris
2139 373 2215 416 pro

388 432 459 461 me
483 418 539 460 ad
564 419 727 472 Deum,
752 416 784 442 31
806 422 854 458 111
879 416 1040 459 liberer
1063 415 1120 458 ab
1146 415 1400 458 infidelibus
1427 415 1501 471 qui
1527 420 1629 458 sunt
1658 415 1703 457 in
1733 416 1920 472 Judaea,
1944 421 1988 459 et
2021 417 2218 474 obsequii

389 477 475 520 mei
503 476 668 519 oblatio
690 480 875 532 accepta
899 475 977 517 fiat
993 475 1040 517 111
1067 474 1318 518 Jerusalem
1344 475 1534 529 sanctis3
1559 473 1596 500 33
1610 479 1659 517 111
1676 475 1855 518 veniam
1876 475 1933 518 ad
1952 489 2030 518 vos
2050 475 2096 518 in
2115 490 2220 531 gau-

389 535 460 578 dio
487 550 563 592 per
584 535 861 577 voluntatem
889 534 993 589 Dei,
1024 539 1068 577 et
1099 533 1337 590 refrigerer
1362 533 1606 577 vobiscum.
1630 533 1667 560 33
1686 535 1807 577 Deus
1833 539 1984 577 autem
2010 534 2133 591 pacis
2161 535 2220 578 sit

389 609 488 637 011111
511 594 714 637 omnibus
739 593 878 636 vobis.
904 594 1061 637 Amen.

805 715 829 772 ξ
863 715 925 759 Π.
955 740 1016 747 -·
1047 714 1345 757 Salutationes
1377 716 1541 771 vccrice;
1575 715 1804 758 conclusio.

448 834 555 875 CAP.
589 832 716 875 XVI.
743 858 802 862 —
835 831 847 856 ¹
876 831 1148 874 Commendo
1181 835 1332 874 autem
1362 830 1490 874 vobis
1524 829 1746 885 Phoeben,
1781 845 1973 874 sororem
2004 835 2222 888 nostram,

388 907 486 948 quae
514 896 579 934 est
604 891 648 932 in
679 890 924 933 ministerio
948 889 1147 932 ecclesiae
1178 904 1276 945 quae
1302 894 1368 932 est
1396 889 1443 932 in
1470 889 1702 945 Cenchris,
1729 889 1747 915 3
1768 895 1818 933 111
1846 904 1945 933 eam
1971 889 2223 947 suscipiatis

388 953 434 994 in
470 951 661 994 Domino
696 949 830 1005 digne
865 949 1052 1005 sanctis,
1087 954 1131 992 et
1160 949 1379 992 assistatis
1414 949 1453 992 ei
1485 949 1532 991 in
1566 963 1843 1005 quocumque
1875 949 2054 1005 negotio
2088 949 2223 994 vestri

388 1011 655 1066 indiguerit3
684 1009 848 1052 etenim
874 1008 970 1064 ipsa
995 1022 1166 1064 quoque
1190 1007 1335 1051 astitit
1357 1008 1530 1065 multis,
1555 1013 1599 1051 et
1624 1008 1733 1051 mihi
1760 1008 1858 1065 ipsi.

448 1070 466 1097 3
488 1069 688 1113 Salutate
714 1068 912 1111 Priscam
938 1073 982 1111 et
1007 1068 1239 1124 Aquilam,
1265 1067 1494 1124 adjutores
1520 1082 1641 1112 meos
1673 1068 1721 1110 in
1747 1067 1922 1111 Christo
1948 1069 2056 1112 Jesu
2082 1067 2100 1096 4
2120 1068 2225 1126 (qui

388 1144 466 1187 pro
493 1128 643 1172 anima
669 1142 766 1171 mea
789 1141 890 1169 suas
917 1127 1110 1170 cervices
1133 1133 1477 1184 supposuerunt,
1506 1128 1662 1183 quibus
1688 1142 1777 1171 non
1803 1127 1920 1170 solus
1947 1142 2029 1184 ego
2058 1127 2226 1184 gratias

389 1203 495 1245 ago,
521 1188 598 1232 sed
625 1192 668 1230 et
695 1191 869 1229 cunctae
892 1186 1093 1229 ecclesiae
1119 1186 1362 1244 gentium),
1389 1186 1406 1213 5
1423 1192 1467 1230 et
1489 1187 1781 1230 domesticam
1803 1186 2039 1230 ecclesiam
2057 1202 2223 1231 eorum.

391 1249 589 1294 Salutate
617 1249 901 1303 Epaenetum,
933 1245 1147 1288 dilectum
1173 1245 1303 1302 mihi,
1334 1245 1408 1302 qui
1439 1251 1506 1289 est
1532 1246 1786 1304 primitivus
1811 1246 1935 1289 Asiae
1961 1246 2006 1289 in
2032 1247 2222 1290 Christo.

390 1307 619 1354 6Salutate
631 1305 836 1363 Mariam,
852 1319 951 1361 quae
973 1305 1164 1348 multum
1186 1305 1407 1348 laboravit
1430 1305 1478 1348 in
1496 1305 1636 1351 vobis.
1664 1305 1680 1332 7
1700 1306 1900 1349 Salutate
1918 1306 2225 1349 Andronicum

391 1372 434 1411 et
459 1368 487 1409 J
494 1366 666 1422 uniam,
694 1369 907 1421 cognatos
933 1369 975 1407 et
1005 1365 1292 1421 concaptivos
1323 1379 1468 1421 meos,
1496 1365 1568 1421 qui
1598 1370 1702 1408 sunt
1727 1365 1898 1409 nobiles
1924 1365 1971 1408 in
1991 1365 2225 1422 apostolis,

391 1426 464 1483 qui
495 1431 538 1469 et
562 1430 667 1468 ante
696 1439 767 1468 me
792 1425 976 1467 fuerunt
1008 1423 1054 1466 in
1080 1424 1270 1468 Christo.
1292 1424 1310 1451 8
1329 1424 1529 1468 Salutate
1554 1424 1858 1481 Ampliatum,
1887 1424 2227 1468 dilectissimum

392 1485 499 1528 mihi
537 1485 583 1527 in
624 1484 828 1527 Domino.
867 1483 884 1510 9
912 1484 1111 1527 Salutate
1150 1484 1404 1540 Urbanum,
1442 1484 1696 1541 adjutorem
1732 1490 1931 1527 nostrum
1968 1484 2016 1526 in
2053 1483 2227 1528 Christo

391 1547 521 1599 «lesu,
545 1549 589 1587 et
614 1544 832 1601 Stachyn,
860 1543 1075 1586 dilectum
1101 1558 1263 1586 meum.
1291 1543 1329 1570 ¹⁰
1354 1544 1554 1588 Salutate
1580 1544 1793 1601 Apellen,
1817 1543 2006 1601 probum
2034 1543 2081 1587 in
2103 1543 2226 1587 Chri-

392 1611 471 1649 sto.
501 1603 533 1630 11
560 1604 758 1648 Salutate
783 1617 857 1646 cos
887 1603 961 1658 qui
990 1607 1093 1645 sunt
1122 1617 1179 1646 ex
1207 1603 1451 1646 Aristoboli
1486 1603 1631 1647 domo.
1665 1604 1863 1647 Salutate
1900 1603 2224 1659 Herodionem‚

392 1668 632 1719 cognatum
663 1677 825 1705 meum.
861 1662 1061 1706 Salutate
1091 1676 1163 1706 eos
1193 1662 1266 1719 qui
1300 1667 1404 1705 sunt
1436 1677 1492 1707 ex
1522 1662 1719 1706 Narcissi
1751 1663 1901 1719 domo,
1937 1663 2010 1719 qui
2047 1667 2150 1705 sunt
2181 1662 2230 1704 in

394 1722 599 1767 Domino.
640 1721 675 1748 13
701 1722 898 1765 Salutate
935 1722 1235 1778 Tryphaenam
1273 1728 1317 1766 et
1353 1723 1651 1779 Tryphosam,
1687 1737 1788 1778 quae
1821 1722 2027 1765 laborant
2059 1721 2105 1764 in
2141 1723 2229 1764 Do-

391 1782 526 1826 mino.
546 1782 745 1826 Salutate
769 1781 993 1824 Persidem
1021 1781 1349 1837 charissimam,
1370 1796 1469 1838 quae
1492 1782 1684 1825 multum
1707 1781 1929 1825 laboravit
1952 1782 1999 1824 in
2023 1781 2228 1825 Domino.

393 1842 429 1868 13
448 1842 646 1885 Salutate
674 1841 864 1897 Rufum,
892 1841 1083 1884 electum
1107 1841 1154 1883 in
1181 1841 1397 1896 Domino3
1425 1846 1469 1884 et
1491 1846 1680 1885 matrem
1703 1841 1822 1898 ejus,
1851 1846 1894 1884 et
1919 1855 2079 1884 meam.
2099 1839 2135 1866 ¹'¹
2153 1841 2230 1884 Sa-

392 1901 533 1945 lutate
563 1901 873 1957 Asyncritum,
907 1900 1223 1956 Phlegontem,
1257 1901 1494 1956 Hermam,
1527 1900 1790 1956 Patrobam,
1824 1901 2044 1955 Hermen,
2079 1904 2121 1943 et
2156 1900 2229 1955 qui

394 1976 494 2004 cum
521 1960 583 2004 eis
608 1966 711 2002 sunt
735 1961 910 2003 fratres.
940 1960 973 1986 15
992 1960 1191 2003 Salutate
1214 1960 1500 2016 Philologum
1526 1966 1569 2003 et
1600 1961 1627 2003 J
1634 1960 1791 2015 uliam,
1816 1960 2009 2003 Nereum
2042 1964 2083 2002 et
2114 1973 2230 2002 soro·

392 2035 484 2065 rem
508 2021 626 2076 ejus,
650 2026 693 2062 61
719 2019 1051 2076 Olympiadem,
1080 2024 1123 2062 et
1148 2034 1300 2063 omnes
1322 2020 1397 2075 qui
1425 2034 1527 2062 cum
1554 2019 1615 2063 eis
1638 2025 1741 2063 sunt
1763 2025 1954 2064 sanctos,
1977 2018 2011 2045 16
2031 2018 2230 2063 Salutate

392 2080 587 2123 invicem
607 2079 654 2121 111
677 2079 825 2123 osculo
851 2083 1018 2122 sancto.
1046 2079 1252 2123 Salutant
1277 2094 1354 2121 vos
1377 2093 1530 2123 omnes
1557 2079 1755 2122 ecclesiae
1783 2078 1960 2122 Christi.

453 2139 487 2165 1⁷
509 2140 633 2194 Rogo
659 2144 808 2182 autem
830 2153 930 2192 vos,
952 2139 1135 2194 fratres,
1159 2143 1208 2181 ut
1235 2139 1478 2182 observetis
1501 2153 1573 2183 eos
1601 2138 1675 2195 qui
1706 2138 2001 2182 dissensiones
2025 2143 2069 2182 et
2090 2138 2230 2182 offen-

395 2199 564 2253 dicula,
594 2203 755 2254 praeter
788 2198 1037 2241 doctrinam
1071 2213 1204 2254 quam
1230 2212 1307 2241 vos
1341 2198 1582 2256 didicistis,
1610 2198 1808 2255 faciunt,
1843 2203 1886 2242 et
1918 2197 2141 2241 declinate
2174 2198 2230 2241 ab

393 2258 495 2301 illis.
522 2258 555 2284 13
576 2258 900 2314 Hujuscemodi
931 2258 1050 2301 enim
1080 2257 1254 2301 Christo
1282 2257 1475 2301 Domino
1505 2263 1654 2301 nostro
1686 2272 1774 2301 non
1800 2257 2018 2312 serviunt,
2045 2256 2122 2300 sed
2153 2271 2231 2300 suo

396 2317 564 2373 ventri;
593 2322 636 2360 et
662 2332 738 2374 per
760 2318 911 2360 dulces
944 2331 1188 2373 sermones,
1221 2323 1264 2361 et
1292 2317 1646 2374 benedictiones,
1687 2317 1906 2361 seducunt
1940 2316 2071 2360 corda
2105 2316 2231 2360 inno-

396 2377 605 2421 centium.
633 2376 668 2402 19
686 2378 846 2420 Vestra
872 2377 990 2420 enim
1018 2376 1272 2420 obedientia
1298 2376 1344 2419 in
1367 2391 1544 2420 omnem
1575 2377 1722 2420 locum
1749 2377 1982 2432 divulgata
2004 2381 2084 2419 est.
2111 2376 2230 2419 Gau-

397 2436 478 2479 deo
507 2436 643 2492 igitur
667 2437 713 2479 in
740 2436 889 2491 vobis3
918 2437 994 2480 sed
1020 2436 1121 2480 volo
1146 2451 1224 2480 vos
1249 2437 1472 2493 sapientes
1499 2451 1594 2480 esse
1618 2436 1665 2479 in
1690 2436 1826 2493 bono,
1859 2442 1901 2479 et
1926 2435 2152 2492 simplices
2185 2435 2231 2478 in

396 2495 527 2540 malo.
546 2495 583 2522 30
603 2497 721 2539 Deus
743 2501 891 2539 autem
913 2496 1036 2553 pacis
1059 2500 1260 2540 conterat
1282 2496 1494 2539 Satanam
1518 2496 1598 2539 sub
1622 2495 1809 2553 pedibus
1829 2495 1986 2547 vestris
2005 2494 2230 2538 velociter.

398 2555 552 2598 Gratia
579 2555 759 2599 Domini
785 2556 922 2599 nostri
948 2556 975 2599 J
981 2571 1057 2599 csu
1083 2555 1247 2600 Christi
1270 2556 1514 2600 vobiscum.

456 2613 487 2639 31
509 2615 684 2658 Salutat
712 2629 789 2658 vos
819 2614 1100 2672 Timotheus,
1123 2614 1306 2671 adjutor
1331 2630 1474 2671 meus,
1498 2620 1541 2659 et
1568 2615 1755 2669 Lucius,
1783 2620 1826 2659 et
1856 2616 1883 2658 J
1889 2628 2017 2670 ason,
2049 2619 2092 2658 et
2118 2613 2232 2658 Sosi-

396 2679 534 2730 pater,
570 2675 748 2728 cognati
781 2674 880 2717 mei.
908 2673 945 2700 33
979 2674 1130 2719 Saluto
1158 2689 1238 2718 vos
1271 2689 1353 2731 ego
1383 2675 1579 2731 Tertius,
1607 2675 1680 2731 qui
1710 2674 1866 2731 scripsi
1899 2673 2152 2731 epistolam,
2186 2673 2233 2716 111

398 2733 604 2777 Domino.
628 2732 665 2759 33
683 2734 856 2777 Salutat
879 2748 954 2777 vos
981 2734 1133 2788 Caius,
1164 2734 1322 2792 hospes
1352 2749 1495 2791 meus,
1520 2740 1563 2778 et
1596 2734 1803 2777 universa
1832 2733 2033 2778 ecclesia.
2057 2732 2232 2776 Salutat

397 2806 474 2835 vos
502 2793 703 2848 Erastus,
729 2793 924 2836 arcarius
951 2793 1168 2850 civitatis,
1195 2798 1238 2837 et
1263 2793 1473 2850 Quartus,
1497 2794 1650 2838 frater.

455 2851 491 2877 31
511 2852 666 2895 Gratia
693 2852 874 2895 Domini
905 2853 1041 2896 nostri
1069 2853 1096 2896 J
1101 2867 1176 2896 esu
1207 2853 1372 2896 Christi
1398 2868 1500 2896 cum
1531 2853 1735 2896 omnibus
1757 2853 1897 2897 vobis.
1929 2853 2089 2897 Amen.
2117 2850 2153 2878 35
2179 2851 2230 2894 Ε1

396 2916 545 2954 autem
568 2911 641 2967 qui
663 2917 818 2968 potens
841 2916 906 2955 est
926 2926 1001 2955 vos
1023 2912 1282 2955 confirmare
1307 2913 1437 2968 juxta
1459 2912 1740 2969 evangelium
1766 2927 1926 2968 meum,
1951 2917 1995 2956 et
2015 2910 2229 2968 praedica-

398 2970 564 3013 tionem
590 2971 698 3013 Jesu
721 2970 905 3027 Christi,
928 2971 1171 3015 secundum
1193 2972 1513 3016 revelationem
1535 2972 1733 3028 mysterii
1757 2971 2030 3029 temporibus
2055 2969 2231 3013 aeternis

397 3028 523 3072 taciti
550 3029 587 3056 36
607 3030 752 3086 (quod
778 3045 895 3074 nunc
922 3031 1202 3087 patefactum
1236 3036 1301 3074 est
1328 3045 1406 3087 per
1439 3031 1687 3088 Scripturas
1713 3031 2048 3089 prophetarum,
2076 3043 2230 3072 secun-

399 3088 502 3131 dum
530 3094 801 3146 praeceptum
834 3089 987 3133 aeterni
1015 3090 1118 3146 Dei,
1147 3090 1201 3133 ad
1233 3090 1533 3134 obeditionem
1559 3090 1716 3148 fidei),
1743 3091 1790 3134 in
1817 3090 1988 3134 cunctis
2021 3087 2230 3145 gentibus

399 3148 592 3203 cogniti3
620 3147 655 3174 37
674 3148 754 3191 soli
784 3149 974 3205 sapienti
999 3150 1114 3205 Deo,
1139 3163 1215 3206 per
1239 3150 1266 3193 J
1272 3163 1394 3192 esum
1417 3149 1664 3203 Christum,
1685 3149 1755 3193 cui
1781 3150 1920 3194 honor
1948 3153 1994 3192 et
2017 3146 2159 3203 gloria
2182 3145 2231 3190 in

398 3206 563 3249 saecula
585 3207 859 3250 saeculorum.
883 3208 1042 3252 Amen.

399 3351 427 3384 a]
448 3351 776 3386 Act.xv111‚2‚·.›‹‚-.
797 3366 829 3369 γ*
846 3352 894 3385 21]
916 3352 1142 3387 Act.Xv1,1.

1132 3516 1495 3555 ψσ-εἷβ-εεῐβῡν
