2456 3861
798 158 913 200 GEN.
951 158 1030 211 IV,
1066 157 1121 199 22
1146 183 1204 188 —
1236 158 1289 209 V,
1323 158 1393 200 23.
1983 158 2008 199 5

184 329 281 384 ejus
306 327 467 380 .Jubal;
496 327 587 384 ipse
613 327 702 370 fuit
728 333 853 383 pater
878 327 1132 369 canentium
1159 326 1329 369 cithara
1354 331 1399 369 et
1428 340 1606 381 organo.
1634 325 1670 351 '2⁴2
1687 326 1805 369 Sella
1838 339 2007 382 quoque

186 386 339 443 genuit
363 386 631 435 Tubaleain,
669 386 741 441 qui
776 385 865 428 fuit
897 385 1129 428 malleator
1161 391 1206 428 et
1238 385 1367 428 faber
1400 384 1443 426 in
1475 390 1635 426 cuncta
1669 399 1800 440 opera
1833 384 1932 427 aeris
1964 392 2007 428 et

185 446 304 490 ferri.
340 446 467 488 Soror
499 460 602 488 vero
627 444 894 499 Tubalcain‚
928 445 1110 487 Noema.
1144 443 1181 469 ‘²3
1209 444 1420 500 Dixitque
1456 443 1649 486 Lamech
1684 443 1891 486 uxoribus
1920 443 2008 486 suis

184 503 294 547 Adae
320 509 365 545 et
389 503 518 546 Sellae
542 520 550 547 :

569 562 734 606 Audite
756 576 910 604 vocem
936 576 1101 616 meam,
1129 576 1286 603 uxores
1317 563 1534 618 Lamech,

566 621 812 663 auscultate
838 634 1085 662 sermonem
1112 634 1259 662 meum
1283 635 1290 661 ε

567 679 774 734 quoniam
802 678 943 721 occidi
965 677 1108 720 virum
1134 677 1179 719 in
1204 677 1364 720 vulnus
1390 694 1556 734 meum,

565 743 610 780 et
634 737 1015 780 adolescentulum
1039 737 1085 778 in
1111 736 1294 779 livorem
1318 751 1476 782 meum.

506 796 541 822 '²³¹
565 797 825 853 Septuplum
852 795 961 838 ultio
987 795 1164 838 dabitur
1187 795 1240 837 de
1267 795 1372 837 Cain
1392 813 1400 850 3

565 855 618 898 de
646 855 839 898 Lamech
868 869 970 897 vero
996 854 1250 910 septuagies
1272 854 1449 910 septies,

241 915 276 942 '25
295 914 515 971 Cognovit
539 929 710 970 quoque
742 914 888 957 adhuc
913 913 1060 956 Adam
1092 927 1275 956 uxorem
1300 928 1447 969 suam,
1474 918 1519 957 et
1544 914 1715 970 peperit
1747 915 1907 971 filium,
1934 930 2008 959 vo-

180 974 388 1030 cavitque
417 988 578 1016 nomen
608 974 706 1029 ejus
739 973 866 1027 Seth,
897 972 1081 1016 dicens:
1115 972 1268 1015 Posuit
1300 972 1409 1015 mihi
1445 975 1564 1016 Deus
1597 987 1747 1016 semen
1779 973 1900 1016 aliud
1933 989 2010 1031 pro

182 1033 318 1088 Abel,
353 1047 482 1089 quem
516 1033 679 1076 occidit
712 1032 835 1077 Cain.
863 1031 900 1059 '²⁰
924 1031 1010 1076 Sed
1043 1037 1088 1075 et
1117 1032 1223 1075 Seth
1256 1037 1387 1075 natus
1412 1038 1479 1075 est
1512 1031 1648 1087 filius,
1676 1046 1807 1088 quem
1831 1032 2011 1076 vocavit

183 1092 325 1147 Enos3
353 1093 434 1135 iste
457 1091 592 1148 coepit
613 1091 818 1134 invocare
840 1105 1000 1134 nomen
1024 1090 1216 1135 Domini.

912 1305 1170 1359 LIBER
1222 1304 1282 1358 II

678 1423 1230 1488 'GENERATmNEs
1281 1449 1497 1488 ADAMI

403 1591 427 1648 ξ
461 1591 498 1636 Ι.
531 1617 590 1624 —
621 1591 898 1647 Propayatio
932 1590 1105 1633 Adamz·
1133 1604 1218 1645 per
1250 1589 1374 1644 Seth,
1416 1603 1551 1644 usque
1582 1589 1647 1632 ad
1677 1589 1785 1634 Noe.

239 1713 345 1758 CAP.
374 1713 427 1757 V.
453 1739 512 1747 —-
535 1713 546 1739 ¹
568 1713 657 1756 Hic
682 1718 749 1756 est
772 1712 884 1756 liber
908 1712 1206 1768 generationis
1233 1712 1393 1757 Adam.

239 1773 294 1814 In
318 1771 389 1815 die
417 1787 504 1828 qua
533 1772 701 1816 creavit
731 1774 850 1815 Deus
876 1771 1122 1827 hominem,
1150 1771 1206 1814 ad
1241 1771 1581 1814 similitudinem
1612 1771 1695 1814 Dei
1724 1771 1834 1814 fecit
1869 1771 2007 1817 illum.

189 1830 464 1874 2Masculum
489 1837 534 1874 et
558 1831 776 1874 feminam
799 1831 967 1874 creavit
1000 1845 1093 1886 eos,
1122 1835 1166 1874 et
1191 1830 1422 1873 benedixit
1447 1829 1555 1886 illis,
1579 1835 1623 1873 et
1649 1830 1827 1874 vocavit
1849 1845 2010 1874 nomen

175 1904 328 1934 eorum
354 1891 522 1946 Adam,
546 1891 592 1933 in
618 1891 688 1934 die
711 1905 795 1947 quo
818 1891 954 1933 creati
976 1895 1091 1934 sunt.
1112 1890 1129 1916 3
1147 1889 1275 1933 Vixit
1291 1894 1441 1932 autem
1463 1889 1610 1932 Adam
1628 1894 1807 1932 centum
1825 1890 2010 1946 triginta

175 1949 330 2003 annis3
357 1955 402 1993 et
425 1949 581 2006 genuit
602 1950 659 1993 ad
685 1949 928 2006 imaginem
954 1955 998 1993 et
1023 1948 1363 1992 similitudinem
1388 1963 1533 2004 suam,
1560 1948 1825 2005 vocavitque
1847 1964 2006 1993 nomen

174 2008 275 2064 ejus
302 2009 419 2053 Seth.
443 2009 460 2036 4
478 2011 537 2052 Et
565 2010 679 2052 facti
711 2015 814 2052 sunt
847 2009 940 2053 dies
966 2009 1134 2064 Adam,
1162 2014 1396 2065 postquam
1425 2008 1580 2064 genuit
1609 2008 1735 2064 Seth,
1763 2008 2008 2065 octingenti

173 2067 308 2122 anni;
332 2068 573 2125 genuitque
605 2069 719 2112 filios
752 2074 796 2111 et
828 2068 958 2112 filias.
985 2069 1001 2095 5
1022 2069 1079 2111 Et
1107 2068 1282 2111 factum
1311 2073 1379 2110 est
1405 2081 1533 2110 omne
1559 2072 1733 2124 tempus
1759 2067 1874 2123 quod
1896 2068 2008 2111 vixit

178 2126 345 2183 Adam,
372 2128 479 2170 anni
503 2128 719 2184 nongenti
741 2128 947 2184 triginta,
972 2133 1016 2171 et
1037 2132 1234 2170 mortuus
1260 2133 1338 2172 est.

236 2186 253 2211 ‘⁶’
273 2186 398 2229 Vixit
426 2201 596 2243 quoque
619 2187 725 2231 Seth
755 2193 933 2230 centum
962 2187 1154 2243 quinque
1175 2186 1325 2243 annis,
1349 2191 1393 2230 et
1418 2187 1573 2243 genuit
1600 2187 1731 2231 Enos
1761 2186 1775 2212 ⁷
1796 2187 2007 2243 Vixitque

172 2245 283 2289 ‘Seth
309 2251 544 2301 postquam
570 2246 724 2303 genuit
749 2247 889 2302 Enos,
914 2246 1182 2303 octingentis
1205 2251 1375 2302 septem
1396 2246 1547 2302 annis,
1574 2246 1814 2302 genuitque
1833 2246 1945 2289 filios
1964 2253 2008 2289 et

175 2304 302 2350 filias.
325 2305 342 2331 3
361 2306 420 2347 Et
440 2305 553 2348 facti
576 2311 678 2348 sunt
700 2319 850 2348 omnes
873 2305 966 2349 dies
988 2306 1096 2350 Seth
1114 2310 1441 2361 nongentorum
1460 2305 1693 2348 duodecim
1711 2319 1939 2361 annorum,
1963 2311 2008 2348 et

175 2371 373 2408 mortuus
396 2371 474 2409 est.

235 2424 252 2450 9
277 2423 405 2467 Vixit
437 2439 539 2467 vero
573 2425 692 2467 Enos
722 2425 968 2480 nonaginta
1005 2425 1153 2480 annis,
1188 2430 1232 2468 et
1266 2426 1419 2482 genuit
1457 2424 1640 2469 Cainan.
1680 2424 1711 2451 ¹⁰
1738 2426 1842 2467 Post
1879 2424 2006 2480 cujus

171 2489 320 2526 ortum
344 2483 459 2526 vixit
484 2483 754 2550 octingentis
779 2484 1033 2539 quindecim
1049 2484 1203 2551 annis,
1223 2489 1268 2527 61
1289 2485 1443 2552 genuit
1464 2484 1577 2527 filios
1599 2488 1643 2526 et
1661 2483 1788 2527 filias.
1812 2484 1840 2510 ¹¹
1859 2483 2005 2526 Facti-

170 2543 1423 2658 11111.»δῧῗὲῑῖᾛῖἒέὲθῗῑέἓὲῖΗὲθῖῗῖἓὲῑὲἵέῃέἓὲὶὲηἶῖ
1447 2548 1612 2658 Ξξὲἶίῗέ
1617 2548 1848 2645 1111ἓ1ἓῗὲ11
1949 2603 2006 2644 Et

173 2661 289 2704 vixit
310 2661 502 2716 Cainan,
531 2666 765 2718 postquam
794 2661 948 2717 genuit
978 2660 1207 2717 Malaleel,
1236 2638 1504 2717 octingentis
1526 2641 1822 2717 quadraginta
1853 2638 2002 2713 annis,

175 2720 413 2776 genuitque
446 2720 559 2763 filios
596 2726 642 2763 61
673 2720 801 2763 filias.
835 2720 867 2746 11
894 2721 952 2763 Ε1
984 2720 1097 2763 facti
1134 2725 1237 2763 sunt
1274 2734 1425 2763 omnes
1459 2720 1552 2763 dies
1586 2720 1757 2763 Cainan
1790 2720 2005 2776 nongenti

169 2779 328 2822 »decem
349 2779 475 2835 anni,
502 2785 547 2822 et
567 2785 765 2822 mortuus
791 2784 870 2823 est.

235 2838 268 2865 ¹5
284 2838 410 2882 Vixit
430 2844 580 2881 autem
602 2838 812 2881 Malaleel
835 2839 1073 2895 sexaginta
1094 2839 1285 2895 quinque
1307 2840 1458 2895 annis,
1481 2844 1525 2882 et
1546 2839 1701 2895 genuit
1722 2840 1750 2883 J
1754 2838 1873 2882 ared.
1894 2839 1929 2865 ¹⁶
1948 2840 2005 2882 Et

168 2897 287 2940 vixit
311 2897 521 2941 Malaleel
545 2903 777 2954 postquam
803 2897 957 2954 genuit
981 2899 1139 2955 Jared,
1170 2899 1439 2955 octingentis
1465 2898 1651 2954 triginta
1676 2898 1830 2952 annis3
1859 2903 1902 2941 et
1929 2912 2003 2953 ge-

173 2956 270 2999 nuit
294 2956 407 2999 filios
432 2962 477 3000 et
505 2956 631 3002 filias,
661 2956 694 2983 '¹⁷
716 2957 774 2999 Et
802 2957 915 3000 facti
936 2962 1039 3000 sunt
1061 2972 1212 3000 omnes
1242 2958 1335 3001 dies
1364 2957 1574 3001 Malaleel
1600 2957 1846 3014 octingenti
1868 2971 2003 3000 nona-

175 3015 299 3058 uinta
353 3015 429 3058 uin
462 3030 515 3059 ue
536 3016 642 3058 anni
687 3021 732 3059 et
753 3021 950 3059 mortuus
975 3022 1054 3061 est.

173 3051 199 3071 Ο
233 3074 267 3101 18
287 3030 499 3130 Vcilxitqffie
525 3051 663 3118 Jared'
692 3081 871 3118 centum
900 3076 1136 3132 sexaginta
1170 3076 1339 3120 duobus
1368 3076 1517 3132 annis,
1544 3081 1589 3119 et
1619 3076 1773 3132 genuit
1799 3077 2000 3120 Henoch.

174 3133 209 3160 ¹9
231 3134 290 3176 Et
319 3133 434 3176 vixit
459 3134 596 3177 Jared
625 3140 861 3190 postquam
885 3134 1040 3190 genuit
1069 3136 1279 3191 Henoch,
1304 3135 1573 3192 octingentis
1599 3135 1747 3191 annis,
1779 3141 1823 3178 et
1848 3135 2004 3191 genuit

172 3191 284 3235 filios
310 3198 356 3235 et
383 3192 510 3236 filias.
537 3191 574 3219 “2⁰
593 3194 650 3236 Et
675 3193 788 3236 facti
818 3198 920 3236 sunt
945 3207 1097 3237 omnes
1126 3194 1218 3237 dies
1245 3194 1382 3238 Jared
1411 3194 1627 3250 nongenti
1655 3194 1891 3251 sexaginta
1917 3194 2001 3237 duo

170 3251 298 3307 anni,
322 3256 367 3294 et
387 3256 583 3294 mortuus
604 3257 684 3296 est.

230 3308 264 3336 ²¹
286 3311 419 3353 Porro
445 3311 634 3354 Henoch
655 3311 771 3354 vixit
795 3313 1030 3369 sexaginta
1055 3313 1245 3369 quinque
1267 3313 1417 3369 annis,
1446 3317 1491 3356 et
1511 3312 1665 3369 genuit
1687 3311 1998 3356 MathusaIa-m.

171 3366 209 3394 2²
226 3369 285 3412 Et
314 3369 564 3413 ambulavit
596 3371 786 3414 Henoch
820 3384 919 3414 cum
951 3374 1069 3427 Deo3
1103 3377 1149 3415 et
1176 3371 1292 3415 vixit
1323 3376 1557 3428 postquam
1590 3371 1744 3427 genuit
1774 3370 1998 3413 Mathusa-

169 3425 282 3483 lam,
309 3427 520 3471 trecentis
544 3428 693 3486 annis,
717 3434 762 3472 et
789 3430 945 3485 genuit
968 3429 1081 3473 filios
1107 3435 1152 3474 et
1172 3430 1300 3474 filias.
1323 3430 1360 3457 '23
1378 3431 1436 3473 Et
1457 3429 1570 3473 facti
1599 3434 1702 3472 sunt
1728 3443 1878 3472 omnes
1906 3428 2000 3472 dies

178 3641 205 3673 1]
230 3641 293 3668 Inf.
312 3641 358 3668 IX
371 3661 377 3674 ,
391 3643 417 3668 6.
432 3642 510 3673 Sup.
529 3641 544 3667 I
557 3660 564 3674 ‚
577 3642 621 3668 27.
640 3640 713 3672 Sap.
728 3639 782 3675 ΙΙ,
800 3637 964 3667 23.13ccli.
981 3639 1096 3672 XVII,
1112 3640 1136 3666 1.
1156 3653 1191 3656 —
1206 3638 1235 3670 4]
1254 3637 1268 3664 I
1288 3637 1359 3664 Par.
1384 3637 1417 3670 Ι,
1436 3639 1460 3664 1.

2095 917 2175 944 Seth
2196 917 2297 944 datur

2109 967 2166 992 pro
2188 961 2282 989 Abel.

2077 1729 2210 1758 Titulus
2227 1727 2315 1759 libri.

2141 1787 2252 1816 Adam.

2150 2192 2239 2219 seth.

2142 2427 2240 2455 Enos.

2125 2602 2256 2630 Cainan.

2111 2841 2272 2870 Malaleel.

2133 3077 2153 3105 J
2157 3076 2244 3105 ared.

2112 3310 2259 3338 Henoch.
