2423 3861
152 908 171 934 J
177 906 260 934 udaei

119 952 294 982 reportant

101 994 278 1022 victoriam
297 1001 315 1022 a

140 1036 271 1070 Gorgia.

104 3150 302 3180 Dei-incitur

117 3194 287 3223 cxci-citus

147 3238 260 3270 Lysim.

406 130 516 172 1050
948 125 971 167 Ι
1003 126 1156 166 Macri.
1193 124 1288 176 III,
1323 125 1378 166 55
1410 150 1469 156 —
1502 124 1582 177 IV,
1616 124 1685 166 29.

401 312 575 354 magna.
603 298 638 323 55
658 298 714 339 Et
735 300 832 352 post
858 295 954 336 haec
981 293 1211 335 constituit
1237 293 1266 335 J
1271 293 1379 335 udas
1402 292 1536 335 duces
1565 291 1737 348 populi,
1764 292 1986 348 tribunos,
2016 297 2060 336 et
2085 299 2238 337 centu·

399 357 562 411 riones,
587 362 629 399 et.
655 352 1073 411 pentacontarchos,
1108 356 1152 394 et
1175 351 1447 396 decuriones.
1476 351 1512 377 56
1539 351 1597 394 Et
1623 351 1737 393 dixit
1762 350 1832 393 his
1854 351 1927 406 qui
1953 351 2237 395 aedificabant

399 416 569 470 domos,
605 420 647 457 et
679 411 951 468 sponsabant
983 425 1161 466 uxores,
1188 415 1232 453 et
1260 410 1528 467 plantabant
1553 410 1726 462 vineas,
1758 414 1802 453 et
1830 410 2153 468 formidolosis,
2187 416 2235 453 ut

398 475 589 517 redirent
615 470 913 526 unusquisque
936 470 983 512 in
1010 469 1189 512 domum
1216 484 1363 525 suam,
1390 469 1634 512 secundum
1660 470 1818 525 legem.

456 533 490 559 5⁷
510 534 565 575 Et
593 535 824 573 moverunt
850 534 1016 585 castra,
1040 534 1083 572 et
1108 528 1438 572 collocaverunt
1463 528 1519 571 ad
1541 534 1741 571 austrum
1765 530 2017 573 Emmaum.
2040 530 2075 557 58
2094 530 2153 573 Et
2173 531 2238 574 ait

397 592 536 634 ,Judas
559 607 567 634 :
591 588 918 644 Accingimini,
946 594 989 631 et
1014 593 1154 631 estote
1176 587 1255 630 filii
1278 593 1506 644 potentes,
1534 593 1578 631 et
1607 593 1746 631 estote
1771 588 1915 644 parati
1938 588 1982 630 in
2010 603 2162 645 mane,
2188 595 2237 632 ut

396 649 600 707 pugnetis
622 648 833 691 adversus
859 647 1060 690 nationes
1086 648 1164 690 has
1188 661 1285 703 quae
1308 651 1609 690 convenerunt
1629 647 1842 690 adversus
1862 662 1963 704 nos,
1984 648 2239 705 disperdere

395 723 471 751 nos
490 713 534 751 et
555 712 711 750 sancta
733 712 883 750 nostra
898 723 906 761 3
924 706 961 733 59
979 706 1188 763 quoniam
1211 706 1370 749 melius
1392 712 1458 749 est
1479 721 1558 750 nos
1580 706 1690 750 mori
1714 706 1759 749 in
1781 706 1913 762 bello,
1935 722 2068 763 quam
2086 707 2240 751 videre

395 767 510 809 mala
533 766 678 823 gentis
704 771 866 809 nostrae
893 770 936 809 et
960 771 1228 811 sanctorum.
1256 764 1293 791 6⁰
1316 765 1442 809 Sicut
1466 771 1615 808 autem
1644 765 1782 809 fuerit
1808 765 2015 809 voluntas
2036 767 2083 809 in
2106 766 2238 822 caelo,

393 826 454 868 sic
480 827 579 869 fiat!

451 885 558 929 CAP.
585 886 666 929 IV.
692 912 752 919 —
777 885 790 912 ¹
812 887 869 928 Et
893 885 1134 942 assumpsit
1168 886 1356 942 Gorgias
1389 886 1582 942 quinque
1616 886 1760 929 millia
1794 885 2010 943 virorum,
2041 890 2084 929 et
2113 886 2240 929 mille

392 945 562 1001 equites
599 945 784 1001 electos,
824 950 867 988 et
906 952 1141 987 moverunt
1179 951 1322 988 castra
1363 950 1517 1001 nocte,
1551 945 1568 971 ‘2
1593 951 1642 989 ut
1680 945 1959 1003 applicarent
1999 944 2056 988 ad
2091 949 2237 988 castra

392 1004 673 1060 Judaeorum‚
698 1010 741 1047 et
766 1008 1046 1061 percuterent
1072 1018 1144 1047 eos
1170 1005 1340 1059 subito3
1367 1009 1412 1048 et
1436 1005 1515 1047 filii
1540 1006 1613 1062 qui
1637 1010 1762 1049 erant
1784 1019 1838 1048 ex
1864 1019 1964 1048 arce
1991 1009 2117 1048 erant
2144 1004 2237 1047 illis

393 1063 540 1107 duces.
564 1063 581 1090 3
599 1064 657 1106 Et
681 1064 856 1107 audivit
882 1064 909 1106 J
916 1063 1046 1119 udas,
1074 1069 1118 1107 et
1147 1064 1338 1107 surrexit
1369 1064 1484 1121 ipse,
1512 1070 1555 1108 et
1581 1070 1808 1122 potentes,
1843 1070 2071 1121 percutere
2096 1064 2237 1107 virtu-

391 1128 482 1166 tem
505 1123 779 1166 exercituum
803 1123 933 1179 regis,
954 1123 1028 1179 qui
1047 1129 1173 1166 erant
1193 1123 1240 1166 in
1263 1125 1527 1168 Emmaum:
1550 1123 1567 1150 4
1585 1124 1732 1167 adhuc
1754 1123 1873 1167 enim
1896 1123 2118 1181 dispersus
2141 1128 2236 1168 erat

392 1183 611 1226 exercitus
636 1197 662 1225 a
689 1182 858 1228 castriS.
885 1183 902 1209 5
921 1184 979 1225 Et
1003 1182 1127 1226 venit
1152 1183 1340 1238 Gorgias
1362 1183 1408 1225 in
1432 1189 1575 1226 castra
1598 1184 1627 1227 J
1631 1183 1731 1226 udae
1758 1188 1913 1239 noctu,
1940 1189 1985 1226 et
2009 1183 2235 1228 neminem

392 1242 586 1295 invenit;
611 1247 654 1285 et
676 1242 903 1298 quaerebat
929 1257 1000 1286 eos
1021 1242 1068 1284 in
1094 1242 1339 1298 montibus,
1365 1243 1574 1298 quoniam
1601 1243 1741 1287 dixit:
1764 1242 1966 1299 Fugiunt
1982 1242 2029 1285 hi
2048 1258 2074 1285 a
2092 1243 2225 1288 nobis

392 1301 409 1327 0
427 1302 484 1343 Et
510 1316 610 1344 cum
638 1302 731 1345 dies
757 1303 905 1344 factus
928 1307 1063 1357 esset,
1090 1302 1297 1358 apparuit
1323 1303 1351 1345 J
1357 1302 1465 1345 udas
1487 1303 1533 1345 in
1557 1317 1713 1359 campo
1740 1317 1841 1345 cum
1867 1302 2009 1345 tribus
2035 1302 2234 1346 millibus

392 1361 584 1404 virorum
618 1366 813 1417 tantum,
837 1361 910 1417 qui
945 1367 1204 1417 tegumenta
1238 1367 1282 1404 et
1311 1361 1485 1418 gladios
1518 1376 1606 1405 non
1631 1361 1885 1417 habebant3
1917 1361 1932 1388 7
1959 1367 2003 1405 et
2027 1361 2235 1406 viderunt

393 1424 536 1463 castra
561 1420 763 1476 gentium
790 1421 960 1476 valida,
988 1426 1030 1464 et
1060 1421 1285 1476 loricatos,
1313 1427 1356 1464 et
1386 1422 1608 1477 equitatus
1630 1422 1677 1464 in
1704 1421 1893 1465 circuitu
1923 1436 2093 1478 eorum,
2120 1427 2163 1465 et
2187 1422 2234 1465 hi

393 1479 510 1522 docti
539 1480 596 1522 ad
626 1480 843 1536 praelium.
871 1479 887 1506 8
915 1482 972 1523 Et
1000 1481 1063 1523 ait
1093 1482 1121 1523 J
1128 1481 1235 1524 udas
1265 1481 1371 1524 viris
1401 1481 1475 1536 qui
1509 1496 1658 1525 secum
1696 1485 1823 1525 erant
1849 1498 1857 1525 :
1896 1482 1964 1524 Ne
1996 1481 2235 1524 timueritis

393 1538 726 1582 multitudinem
752 1554 921 1596 eorum,
949 1545 992 1583 et
1012 1540 1229 1597 impetum
1252 1555 1400 1584 eorum
1428 1556 1481 1584 ne
1507 1541 1773 1584 formidetis.
1796 1540 1814 1566 9
1832 1542 2104 1584 Mementote
2126 1556 2237 1598 qua·

391 1598 492 1641 liter
527 1598 639 1641 salvi
672 1598 785 1641 facti
819 1604 921 1642 sunt
953 1604 1100 1656 patres
1137 1600 1273 1643 nostri
1306 1600 1353 1642 in
1386 1601 1497 1643 mari
1533 1601 1704 1656 Rubro,
1740 1615 1840 1643 cum
1874 1605 2127 1656 sequeretur
2160 1615 2232 1644 eos

391 1657 564 1701 Pharao
595 1672 696 1701 cum
729 1658 922 1701 exercitu
955 1659 1109 1702 multo.
1138 1658 1173 1685 ¹⁰
1200 1660 1256 1701 Et
1286 1674 1402 1702 nunc
1429 1659 1674 1703 clamemus
1702 1660 1748 1702 in
1775 1659 1957 1715 caelum,
1984 1664 2028 1703 et
2054 1659 2233 1704 misere-

391 1717 511 1759 bitur
542 1717 680 1760 nostri
714 1718 955 1774 Dominus3
992 1724 1034 1761 et
1067 1733 1236 1762 memor
1264 1718 1348 1762 erit
1384 1719 1640 1762 testamenti
1675 1725 1850 1776 patrum
1885 1724 2155 1776 nostrorum,
2187 1725 2231 1763 et

392 1782 588 1820 conteret
621 1777 864 1820 exercitum
897 1778 1033 1820 istum
1062 1783 1165 1822 ante
1190 1778 1357 1821 faciem
1390 1784 1586 1821 nostram
1612 1779 1766 1832 hodie3
1794 1778 1825 1804 ¹¹
1847 1784 1891 1822 et
1912 1779 2054 1822 scient
2079 1793 2235 1822 omnes

391 1842 545 1891 gentes
571 1836 672 1892 quia
696 1841 762 1880 est
784 1837 857 1892 qui
880 1837 1069 1880 redimat
1091 1844 1134 1880 et
1159 1837 1318 1881 liberet
1344 1838 1498 1881 Israel.
1518 1837 1553 1863 ¹⁶2
1572 1839 1629 1880 Et
1655 1838 1943 1881 elevaverunt
1963 1837 2232 1894 alienigenae

391 1895 541 1939 oculos
563 1910 685 1952 suos,
708 1902 750 1939 et
776 1896 982 1939 viderunt
1004 1911 1075 1940 eos
1093 1897 1321 1940 venientes
1348 1911 1401 1940 ex
1423 1897 1621 1940 adverso.
1644 1897 1679 1922 '¹3
1698 1899 1754 1939 Et
1776 1897 1981 1940 exierunt
2003 1897 2055 1940 de
2075 1898 2232 1940 castris

389 1954 436 1996 in
462 1955 687 2011 praelium,
723 1961 765 1999 et
797 1955 906 1998 tuba
940 1956 1196 1999 cecinerunt
1225 1956 1270 1999 hi
1303 1956 1375 2012 qui
1407 1962 1532 1999 erant
1566 1971 1666 1999 cum
1700 1957 1726 1999 J
1733 1956 1840 2011 uda,
1873 1956 1908 1982 1-1
1934 1961 1977 2000 et
2007 1957 2230 2013 congressi

390 2019 518 2069 sunt3
541 2020 584 2058 et
610 2015 811 2058 contritae
838 2020 940 2058 sunt
961 2020 1129 2071 gentes,
1149 2020 1192 2058 et
1217 2016 1432 2072 fugerunt
1452 2016 1499 2058 in
1522 2030 1743 2073 campum.
1765 2016 1799 2042 ¹5
1818 2015 2062 2059 Novissimi
2081 2021 2232 2060 autem

391 2087 540 2117 omnes
567 2073 824 2117 ceciderunt
847 2074 893 2116 in
916 2075 1088 2130 gladio,
1108 2080 1151 2118 et
1176 2075 1395 2131 persecuti
1421 2081 1526 2118 sunt
1548 2089 1622 2119 eos
1644 2090 1781 2131 usque
1801 2076 2013 2132 Gezeron,
2034 2080 2076 2119 et
2095 2090 2234 2132 usque

389 2133 435 2174 in
461 2147 640 2189 campos
667 2133 898 2190 Idumaeae,
923 2139 966 2176 et
991 2133 1142 2189 Azoti,
1170 2140 1213 2177 et
1236 2134 1457 2190 Jamniae3
1483 2140 1525 2177 et
1548 2135 1805 2178 ceciderunt
1831 2149 1885 2178 ex
1902 2134 1992 2178 illis
2014 2149 2152 2191 usque
2173 2135 2232 2178 ad

390 2191 473 2233 tria
498 2192 638 2234 millia
664 2193 871 2236 virorum.

453 2250 484 2277 ¹⁰
501 2252 560 2293 Et
584 2266 782 2295 reversus
805 2258 870 2296 est
891 2254 919 2296 J
924 2253 1055 2308 udas,
1078 2259 1122 2297 et
1148 2254 1366 2297 exercitus
1392 2254 1510 2310 ejus,
1533 2269 1718 2310 sequens
1743 2270 1856 2299 eum.
1882 2254 1915 2280 ¹7
1936 2255 2151 2311 Dixitque
2172 2254 2232 2297 ad

388 2311 600 2366 populum
631 2328 638 2355 :
674 2313 773 2355 Non
809 2313 1132 2369 concupiscatis
1165 2313 1328 2370 spolia,
1364 2314 1466 2369 quia
1498 2314 1667 2357 bellum
1701 2320 1855 2357 contra
1889 2329 1968 2358 nos
2002 2319 2092 2370 est,
2128 2313 2163 2340 18
2185 2319 2230 2357 et

390 2370 578 2426 Gorgias
603 2376 646 2413 et
673 2372 890 2415 exercitus
913 2373 1008 2428 ejus
1034 2387 1169 2429 prope
1190 2387 1268 2416 nos
1294 2372 1339 2415 in
1366 2378 1540 2427 monte3
1568 2373 1645 2417 sed
1672 2378 1787 2417 state
1813 2388 1930 2416 nunc
1961 2379 2114 2417 contra
2141 2373 2227 2416 ini-

388 2429 525 2472 micos
558 2435 749 2486 nostros,
784 2437 826 2474 et
860 2438 1114 2488 expugnate
1146 2446 1245 2487 eos,
1277 2437 1321 2475 et
1349 2432 1534 2476 sumetis
1564 2439 1716 2489 postea
1749 2433 1891 2490 spolia
1925 2433 2081 2476 securi.
2109 2432 2145 2459 19
2170 2433 2228 2475 Et

387 2488 532 2532 adhuc
568 2489 774 2545 loquente
811 2491 931 2534 Juda
964 2492 1080 2548 haec,
1117 2506 1218 2535 ecce
1251 2491 1458 2548 apparuit
1493 2507 1594 2549 pars
1628 2492 1835 2548 quaedam
1868 2491 2140 2549 prospiciens
2173 2492 2231 2535 de

388 2552 549 2592 monte.
577 2547 613 2575 “²⁰
632 2550 688 2591 Et
714 2550 828 2592 vidit
853 2550 1042 2606 Gorgias
1069 2551 1183 2607 quod
1205 2551 1251 2594 in
1277 2551 1436 2606 fugam
1458 2552 1658 2595 conversi
1681 2557 1783 2594 sunt
1808 2551 1895 2606 sui,
1920 2558 1963 2595 et
1988 2551 2229 2594 succende-

387 2612 489 2649 runt
530 2613 702 2663 castra3
743 2609 894 2652 fumus
935 2610 1054 2652 enim
1095 2610 1167 2666 qui
1205 2610 1442 2654 videbatur
1483 2610 1741 2654 declarabat
1782 2611 1898 2667 quod
1938 2611 2114 2654 factum
2146 2617 2228 2654 est.

388 2665 420 2691 2¹
441 2666 607 2716 Quibus
631 2667 698 2710 illi
729 2668 976 2725 conspectis
998 2669 1244 2713 timuerunt
1269 2669 1418 2725 valde,
1445 2670 1714 2726 aspicientes
1740 2670 1872 2713 simul
1902 2676 1946 2714 et
1967 2670 1996 2714 J
2001 2669 2156 2726 udam,
2183 2675 2228 2712 et

387 2726 626 2769 exercitum
650 2727 696 2769 in
715 2742 872 2785 campo
889 2734 1094 2784 paratum
1112 2729 1168 2771 ad
1187 2728 1414 2785 praelium3
1435 2728 1472 2754 22
1491 2734 1533 2772 et
1550 2729 1765 2785 fugerunt
1783 2744 1935 2773 omnes
1951 2729 1999 2772 in
2018 2743 2230 2786 campum

385 2784 749 2840 alienigenarum.

445 2842 482 2870 ²3
511 2846 568 2887 Et
604 2846 746 2889 ‹Iuda-s
779 2862 978 2892 reversus
1016 2853 1082 2892 est
1117 2848 1174 2891 ad
1208 2847 1350 2904 spolia
1384 2853 1651 2904 castrorum3
1684 2854 1728 2893 et
1763 2852 2032 2904 acceperunt
2068 2862 2225 2890 aurum

387 2903 596 2960 multum,
628 2911 671 2948 et
704 2913 958 2962 argentum,
994 2913 1038 2951 et
1073 2907 1387 2964 hyacinthum,
1422 2913 1466 2951 et
1500 2908 2010 2965 purpurammarinam,
2045 2912 2088 2950 et
2121 2921 2227 2964 opes

388 2976 585 3017 magnas.
612 2963 647 2990 24
675 2966 731 3007 Et
765 2967 986 3023 conversi,
1025 2967 1241 3024 hymnum
1280 2967 1521 3023 canebant,
1557 2974 1600 3011 et
1636 2967 1964 3011 benedicebant
2001 2967 2146 3010 Deum
2177 2966 2224 3009 in

387 3021 566 3077 caelum,
595 3024 802 3077 quoniam
828 3026 969 3086 bonus
991 3033 1076 3082 est,
1100 3026 1309 3082 quoniam
1335 3026 1379 3067 in
1406 3026 1619 3069 saeculum
1642 3024 1944 3069 misericordia
1970 3024 2080 3081 ejus.
2107 3024 2144 3052 ⁸²⁵
2166 3027 2224 3068 Et

385 3079 510 3122 facta
536 3086 601 3123 est
625 3082 743 3125 salus
766 3098 930 3139 magna
955 3085 1001 3127 in
1024 3085 1161 3128 Israel
1184 3086 1229 3127 in
1257 3085 1326 3128 die
1352 3085 1443 3128 illa.

445 3137 482 3165 2⁰
499 3139 772 3196 Quicumque
800 3150 950 3186 autem
980 3144 1332 3199 alienigenarum
1363 3150 1618 3199 evaserunt,
1641 3149 1877 3199 venerunt,
1913 3147 1957 3186 et
1989 3143 2222 3187 nuntiave*

385 3201 488 3239 runt
520 3196 667 3252 Lysiae
695 3197 897 3239 universa
924 3213 1021 3252 quae
1049 3199 1316 3244 acciderant.
1346 3201 1380 3226 2'7
1399 3200 1568 3250 Quibus
1598 3200 1673 3242 ille
1703 3200 1888 3255 auditis,
1915 3205 2223 3246 consternatus

382 3256 532 3299 animo
559 3255 817 3311 deficiebat,
846 3257 960 3311 quod
992 3273 1079 3301 non
1106 3260 1251 3317 qualia
1287 3259 1445 3316 voluit,
1469 3259 1578 3302 talia
1604 3259 1889 3315 contigerunt
1916 3259 1962 3302 in
1992 3260 2153 3316 Israel,
2181 3267 2223 3304 et

382 3314 530 3369 qualia
560 3314 794 3358 mandavit
821 3330 912 3358 rex.

445 3376 480 3402 ”2⁸
507 3378 563 3419 Et
596 3376 798 3433 sequenti
827 3391 943 3420 anno
974 3379 1263 3433 congregavit
1295 3379 1453 3436 Lysias
1485 3379 1679 3423 virorum
1714 3379 1955 3422 electorum
1987 3378 2223 3435 sexaginta

387 3435 546 3491 millia,
582 3441 626 3480 et
659 3436 856 3492 equitum
889 3435 1081 3492 quinque
1115 3438 1275 3491 millia,
1312 3444 1358 3480 ut
1388 3438 1631 3482 debellaret
1661 3452 1746 3481 eos,
1782 3437 1819 3463 ‘²9
1842 3439 1897 3480 Et
1931 3443 2147 3481 venerunt
2176 3436 2221 3479 in

389 3493 616 3551 Judaeam,
647 3500 691 3538 et
724 3501 867 3538 castra
899 3500 1138 3551 posuerunt
1169 3496 1216 3538 in
1251 3497 1498 3551 Bethoron;
1531 3501 1573 3540 et
1599 3496 1789 3540 occurrit
1820 3496 1910 3540 illis
1944 3496 2086 3540 sudas
2118 3510 2223 3540 cum

392 3637 439 3668 56]
462 3637 554 3663 Dent.
569 3638 642 3671 XX,
659 3642 714 3665 5-15.
738 3639 815 3666 dud.
840 3638 966 3672 V11,:;.
984 3653 1019 3658 —
1037 3640 1066 3670 ει]
1088 3640 1145 3666 Ex.
1166 3641 1190 3667 X
1204 3642 1209 3666 1
1223 3642 1256 3672 v,
1272 3645 1297 3668 υ,
