2423 3861
717 176 826 217 Lm.
860 175 914 227 v,
947 176 1005 217 25
1037 199 1093 206 -
1128 174 1215 228 vl,
1253 174 1316 216 15.
1815 173 1927 215 1159

106 352 369 404 potestatem
394 347 439 389 in
462 353 575 390 terra
601 345 854 388 dimittendi
880 351 1083 401 peccata,
1111 346 1174 388 ait
1199 345 1444 401 paralytico
1475 361 1486 388 :
1508 343 1607 386 Tibi
1630 346 1750 396 dico,
1777 358 1925 399 surge,

107 406 210 449 tolle
237 406 397 448 lectum
422 410 566 458 tuum,
595 410 638 447 et
664 405 776 447 vade
798 404 841 446 in
871 404 1050 446 domum
1082 410 1217 448 tuam.
1242 404 1279 430 ‘²5'
1299 405 1354 446 Et
1388 402 1624 447 confestim
1661 416 1929 457 consurgens

105 479 250 508 coram
277 464 386 518 illis,
409 463 512 506 tulit
537 463 700 506 lectum
721 463 765 506 in
791 477 877 518 quo
900 462 1099 517 jacebat,
1123 469 1165 506 et
1183 463 1294 504 abiit
1320 463 1363 504 in
1389 462 1570 505 domum
1591 476 1738 516 suam,
1760 461 1928 516 magni—

103 524 241 566 ficans
268 524 424 566 Deum.
451 521 487 548 ‘²⁶
502 523 560 565 Et.
583 527 735 579 stupor
755 521 1047 579 apprehendit
1067 536 1240 575 omnes,
1259 527 1302 564 et
1324 521 1673 576 magnificabant
1696 521 1854 563 Deum.
1876 521 1931 562 Et

105 583 257 639 repleti
283 587 388 625 sunt
412 581 589 633 timore,
616 582 813 624 dicentes
839 598 849 624 :
870 580 983 630 Quia
1008 580 1200 622 vidimus
1228 580 1448 622 mirabilia
1474 580 1618 623 hodic.

162 642 196 668 “²⁷
217 642 274 684 Et
305 646 405 697 post
433 641 529 683 hmo
562 641 690 695 exiit,
722 645 766 683 et
798 639 910 682 vidit
940 638 1229 695 publicanum
1263 639 1440 682 nomine
1470 640 1598 694 Levi,
1626 639 1853 683 sedentem
1875 639 1930 681 ad

104 700 338 756 telonium,
365 706 409 743 et
433 700 497 742 ait
521 699 585 741 illi
619 715 627 742 :
654 700 842 754 Sequere
862 712 946 741 me.
974 696 1010 724 ²⁸
1029 698 1088 740 Et
1112 698 1278 741 relictis
1304 698 1528 753 omnibus,
1547 713 1731 754 surgens
1755 702 1932 741 secutus

103 766 165 802 est
193 775 306 803 enu.

162 818 198 844 2⁹
225 820 281 861 Et
316 819 429 863 fecit
460 819 499 862 ei
534 817 786 861 convivium
825 831 1036 872 magnum
1071 817 1180 860 Levi
1214 817 1259 859 in
1295 815 1424 860 domo
1458 831 1559 870 sua,
1597 822 1640 860 et
1674 823 1765 860 erat
1804 816 1932 859 turba

104 879 242 920 multa
277 878 634 935 publicanorum,
670 882 713 919 et
744 875 931 919 aliorum
965 876 1037 932 qui
1073 875 1283 919 cumillis
1303 881 1431 918 erant
1455 875 1798 918 discumbentes.
1822 875 1859 901 ³⁰
1877 877 1933 918 Et

103 938 440 980 murmurabant
476 935 683 992 pharisaei
719 940 763 978 et
799 935 955 977 scribae
994 950 1162 989 eorum,
1201 935 1398 978 dicentes
1431 934 1487 976 ad
1522 934 1761 990 discipulos
1795 935 1890 988 ejus
1922 951 1932 978 ε

103 998 244 1046 Quare
270 1010 368 1038 cum
390 995 641 1052 publicanis
663 999 706 1037 et
728 994 1032 1051 peecatoribus
1057 994 1336 1037 manducatis
1356 998 1399 1037 et
1416 993 1606 1036 bibitis?
1622 993 1653 1019 3¹
1679 994 1734 1034 Et
1755 1007 1931 1048 respon-

102 1056 209 1099 dens
234 1056 386 1109 Jesus,
407 1055 523 1097 dixit
547 1053 603 1096 ad
621 1053 721 1096 illos
744 1070 752 1097 :
772 1053 871 1096 Non
898 1059 1030 1109 egent
1055 1055 1124 1109 qui
1154 1054 1249 1096 sani
1274 1060 1378 1095 sunt
1403 1051 1596 1107 medico,
1622 1052 1699 1095 sed
1725 1052 1797 1107 qui
1818 1052 1933 1094 male

101 1115 281 1158 habent,
308 1113 345 1140 32
363 1114 463 1156 Non
486 1113 587 1156 veni
612 1127 771 1156 vocare
792 1113 955 1168 justos,
983 1113 1059 1156 sed
1094 1117 1346 1169 peccatores
1379 1112 1436 1154 ad
1465 1111 1791 1168 poenitentiam.
1819 1110 1855 1136 ³³³³
1873 1112 1933 1152 At

102 1173 167 1216 illi
197 1173 404 1216 dixerunt
435 1173 492 1216 ad
522 1187 624 1216 eum
656 1189 665 1216 :
700 1172 842 1222 Quare
875 1172 1080 1228 discipuli
1111 1172 1299 1215 Joannis
1333 1171 1541 1227 jejunant
1577 1171 1851 1226 frequenter,
1891 1175 1934 1212 et

103 1233 427 1276 obsecrationes
467 1232 673 1275 faciunt:
707 1232 912 1275 similiter
951 1236 996 1275 et
1036 1232 1384 1288 pharisaeorum3
1422 1229 1492 1273 ‘tui
1529 1235 1677 1273 autem
1714 1228 1853 1272 edunt
1890 1234 1935 1271 et

101 1292 294 1335 bibunt?
320 1292 356 1318 34
376 1291 540 1342 Quibus
563 1291 659 1347 ipse
691 1291 784 1335 ait:
808 1291 1034 1345 Numquid
1061 1291 1244 1347 potestis
1269 1289 1382 1333 filios
1407 1289 1568 1347 sponsi,
1590 1289 1695 1332 dum
1721 1302 1818 1331 cum
1845 1288 1934 1330 illis

101 1357 168 1395 est
193 1365 398 1407 sponsus,
425 1351 576 1394 faeere
596 1350 837 1406 jejunare?
860 1349 897 1376 35
915 1350 1108 1393 Venient
1141 1356 1289 1393 autem
1323 1349 1414 1392 dies
1453 1363 1553 1391 cum
1587 1348 1762 1391 ablatus
1796 1347 1934 1390 fuerit

102 1411 158 1454 ab
185 1411 273 1453 illis
298 1412 503 1467 sponsus,
529 1416 634 1452 tunc
655 1409 926 1466 J‘ejunabunt
957 1410 1001 1451 in
1028 1409 1117 1452 illis
1148 1409 1316 1452 diebus.
1348 1408 1384 1435 3⁶
1404 1408 1593 1451 Dicebat
1624 1412 1774 1450 autem
1803 1411 1847 1449 et
1877 1406 1934 1449 si-

101 1469 402 1513 militudinem
430 1470 487 1512 ad
520 1469 620 1512 illos
656 1486 664 1512 :
694 1469 805 1519 Quia
835 1483 964 1511 nemo
998 1469 1335 1512 commissuram
1363 1483 1390 1510 a
1423 1481 1537 1510 novo
1562 1467 1827 1510 vestimento
1851 1465 1935 1507 im-

102 1529 256 1585 mittit„
276 1529 320 1571 111
351 1529 666 1572 vestimentum
697 1533 848 1582 vetus;
883 1528 1080 1583 alioquin
1115 1534 1158 1571 et
1191 1541 1355 1570 novum
1386 1527 1572 1582 rumpit,
1606 1531 1651 1569 et
1681 1525 1821 1568 veteri
1848 1539 1935 1567 non

102 1589 310 1632 convenit
340 1588 628 1631 commissura
653 1602 679 1630 a
714 1601 842 1630 novo.
881 1587 916 1613 37
937 1587 998 1629 Et
1034 1601 1162 1630 nemo
1199 1586 1338 1628 mittit
1362 1586 1516 1628 vinum
1546 1599 1712 1629 novum
1744 1585 1791 1626 in
1811 1589 1931 1627 utres

102 1653 294 1701 veteres3
330 1647 528 1703 alioquin
568 1651 745 1703 rumpet
779 1646 935 1688 vinum
963 1660 1129 1688 novum
1158 1651 1296 1700 utres,
1330 1650 1376 1688 et
1404 1645 1551 1701 ipsum
1583 1644 1857 1698 effundetur,
1892 1647 1936 1686 et

99 1712 219 1749 utres
253 1707 472 1763 peribunt.
507 1705 645 1749 388011
682 1706 835 1747 vinum
867 1719 1034 1748 novum
1069 1706 1115 1748 111
1149 1710 1267 1747 utres
1300 1718 1437 1747 novos
1470 1703 1739 1746 mittendum
1769 1707 1859 1756 est,
1893 1707 1936 1745 et

101 1772 286 1822 utraque
313 1770 641 1809 conservantur.
669 1764 706 1791 3⁹
724 1765 782 1807 Et
804 1778 932 1807 nemo
956 1764 1110 1807 bibens
1136 1770 1283 1819 vetus,
1306 1763 1460 1806 statim
1482 1763 1581 1805 vult
1609 1776 1798 1815 novum,
1827 1761 1937 1804 dicit

99 1825 220 1868 enim
248 1842 257 1869 :
281 1825 421 1868 Vetus
446 1825 603 1867 melius
629 1830 707 1868 est.

162 1885 268 1929 CAP.
295 1885 377 1927 VI.
402 1910 460 1917 -
487 1884 499 1909 ¹
522 1885 710 1927 Factum
735 1888 801 1927 est
825 1888 975 1927 autem
1000 1883 1046 1925 in
1070 1884 1258 1926 sabbato
1284 1883 1478 1926 secundo
1495 1882 1650 1939 primo,
1675 1896 1774 1924 cum
1794 1886 1936 1924 trans-

101 1945 183 1987 iret
215 1959 292 2001 per
323 1949 441 1999 sata,
472 1943 701 1986 vellebant
722 1943 928 1999 discipuli
954 1943 1050 1998 ejus
1076 1943 1242 1999 spicas,
1265 1948 1310 1986 et
1332 1942 1663 1985 manducabant
1685 1941 1937 1983 confrican-

102 2009 167 2046 tes
197 2003 416 2046 manibus.
444 2002 461 2028 2
491 2002 679 2053 Quidam
703 2007 854 2045 autem
887 2003 1205 2058 pharisaeorum
1240 2003 1450 2045 dicebant
1481 2001 1572 2044 illis
1599 2017 1607 2043 ε
1635 2000 1749 2050 Quid
1782 1999 1937 2042 facitis

103 2063 218 2119 quod
251 2077 336 2106 non
372 2062 477 2106 licet
510 2062 554 2104 in
587 2061 826 2105 sabbatis?
857 2061 950 2104 3Et
981 2062 1250 2118 respondens
1286 2063 1416 2105 Jesus
1449 2061 1505 2103 ad
1537 2075 1628 2115 eos,
1657 2060 1770 2102 dixit
1799 2076 1808 2103 ε
1844 2060 1936 2102 Nec

103 2122 184 2166 1100
210 2122 383 2178 legistis
404 2121 518 2177 quod
541 2121 652 2165 fecit
679 2121 848 2175 David,
879 2136 979 2164 cum
1002 2121 1207 2164 esurisset
1236 2121 1406 2178 ipse'et
1435 2120 1510 2175 qui
1536 2134 1638 2162 eum
1666 2119 1742 2161 illo
1769 2123 1895 2161 erant
1925 2135 1936 2161 t

102 2181 355 2237 4quomodo
391 2181 577 2224 intravit
612 2181 658 2223 in
695 2180 875 2223 domum
915 2181 1017 2235 Dei,
1056 2186 1101 2223 et
1133 2195 1269 2237 panes¹
1298 2179 1612 2236 propositionis
1646 2177 1854 2234 sumpsit,
1892 2181 1937 2220 et

103 2240 411 2295 manducavit,
436 2246 481 2284 et
506 2240 630 2284 dedit
654 2240 722 2282 his
746 2240 817 2295 qui
844 2254 944 2282 cum
974 2240 1069 2296 ipso
1096 2245 1243 2295 erant,
1269 2253 1378 2295 quos
1407 2253 1495 2282 non
1527 2238 1634 2281 licet
1665 2236 1937 2279 manducare

101 2300 186 2343 nisi
221 2306 395 2342 tantum
422 2298 770 2343 sacerdotibus?
804 2299 822 2325 5
848 2301 904 2342 Et.
938 2299 1116 2342 dicebat
1148 2298 1238 2342 illis
1272 2316 1280 2342 :
1311 2298 1422 2349 Quia
1456 2297 1661 2340 dominus
1693 2301 1762 2339 est
1795 2295 1936 2338 Filius

102 2359 293 2402 hominis
313 2359 450 2402 etiam
470 2359 662 2401 sabbati.

160 2419 179 2443 ⁰
199 2419 389 2460 Factum
419 2424 485 2469 est
515 2423 668 2461 autem
698 2423 742 2461 et
773 2417 820 2460 in
848 2417 938 2461 alio
966 2418 1176 2474 sabbato,
1211 2423 1259 2460 ut
1288 2417 1474 2460 intraret
1494 2417 1545 2459 in
1569 2429 1866 2472 synagogam,
1894 2420 1938 2458 et

101 2476 292 2520 doceret,
320 2478 379 2520 Et
402 2483 498 2521 erat
521 2477 584 2520 ibi
606 2478 750 2533 homo,
769 2482 814 2520 et
834 2492 993 2520 manus
1017 2477 1116 2533 ejus
1136 2478 1292 2521 dextra
1314 2481 1408 2520 erat
1431 2475 1569 2519 arida.
1593 2475 1608 2501 7
1629 2474 1937 2519 Observabant

102 2544 252 2580 autem
277 2537 434 2580 scribae
457 2543 500 2580 et
526 2537 733 2593 pharisaei
755 2536 790 2579 si
812 2536 858 2579 in
885 2536 1071 2579 sabbato
1095 2541 1286 2592 curaret,
1313 2540 1363 2578 ut
1388 2535 1641 2579 invenirent
1665 2534 1783 2577 unde
1806 2548 1938 2576 accu—

100 2601 251 2639 sarent
276 2611 390 2640 eum.
413 2595 430 2622 3
452 2597 554 2653 Ipse
578 2611 682 2639 vero
703 2596 874 2639 sciebat
900 2596 1193 2651 cogitationes
1212 2610 1385 2650 eorum,
1406 2599 1452 2638 et
1481 2594 1545 2637 ait
1566 2594 1735 2638 homini
1761 2592 1835 2648 qui
1857 2593 1936 2635 ha-

103 2655 238 2698 bebat
259 2669 444 2698 manum
463 2655 637 2698 aridam
659 2672 668 2699 :
695 2657 854 2712 Surge,
881 2662 924 2699 et
948 2662 1017 2698 sta
1039 2655 1088 2697 iu
1114 2656 1323 2699 medium.
1358 2656 1416 2697 Et
1442 2668 1628 2709 surgens
1660 2652 1796 2696 stetit..
1823 2651 1938 2694 9Αἰῖ

101 2720 254 2757 autem
287 2715 343 2758 ad
375 2714 476 2758 illos
505 2715 637 2758 Jesus
670 2732 678 2759 :
718 2716 948 2771 Interrogo
982 2729 1080 2770 vos,
1113 2715 1151 2757 si
1185 2715 1291 2758 lieet
1321 2713 1522 2757 sabbatis
1555 2713 1842 2767 benefacere,
1878 2726 1937 2754 an

103 2773 250 2817 male?
269 2773 470 2816 animam
488 2774 661 2817 salvam
685 2775 856 2830 facere,
881 2789 936 2817 an
960 2774 1176 2831 perdere?
1207 2774 1243 2801 ¹0
1260 2775 1320 2816 Et
1349 2772 1681 2830 circumspectis
1710 2771 1936 2826 omnibus,

102 2833 219 2875 dixit
261 2833 429 2875 homini
479 2850 487 2876 :
530 2833 733 2877 Extende
775 2848 960 2876 manum
1003 2839 1142 2876 tuam.
1188 2835 1246 2876 Et
1279 2831 1482 2875 extendit
1506 2849 1514 2886 3
1554 2838 1597 2874 et
1632 2831 1836 2873 restituta
1871 2834 1937 2872 est

101 2906 261 2936 manus
291 2893 400 2948 ejus.
435 2891 469 2918 ¹¹
489 2893 580 2949 Ipsi
609 2899 759 2935 autem
787 2893 946 2949 repleti
976 2898 1082 2936 sunt
1120 2891 1399 2949 insipientia,
1426 2895 1470 2933 et
1497 2889 1860 2946 colloquebantur
1878 2888 1937 2931 ad

104 2951 297 2994 invicem
319 2951 532 3007 quidnam
553 2952 756 2994 facerent
777 2953 899 2995 ι10011.

537 3081 560 3138 ξ
595 3081 658 3124 Π.
691 3106 750 3113 -
780 3081 894 3123 Post
922 3081 1220 3137 apostolorum
1246 3080 1502 3123 electionem.

163 3196 200 3222 '¹²
218 3197 409 3240 Factum
441 3201 508 3239 est
539 3200 688 3238 autem
720 3195 766 3238 in
799 3195 889 3238 illis
923 3195 1098 3250 diebus,
1130 3195 1243 3238 exiit
1273 3195 1320 3238 in
1350 3200 1548 3238 montem
1581 3209 1725 3249 orare,
1760 3199 1805 3237 et
1841 3199 1936 3237 erat

101 3261 369 3312 pernoctans
390 3254 438 3297 in
457 3255 657 3298 oratione
686 3255 781 3298 Dei.
808 3254 845 3281 ¹³
865 3255 921 3297 Et
947 3269 1044 3297 cum
1073 3254 1166 3298 dies
1187 3255 1338 3297 factus
1360 3258 1494 3310 esset,
1527 3254 1706 3297 vocavit
1740 3253 1934 3309 discipu-

107 3315 171 3357 los
195 3329 319 3369 suos;
349 3320 392 3358 et
417 3314 553 3370 elegit
575 3314 810 3358 duodecim
832 3328 886 3357 ex
908 3313 1038 3370 ipsis,
1060 3327 1169 3369 quos
1195 3318 1238 3356 et
1261 3313 1483 3370 apostolos
1504 3312 1754 3356 nominavit
1781 3329 1789 3356 :
1818 3311 1852 3338 ¹4
1869 3311 1935 3355 Si-

107 3387 304 3429 monem,
338 3387 468 3429 quem
497 3373 832 3430 cognominavit
854 3374 1056 3425 Petrum,
1087 3378 1131 3416 et
1159 3373 1407 3426 Andream,
1434 3373 1619 3415 fratrem
1656 3372 1773 3427 ejus,
1805 3371 1934 3413 Jaco-

107 3431 214 3474 bum
243 3437 288 3475 et
315 3433 556 3486 Joanneni,
593 3432 851 3489 Philippum
885 3437 928 3475 et
961 3431 1422 3487 Ba1·tholomaeum,15
1446 3431 1710 3474 Mattliaeum
1742 3435 1787 3472 et
1819 3430 1934 3472 Tho-

106 3593 155 3625 27]
171 3592 294 3620 natm
314 3592 374 3627 IX,
390 3595 417 3621 9.
434 3593 535 3621 Marc.
554 3593 601 3628 ΙΙ,
616 3595 662 3620 14.
679 3607 717 3612 -
740 3593 788 3626 33]
811 3593 912 3626 Marc.
931 3593 985 3627 ΙΙ,
1003 3595 1047 3620 18.
1066 3607 1103 3612 —-
1118 3593 1148 3625 1]
1166 3592 1289 3620 Matth.
1307 3591 1396 3626 XII,
1414 3593 1440 3619 1.
1463 3591 1563 3618 Marc.
1584 3590 1618 3618 11
1630 3611 1637 3624 ,
1653 3591 1699 3617 23.
1715 3604 1753 3609 —-
1767 3590 1797 3623 4]
1817 3590 1833 3618 1
1851 3591 1935 3623 neg.

107 3635 209 3708 ἓξὲξ,
227 3637 345 3709 ξίΙΕῗΒ
359 3636 495 3673 ΧΧῙΧ,
512 3640 557 3666 32.
582 3637 660 3665 Ler.
677 3636 805 3671 XXIV,
829 3639 854 3663 9.
876 3649 916 3654 —
939 3636 970 3668 6]
993 3636 1114 3664 Matth.
1131 3635 1217 3664 XII,
1242 3637 1286 3663 10.
1305 3635 1410 3662 Marc.
1433 3634 1506 3668 111,
1525 3636 1549 3662 1.
1575 3648 1611 3653 —
1637 3633 1683 3667 13]
1702 3633 1823 3661 Matth.
1842 3633 1891 3668 X,
1909 3636 1934 3662 1.

201 3701 208 3708 .
285 3701 292 3716 ‚
347 3701 354 3709 .

1998 638 2138 667 vocatio
2155 636 2236 667 Levi

2016 684 2050 710 ct
2076 681 2218 714 quaestio

2017 724 2055 752 de
2079 722 2218 758 jejunio.

2042 1889 2203 1922 Discipuli

2021 1933 2130 1966 spicas
2158 1935 2225 1962 vei-

2082 1977 2168 2004 lunt.

2003 2429 2123 2456 Manus
2151 2426 2245 2456 arida

2035 2471 2210 2500 restituta.

2033 3207 2216 3236 Duodecim

2031 3250 2216 3285 eliguntur.
