2456 3861
706 164 819 206 ων.
854 163 978 218 xlv,
1012 165 1067 207 37
1100 191 1159 199 —
1191 163 1290 216 XV,
1326 163 1394 205 15.
1882 162 1964 205 105

137 347 188 386 et
210 341 360 384 videat
384 345 532 383 utrum
557 340 729 397 leprosa
753 340 830 396 sit,
858 355 912 384 ne
935 340 1166 383 immunda
1193 340 1300 383 fiant
1324 340 1473 383 omnia
1497 353 1596 395 quae
1622 339 1666 381 in
1693 339 1823 382 domo
1849 345 1965 381 sunt.

143 398 420 455 Intrabitque
456 404 608 455 postea
644 405 692 441 ut
729 399 975 442 consideret
1012 399 1178 456 lepram
1216 399 1397 454 domus;
1436 397 1470 424 ³⁷
1508 405 1552 442 et
1587 412 1687 441 cum
1724 397 1884 440 viderit
1921 397 1965 439 in

141 457 382 515 parietibus
406 457 526 500 illius
552 458 675 513 quasi
701 457 933 501 valliculas
958 457 1124 514 pallore
1157 458 1250 501 sive
1282 457 1438 501 rubore
1470 457 1714 511 deformes,
1748 462 1790 499 et
1824 457 1965 499 humi-

140 517 268 560 liores
301 516 531 573 superficie
564 516 753 572 reliqua,
787 517 823 543 38
856 517 1104 572 egredietur
1136 517 1299 560 ostium
1331 516 1510 571 domus,
1544 522 1588 560 et
1611 515 1764 559 statim
1790 515 1965 558 claudet

140 574 264 618 illam
298 580 467 632 septem
500 575 669 618 diebus.
703 575 739 601 ³⁰
774 576 1074 630 Reversusque
1108 575 1178 618 die
1211 575 1420 632 septimo,
1454 574 1752 619 considerabit
1780 588 1904 627 eam;
1931 575 1966 617 si

139 634 358 677 invenerit
391 633 579 678 crevisse
612 633 801 690 lepram,
830 633 867 659 40
891 633 1067 688 jubebit
1093 633 1182 676 erui
1210 634 1378 690 lapides
1403 634 1449 677 in
1475 634 1633 690 quibus
1658 634 1778 691 lepra
1805 639 1890 685 est,
1925 640 1968 677 et

139 692 296 750 projici
323 706 396 736 eos
422 697 546 736 extra
571 692 800 735 civitatem
824 692 870 734 in
897 692 1042 734 locum
1064 692 1370 747 immundum,
1395 692 1427 719 ‘¹¹
1452 693 1632 736 domum
1653 698 1803 736 autem
1826 693 1968 749 ipsam

141 751 234 794 radi
266 751 532 794 intrinsecus
564 764 640 807 per
665 750 920 804 circuitum,
948 756 991 793 et
1022 750 1170 807 spargi
1200 750 1428 807 pulverem
1459 766 1623 794 rasurae
1657 758 1780 795 extra
1814 752 1968 795 urbem

140 810 186 853 in
209 810 357 854 locum
377 809 680 863 immundum,
703 807 739 835 4'2
759 807 1016 866 lapidesque
1036 809 1146 852 alios
1168 809 1319 865 reponi
1342 824 1418 866 pro
1440 810 1507 852 his
1530 810 1602 865 qui
1624 811 1762 853 ablati
1786 811 1968 863 fuerint,

141 875 184 912 et
215 869 307 912 luto
336 867 424 911 alio
458 867 575 910 liniri
609 868 804 911 domum.
831 867 868 894 43
891 868 968 912 Sin
1000 873 1151 911 autem
1184 873 1418 924 postquam
1444 868 1554 911 eruti
1581 875 1683 911 sunt
1709 869 1898 925 lapides,
1926 875 1969 912 et

141 927 286 985 pulvis
319 941 488 982 erasus,
523 932 566 970 et
597 926 687 969 alia
720 932 835 970 terra
867 926 968 982 lita,
996 926 1031 952 44
1063 926 1287 982 ingressus
1319 926 1522 970 sacerdos
1556 927 1716 970 viderit
1748 942 1969 970 reversam

142 987 328 1044 lepram,
355 991 399 1029 et
423 986 612 1043 parietes
637 1000 856 1042 respersos
882 985 1090 1040 maculis,
1117 985 1238 1042 lepra
1260 990 1326 1029 est
1347 999 1651 1042 perseverans,
1675 992 1718 1029 et
1738 986 1969 1029 immunda

141 1045 320 1100 domus3
349 1044 386 1071 ⁴5
411 1059 544 1101 quam
570 1044 723 1088 statim
756 1045 1003 1100 destruent,
1037 1050 1081 1088 et
1113 1044 1283 1101 lapides
1317 1045 1414 1100 ejus
1447 1059 1498 1087 ac
1532 1045 1677 1100 ligna,
1709 1050 1842 1100 atque
1875 1045 1971 1086 11111-

141 1118 315 1148 versum
340 1103 569 1161 pulverem
593 1103 831 1160 projicient
856 1109 980 1147 extra
1009 1103 1223 1160 oppidum
1254 1103 1301 1146 in
1334 1103 1480 1147 locum
1504 1103 1800 1146 immundum.
1827 1103 1863 1130 46
1888 1103 1970 1154 Qui

141 1163 371 1206 intraverit
395 1163 577 1207 domum
603 1163 777 1218 quando
805 1163 955 1206 clausa
980 1169 1066 1217 est,
1088 1162 1345 1205 immundus
1372 1163 1453 1206 elit
1474 1177 1612 1218 usque
1631 1163 1690 1205 ad
1712 1177 1970 1219 vesperum·,

141 1221 176 1249 ⁴⁷
202 1227 245 1266 et
269 1222 342 1278 qui
369 1221 597 1266 dormierit
622 1222 668 1264 in
694 1236 766 1278 ea,
793 1227 837 1265 et
861 1222 1102 1265 comederit
1127 1221 1375 1279 quippiam,
1398 1221 1569 1264 lavabit
1589 1221 1855 1265 vestimenta
1877 1235 1969 1264 sua.

142 1281 178 1308 ⁴⁸
201 1281 326 1332 Quod
351 1281 387 1324 si
412 1281 626 1324 introiens
651 1281 854 1325 sacerdos
880 1281 1041 1324 viderit
1073 1280 1242 1338 lepram
1268 1295 1355 1324 non
1389 1281 1578 1324 crevisse
1602 1280 1647 1323 in
1675 1280 1827 1335 domo,
1854 1285 1972 1337 post--

143 1355 273 1397 quam
299 1340 442 1384 denuo
468 1339 549 1383 lita
580 1340 740 1395 fuerit,
765 1340 1017 1397 purificabit
1049 1354 1148 1383 eam
1173 1339 1347 1383 reddita
1380 1339 1596 1396 sanitate,
1623 1340 1662 1366 49
1684 1345 1728 1383 et
1752 1340 1798 1382 in
1823 1339 1971 1396 purifi-

142 1399 361 1443 cationem
387 1399 484 1455 ejus
509 1404 654 1442 sumet
679 1399 787 1443 duos
813 1413 1030 1456 passeres,
1056 1398 1316 1454 lignumque
1341 1398 1591 1454 cedrinum,
1614 1403 1658 1442 et
1678 1398 1971 1442 vermiculum

142 1465 272 1515 atque
296 1458 563 1515 hyssopum;
591 1457 627 1484 ⁵0
652 1463 695 1501 et
718 1458 949 1501 immolato
975 1472 1062 1501 uno
1094 1472 1270 1514 passere
1300 1457 1347 1500 in
1379 1472 1484 1501 vase
1515 1457 1641 1501 fictili
1674 1472 1804 1514 super
1835 1472 1974 1514 aquas*

143 1518 286 1573 vivas,
313 1516 346 1544 ⁵¹
374 1517 500 1560 tollet
524 1516 697 1572 lignum
725 1517 975 1572 cedrinum,
1003 1522 1046 1560 et
1070 1516 1334 1573 hyssopum,
1368 1523 1411 1560 et
1437 1531 1639 1572 coccum,
1674 1522 1717 1560 et
1749 1531 1971 1573 passerem

143 1576 314 1632 vivum,
342 1580 385 1619 et
418 1575 561 1632 tinget
593 1576 742 1619 omnia
768 1576 815 1619 111
850 1575 1066 1632 sanguine
1099 1575 1288 1632 passeris
1319 1575 1569 1631 immolati,
1602 1580 1734 1631 atque
1766 1576 1813 1618 in
1846 1576 1970 1631 aquis

143 1635 414 1690 viventibus,
440 1641 484 1679 et
504 1641 710 1692 asperget
734 1635 917 1679 domum
941 1634 1124 1692 septies,
1151 1633 1188 1661 5⁶²
1208 1635 1547 1691 purificabitque
1568 1649 1667 1678 eam
1687 1640 1781 1677 tam
1805 1634 1851 1677 in
1873 1649 1973 1678 san-

141 1694 273 1751 guine
305 1694 493 1751 passeris
526 1709 659 1751 quam
690 1695 738 1737 in
768 1694 894 1751 aquis
927 1694 1202 1750 viventibus,
1244 1699 1288 1738 et
1320 1694 1367 1737 in
1399 1708 1576 1751 passere
1606 1693 1730 1748 vivo,
1764 1693 1976 1749 lignoque·

142 1753 317 1797 cedrino
344 1758 387 1797 et
413 1753 603 1811 hyssopo
628 1759 760 1810 atque
792 1753 1048 1797 vermiculo.
1075 1753 1112 1780 53
1136 1753 1335 1809 Cumque
1368 1753 1585 1797 dimiserit
1616 1767 1837 1810 passerem
1869 1767 1975 1796 avo-

143 1811 231 1856 lare
254 1812 301 1855 in
324 1827 482 1869 agrum
507 1812 665 1869 libere,
692 1813 836 1857 orabit
860 1828 937 1871 pro
963 1813 1116 1869 domo,
1143 1818 1187 1856 et
1210 1813 1310 1869 jure
1336 1812 1637 1856 mundabitur.

200 1871 235 1898 54
262 1872 356 1918 Ista
381 1877 448 1915 est
470 1872 544 1916 lex
569 1872 712 1915 omnis
737 1872 872 1929 leprae
898 1878 942 1916 et
973 1886 1268 1929 percussurae,
1293 1872 1330 1911 55
1355 1872 1489 1929 leprae
1522 1871 1714 1915 vestium
1747 1876 1789 1914 et
1822 1871 1975 1914 domo-

144 1945 258 1987 rum,
292 1931 329 1958 56
361 1931 581 1974 cicatricis
615 1936 659 1974 et
691 1931 1018 1988 erumpentium
1054 1931 1339 1988 papularum,
1378 1931 1567 1974 lucentis
1604 1930 1815 1985 maculae,
1853 1936 1895 1974 et
1928 1930 1973 1972 111

143 1990 285 2033 varias
308 1990 500 2047 species,
528 1991 747 2034 coloribus
771 1991 1043 2046 immutatiS,
1070 1990 1104 2017 ⁵7
1130 1996 1180 2033 ut
1204 1991 1343 2048 possit
1368 1990 1469 2034 sciri
1500 2004 1584 2046 quo
1617 1995 1817 2046 tempore
1848 2003 1971 2031 mun-

144 2048 247 2092 dum
273 2049 399 2105 quid,
425 2050 497 2093 vel
521 2049 804 2093 immundum
829 2050 898 2093 sit.

475 2208 497 2261 ξ
523 2207 603 2249 IV.
622 2233 681 2238 —
705 2207 997 2250 Immunditia
1021 2212 1062 2250 et
1075 2207 1336 2263 purificatio
1360 2205 1637 2262 yonorrhaeae.

200 2346 306 2390 CAP.
333 2347 433 2390 XV.
459 2373 519 2380 —-
546 2346 556 2372 ¹
586 2347 868 2402 Locutusque
892 2351 958 2390 est
985 2346 1202 2390 Dominus
1227 2346 1285 2389 ad
1311 2346 1496 2402 Moysen
1522 2349 1567 2389 et
1589 2346 1761 2400 Aaron,
1785 2344 1935 2387 dicens
1966 2360 1974 2388 :

145 2405 162 2432 2
185 2405 437 2461 Loquimini
463 2405 565 2448 filiis
591 2405 751 2461 Israel,
778 2411 822 2449 et
846 2405 981 2448 dicite
1007 2405 1068 2448 eis
1102 2422 1110 2449 :
1136 2405 1239 2460 Vir,
1270 2405 1343 2461 qui
1377 2405 1543 2461 patitur
1575 2403 1745 2446 fluxum
1771 2403 1972 2456 seminis,

143 2465 397 2508 immundus
425 2465 520 2508 erit.
546 2464 564 2491 3
589 2466 647 2508 Et
671 2471 777 2508 tunc
802 2464 1078 2521 judicabitur
1101 2464 1205 2507 huic
1231 2463 1339 2507 vitio
1365 2463 1618 2520 subjacere,
1645 2477 1747 2505 cum
1780 2476 1855 2519 per
1887 2462 1973 2504 sin-

143 2523 246 2580 gula
283 2530 509 2567 momenta
545 2523 785 2567 adhaeserit
822 2523 942 2566 carni
980 2524 1098 2580 ejus,
1135 2528 1268 2578 atque
1305 2522 1577 2566 concreverit
1616 2521 1766 2564 foedus
1803 2521 1972 2564 humor.

144 2583 160 2610 4
181 2583 322 2626 Omne
343 2588 553 2638 stratum,
574 2583 621 2626 in
644 2597 729 2639 quo
751 2582 998 2637 dormierit,
1021 2581 1304 2625 immundum
1326 2581 1420 2636 erit,
1444 2586 1488 2624 et
1509 2581 1776 2636 ubicumque
1797 2579 1972 2622 sederit.

145 2643 162 2669 ⁵
184 2642 228 2686 Si
255 2642 350 2698 quis
376 2642 610 2686 hominum
635 2642 832 2698 tetigerit
857 2641 1023 2685 lectum
1049 2641 1166 2697 ejus,
1193 2639 1364 2683 lavabit
1389 2640 1656 2683 vestimenta
1680 2654 1784 2692 sua;
1814 2645 1856 2682 et
1881 2639 1974 2694 ipse

143 2701 257 2745 lotus
282 2716 418 2758 aqua,
444 2701 702 2745 immundus
728 2701 810 2744 erit
835 2715 972 2756 usque
996 2700 1053 2743 ad
1079 2714 1324 2756 vesperum.
1351 2699 1368 2726 6
1393 2698 1438 2743 81
1463 2698 1625 2742 sederit
1650 2698 1725 2741 ubi
1751 2697 1826 2741 ille
1852 2697 1974 2741 sede-

143 2766 232 2816 rat,
266 2766 309 2804 et
333 2761 427 2818 ipse
447 2760 631 2804 'lavabit
656 2760 921 2804 vestimenta
946 2774 1050 2815 sua;
1079 2765 1122 2802 et
1146 2759 1262 2802 lotus
1286 2773 1422 2814 aqua,
1448 2757 1705 2800 immundus
1732 2756 1813 2800 erit
1839 2770 1975 2812 usque

144 2820 200 2863 ad
226 2834 471 2877 vesperum.
499 2819 514 2846 ⁷
541 2819 623 2871 Qui
648 2819 845 2875 tetigerit
870 2833 1049 2862 carnem
1071 2818 1188 2874 ejus,
1211 2817 1381 2861 lavabit
1402 2817 1668 2860 vestimenta
1690 2830 1794 2871 sua;
1818 2822 1859 2859 et
1882 2815 1975 2872 ipse

143 2879 258 2922 lotus
284 2893 420 2935 aqua,
446 2879 704 2922 immundus
730 2878 812 2922 erit
837 2892 974 2934 usque
994 2877 1052 2920 ad
1078 2891 1323 2934 vesperum.
1347 2876 1364 2903 8
1387 2876 1432 2920 81
1454 2875 1643 2919 salivam
1664 2874 1975 2932 hujuscemodi

144 2938 274 2982 homo
299 2938 457 2994 jecerit
480 2953 612 2996 super
637 2953 738 2981 eum
763 2937 836 2994 qui
858 2937 1049 2980 mundus
1072 2942 1158 2992 est,
1181 2935 1351 2979 lavabit
1375 2935 1642 2978 vestimenta
1666 2949 1770 2989 sua;
1796 2939 1838 2976 et
1860 2933 1975 2976 lotus

143 3011 277 3053 aqua,
310 2997 568 3041 immundus
600 2997 682 3041 erit
714 3011 851 3053 usque
882 2996 940 3039 ad
972 3010 1217 3053 vesperum.
1252 2995 1270 3021 9
1302 2995 1486 3050 Sagma,
1513 3008 1642 3050 super
1669 3007 1752 3049 quo
1791 2992 1974 3044 sederit,

144 3056 425 3099 immundum
451 3056 557 3112 erit;
586 3056 622 3083 ¹⁰
647 3062 690 3100 et
715 3055 929 3112 quidquid
954 3055 1035 3098 sub
1061 3070 1110 3098 eo
1135 3055 1272 3098 fuerit
1298 3054 1372 3110 qui
1396 3053 1567 3096 fluxum
1592 3052 1773 3096 seminis
1796 3051 1973 3108 patitur,

144 3115 363 3173 pollutum
388 3116 471 3159 erit
496 3130 634 3172 usque
656 3116 713 3159 ad
741 3129 983 3172 vesperum.
1010 3114 1092 3164 Qui
1118 3113 1359 3171 portaverit
1391 3113 1549 3156 horum
1581 3111 1771 3167 aliquid,
1806 3110 1976 3153 lavabit

145 3175 410 3218 vestimenta
434 3189 538 3231 sua;
567 3175 727 3232 etipse
751 3175 866 3218 lotus
895 3188 1031 3230 aqua,
1063 3172 1320 3216 immundus
1353 3172 1436 3216 erit
1470 3185 1605 3227 usque
1637 3170 1695 3213 ad
1728 3183 1974 3226 vesperum.

148 3233 179 3259 ¹¹
206 3233 382 3289 Omnis,
409 3248 540 3290 quem
573 3233 770 3289 tetigerit
802 3233 875 3289 qui
908 3233 1010 3276 talis
1043 3238 1129 3287 est,
1163 3247 1251 3275 non
1284 3231 1385 3274 lotis
1417 3235 1521 3274 ante
1554 3229 1779 3283 manibus,
1807 3227 1976 3270 lavabit

145 3293 410 3337 vestimenta
436 3307 539 3348 sua;
567 3299 611 3336 et
635 3293 750 3336 lotus
775 3307 911 3348 aqua,
936 3291 1193 3335 immundus
1219 3291 1301 3334 erit
1322 3304 1458 3346 usque
1479 3289 1536 3332 ad
1558 3294 1802 3345 vesperum.
1827 3285 1863 3312 ¹*2
1884 3287 1975 3329 Vas

147 3351 281 3396 fictile
314 3352 430 3409 quod
462 3352 680 3408 tetigerit,
714 3351 1045 3407 confi=ingetu1·;
1080 3365 1158 3394 vas
1190 3356 1341 3393 autem
1373 3349 1572 3404 ligneum
1600 3346 1823 3390 lavabitur
1847 3359 1974 3400 aqua.

208 3411 241 3438 ¹3
258 3411 303 3455 Si
329 3417 510 3454 sanatus
535 3411 673 3455 fuerit
697 3411 771 3467 qui
796 3410 1105 3467 hujuscemodi
1131 3409 1319 3453 sustinet
1344 3408 1615 3465 passionem,
1634 3404 1885 3448 numerabit
1910 3417 1974 3447 se-

148 3475 267 3526 ptem
285 3470 378 3513 11168
403 3476 502 3527 post
523 3470 884 3514 emundationem
905 3469 986 3525 sui,
1005 3474 1048 3512 et
1068 3469 1170 3512 lotis
1192 3467 1388 3511 vestibus
1411 3471 1454 3510 et
1475 3472 1565 3510 toto
1589 3478 1767 3521 corpore
1787 3464 1833 3506 in
1850 3462 1976 3519 aquis

150 3528 422 3585 viventibus,
456 3529 539 3573 erit
571 3529 775 3572 mundus.
807 3529 838 3555 ¹4
865 3529 949 3572 Die
980 3533 1130 3571 autem
1163 3533 1319 3571 octavo
1353 3532 1497 3569 sumet
1530 3525 1638 3567 duos
1663 3528 1873 3577 turtures,
1900 3527 1976 3565 aut

152 3586 257 3630 duos
283 3587 426 3643 pullos
452 3588 691 3643 columbae,
719 3593 762 3631 et
786 3588 935 3631 veniet
959 3587 1004 3629 in
1032 3591 1318 3643 conspectum
1345 3584 1525 3628 Domini
1550 3583 1608 3626 ad
1637 3583 1799 3626 ostium
1832 3582 1975 3624 taber-

151 3645 297 3688 naculi
329 3647 592 3703 testimonii,
627 3647 837 3703 dabitque
870 3660 942 3689 eos
968 3645 1206 3700 sacerdoti,
1244 3644 1277 3670 ¹5
1310 3643 1384 3700 qui
1417 3643 1556 3686 faciet
1596 3657 1731 3684 unum
1766 3656 1841 3698 pro
1876 3654 1973 3696 pec-

2071 1870 2264 1901 conclusio,

2097 2352 2146 2380 De
2163 2351 2242 2380 viro·

2068 2394 2270 2424 seminifluo.
