2456 3861
762 160 859 203 JOS.
894 161 1062 215 XXIV,
1097 161 1259 203 27-33.
1837 159 1918 200 221

101 328 211 385 legis
237 328 415 373 Domini
436 346 446 384 3
473 333 518 372 et
542 328 646 372 tulit
662 329 864 386 ⁴lapidem
887 329 1200 385 pergrandem,
1234 330 1464 386 posuitque
1493 343 1592 373 eum
1615 328 1768 372 su‘bter
1797 343 1921 384 quer-

101 401 212 443 cum,
239 401 338 443 quae
364 393 458 430 erat
482 387 528 430 in
552 388 802 431 sanctuario
826 387 1017 443 Domini,
1041 387 1075 413 ‘²⁷
1095 393 1138 430 et
1164 388 1278 430 dixit
1302 388 1359 432 ad
1382 401 1555 431 omnem
1579 387 1791 444 populum
1817 404 1826 432 :
1855 388 1921 429 En

101 445 212 502 lapis
244 445 326 488 iste
345 445 439 488 erit
464 445 590 489 vobis
615 445 659 489 in
694 446 994 490 testimonium
1026 446 1141 502 quod
1172 447 1362 490 audierit
1396 445 1545 490 omnia
1570 445 1707 489 verba
1737 445 1921 489 'Domini

101 519 197 560 quae
233 504 413 547 'locutus
461 509 527 548 est
571 505 716 560 vobis,
763 519 817 548 ne
865 505 982 548 forte
1030 510 1184 561 postea
1225 519 1386 560 negare
1436 504 1604 560 velitis,
1653 509 1697 548 et
1744 504 1922 548 mentiri

102 563 291 605 Domino
329 564 422 606 Deo
454 569 614 607 vestro.
651 563 687 589 '²⁸
715 563 980 619 Dimisitque
1019 563 1250 619 populum,
1290 564 1488 619 singulos
1522 564 1567 606 in
1601 563 1922 620 possessionem

106 635 237 665 suam.

158 681 195 708 29
214 683 394 739 Etpost
422 683 516 726 haec
547 688 743 726 mortuus
773 687 840 725 est
865 682 892 724 J
897 695 1020 737 osne,
1048 681 1163 724 filius
1189 682 1312 736 Nun,
1340 696 1489 724 servus
1516 681 1715 736 Domini,
1744 685 1922 724 centum

100 746 144 785 et
171 741 324 784 decem
350 755 594 795 aunorum3
619 740 660 767 '3⁰
677 741 1033 798 sepelieruntque
1057 754 1159 783 eum
1188 740 1234 782 in
1264 739 1424 782 finibus
1450 741 1736 796 possessionis
1760 754 1850 783 snae
1878 739 1922 781 in

100 800 514 854 Thamnath-Sare,
542 814 640 855 quae
666 805 734 843 est
762 799 849 842 sita
872 799 919 841 in
945 805 1093 842 monte
1125 799 1358 854 Ephraim,
1387 813 1414 841 a
1438 799 1772 855 septentrionali
1798 804 1922 855 parte

100 859 262 903 montis
303 859 433 902 Gaas.
481 858 514 885 3¹
547 858 824 914 Servivitque
868 857 1005 900 Israel
1048 857 1239 900 Domino
1284 858 1454 900 cunctis
1493 858 1648 901 diebus
1685 859 1840 912 Josue,
1879 863 1923 900 et

99 918 318 962 seniorum
343 919 416 973 qui
442 917 575 973 longo
600 917 808 960 vixerunt
834 921 1031 973 tempore
1057 922 1156 973 post
1180 917 1336 971 Josue,
1368 921 1412 959 et
1437 917 1510 971 qui
1534 922 1750 959 noverunt
1776 916 1924 959 omnia

99 992 230 1034 opera
256 977 435 1020 Domini
458 991 554 1032 quae
579 977 750 1020 fecerat
771 976 816 1018 in
840 975 994 1019 Israel.
1016 974 1054 1002 '³²
1072 975 1183 1019 Ossa
1208 989 1377 1031 quoque
1403 975 1583 1031 Joseph,
1611 990 1708 1030 quae
1732 975 1924 1018 tulerant

99 1036 177 1079 filii
195 1036 334 1079 Israel
361 1036 414 1079 de
437 1036 651 1092 AEgypto,
681 1035 950 1091 sepelierunt
977 1035 1022 1077 in
1050 1035 1238 1090 Siehem,
1262 1034 1308 1076 in
1333 1039 1458 1090 parte
1484 1035 1580 1090 agri
1603 1049 1732 1090 quem
1758 1040 1925 1076 emerat

99 1095 240 1138 Jacob
270 1110 296 1137 a
320 1095 423 1138 filiis
455 1096 634 1150 Hemor,
670 1094 807 1150 patris
835 1093 1031 1150 Sichem,
1056 1099 1235 1137 centum
1262 1093 1449 1135 novellis
1476 1093 1651 1148 ovibus,
1682 1098 1726 1136 et
1758 1093 1847 1135 fuit
1879 1093 1924 1134 in

99 1154 418 1211 possessionem
451 1154 641 1196 filiorum
674 1154 855 1209 Joseph.
891 1151 927 1179 33
949 1153 1136 1196 Eleazar
1161 1166 1352 1208 quoque,
1387 1152 1503 1194 filius
1529 1153 1699 1207 Aaron,
1730 1157 1925 1195 mortuus

99 1219 189 1268 est3
218 1219 262 1257 et
286 1213 555 1270 sepelierunt
581 1227 681 1255 eum
708 1212 753 1255 in
780 1212 988 1255 Gabaath
1017 1211 1205 1254 Phinees
1231 1210 1312 1253 filii
1337 1211 1455 1267 ejus,
1479 1225 1577 1267 quae
1600 1211 1705 1254 data
1731 1215 1796 1255 est
1818 1211 1858 1254 ei
1880 1211 1925 1253 in

100 1277 248 1315 monte
275 1272 500 1328 Ephraim.

99 1438 147 1471 32]
165 1438 242 1466 Gen.
262 1437 303 1471 L,
324 1439 367 1464 24.
390 1438 450 1464 Ex.
475 1437 576 1468 XIII,
595 1439 638 1464 19.
660 1437 736 1464 Gen.
756 1436 925 1469 XXXIII,
942 1439 983 1463 12».

2003 691 2092 720 Mors
2109 692 2216 720 Josue

1988 737 2021 762 ot
2062 735 2228 771 Eleazari;

2003 785 2079 806 ossa
2091 780 2219 812 Joseph

1997 822 2219 855 sepeliuntur.
