2391 3861
167 329 274 357 Draco

119 371 272 400 mittitur
289 369 322 397 in

136 417 304 448 abyssum.

142 675 300 708 Regnum

174 717 266 746 mille

130 769 305 791 annorum.

154 1210 285 1239 Satanae

105 1251 336 1286 irreparabilis

161 1297 283 1326 clades.

159 1863 286 1893 Mortui

99 1910 287 1942 resurgunt
307 1909 342 1936 et

118 1951 326 1988 judicantur.

164 2458 287 2486 Caelum

134 2509 260 2530 novum
278 2504 312 2530 et

123 2548 212 2574 terra
230 2553 327 2575 nova.

110 3404 202 3431 Nova
228 3405 349 3434 civitas

131 3448 329 3476 Jerusalem.

409 144 523 186 1364
988 139 1126 180 Aroe.
1159 137 1267 192 XX,
1304 138 1324 177 1
1360 161 1419 168 —
1450 135 1584 189 XXI,
1617 137 1656 179 9.

465 313 573 355 CAP.
607 311 707 354 XX.
736 335 796 342 —
828 309 842 335 1
870 310 928 351 Et
963 306 1057 350 vidi
1094 306 1307 363 angelum
1343 305 1687 350 descendentem
1728 305 1782 349 de
1824 305 1957 360 caelo,
1998 305 2239 351 habentem

406 371 580 415 clavem
604 369 776 426 abyssi,
802 372 847 411 et
872 372 1076 410 cat-enam
1101 379 1314 420 magnam
1338 364 1386 407 in
1411 378 1546 407 manu
1576 378 1669 407 sua.
1692 363 1713 390 2
1730 364 1790 407 Et
1813 363 2108 421 apprehendit
2140 366 2238 409 dra·

406 443 577 484 00110111,
604 432 853 484 serpentem
877 425 1126 481 antiquum,
1153 424 1227 480 qui
1253 428 1320 468 est
1345 423 1548 467 diabolus
1582 428 1627 466 et
1651 424 1854 479 Satanas,
1884 426 1929 466 et
1953 422 2114 479 ligavit
2134 436 2240 467 etun

404 503 483 546 per
507 502 646 531 annos
668 486 794 529 mille
814 503 823 541 3
849 485 869 511 3
885 491 929 528 et
953 484 1075 527 misit
1100 497 1202 526 eum
1227 483 1273 526 in
1298 483 1524 539 abyssum,
1551 487 1596 526 et
1620 481 1794 538 clausit,
1817 486 1865 525 et
1885 481 2088 538 signavit
2108 495 2249 540 super>

404 548 555 603 illum,
588 552 638 589 ut
669 559 756 589 non
789 544 974 588 seducat
1005 542 1197 599 amplius
1222 547 1377 598 gentes
1401 541 1543 585 donec
1568 546 1932 584 consummentur
1956 539 2079 584 mille
2101 541 2239 597 anni;
2287 559 2291 562 ’

406 612 450 651 et
474 610 574 663 post
597 606 695 648 haec
721 608 892 661 oport-et
915 602 1045 645 illum
1069 601 1182 644 solvi
1204 601 1378 644 modico
1405 606 1616 657 tempore.
2225 633 2228 636 .

464 665 482 692 4
501 667 559 708 Et
583 664 677 707 vidi
702 663 850 719 sedes,
877 667 922 705 et
943 661 1154 705 sederunt
1177 674 1310 718 super
1333 674 1428 716 eas,
1462 665 1506 703 et
1531 659 1750 715 judicium
1776 659 1929 702 datum
1958 663 2027 703 est
2050 658 2140 702 illis
2161 677 2171 715 3
2198 663 2242 703 et

404 724 577 768 animas
603 722 923 766 decollatorum
948 725 1126 777 propter
1148 720 1458 763 testimonium
1488 719 1618 775 Jesu,
1645 723 1689 761 et
1712 724 1891 775 propter
1922 719 2108 762 verbum
2135 718 2241 774 Dei,

405 789 449 827 et
478 783 551 839 qui
577 797 663 826 non
688 782 986 825 adoraverunt
1017 779 1230 834 bestiam,
1262 793 1405 835 neque
1435 778 1683 834 imaginem
1715 777 1834 834 ejus,
1868 791 1949 821 nec
1975 783 2242 835 acceperunt

407 843 706 886 characterem
731 841 828 897 ejus
853 840 901 882 in
925 839 1150 882 frontibus
1175 843 1254 881 aut
1277 838 1324 880 in
1349 837 1554 881 manibus
1580 837 1684 893 suis,
1706 843 1752 880 et
1769 837 1990 893 vixerunt,
2014 841 2062 880 et
2082 850 2243 893 regna·

406 900 564 945 verunt
589 915 690 944 cum
715 899 889 943 Christo
915 898 1038 941 mille
1062 897 1206 943 annis.
1231 897 1251 924 5
1266 897 1414 941 Ceteri
1440 902 1715 940 mortuorum
1739 906 1827 939 non
1851 896 2075 952 vixerunt,
2101 895 2249 940 donec

405 965 767 1004 consummentur
783 958 907 1001 mille
927 957 1046 1000 anni.
1075 957 1190 1000 Haec
1212 961 1279 1000 est
1299 955 1561 1000 resurrectio
1583 955 1740 1012 prima.
1766 956 1784 983 6
1799 956 1965 999 Beatus
1987 959 2031 998 et
2047 960 2248 1011 sanctus,

405 1020 479 1076 qui
505 1020 641 1063 habet
660 1024 834 1076 partem
855 1017 905 1060 in
929 1016 1249 1060 resurrectione
1273 1016 1418 1073 prima
1437 1033 1446 1072 3
1472 1016 1520 1058 in
1544 1015 1613 1058 his
1635 1015 1830 1059 secunda
1855 1029 1971 1058 mor-s
1992 1028 2082 1059 non
2106 1014 2244 1058 habet

404 1084 700 1136 potestatem,
727 1077 806 1122 sed
831 1083 961 1120 erunt
984 1075 1237 1119 sacerdotes
1272 1075 1357 1118 Dei
1390 1080 1434 1118 et
1466 1074 1653 1130 Christi,
1687 1079 1731 1117 et
1756 1073 2010 1130 regnabunt
2035 1087 2141 1117 cum
2162 1071 2247 1118 1110

405 1138 528 1182 1111110
552 1137 694 1180 annis.

464 1197 480 1224 ⁷
499 1199 557 1241 Et
582 1212 683 1240 cum
714 1195 1009 1239 consummati
1035 1195 1205 1238 fuerint
1238 1194 1361 1237 mille
1385 1194 1513 1250 anni,
1547 1194 1743 1237 solvetur
1768 1192 1956 1236 Satanas
1982 1193 2037 1237 de
2068 1207 2249 1237 carcere

404 1271 504 1312 suo,
531 1262 575 1300 et
601 1256 762 1310 exibit,
788 1261 832 1298 et
857 1255 1039 1298 seducet
1064 1259 1220 1310 gentes
1246 1267 1346 1310 quae
1379 1257 1484 1296 sunt
1507 1267 1639 1310 super
1664 1256 1852 1309 quatuor
1880 1252 2070 1309 angulos
2091 1257 2242 1308 terrae,

406 1317 505 1372 Grog
541 1320 587 1359 et
624 1316 816 1371 Magog,
858 1318 901 1357 et
938 1313 1231 1370 congregabit
1267 1327 1340 1357 eos
1371 1312 1418 1355 in
1450 1311 1678 1369 praelium,
1711 1325 1897 1368 quorum
1933 1325 2142 1355 numerus
2178 1318 2247 1355 est

404 1375 518 1418 sicut
544 1389 677 1417 arena
696 1374 842 1417 maris.
869 1373 887 1400 ⁸
906 1374 965 1416 Et
981 1373 1278 1416 ascenderunt
1294 1386 1425 1429 super
1446 1371 1733 1414 latitudinem
1752 1375 1895 1427 terrae,
1913 1376 1958 1415 et
1977 1370 2245 1415 circuierunt

405 1439 550 1478 castra
583 1439 837 1477 sanctorum
871 1438 916 1476 et
945 1433 1175 1476 civi-tatem
1209 1431 1433 1475 dilectam.
1470 1430 1487 1457 9
1513 1431 1570 1474 Et
1597 1430 1826 1474 descendit
1850 1430 1968 1486 ignis
1999 1445 2027 1474 a
2061 1431 2156 1474 Deo
2189 1429 2244 1473 de

405 1494 537 1549 caelo,
571 1499 615 1537 et
648 1492 880 1536 devoravit
912 1506 1015 1547 eos,
1052 1498 1095 1536 et
1126 1491 1353 1546 diabolus,
1387 1490 1461 1547 qui
1495 1490 1737 1534 seducebat
1770 1503 1865 1544 eos,
1897 1489 2060 1534 missus
2096 1494 2164 1533 est
2197 1489 2244 1532 in

405 1559 615 1609 stagnum
639 1552 756 1608 ignis
782 1557 826 1596 et
845 1551 1085 1608 sulphuris,
1112 1551 1188 1594 ubi
1214 1556 1258 1594 et
1282 1550 1425 1594 bestia
1450 1549 1485 1576 ¹⁰
1498 1555 1546 1593 et
1569 1548 1957 1607 pseudopropheta
1982 1546 2245 1593 cruciabun-

404 1617 476 1656 tur
499 1612 570 1655 die
595 1626 648 1655 ac
674 1616 803 1655 nocte
828 1611 874 1654 in
900 1611 1068 1654 saecula
1090 1610 1369 1653 saeculorum.

935 1736 957 1788 ξ
983 1733 1073 1776 III.
1099 1757 1159 1765 —-
1194 1732 1363 1775 Ultima
1388 1733 1715 1775 consummati&

466 1851 500 1878 11
528 1852 587 1894 Et
619 1849 713 1893 vidi
749 1850 959 1893 thronum
996 1863 1210 1904 magnum
1247 1847 1511 1902 candidum,
1549 1852 1593 1890 et
1629 1847 1858 1890 sedentem
1894 1860 2024 1903 super
2061 1859 2182 1902 eum,
2219 1862 2245 1890 a

407 1911 536 1967 cujus
561 1914 802 1966 conspectu
825 1908 949 1963 fugit
973 1914 1088 1951 terra
1114 1914 1158 1950 et
1183 1907 1358 1961 caelum,
1383 1911 1428 1949 et
1453 1906 1574 1949 locus
1600 1920 1689 1949 non
1708 1910 1777 1948 est
1800 1905 2010 1948 inventus
2031 1905 2108 1949 eis.
2135 1904 2172 1932 1²
2191 1907 2247 1950 Et

406 1971 500 2014 vidi
534 1975 750 2023 mortuOS,
785 1981 972 2023 magnos
1006 1972 1049 2009 et
1081 1966 1289 2023 pusillos,
1323 1970 1491 2008 stantes
1522 1965 1570 2007 in
1599 1969 1839 2022 conspectu
1871 1964 2048 2020 throni3
2077 1970 2121 2008 et
2145 1964 2246 2009 libri

406 2029 548 2087 aperti
573 2032 698 2083 sunt,
725 2032 769 2070 et
797 2027 912 2069 alius
937 2026 1050 2069 liber
1073 2030 1253 2082 apertus
1279 2031 1346 2069 est
1371 2024 1445 2081 qui
1471 2029 1537 2068 est
1562 2024 1691 2080 vitae,
1717 2029 1761 2067 et
1790 2024 1979 2080 judicati
2005 2028 2108 2067 sunt
2133 2039 2247 2068 mor-

406 2090 472 2132 tui
506 2104 560 2132 ex
593 2087 661 2130 his
695 2101 793 2142 quae
828 2086 994 2142 scripta
1028 2090 1153 2129 erant
1184 2085 1232 2127 in
1269 2084 1414 2140 libris,
1450 2084 1693 2127 secundum
1726 2098 1857 2140 opera
1891 2083 2100 2140 ipsorum.
2136 2083 2172 2111 ¹3
2189 2085 2248 2128 Et

409 2148 532 2193 dedit
564 2161 684 2190 mare
709 2151 905 2189 mortuos
932 2145 1005 2201 qui
1030 2145 1076 2187 in
1101 2159 1152 2188 eo
1181 2150 1328 2199 erant,
1362 2150 1405 2187 et
1437 2157 1553 2186 mors
1583 2149 1628 2186 et
1655 2143 1858 2186 infernus
1884 2143 2102 2186 dederunt
2133 2158 2247 2187 mor—

408 2214 506 2252 tuos
527 2222 626 2251 suos
648 2206 725 2262 qui
748 2206 796 2248 in
820 2205 928 2262 ipsis
955 2209 1094 2260 erant,
1118 2210 1161 2248 et
1181 2204 1435 2260 judicatum
1460 2207 1526 2247 est
1553 2203 1606 2246 de
1630 2202 1819 2258 singulis
1845 2202 2091 2246 secundum
2117 2217 2247 2260 opera

409 2268 617 2325 ipsorum.
653 2266 689 2292 ¹4
716 2267 772 2309 Et
804 2265 1010 2308 infernus
1036 2269 1080 2308 et
1112 2277 1229 2306 mors
1261 2263 1386 2306 missi
1418 2268 1520 2306 sunt
1551 2262 1599 2305 in
1631 2268 1841 2318 stagnum
1870 2262 2002 2318 igniS.
2032 2262 2147 2306 Haec
2179 2267 2246 2306 est

409 2341 525 2370 mors
558 2325 767 2370 secunda.
801 2324 835 2351 15
853 2325 911 2367 Et
944 2324 1018 2380 qui
1048 2337 1136 2367 non
1167 2322 1377 2366 inventus
1406 2326 1473 2365 est
1496 2322 1543 2364 in
1568 2321 1680 2365 libro
1710 2322 1816 2364 vitae
1849 2321 2062 2378 scriptus,
2086 2322 2246 2366 missus

409 2392 475 2430 est
499 2386 545 2429 in
571 2391 781 2441 stagnum
803 2384 936 2441 ignis.

468 2447 575 2491 GAP.
603 2445 730 2488 XXI.
756 2470 816 2478 —-
839 2443 854 2469 1
875 2445 933 2486 Et
957 2444 1051 2487 vidi
1074 2445 1237 2488 caelum
1261 2458 1427 2487 novum
1449 2448 1493 2486 et
1512 2447 1673 2486 terram
1698 2457 1874 2486 novam.
1903 2441 2102 2485 Primum
2127 2442 2246 2485 enim

410 2507 571 2550 caelum
596 2511 639 2549 et
664 2505 806 2562 prima
834 2510 951 2547 terra
976 2503 1109 2559 abiit,
1140 2510 1183 2547 et
1210 2517 1333 2546 mare
1357 2503 1453 2558 jam
1477 2517 1564 2545 non
1592 2507 1669 2545 est.
1697 2501 1714 2527 2
1732 2502 1790 2543 Et
1815 2515 1896 2557 ego
1930 2502 1960 2544 J
1963 2515 2128 2544 oannes
2152 2501 2246 2544 vidi

409 2571 613 2609 sanctam
655 2565 905 2618 civitatem,
945 2563 1203 2606 Jerusalem
1229 2576 1412 2617 novam,
1451 2561 1796 2605 descendentem
1829 2561 1883 2604 de
1920 2561 2029 2604 caelo
2064 2575 2091 2603 a
2129 2561 2246 2615 Deo,

410 2631 613 2683 paratam
635 2625 751 2667 sicut
772 2637 981 2680 sponsam
1009 2627 1212 2666 ornatam
1236 2621 1331 2665 viro
1356 2635 1448 2664 suo.
1477 2621 1494 2647 3
1512 2621 1569 2664 Et
1598 2620 1749 2663 audivi
1772 2634 1928 2663 vocem
1958 2633 2171 2676 magnam
2192 2619 2245 2663 de
2266 2624 2268 2627 ’

409 2686 567 2728 throno
594 2683 818 2727 dicentem
849 2699 858 2726 :
894 2683 1016 2726 Ecce
1040 2681 1378 2725 tabernaculum
1406 2680 1488 2724 Dei
1515 2695 1617 2723 cum
1642 2679 1920 2735 hominibus,
1955 2684 1999 2723 et
2023 2678 2246 2722 habitabit

412 2758 513 2787 cum
546 2744 638 2799 eis3
673 2748 716 2786 et
747 2742 833 2799 ipsi
865 2741 1052 2799 populus
1086 2741 1183 2797 ejus
1217 2745 1365 2796 erunt,
1399 2746 1442 2783 et
1474 2740 1569 2796 ipse
1603 2740 1722 2783 Deus
1752 2753 1853 2782 cum
1887 2739 1948 2782 eis
1980 2738 2064 2782 erit
2095 2751 2245 2782 eorum

412 2804 561 2858 Deus,
589 2803 668 2846 4et
693 2802 920 2858 absterget
955 2802 1072 2845 Deus
1106 2814 1282 2844 omnem
1317 2801 1563 2856 lacrymam
1595 2799 1651 2842 ab
1686 2798 1824 2842 oculis
1858 2813 2029 2853 eorum,
2062 2802 2107 2841 et
2129 2811 2245 2841 mors

412 2863 528 2906 ultra
554 2877 642 2906 non
667 2862 772 2917 erit,
802 2875 944 2918 neque
971 2861 1138 2916 luctus,
1165 2874 1308 2915 neque
1333 2860 1513 2914 clamor,
1540 2872 1683 2915 neque
1716 2857 1839 2901 dolor
1863 2858 1948 2901 erit
1980 2857 2116 2914 ultra,
2143 2855 2242 2913 quia

411 2923 555 2980 prima
590 2922 809 2965 abierunt.
848 2921 865 2947 5
891 2922 948 2964 Et
984 2920 1101 2963 dixit
1137 2919 1210 2976 qui
1250 2919 1434 2962 sedebat
1472 2919 1519 2961 in
1561 2919 1718 2961 throno
1760 2934 1770 2961 ε
1814 2919 1931 2961 Εο00
1969 2931 2086 2960 nova
2123 2914 2243 2959 {acio

413 2981 575 3025 omnia.
612 2982 669 3024 Et
702 2981 818 3024 dixit
851 2981 958 3023 mihi
993 2997 1002 3024 :
1029 2979 1194 3034 Scribe,
1221 2979 1323 3035 quia
1356 2979 1453 3022 haec
1478 2978 1615 3021 verba
1647 2977 1906 3020 fidelissima
1931 2981 2035 3020 sunt
2058 2980 2103 3019 et
2125 2988 2243 3018 vera.

413 3041 430 3067 ⁶
449 3043 506 3084 Et
532 3041 647 3084 dixit
673 3040 783 3083 mihi
817 3057 825 3085 :
853 3041 1042 3083 Factum
1070 3044 1147 3082 est.
1176 3040 1271 3094 Ego
1297 3053 1394 3081 sum
1420 3038 1570 3094 Alpha
1590 3043 1633 3080 et
1651 3037 1833 3092 Omega,
1859 3036 2039 3079 initium
2063 3038 2106 3078 et
2129 3033 2243 3076 finis.

413 3101 510 3156 Ego
543 3100 712 3143 sitienti
747 3099 862 3142 dabo
895 3099 949 3143 de
981 3100 1107 3142 fonte
1140 3112 1267 3154 aquae
1300 3098 1405 3140 vitae
1440 3097 1592 3153 gratis.
1627 3096 1642 3123 7
1669 3096 1752 3147 Qui
1785 3095 1964 3151 vicerit,
2001 3092 2244 3152 possidebit

414 3161 531 3214 haec,
563 3167 609 3203 et
643 3173 714 3202 ero
747 3158 813 3201 illi
847 3160 985 3215 Deus,
1011 3164 1055 3202 et
1078 3158 1155 3201 ille
1183 3157 1265 3200 erit
1289 3157 1399 3199 mihi
1433 3157 1564 3200 filius.
1590 3156 1607 3183 8
1625 3155 1814 3200 Timidis
1838 3160 2009 3208 autem,
2032 3156 2079 3195 et
2101 3151 2243 3195 incre-

415 3219 551 3274 dulis,
582 3225 625 3263 et
649 3219 889 3273 execratis,
915 3224 959 3261 et-
983 3217 1241 3272 homicidis,
1264 3223 1307 3261 et
1332 3216 1697 3271 fornicatoribus,
1723 3224 1767 3259 et
1788 3213 2014 3267 veneficis,
2037 3216 2082 3254 et
2104 3211 2243 3255 idolo-

414 3278 561 3333 latris,
587 3284 629 3322 et
656 3278 862 3321 omnibus
892 3277 1204 3332 mendacibus,
1230 3291 1331 3334 pars
1355 3276 1534 3319 illorum
1559 3276 1641 3319 erit
1672 3276 1718 3318 in
1751 3279 1910 3330 stagno
1934 3270 2107 3314 ardenti
2138 3270 2244 3327 igne

414 3344 457 3381 et
482 3338 693 3394 sulphure
726 3355 734 3381 :
761 3337 876 3393 quod
903 3344 969 3381 est
994 3351 1110 3380 mors
1131 3337 1338 3380 secunda.

473 3397 491 3423 9
516 3397 574 3440 Et
600 3397 722 3441 venit
755 3411 867 3440 unus
896 3397 950 3440 de
983 3402 1153 3453 septem
1185 3396 1358 3452 angelis
1387 3396 1654 3439 habentibus
1687 3393 1859 3452 phialas
1888 3391 2043 3448 plenas
2071 3394 2240 3454 septem

414 3457 559 3513 plagis
582 3457 861 3511 novissimis,
887 3461 930 3499 et
952 3455 1124 3498 locutus
1147 3461 1213 3499 est
1235 3469 1429 3512 mecum,
1457 3455 1608 3498 diceus
1636 3471 1645 3498 z
1672 3452 1806 3508 Veni,
1833 3456 1877 3494 et
1902 3449 2136 3494 ostendam
2159 3447 2242 3492 tibi

417 3617 447 3649 τ]
462 3617 516 3644 ΕΖ.
535 3617 697 3651 xxxix,
714 3621 740 3644 2.
758 3632 793 3636 -
815 3618 843 3650 1]
864 3618 908 3644 is.
927 3617 1028 3651 va,
1047 3620 1080 3646 17
1099 3619 1133 3646 et
1152 3616 1334 3652 va1,·.›2.
1354 3616 1388 3644 11
1409 3616 1498 3643 Petr.
1520 3615 1648 3649 111,13.
1666 3626 1703 3632 -
1718 3611 1748 3644 4]
1768 3612 1811 3639 1s.
1829 3610 1935 3645 XXV,
1955 3612 1982 3638 8.
2001 3609 2079 3641 sup.
2096 3607 2242 3642 vum.

416 3674 451 3678 —
467 3660 821 3695 5]1.=.X1,111‚19.11
840 3662 1028 3692 cor.v,17.
