2456 3861
617 123 734 165 cm.
768 121 970 176 xxxrr,
1008 123 1054 164 11
1084 146 1143 154 -
1175 120 1405 175 xxxin,
1443 123 1506 163 13.
1914 122 1970 164 33

152 292 308 337 turmis
331 292 568 349 regredior.
605 291 635 318 ¹¹
665 292 780 334 Erue
805 306 875 334 me
900 291 954 334 de
980 305 1113 333 manu
1137 290 1290 333 fratris
1315 290 1401 333 mei
1430 291 1565 344 Esau,
1592 291 1694 346 quia
1719 291 1847 334 valde
1872 305 1972 334 eum

152 351 314 405 time0;
350 365 404 394 ne
437 351 552 394 forte
586 351 767 394 veniens
800 350 1019 407 percutiat
1051 355 1236 393 matrem
1274 363 1373 392 cum
1411 349 1524 394 filiis.
1566 349 1600 375 ¹⁴²
1625 350 1691 392 Tu
1724 350 1895 392 locutus
1927 364 1973 393 es

151 409 267 466 quod
301 410 587 454 benefaceres
621 409 750 464 mihi,
782 414 825 452 et
857 409 1065 452 dilatares
1094 423 1245 452 semen
1283 423 1429 452 meum
1461 409 1574 451 sicut
1606 423 1783 451 arenam
1820 408 1970 464 maris,

151 483 250 524 quae
273 483 362 525 pra*
386 468 667 512 multitudiue
690 468 911 511 numerari
938 483 1024 510 non
1047 474 1205 524 potest.
1230 467 1266 494 ¹3
1283 469 1479 523 Cumque
1503 467 1735 510 dormis-et
1760 467 1820 509 ibi
1845 474 1973 510 nocte

151 528 249 582 illa,
277 529 499 583 separrvit
531 528 585 570 de
612 528 678 570 his
705 541 804 583 quae
835 527 1049 581 habebat,
1076 541 1260 570 munera
1295 527 1409 569 Esau
1442 527 1571 569 fratri
1605 540 1682 569 suo
1713 542 1721 569 ε
1759 525 1793 552 1’·
1820 540 1974 582 capras

152 586 377 641 ducentas,
397 587 538 629 hircos
558 586 730 641 viginti,
751 600 855 629 oves
874 586 1098 634 ducentas,
1119 592 1163 628 et
1180 585 1340 628 arietes
1366 585 1524 641 viginti
1542 603 1550 639 ;
1580 585 1615 612 ¹⁵
1637 585 1830 628 camelos
1856 587 1974 627 fetas

151 660 250 688 cum
284 645 417 702 pullis
449 646 538 687 suis
572 644 776 700 triginta,
812 657 971 686 vaccas
1005 643 1319 699 quadraginta,
1355 650 1399 686 et
1434 650 1582 687 tauros
1619 645 1800 700 viginti,
1826 643 1974 686 asinas

151 704 333 760 viginti,
360 710 405 747 et
430 703 572 760 pull-os
597 717 747 745 earum
774 702 941 746 decem.
980 702 1012 728 ¹⁰
1039 703 1098 744 Et
1123 702 1243 744 misit
1266 716 1342 757 per
1367 717 1522 744 manus
1547 717 1772 745 servorum
1798 716 1972 745 suorum

150 763 348 818 singulos
366 777 559 805 seorsum
579 776 756 817 greges,
781 761 980 817 dixitque
1002 761 1149 817 pueris
1171 760 1260 803 suis
1284 776 1292 802 z
1321 761 1585 804 Antecedite
1611 776 1701 816 me,
1728 767 1772 804 et
1793 761 1852 803 sit
1876 775 1974 816 spa-

150 822 260 864 tium
287 822 402 864 inter
427 835 608 876 gregem
634 827 678 863 et
703 834 897 876 gregem.
937 819 967 846 ¹⁷
996 821 1054 862 Et
1077 819 1291 875 praecepit
1316 818 1470 874 priori,
1499 820 1650 862 dicens
1681 836 1689 862 ε
1726 820 1769 862 Si
1796 819 1974 861 obvium

150 881 355 923 habueris
387 880 573 922 fratrem
607 893 753 922 meum
789 881 926 934 Esau,
950 883 994 922 et
1020 878 1360 934 interrogaverit
1384 884 1448 933 te,
1473 879 1610 933 Cujus
1641 877 1723 920 es‘?
1760 885 1854 933 aut,
1883 879 1974 928 Quo

150 940 310 982 vadis?
347 944 442 994 aut,
477 938 615 994 Cujus
651 943 754 981 sunt
791 938 876 980 ista
920 952 1017 993 quae
1058 936 1289 992 sequeris?
1327 937 1359 963 ¹⁸
1384 936 1709 993 respondebis:
1748 937 1870 980 Servi
1911 936 1976 979 tui

150 998 306 1052 Jacob,
344 1012 526 1040 munera
561 997 688 1047 misit>
719 996 897 1040 domino
933 1010 1030 1040 meo
1067 998 1213 1050 Esa-u3
1249 996 1343 1052 ipse
1378 1010 1553 1051 quoque
1584 1001 1684 1051 post
1720 1009 1799 1038 1108
1838 995 1974 1038 venit.

151 1057 186 1083 ¹⁰
212 1057 423 1102 Similiter
449 1056 571 1099 dedit
596 1056 808 1099 mandata
832 1055 1045 1111 secundo,
1070 1060 1114 1098 et
1138 1055 1289 1110 tertio,
1320 1059 1363 1098 et
1388 1055 1560 1097 cunctis
1581 1054 1656 1110 qui
1681 1054 1977 1110 sequebantur

149 1131 325 1172 greges,
353 1116 504 1158 dicens
531 1132 540 1160 :
576 1115 741 1158 Iisdem
765 1115 913 1158 verbis
939 1114 1172 1170 loquimini
1197 1114 1254 1156 ad
1281 1115 1418 1170 Esau,
1443 1128 1541 1156 cum
1576 1113 1834 1156 inveneritis
1861 1126 1975 1155 eum.

149 1175 186 1202 2⁰
212 1177 268 1218 Et
293 1175 468 1218 addetis
497 1191 506 1217 ι
542 1176 644 1231 Ipse
677 1188 848 1230 quoque
880 1188 1030 1217 servus
1063 1179 1171 1216 tuus
1196 1173 1339 1216 Jacob
1365 1172 1448 1216 iter
1471 1177 1668 1215 nostru-m
1703 1171 1974 1227 insequitur3

150 1234 263 1278 dixit
287 1234 406 1278 enim
437 1250 445 1277 :
481 1233 674 1276 Placabo
700 1233 827 1276 illum
851 1233 1106 1276 muneribus
1135 1247 1232 1288 quae
1265 1231 1541 1288 praecedunt,
1570 1235 1615 1274 et
1638 1240 1792 1288 postea
1816 1230 1977 1273 videbo

149 1294 294 1349 illum,
329 1293 520 1336 forsitan
552 1292 866 1349 propitiabitur
895 1292 1019 1335 mihi.
1054 1291 1087 1318 2¹
1116 1293 1445 1335 Praecesserunt
1480 1290 1630 1346 itaque
1663 1304 1847 1333 munera
1873 1294 1977 1332 ante

149 1368 248 1396 eum
268 1370 277 1408 3
305 1353 397 1409 ipse
423 1365 529 1395 vero
551 1351 716 1394 mansit
741 1356 871 1394 nocte
895 1351 974 1393 illa
998 1351 1047 1394 in⁴
1069 1351 1237 1394 castris.

207 1411 244 1438 ”2'2
265 1413 460 1467 Cumque
494 1416 665 1454 mature
699 1410 979 1464 surrexisset,
1006 1410 1110 1453 tulit
1143 1410 1250 1452 duas
1281 1424 1437 1452 uxores
1471 1423 1591 1464 suas,
1620 1413 1664 1451 et
1688 1408 1874 1451 totidem
1908 1409 1978 1451 fa-

148 1471 309 1522 mulas,
337 1485 437 1513 cum
471 1469 677 1512 undecim
722 1469 845 1524 filiis,
880 1474 924 1511 et
962 1469 1167 1511 transivit
1203 1469 1368 1511 vadum
1401 1468 1556 1512 Jaboc.
1595 1467 1632 1494 ‘²3
1657 1467 1978 1523 Traductisque

148 1529 351 1573 omnibus
372 1543 470 1584 quae
505 1529 560 1571 ad
588 1543 633 1571 se
659 1528 963 1585 pertinebant,
998 1527 1034 1554 ²¹
1060 1527 1225 1570 mansit
1249 1527 1395 1582 sol-us3
1429 1532 1474 1569 et
1507 1541 1610 1569 ecce
1635 1527 1702 1568 vir
1727 1526 1980 1568 luctabatur

147 1603 249 1632 cum
277 1602 333 1631 00-
353 1602 487 1644 usque
517 1602 661 1631 mane.
696 1586 732 1614 ²5
758 1588 843 1638 Qui
862 1601 962 1630 cum
987 1587 1159 1630 videret
1187 1587 1302 1642 quod
1334 1601 1433 1629 eum
1459 1600 1665 1642 superare
1691 1599 1779 1628 non
1808 1590 1977 1642 posset,

146 1648 296 1704 tetigit
328 1661 513 1691 nervum
545 1646 729 1690 femoris
762 1646 880 1703 ejus,
916 1652 961 1689 et
996 1646 1150 1689 statim
1183 1645 1410 1689 emarcuit.
1442 1644 1479 1671 9⁶
1502 1645 1715 1700 Dixitque
1747 1645 1803 1687 ad
1841 1659 1942 1688 eum
1969 1661 1976 1688 :

147 1706 333 1750 Dimitte
366 1720 458 1761 me,
484 1706 584 1762 jam.
612 1706 736 1749 enim*
763 1706 979 1749 ascendit·v
999 1720 1168 1748 aurora.
1204 1704 1450 1761 Respondit
1480 1721 1488 1748 :
1530 1705 1631 1747 Non
1665 1703 1896 1746 dimittam.
1914 1710 1980 1759 te,

146 1765 231 1808 nisi
267 1765 548 1808 benedixeris
584 1765 711 1809 mihi.
745 1764 780 1791 ⁶2⁷
806 1765 886 1808 Ait
918 1779 1022 1821 ergo
1053 1783 1062 1810 :
1095 1765 1218 1815 Quod
1252 1778 1412 1806 nomen
1444 1769 1510 1807 est
1539 1763 1659 1806 tibi?
1694 1762 1941 1819 Respondit
1972 1779 1980 1805 :

147 1824 303 1869 Jacob.
330 1823 366 1850 ⁶²⁸
385 1827 447 1867 At
468 1825 557 1880 ille,
577 1826 881 1880 Nequaquam,
901 1825 1057 1880 inquit,
1077 1824 1219 1867 Jacob
1242 1822 1541 1879 appellabitur
1562 1836 1725 1866 nomen
1747 1827 1884 1877 tuum,
1904 1822 1980 1864 sed

148 1884 316 1938 Israel;
350 1884 559 1939 quoniam
592 1883 628 1926 si
655 1890 809 1926 contra
835 1884 978 1927 Deum
1011 1883 1142 1926 fortis
1175 1883 1325 1937 fuisti,
1357 1887 1523 1938 quanto
1556 1881 1701 1937 magis
1727 1886 1880 1924 contra
1906 1882 1981 1924 110-

146 1943 287 1985 mines
314 1942 601 1998 praevalebis!
636 1941 674 1969 '2⁹
699 1943 1000 1999 Interrogavit
1025 1957 1125 1986 eum
1151 1942 1294 1985 Jacob
1326 1957 1334 1984 :
1371 1941 1454 1984 Dic
1479 1941 1610 1993 mihi,
1635 1955 1720 1996 quo
1743 1940 1981 1996 appellaris

147 2001 354 2045 nomine?
384 2002 628 2058 Respondit
650 2018 659 2045 :
685 2002 954 2057 Cui-«quaeris
980 2016 1143 2045 nome-n
1157 2000 1338 2044 meum?
1366 2002 1424 2043 Et
1440 2000 1671 2044 benedixit
1693 2000 1734 2043 ei
1757 2000 1805 2042 in
1827 2000 1982 2042 eodem

146 2061 256 2105 1000.
283 2060 320 2087 3⁰
347 2061 626 2117 Vocavitque
645 2061 787 2116 Jacob
813 2075 974 2104 nomen
999 2061 1085 2104 1001
1105 2061 1225 2103 illi-us
1253 2060 1473 2115 Phanuel,
1494 2060 1677 2103 dicens:
1708 2059 1811 2102 Vidi
1840 2061 1986 2101 Deum

146 2120 266 2162 facie
287 2120 343 2162 ad
365 2120 554 2173 faciem,
580 2125 625 2163 et
649 2120 774 2163 salva
799 2121 923 2163 facta
949 2126 1016 2163 est
1040 2120 1192 2163 anima
1223 2134 1335 2162 mea.
1363 2119 1400 2146 31
1429 2121 1645 2174 Ortusque
1672 2123 1739 2179 est
1764 2118 1803 2161 ei
1830 2118 1983 2160 statim

147 2178 232 2231 sol,
267 2184 501 2235 postquam
538 2184 838 2235 transgressus
878 2185 945 2222 est
982 2179 1212 2233 Phanuel3
1250 2179 1345 2234 ipse
1385 2193 1489 2221 vero
1530 2178 1814 2221 claudicabat
1854 2177 1980 2233 pede.

147 2236 185 2264 3‘2
206 2239 345 2289 Quam
379 2238 434 2281 ob
469 2253 648 2281 causam
681 2253 770 2281 non
803 2239 1044 2282 comedunt
1076 2253 1261 2282 nervum
1294 2238 1377 2280 filii
1410 2238 1569 2293 lsrael,
1592 2237 1667 2293 qui
1697 2236 1912 2280 emarcuit
1936 2236 1982 2278 in

146 2297 315 2340 femore
342 2297 505 2352 Jacob,
532 2312 671 2353 usque
694 2298 738 2339 in
773 2303 1041 2353 praesentem
1073 2298 1212 2353 diem,
1239 2311 1290 2341 00
1324 2297 1439 2352 quod
1473 2297 1672 2353 tetigerit
1704 2310 1889 2339 nervum
1914 2296 1982 2338 fe-

147 2356 281 2399 moris
305 2356 423 2412 ejus,
455 2362 497 2399 et
522 2357 811 2413 obstupuerit.

207 2416 312 2460 CAP.
339 2416 563 2459 XXXIII.
589 2441 649 2448 -
670 2415 683 2442 ¹
712 2416 907 2458 Elevans
931 2420 1081 2459 autem
1107 2416 1248 2459 Jacob
1276 2416 1424 2459 oculos
1437 2430 1566 2472 suos,
1589 2415 1704 2458 vidit
1729 2415 1987 2459 venientem.

149 2476 286 2530 Esau,
319 2480 362 2518 et
396 2489 497 2517 cum
530 2489 581 2518 eo
615 2475 962 2531 quadringentos
995 2475 1139 2530 viros3
1175 2474 1417 2529 divisitque
1447 2475 1571 2517 filios
1594 2475 1689 2517 Liae
1720 2480 1765 2517 et
1792 2475 1979 2527 Rachel,

147 2534 464 2589 ambarumque
513 2534 807 2587 famularum,
851 2533 868 2559 2
902 2540 946 2577 et
985 2533 1132 2590 posuit
1172 2539 1402 2589 utramque
1455 2533 1686 2588 ancillam,
1729 2538 1773 2576 et
1821 2533 1982 2576 liberos

148 2607 319 2647 earum,
346 2593 391 2635 in
416 2593 663 2650 principi03
700 2593 829 2636 Liam
854 2607 977 2647 vero,
1006 2598 1050 2635 et
1074 2592 1187 2635 filios
1217 2593 1336 2648 ejus,
1368 2592 1416 2634 in
1440 2593 1632 2635 secundo
1658 2593 1754 2635 loco
1775 2610 1784 2647 3
1815 2592 1981 2635 Rachel

148 2658 299 2695 autem
332 2658 375 2695 et
402 2653 572 2709 Joseph
600 2652 877 2696 novissimos.
911 2652 929 2678 3
955 2654 1012 2695 Et
1048 2652 1141 2708 ipse
1178 2651 1465 2708 progrediens
1501 2651 1704 2694 adoravit
1739 2666 1902 2707 pronus
1934 2651 1979 2693 in

149 2716 312 2754 terram
337 2712 521 2768 septies,
546 2712 686 2755 donec
711 2711 1084 2768 appropinquaret
1117 2711 1258 2753 frater
1282 2711 1394 2766 ejus.
1425 2711 1441 2736 4
1467 2711 1655 2754 Currens
1688 2711 1837 2766 itaque
1863 2712 1980 2753 Esau

150 2770 329 2814 obviam
364 2771 495 2813 fratri
532 2786 631 2827 suo,
666 2771 947 2827 amplexatus
980 2775 1047 2813 est
1078 2784 1207 2823 eum3
1243 2770 1551 2826 stringensque
1587 2770 1749 2812 collum
1783 2769 1902 2825 ejus,
1936 2775 1981 2812 et

151 2830 352 2873 osculans
388 2830 527 2874 flevit.
560 2831 577 2857 5
600 2830 867 2885 Levatisque
904 2829 1063 2883 oculis,
1096 2829 1211 2872 vidit
1247 2829 1453 2871 mulieres
1485 2833 1529 2871 et
1566 2829 1771 2885 parvulos
1809 2843 1978 2883 earum,

150 2894 196 2932 et
219 2889 283 2932 ait
309 2905 318 2932 :
354 2890 467 2940 Quid
492 2889 582 2932 sibi·
599 2889 756 2933 volunt
778 2888 884 2932 isti?
911 2894 955 2932 et
979 2888 1016 2931 si
1041 2888 1098 2931 ad
1123 2894 1168 2931 te
1200 2887 1460 2945 pertinent?
1489 2887 1733 2944 Respondit
1759 2904 1769 2931 ε
1800 2888 1979 2930 Parvuli

151 2954 272 3002 sunt,
295 2963 402 3004 quos
424 2949 613 2992 donavit
637 2948 748 2991 mihi
774 2949 894 2991 Deus
917 2962 1045 2991 servo
1065 2953 1157 2991 tuo.
1185 2947 1202 2974 6
1228 2948 1287 2989 Et
1308 2947 1712 3004 appropinquantes
1734 2947 1910 2990 ancillae
1936 2952 1980 2990 et

151 3007 229 3050 filii
251 3022 415 3061 earum,
435 3008 653 3051 incurvati
675 3012 792 3051 sunt.
818 3007 833 3033 7
853 3007 1055 3051 Accessit
1077 3021 1247 3063 quoque
1267 3006 1349 3049 Lia
1371 3020 1473 3049 cum
1498 3007 1643 3062 pueris
1668 3006 1778 3062 suis,
1806 3011 1851 3049 ct
1879 3021 1979 3049 cum

151 3066 358 3110 similiter
383 3067 663 3121 adorassent,
694 3066 883 3110 extremi
912 3066 1082 3123 J-oseph
1110 3071 1154 3109 et
1185 3065 1353 3109 Rachel
1384 3066 1693 3108 adoraverunt.
1726 3065 1744 3092 8
1767 3065 1979 3121 Dixitque

152 3126 271 3168 Esau
302 3142 310 3169 :
346 3127 562 3177 Quaenam
595 3126 837 3170 sunt'istae
860 3130 1021 3168 turmae
1051 3139 1158 3181 quas
1192 3125 1372 3168 obvia-m
1401 3124 1571 3168 habui?
1598 3124 1842 3181 Respondit
1871 3141 1879 3167 :
1918 3125 1980 3168 Ut

151 3184 398 3228 invenirem
430 3185 622 3241 gratiam
655 3199 801 3229 coram
834 3184 1012 3228 domino
1044 3199 1156 3228 meo.
1194 3184 1211 3210 9
1236 3185 1297 3227 At
1329 3184 1405 3226 ille
1438 3183 1502 3226 ait
1532 3202 1540 3228 ε
1577 3183 1734 3227 Habeo
1767 3184 1975 3240 plurima,

151 3244 293 3287 frater
315 3244 398 3295 mi,
427 3244 515 3287 sint
538 3250 617 3287 tua
640 3244 737 3288 tibi.
765 3244 800 3271 ¹⁰
826 3244 1042 3299 Dixitque
1064 3243 1207 3287 Jacob
1235 3259 1243 3286 :
1271 3243 1374 3286 Noli
1404 3243 1488 3298 ita,
1518 3243 1722 3297 obsecro3
1749 3243 1826 3285 sed
1851 3242 1887 3284 si
1912 3243 1977 3284 in-

152 3302 254 3346 veni
274 3303 468 3359 gratiam
487 3303 532 3346 in
551 3303 689 3346 oculis
710 3303 810 3359 tuis,
830 3303 982 3359 accipe
999 3302 1310 3345 munusculum
1328 3302 1380 3345 de
1398 3302 1603 3345 manibus
1620 3302 1729 3344 meis
1745 3319 1754 3356 3
1778 3302 1840 3344 sic
1859 3301 1977 3343 enim

153 3361 245 3404 vidi
270 3363 437 3405 faciem
464 3369 606 3415 tuam,
639 3363 761 3418 quasi
788 3362 975 3405 viderim
1006 3362 1179 3404 vultum
1207 3361 1318 3416 Dei3
1350 3366 1443 3404 esto
1468 3361 1576 3404 mihi
1606 3360 1840 3417 propitius,
1874 3359 1905 3385 ¹¹
1932 3364 1977 3402 et

154 3421 329 3478 suscipe
350 3421 708 3465 benedictionem
733 3436 865 3477 quam
890 3420 1021 3464 attuli
1046 3421 1150 3477 tibi,
1181 3426 1225 3463 et
1255 3435 1387 3476 quam
1413 3420 1595 3463 donavit
1619 3419 1729 3461 mihi
1757 3420 1874 3461 Deus
1899 3418 1976 3461 tri-

84 3496 87 3498 ·
153 3479 292 3522 buens
315 3480 482 3523 omnia-
496 3480 586 3523 Vix
602 3480 1072 3536 fratrecompellente,
1091 3479 1347 3536 suscipiens,
1375 3478 1412 3505 ¹2
1427 3480 1491 3522 ait
1513 3497 1521 3523 :
1547 3478 1811 3523 Gradiamur
1831 3477 1974 3532 simul,

152 3552 313 3594 eroque
346 3539 488 3582 socius
522 3539 691 3582 itineris
724 3539 802 3582 tui.
838 3539 874 3566 ¹3
900 3538 1110 3594 Dixitque
1145 3538 1287 3581 Jacob
1315 3554 1323 3580 :
1360 3538 1507 3593 Nosti,
1543 3537 1718 3580 domine
1752 3537 1834 3590 mi,
1860 3536 1976 3592 quod

154 3597 360 3652 parvulos
384 3597 575 3641 habeam
595 3603 790 3654 teneros,
809 3604 853 3642 et
878 3612 981 3641 oves
1006 3602 1050 3640 et
1071 3597 1206 3640 boves
1227 3597 1366 3653 fetas,
1388 3611 1581 3651 mecum,
1606 3610 1713 3652 quas
1742 3596 1779 3639 si
1803 3595 1900 3652 plus
1929 3595 1972 3636 in

1759 3677 1784 3716 3

2045 1424 2170 1452 Luctat
2209 1430 2284 1451 cum

2098 1468 2229 1502 angelo.

2048 2426 2198 2460 Benigne
2247 2427 2289 2454 ab

2126 2473 2215 2500 Esau

2074 2515 2269 2549 suscipitur.
