2423 3861
142 1677 331 1711 Prophetiae

150 1724 316 1752 adversus

157 1767 318 1796 mulieres

150 1812 321 1841 fatidicas.

124 2770 343 2801 Adhaerentes

147 2814 323 2848 iniquitati

180 2861 286 2888 Deum

168 2905 299 2933 frustra

131 2949 313 2979 consulunt
327 2970 334 2986 ,

434 142 518 184 934
1033 139 1108 179 Ε7.
1142 134 1284 186 XIII,
1320 137 1345 179 7
1378 162 1438 168 ——
1468 137 1594 187 XIV,
1627 138 1668 181 7.

428 250 456 257 ‚-

431 318 533 356 runt
561 312 819 355 confirmare
852 318 1114 352 sermonem.
1139 307 1154 333 7
1172 307 1401 363 Numquid
1430 320 1519 351 non
1548 307 1767 350 visionem
1795 321 1970 350 cassam
1993 307 2192 364 vidistis,
2223 314 2279 352 et·

432 371 752 415 divinationem
782 367 1044 410 mendacem
1070 366 1206 410 locuti
1237 367 1363 422 estis,
1390 371 1434 409 et
1467 366 1618 409 dicitis
1640 383 1649 410 ε
1675 366 1756 409 Ait
1786 366 2025 424 Dominus,
2049 382 2154 411 cum
2184 382 2280 424 ego--

431 445 515 473 non
543 429 625 471 sim
647 426 855 470 locutus?
1718 453 1720 455 ·

488 490 504 513 ὅ
524 489 758 543 Propterea
785 487 882 528 haec
905 486 1018 528 dicit
1044 485 1263 528 Dominus
1292 484 1411 528 Deus
1426 502 1439 529 -:
1462 486 1574 535 Quia
1596 485 1733 528 locuti
1754 485 1861 529 estis
1879 499 2009 541 vam-a,
2028 490 2074 529 et
2090 486 2273 530 vidistis-

430 546 732 601 mendacium,
758 545 858 588 ideo
886 559 987 588 ecce
1013 559 1094 601 ego
1121 544 1177 588 ad
1203 558 1301 601 vos,
1329 544 1440 587 dicit
1465 545 1683 588 Dominus
1710 544 1843 588 Deus.
1871 544 1889 570 9
1910 546 1968 588 Et
1996 545 2080 588 erit
2109 560 2269 590 manus

428 620 527 648 mea
552 620 681 662 super
705 605 942 661 prophetas
969 604 1042 660 qui
1067 604 1222 647 vident
1239 618 1368 660 vana,
1393 608 1437 646 et
1459 604 1664 647 divinant
1688 604 1996 648 mendacium:
2016 604 2272 650 in'consilio

426 665 578 722 populi
605 665 692 708 mei
714 679 802 708 non
826 669 971 720 erunt,
998 668 1042 707 et
1062 664 1109 706 in
1134 664 1354 720 scriptura
1374 663 1531 706 domus
1554 664 1693 706 Israel
1719 678 1806 706 non
1832 663 2093 719 scribentur,
2113 679 2196 707 nec
2219 665 2268 707 in

426 730 590 767 terram
610 724 750 767 Israel
774 724 1107 780 ingredientur3
1133 729 1176 766 et
1201 723 1351 766 scietis
1375 723 1478 778 quia
1500 738 1581 780 ego
1608 723 1825 768 Dominus
1849 724 1982 767 Deus.
2007 723 2044 749 10
2063 725 2127 766 Eo
2148 724 2267 780 qu-od

427 784 681 841 deceperint
698 783 913 840 populum
931 795 1092 838 meum,
1113 783 1312 826 dicentes
1327 797 1338 827 ‘z
1356 783 1465 838 Pax,
1490 788 1534 825 et
1554 796 1642 825 non
1661 788 1727 826 est
1747 796 1861 839 pax,
1886 788 1930 826 et
1950 782 2046 840 ipse
2073 783 2267 826 aedififica-

426 843 503 886 bat
521 843 750 901 parietem,
768 843 835 885 illi
855 848 1003 886 autem
1020 842 1242 885 liniebant
1257 856 1360 886 eum
1381 841 1476 884 luto
1501 842 1668 898 absque
1689 842 1842 899 paleis.
1863 841 1896 868 11
1919 843 2003 886 Dic
2022 842 2082 886 ad
2099 857 2174 886 eos
2192 843 2267 899 qui

425 903 590 946 liniunt
610 903 782 959 absque
803 907 1124 959 temperatura,
1153 902 1270 958 quod
1287 912 1471 945 casurus
1497 902 1578 956 sit,
1605 902 1687 945 erit
1712 901 1831 944 enim
1855 901 2000 945 imber
2019 897 2269 959 inundans,
2300 953 2306 959 ,

426 968 469 1006 et
498 963 613 1006 dabo
643 958 815 1020 lapides
843 959 1128 1019 praegrandes
1156 962 1342 1019 desuper
1368 961 1607 1018 irruentes,
1632 966 1676 1004 et
1696 967 1882 1004 ven-tum
1906 962 2115 1018 procellae
2133 961 2276 1005 dissi*

424 1028 619 1079 panteni.
640 1021 674 1048 ¹2
689 1018 920 1078 Siquidem
939 1035 1045 1064 ecce
1069 1021 1231 1064 cecidit
1250 1021 1422 1078 paries3
1451 1020 1668 1077 numquid
1691 1035 1779 1064 non
1800 1021 1978 1064 dicetur
2002 1021 2153 1065 vobis:
2173 1021 2265 1066 Ubi

425 1087 492 1125 est
512 1082 645 1125 litura
672 1096 806 1138 quam
828 1081 1025 1125 linistis?
1054 1080 1088 1107 ¹3
1107 1080 1343 1138 Propterea
1368 1081 1466 1124 haec
1491 1080 1601 1124 dicit
1627 1080 1845 1124 Dominus
1871 1082 1991 1124 Deus
2011 1098 2020 1125 :
2042 1083 2101 1124 Et
2123 1096 2265 1125 erum-

423 1156 526 1199 pere
558 1142 729 1185 faci-am
758 1141 964 1198 spiritum
989 1145 1309 1198 tempestatum
1337 1141 1385 1183 in
1413 1139 1725 1196 indignatione
1750 1154 1872 1197 mea,
1897 1145 1942 1184 et
1971 1140 2114 1184 imber
2136 1141 2265 1184 inun«

425 1201 533 1244 dans
558 1202 605 1244 in
627 1202 776 1245 furore
799 1215 897 1244 meo
919 1200 1022 1257 erit,
1046 1206 1089 1243 et
1114 1200 1286 1257 lapides
1310 1200 1500 1256 grandes
1521 1200 1652 1242 inira
1672 1200 1719 1242 in
1738 1200 2138 1257 consumptionem.
2156 1199 2195 1227 ²¹4
2209 1202 2268 1244 Et

425 1261 649 1304 destruam
690 1261 908 1318 parietem
945 1271 1076 1316 quem
1118 1259 1282 1302 lin-istis
1319 1260 1485 1316 absque
1521 1264 1900 1316 temperamento,
1935 1265 1983 1303 et
2019 1259 2267 1317 adaequabo

425 1331 525 1363 eum
550 1325 700 1377 terrae,
736 1327 779 1364 et
812 1320 1085 1364 revelabitur
1116 1319 1465 1363 fundamentum
1494 1319 1591 1375 ejus
1604 1334 1617 1375 ·;
1650 1324 1693 1362 et
1723 1319 1873 1375 cadet,
1905 1324 1950 1362 et
1977 1325 2268 1364 consumetur

422 1380 469 1422 in
495 1381 643 1423 medio
666 1381 782 1436 ejus,
811 1385 854 1424 et
876 1380 1028 1424 scietis
1051 1379 1153 1436 quia
1177 1393 1258 1435 ego
1284 1392 1382 1432 sum
1409 1379 1643 1422 Dominus.
1667 1379 1702 1405 15
1721 1381 1778 1422 Et
1799 1378 2034 1435 complebo
2058 1379 2268 1436 indigna·-

423 1440 590 1483 tionem
614 1453 760 1484 meam
782 1440 828 1482 in
854 1439 1043 1496 pariete,
1065 1444 1109 1482 et
1129 1439 1176 1481 iu
1197 1439 1266 1482 liis
1290 1439 1363 1494 qui
1388 1439 1553 1481 liniunt
1576 1452 1678 1482 eum
1699 1439 1867 1495 absque
1885 1443 2268 1495 teinperamento;

425 1499 658 1556 dicamque
679 1500 801 1543 vobis
824 1517 832 1544 :
857 1501 957 1543 Non
978 1504 1046 1543 est
1066 1499 1225 1556 paries,
1249 1504 1292 1542 et
1313 1511 1401 1542 non
1424 1504 1526 1541 sun-t
1551 1499 1623 1554 qui
1650 1499 1815 1541 liniunt
1833 1513 1963 1554 eum3
1989 1498 2025 1525 16
2038 1499 2273 1556 prophetae

423 1560 584 1615 Israel,
613 1559 686 1616 qui
711 1559 979 1616 prophetant
1003 1559 1061 1601 ad
1084 1555 1355 1614 Jerusalem,
1380 1564 1423 1601 et
1448 1558 1603 1600 vident
1629 1558 1667 1601 ei
1691 1558 1908 1601 visionem
1932 1557 2079 1614 pacis,
2109 1563 2153 1601 et
2176 1571 2266 1601 :non

423 1624 490 1662 est
510 1634 619 1675 pax,
643 1619 706 1661 ait
734 1619 949 1662 Dominus
978 1620 1110 1662 Deus.

484 1678 517 1704 17
542 1679 600 1721 Et
629 1684 697 1733 tu,
724 1678 787 1720 fili
817 1678 1031 1734 hominis,
1058 1692 1171 1734 pone
1204 1678 1372 1722 faciem
1397 1684 1520 1721 tuam
1551 1683 1704 1721 contra
1728 1678 1843 1720 filias
1874 1676 2025 1734 populi
2051 1677 2138 1734 tuti,
2163 1692 2268 1734 quae

423 1739 690 1795 prophetant
724 1738 777 1780 de
808 1737 938 1780 corde
971 1748 1072 1792 suo,
1106 1743 1149 1781 et
1177 1738 1424 1781 vaticinare
1453 1751 1583 1795 super
1613 1752 1706 1793 eas,
1743 1737 1777 1763 18
1793 1742 1840 1780 et
1870 1737 1941 1780 dic
1969 1753 1978 1780 z
2009 1738 2124 1780 Haec
2155 1738 2267 1780 dicit

423 1797 642 1841 Dominus
669 1799 787 1840 Deus
811 1814 819 1841 ε
850 1798 933 1840 Vae
959 1808 1058 1853 quae
1084 1803 1303 1841 consuunt
1331 1797 1541 1855 pulvillos
1566 1798 1648 1840 sub
1680 1796 1800 1839 omni
1834 1796 1986 1839 cubito
2011 1811 2191 1853 manus,
2223 1802 2267 1840 et

422 1857 600 1900 faciunt
630 1856 868 1900 cervicalia
899 1857 981 1899 sub
1016 1858 1161 1913 cap-ite
1195 1857 1413 1900 univer-sae
1449 1856 1596 1899 aetatis
1629 1856 1685 1898 ad
1720 1855 1960 1913 capiendas
1986 1855 2194 1912 -animas3
2222 1862 2267 1899 et

424 1931 525 1960 cum
551 1921 760 1973 caperent
791 1916 965 1959 animas
991 1916 1141 1973 populi
1168 1916 1277 1972 mei,
1304 1916 1597 1959 vivificabant
1628 1915 1803 1958 animas
1829 1915 2005 1958 eorum!
2035 1914 2071 1941 ¹9
2090 1916 2148 1958 Et
2175 1916 2266 1959 vion

422 1976 578 2019 labant
599 1990 669 2019 me
691 1976 747 2019 ad
774 1976 988 2033 populum
1014 1989 1162 2019 meu-m
1188 1981 1366 2033 propter
1390 1975 1613 2032 pugillum
1636 1975 1802 2030 hordei,
1823 1980 1868 2017 et
1889 1974 2098 2030 fragmen
2122 1974 2267 2032 pffiiis,

422 2041 471 2078 ut
494 2036 794 2079 interficerent
823 2035 996 2078 anim—as
1023 2046 1122 2091 quae
1156 2044 1245 2078 non
1278 2035 1540 2090 moriuntur,
1572 2039 1616 2078 et
1642 2034 1927 2077 vivificarent
1959 2034 2134 2077 animas
2168 2049 2267 2090 quae

422 2109 510 2139 non
532 2095 709 2151 vivunt,
734 2095 1000 2138 mentientes
1022 2095 1186 2152 populo
1212 2109 1310 2138 meo
1335 2094 1535 2138 credenti
1555 2093 1816 2140 mendaciis,

481 2153 518 2181 20
536 2156 720 2211 Propter
744 2155 827 2197 hoc
852 2154 951 2197 haec
978 2154 1088 2197 dicit
1116 2155 1332 2198 Dominus
1357 2156 1476 2197 Deus
1496 2171 1505 2198 ι
1532 2155 1649 2197 Ε666
1673 2168 1754 2210 ego
1777 2154 1834 2197 ad
1851 2153 2062 2210 pulvillos
2080 2159 2265 2211 vestros,

422 2214 579 2270 quibus
605 2229 682 2257 vos
706 2214 868 2271 capitis
893 2214 1066 2257 animas
1094 2214 1295 2257 volantes
1305 2231 1318 2268 .;
1339 2218 1388 2257 et
1412 2213 1667 2270 dirumpam
1691 2227 1765 2257 eos
1792 2213 1845 2256 de
1871 2213 2066 2256 brachiis
2084 2213 2264 2270 vestris,

421 2278 465 2317 et
489 2274 717 2316 dimittam
742 2273 915 2316 animas
941 2288 1048 2330 quas
1077 2287 1155 2316 vos
1181 2274 1362 2330 capitis,
1388 2273 1563 2316 animas
1591 2273 1648 2316 ad
1678 2273 1937 2316 volandum.
1961 2271 1994 2298 2¹
2015 2274 2074 2316 Et
2099 2272 2265 2316 dirum-

419 2348 521 2390 pam
546 2333 783 2376 cervicalia
806 2339 974 2389 vestra,
994 2338 1037 2376 et
1061 2333 1260 2376 liberabo
1287 2332 1500 2390 populum
1524 2346 1675 2376 meum
1700 2333 1756 2376 de
1780 2345 1917 2375 manu
1934 2337 2102 2388 vestra,
2122 2347 2266 2388 neque

421 2398 548 2436 erunt
569 2393 686 2435 ultra
710 2393 757 2435 in
787 2393 994 2436 manibus
1019 2393 1178 2436 vestris
1199 2393 1255 2436 ad
1283 2393 1602 2450 praedandum3
1627 2397 1674 2435 et
1697 2392 1850 2435 scietis
1872 2392 1976 2447 quia
2000 2406 2083 2447 ego
2111 2392 2264 2435 Domi—

420 2466 515 2496 nus.
543 2451 580 2478 22
598 2453 681 2496 Pro
712 2467 766 2496 -60
792 2453 907 2509 (111οᾶ
936 2466 1122 2496 moerere
1150 2452 1324 2495 ffiecistis
1351 2464 1424 2495 cor
1445 2452 1554 2508 justi
1584 2452 1873 2507 mendaciter,
1897 2465 2029 2507 quem
2058 2465 2141 2506 ego
2175 2466 2265 2494 non

420 2511 707 2565 contristavi3
743 2517 786 2555 et
819 2512 1107 2556 confortastis
1141 2525 1299 2555 manus
1328 2512 1491 2568 impii,
1509 2516 1558 2554 ut
1587 2522 1679 2555 non
1710 2515 2006 2555 reverteretur
2031 2519 2061 2552 a
2085 2510 2160 2553 visa
2184 2524 2265 2553 sua

420 2572 558 2628 mala,
594 2577 638 2616 et
671 2572 868 2626 viveret3
905 2571 943 2599 23
967 2570 1346 2629 propterea'vana
1378 2586 1466 2615 non
1497 2570 1732 2627 videbitis,
1764 2576 1809 2614 et
1841 2569 2141 2613 divi-nationes
2174 2584 2263 2613 non

419 2631 681 2675 divinabitis
702 2632 922 2690 amplius,
948 2636 992 2674 et
1011 2644 1167 2674 eruam
1189 2631 1404 2689 populum
1426 2642 1576 2674 meum
1603 2631 1657 2674 de
1681 2644 1819 2673 manu
1841 2634 2017 2685 vestra3
2047 2633 2091 2672 et
2107 2629 2266 2672 vscietis

419 2691 523 2747 qui-a
545 2705 628 2748 ego
650 2691 884 2737 Dominus.

478 2751 584 2795 CAP.
614 2751 744 2797 XIV.
772 2778 832 2783 ——
856 2750 871 2778 1
891 2753 951 2795 Et
977 2757 1196 2796 venerunt
1225 2751 1282 2795 ad
1316 2765 1387 2795 me
1417 2749 1500 2794 viri
1531 2751 1755 2794 seniorum
1787 2749 1949 2804 Israel,
1976 2754 2022 2793 et
2048 2748 2263 2792 :sederunt

419 2824 567 2855 coram
593 2823 677 2854 me.
704 2810 724 2836 ⁹
741 2807 798 2854 Et
822 2811 972 2854 factus
998 2817 1064 2856 est
1096 2823 1240 2854 senno
1272 2811 1454 2854 ⁴Domini
1483 2811 1538 2854 ad
1567 2821 1661 2866 me,
1687 2810 1841 2853 dicens
1864 2825 1872 2853 :
1897 2808 1916 2835 3
1932 2808 2021 2851 Fili
2046 2807 2260 2863 hominis,

417 2871 501 2913 viri
525 2871 600 2914 isti
626 2876 867 2927 posuerunt
891 2870 1205 2914 immunditias
1232 2880 1334 2913 suas
1358 2871 1408 2913 :in
1434 2870 1639 2913 cordibus
1664 2869 1781 2924 suis,
1808 2874 1852 2912 et
1883 2867 2148 2911 scandalum
2176 2867 2262 2910 ini-

419 2930 601 2985 quitatis
620 2943 711 2973 suae
728 2934 981 2974 statuerunt
997 2936 1153 2974 contra
1169 2930 1337 2973 faciem
1351 2942 1479 2973 suam
1499 2947 1512 2974 2:
1531 2928 1747 2985 numquid
1765 2929 2064 2983 interro-gatus
2082 2940 2260 2984 respon-

420 2989 532 3032 debo
558 2989 650 3033 eis?
672 2989 689 3016 4
710 2991 894 3047 Propter
917 2990 1002 3034 hoc
1023 2990 1202 3046 loquere
1225 2990 1309 3045 616,
1333 2995 1376 3033 et
1402 2990 1521 3032 dices
1542 2989 1603 3032 ‘ad
1632 2998 1706 3032 eos
1727 3004 1735 3031 :
1764 2988 1879 3030 Haec
1905 2986 2015 3029 dicit
2041 2986 2261 3029 Dominus

419 3048 570 3092 Deus:
598 3050 768 3106 Homo,
794 3050 925 3093 homo
957 3049 1010 3092 de
1041 3050 1170 3093 domo
1206 3049 1370 3105 Israel,
1402 3049 1475 3105 qui
1507 3047 1704 3105 posuerit
1733 3045 2046 3090 immunditias
2079 3060 2180 3089 suas
2214 3045 2259 3088 in

420 3108 549 3151 eorde
575 3122 672 3164 suo,
697 3113 740 3151 et
765 3109 1027 3152 scandalum
1051 3109 1302 3165 iniqu-itatis
1326 3120 1419 3152 s'uae
1444 3107 1651 3152 statuerit
1676 3111 1829 3149 contra
1855 3106 2023 3149 faciem
2043 3119 2197 3160 suam,
2217 3110 2260 3148 et

419 3167 590 3210 venerit
611 3167 667 3209 ad
694 3169 956 3224 prophetam
980 3168 1259 3225 interrogans
1289 3180 1366 3225 per
1385 3180 1492 3212 ’611111
1514 3181 1605 3222 me,
1630 3179 1712 3221 ego
1740 3165 1957 3208 Dominus
1982 3163 2258 3222 respondebo

420 3227 458 3270 ei
483 3226 529 3269 in
553 3226 838 3270 multitudine
859 3228 1247 3271 immunditiarum
1273 3239 1480 3282 suaru'm3
1509 3227 1526 3253 ⁵
1544 3231 1592 3269 ut
1620 3225 1822 3282 capiatur
1852 3225 2008 3268 domus
2038 3224 2179 3281 Israel
2211 3223 2257 3265 in

420 3286 550 3330 eorde
576 3299 673 3342 suo,
697 3300 782 3342 quo
804 3294 1079 3330 recesserunt
1100 3301 1126 3330 a
1148 3299 1218 3330 me
1237 3288 1286 3330 in
1313 3287 1485 3331 cunctis
1506 3285 1640 3328 idolis
1663 3285 1768 3328 suis.
1793 3285 1810 3311 ⁶
1829 3285 2068 3341 Pmpterea
2099 3283 2170 3326 dic
2200 3282 2258 3325 ad

420 3345 601 3389 domum
631 3346 767 3388 Israel
790 3362 798 3388 ε
833 3346 945 3388 Ηε66
976 3347 1085 3389 dicit
1112 3347 1328 3390 Dominus
1357 3348 1506 3390 Deus:
1534 3344 1881 3400 Conw‘ertiinini,
1907 3349 1952 3387 et
1976 3343 2170 3386 recedite
2199 3341 2258 3384 ab

419 3404 550 3448 idolis
586 3405 765 3461 vestiis,
801 3409 844 3447 et
875 3405 932 3447 ab
970 3406 1187 3449 universis
1221 3404 1675 3449 contaminationibus
1705 3404 1863 3447 vestris
1887 3402 2081 3446 avertite
2114 3401 2258 3444 facies
2315 3440 2318 3444 .

420 3470 602 3508 vestras.
629 3464 644 3490 7
671 3464 782 3515 Quia
812 3465 964 3520 homo,
988 3465 1120 3508 homo
1140 3466 1198 3509 de
1228 3465 1359 3508 domo
1390 3461 1550 3519 Israel,
1571 3469 1617 3507 et
1643 3463 1697 3507 de
1726 3462 1962 3520 proselytis
1987 3462 2256 3518 quicumque

420 3523 591 3566 advena
613 3523 750 3568 fiierit
773 3523 820 3566 in
847 3523 1005 3580 Israel,
1029 3524 1065 3566 si
1082 3523 1307 3567 alienatus
1336 3523 1474 3566 fueri-t
1501 3538 1527 3565 a
1554 3537 1643 3579 me,
1671 3529 1714 3567 et
1739 3522 1935 3581 posuerit
1962 3521 2084 3565 idola
2109 3519 2256 3563 suain

422 3582 550 3625 corde
575 3598 673 3639 suo,
698 3588 741 3627 et
765 3583 1027 3627 scandalum
1051 3583 1301 3639 iniquitatis
1323 3597 1414 3626 suae
1445 3583 1650 3626 statuerit
1672 3589 1824 3627 contra
1850 3581 2014 3625 faciem
2037 3594 2184 3636 suam,
2211 3583 2256 3622 et

421 3642 591 3684 venerit
611 3643 667 3685 ad
686 3643 947 3700 prophetam
965 3647 1015 3685 ut
1034 3642 1278 3698 intermget
1299 3655 1376 3699 per
1393 3655 1496 3685 eum
1517 3656 1586 3685 me
1608 3658 1616 3685 :
1635 3657 1719 3699 ego
1739 3641 1957 3685 Dominus
1977 3637 2275 3697 respondebo„
