2456 3861
689 156 787 200 JOS.
821 157 953 210 XXI,
992 158 1043 201 17
1076 183 1134 190 -
1166 158 1325 211 XXII,
1361 159 1399 199 7.
1868 158 1953 202 217

113 327 338 371 ‘eisvitaltes
367 341 529 370 novem
559 327 614 370 de
643 327 864 380 tribubus,
900 333 948 370 ut
981 328 1147 370 dictum
1182 334 1268 383 est,
1300 328 1483 371 duabus.
1515 327 1544 354 ¹7
1567 328 1632 371 De
1663 328 1780 370 tribu
1805 333 1954 371 autem

130 386 319 428 filiorum
354 385 615 441 Benjamin,
647 386 853 441 Gabaon,
880 392 925 429 et
953 386 1128 442 Gabae,
1160 386 1192 413 ¹⁸
1210 392 1255 430 et
1283 386 1535 442 Anathoth,
1565 391 1610 430 et
1638 386 1824 441 Almon,
1856 401 1954 430 cum

129 444 393 487 suburbanis
413 445 528 487 suis:
546 445 751 488 civitates
770 450 967 500 quatuor.
991 445 1023 471 ¹⁹
1038 446 1202 489 Omnes
1219 446 1350 488 simul
1370 445 1581 489 civitates
1596 445 1787 489 filiorum
1804 446 1953 488 Aaron

128 503 390 558 sacerdotis,
416 503 652 558 tredecim,
680 518 780 546 cum
805 504 1075 546 suburbanis¹
1093 504 1196 548 suis.

188 561 231 588 2⁰⁴
252 562 448 619 Reliquis
472 576 576 605 vero
609 576 686 618 per
712 563 910 605 familias
940 563 1128 605 filiorum
1159 564 1300 607 Caath
1331 563 1505 606 levitici
1530 563 1723 619 generis,
1758 564 1855 606 haec
1889 569 1954 606 est

128 621 234 663 data
267 621 495 677 possessio,
523 620 556 647 '²¹
578 623 644 664 De
670 621 786 663 tribu
815 622 1025 677 Ephraim
1057 622 1184 664 urbes
1211 622 1432 677 confugii,
1468 622 1642 666 Sicliem
1668 637 1767 666 cum
1801 622 1952 665 subur-

130 679 256 723 banis
281 680 369 723 suis
393 680 440 722 in
466 686 615 722 11101110
644 679 875 735 Ephraim,
903 686 948 722 et
973 681 1126 734 Gazer,
1150 679 1187 706 “²2
1205 686 1250 722 et
1271 680 1488 736 Gibsaim,
1511 687 1557 724 et
1583 682 1826 737 Bethoron,
1854 696 1953 724 011111

129 739 392 782 suburbanis
424 738 541 782 suis:
568 737 778 780 civita-tes-
807 743 1005 793 quatuor,
1028 738 1065 764 23
1085 740 1156 781 De-
1175 738 1292 781 tribu
1322 753 1494 794 quoque
1526 742 1645 795 Dan,
1678 741 1884 795 Eltheco,
1910 746 1955 783 et

128 798 386 852 Gabathon,
415 795 451 823 “24
468 802 514 840 et
533 796 715 849 Aialon,
736 802 781 840 et
810 797 1150 851 Gethremmon,
1175 811 1274 839 cum
1308 798 1571 842 suburbanis
1600 800 1690 842 suis
1713 818 1722 844 ε
1750 800 1954 843 civitates

127 861 323 912 quatuor.
356 855 392 882 '2⁵
419 856 558 898 Porro·
581 855 635 898 de
665 855 853 898 dimidia
880 855 999 898 tribu
1028 856 1255 910 Manasse,
1286 857 1499 899 Thanach
1533 864 1578 900 et
1610 859 1949 913 Gethremmon,

127 930 227 958 cum
248 914 512 958 suburbanis
538 914 655 957 suis:
683 914 890 957 civitates
916 914 1029 958 duae.
1052 913 1089 941 2⁶
1107 915 1271 958 Omnes
1297 915 1502 958 civitates
1532 916 1706 971 decem,
1734 924 1778 960 01
1802 917 1953 960 subur-

127 973 244 1016 bana
263 988 434 1029 earum,
458 974 577 1016 datae
599 978 703 1016 sunt
723 973 825 1016 filiis
851 973 995 1017 Caath
1018 974 1242 1016 inferioris
1269 973 1446 1029 gradus.

135 1069 144 1080 .
184 1032 218 1059 2⁷
240 1033 366 1076 Filiis
392 1047 563 1088 quoque
586 1033 756 1076 Gerson
781 1032 951 1075 levitici
973 1032 1148 1088 generis
1170 1033 1294 1076 dedit
1316 1033 1368 1076 de
1394 1033 1581 1076 dimidia
1606 1034 1723 1076 tribu
1750 1035 1955 1078 Manasse

126 1092 328 1148 confugii
358 1092 563 1135 civitates
587 1107 594 1134 :
624 1092 799 1136 Gaulon
823 1091 871 1134 in
897 1092 1065 1148 Basan,
1090 1097 1134 1135 et
1168 1092 1375 1147 Bosram,
1401 1107 1502 1135 011111
1533 1093 1799 1135 suburbanis
1831 1093 1921 1136 suis
1947 1111 1954 1137 :

104 1181 107 1183 -
126 1152 330 1195 civitates
353 1151 475 1194 duas.
497 1149 534 1177 2⁸
554 1151 686 1193 Porro
709 1151 762 1194 de
786 1151 905 1193 tribu
928 1152 1145 1206 Issachar,
1169 1151 1348 1207 Cesion,
1376 1156 1420 1194 et
1442 1151 1688 1206 Dabereth,
1709 1151 1746 1178 29
1764 1157 1807 1195 et
1829 1153 1956 1195 ,1313-

126 1211 267 1267 moth,
295 1216 340 1254 et
370 1210 647 1265 Eugannim,
676 1224 775 1252 cum
801 1210 1065 1252 suburbanis
1091 1210 1179 1253 suis
1201 1228 1211 1254 t
1239 1211 1444 1253 civitates
1470 1216 1671 1266 quatuor.
1695 1211 1732 1238 3⁰
1750 1213 1816 1254 De
1838 1212 1956 1254 tribu

124 1275 275 1313 autem
305 1272 429 1324 Aser,
458 1269 621 1324 Masal,
644 1274 690 1312 et
713 1269 897 1324 Abd'on,
920 1269 953 1295 3¹
974 1274 1018 1312 et
1044 1270 1261 1324 Helcath,
1289 1274 1334 1313 et
1364 1270 1539 1324 Rohob,
1567 1284 1666 1312 cum
1691 1270 1956 1313 suburbanis

125 1330 242 1373 suis:
267 1329 471 1372 civitates
497 1334 695 1384 1111311101.
719 1326 757 1354 32
777 1329 845 1387 ¹De
875 1328 992 1371 tribu
1023 1342 1193 1384 quoque
1224 1329 1467 1385 Nephthali
1495 1328 1700 1372 civitates
1730 1329 1952 1385 confugii,

122 1389 264 1433 Cedes
289 1388 334 1431 111
365 1388 575 1442 Galilaea,
607 1392 652 1429 et
678 1388 1069 1443 Hammoth-Dor,
1093 1393 1138 1430 et
1163 1388 1379 1443 Carthan,
1411 1401 1511 1430 cum
1539 1388 1804 1431 suburbanis
1830 1389 1920 1431 suis
1943 1405 1951 1432 :

124 1447 329 1491 civitates
355 1453 455 1490 tres.
479 1446 517 1472 33
534 1447 698 1490 Omnes
723 1446 852 1488 urbes
878 1446 1155 1489 familiarum
1182 1447 1371 1503 Gerson,
1403 1447 1636 1502 tredecim,
1669 1461 1769 1490 cum
1802 1448 1953 1491 subur-

123 1506 252 1550 banis
273 1507 375 1551 suis,

182 1565 218 1593 34
237 1565 363 1609 Filiis
385 1570 536 1608 autem
558 1563 742 1618 Merari,
766 1563 913 1607 levitis
938 1564 1162 1608 inferioris
1184 1565 1366 1621 gradus,
1391 1580 1468 1621 per
1487 1564 1687 1608 familias
1710 1579 1829 1621 suas,
1851 1565 1955 1608 data

100 1631 190 1668 vest
214 1625 267 1668 de
292 1625 409 1667 tribu
435 1623 654 1678 Zabulon,
681 1624 890 1679 Jecnam,
921 1629 966 1667 et
991 1624 1177 1680 Cartha,
1204 1624 1241 1651 35
1258 1630 1303 1667 et
1334 1626 1529 1680 Damna,
1557 1629 1603 1666 et
1630 1624 1818 1667 Naalol:
1847 1625 1954 1667 civi-

122 1689 236 1727 tates
273 1690 461 1742 quatuor
497 1697 597 1726 cum
630 1682 895 1725 suburbanis
927 1684 1031 1726 suis.
1065 1683 1102 1710 36
1125 1685 1191 1727 De
1224 1683 1343 1726 tribu
1378 1683 1534 1726 Ruben
1567 1683 1684 1726 ultra
1711 1683 1955 1727 Jordanem

100 1749 275 1786 *contra
308 1743 488 1786 ι10110110
518 1742 725 1784 civitates
757 1742 944 1798 refugii,
969 1743 1107 1786 Bosor
1135 1743 1181 1785 in
1206 1742 1466 1798 solitudine,
1496 1742 1645 1798 Misor,
1677 1747 1722 1785 et
1746 1743 1888 1797 Jaser,
1912 1750 1955 1786 et

100 1834 102 1836 >
122 1803 332 1857 Jethson,
355 1807 400 1845 et
420 1802 663 1858 Mephaath
683 1817 691 1844 :
716 1800 921 1845 civitates
943 1807 1130 1857 quatuor
1155 1817 1257 1845 cum
1278 1801 1542 1845 suburbanis
1567 1801 1670 1846 suis.
1695 1801 1729 1828 3⁷
1751 1803 1815 1845 De
1837 1801 1955 1844 tribu

123 1861 221 1905 Gad
247 1862 452 1905 civitates
479 1860 700 1917 coniugii,
729 1861 922 1904 Ramoth
947 1861 994 1903 in
1024 1861 1219 1917 Galaad,
1248 1867 1293 1905 et
1317 1861 1540 1917 Manaim,
1572 1865 1616 1903 et
1650 1861 1879 1916 Hesebon,
1912 1869 1955 1904 et

121 1922 250 1964 Jazer
278 1938 286 1965 :
324 1920 530 1964 civitates
565 1924 754 1976 quatuor
791 1934 892 1963 cum
929 1920 1193 1964 suburbanis
1222 1921 1325 1965 suis.
1353 1920 1391 1947 33
1407 1921 1572 1964 Omnes
1601 1919 1730 1962 urbes
1763 1920 1953 1964 filiorum

119 1980 301 2037 Morari,
325 1995 402 2036 per
422 1979 622 2022 familias
647 1984 692 2022 et
714 1980 1004 2035 cognationes
1029 1995 1149 2036 suas,
1177 1980 1425 2023 duodecim.

179 2039 216 2065 39
242 2041 399 2095 Itaque
430 2039 636 2082 civitates
669 2038 894 2082 universae·
921 2039 1159 2082 levitarum
1186 2040 1235 2082 in
1268 2040 1413 2083 medio
1445 2039 1734 2096 possessionis
1763 2039 1954 2082 filiorum

121 2098 260 2142 Israel
276 2099 459 2142 fuerunt
477 2097 776 2154 quadraginta
794 2104 912 2154 octo,
931 2098 968 2125 4⁰
986 2113 1086 2141 cum
1104 2098 1368 2142 suburbanis
1386 2099 1495 2154 suis,
1515 2098 1702 2154 singulae
1726 2113 1803 2155 per
1819 2098 1952 2140 fami-

120 2157 202 2201 lias
224 2158 489 2201 distributae.

178 2217 211 2243 ⁴¹
238 2217 460 2273 Deditque
488 2218 704 2261 Dominus
732 2219 853 2261 Deus
877 2218 1033 2261 Israeli
1059 2232 1235 2261 omnem
1260 2223 1443 2274 terram,
1463 2232 1595 2274 quam
1618 2217 1885 2261 traditurum
1908 2232 1951 2260 se

117 2276 323 2333 patribus·
340 2290 490 2319 eorum
512 2276 766 2332 juraverat,
786 2282 830 2320 et
851 2277 1143 2333 possederunt
1161 2277 1309 2334 illam,
1329 2282 1462 2333 atque
1484 2276 1802 2320 habitaverunt
1822 2277 1867 2319 in
1887 2291 1950 2320 ea.

118 2334 158 2361 42
174 2337 379 2392 Dataque
403 2341 471 2379 est
494 2336 551 2378 ab
573 2350 624 2379 eo
653 2351 742 2392 pax
767 2336 812 2378 111
838 2349 991 2379 01111108
1015 2350 1094 2392 per
1119 2336 1356 2379 circui-tum
1375 2336 1602 2393 nationes,
1630 2336 1863 2391 nullusque
1890 2336 1952 2379 eis

118 2395 313 2438 hostium
341 2395 544 2438 resistere
570 2410 702 2438 ausus
723 2400 814 2450 081;
847 2395 924 2438 sed
954 2396 1102 2438 cuncti
1135 2395 1181 2438 in
1222 2410 1372 2439 eorum
1401 2395 1616 2439 ditionem
1643 2395 1812 2439 redacti
1835 2401 1950 2438 sunt.

118 2454 158 2480 ‘'*3
177 2454 244 2497 Ne
269 2469 406 2497 unum
435 2454 614 2510 quidem
646 2455 848 2510 verb-um,
876 2454 992 2510 quod
1024 2454 1114 2497 illis
1141 2455 1446 2511 praestiturum>
1469 2469 1514 2498 se
1543 2469 1638 2498 esse
1665 2454 1942 2511 promiserat,

117 2513 290 2556 irritum
315 2513 429 2568 fuit3
453 2513 532 2556 sed·
551 2513 682 2556 rebus
706 2514 886 2570 expleta
911 2518 1014 2556 sunt
1035 2514 1194 2557 omnia.

253 2635 277 2692 ξ
311 2636 392 2679 VI.
421 2662 480 2667 ——-
512 2635 765 2690 Rubenitoe,
806 2635 982 2680 Gaditae
1014 2641 1055 2678 et
1084 2636 1169 2678 alii
1199 2636 1380 2678 redeunt
1412 2642 1532 2679 trans
1564 2636 1819 2679 Jordanem.

177 2752 282 2796 CAP.
309 2753 463 2795 XXII.
484 2778 544 2785 —
565 2752 578 2778 ‘¹
600 2753 769 2796 Eodem
793 2756 991 2808 tempore
1014 2751 1193 2794 vocavit
1215 2752 1351 2794 Josue
1376 2751 1642 2807 Rubenitas,
1670 2756 1714 2795 et
1741 2751 1948 2807 Gaditas,

94 2838 97 2841 -
117 2816 162 2854 et
187 2811 419 2854 dimidiam
440 2811 606 2854 tribum
631 2812 858 2866 Manasse,
878 2809 895 2836 “²
913 2810 1112 2866 dixitque
1134 2810 1190 2853 ad
1214 2824 1311 2853 eos:
1337 2810 1525 2853 Fecistis
1551 2811 1700 2853 omnia
1718 2825 1815 2866 quae
1837 2825 1949 2867 prae-

116 2870 235 2926 cepit
259 2870 385 2913 vobis
410 2870 607 2927 Moyses,
632 2870 828 2913 famulus
852 2869 1059 2925 Domini;
1085 2869 1195 2912 mihi
1217 2883 1390 2925 quoque
1415 2869 1462 2911 in
1485 2870 1695 2913 omnibus·
1715 2869 1947 2924 obedistis,

118 2929 232 2972 3nec
256 2929 499 2985 reliquistis
524 2930 687 2973 fiatres
712 2934 881 2972 vestros
906 2929 1039 2984 longo
1065 2934 1262 2985 tempore
1289 2943 1425 2984 usque
1449 2929 1496 2971 in
1518 2934 1785 2985 praesentem
1808 2929 1946 2984 diem,

116 2988 418 3032 custodientes
450 2989 685 3045 imperium
720 2988 902 3031 Domini
934 2988 1019 3031 Dei
1046 2987 1195 3032 vestri.
1230 2988 1247 3014 4
1265 2988 1379 3038 Quia
1411 2988 1547 3044 igitur
1576 2988 1699 3031 dedit
1732 2988 1948 3031 Dominus

120 3046 237 3090 Deus
259 3053 405 3091 vester
425 3048 640 3091 fratribus
657 3048 815 3091 vestris
833 3047 1027 3104 quietem
1048 3052 1093 3090 et
1114 3061 1292 3104 pacem,
1316 3047 1431 3090 sicut
1452 3047 1681 3104 pollicitus
1697 3052 1785 3102 est,
1805 3061 1947 3090 rever-

117 3106 284 3163 timini,
311 3112 356 3150 et
379 3107 440 3150 ite
465 3107 516 3150 in-
533 3107 823 3151 tabernacula
844 3112 1012 3162 vestra,
1039 3112 1085 3150 et
1108 3107 1155 3149 in
1179 3111 1344 3149 terram
1369 3106 1676 3163 possessionis,
1705 3121 1836 3162 quam
1862 3112 1948 3148 tra-

116 3165 230 3209 didit
254 3166 380 3209 vobis
405 3166 594 3223 Moyses,
617 3166 814 3209 famulus
841 3165 1035 3222 Domini,
1059 3170 1182 3209 trans
1204 3166 1233 3208 J
1237 3165 1483 3219 0111311οῐ11,-
1503 3166 1520 3192 5
1537 3166 1600 3209 ita
1630 3166 1878 3219 dumtaxat,
1901 3170 1949 3207 ut

116 3224 377 3268 custodiatis
402 3230 594 3281 attente,
624 3230 668 3269 et
688 3239 819 3282 opere
845 3225 1106 3281 compleatis
1139 3225 1403 3268 mandatum
1430 3230 1477 3268 et
1504 3225 1651 3281 legem
1677 3239 1810 3280 quam
1835 3239 1946 3280 prae-

113 3283 234 3340 cepit
247 3283 373 3327 vobis
391 3284 580 3341 Moyses,
599 3285 797 3328 famulus
818 3284 1010 3340 Domini,
1030 3289 1079 3327 ut
1097 3284 1296 3340 diligatis
1317 3284 1557 3327 Dominum
1581 3285 1723 3327 Deum
1739 3290 1946 3336 vestrum,

95 3347 161 3385 >et
184 3343 420 3387 ambuletis
438 3343 484 3386 in
510 3344 716 3387 omnibus
737 3344 822 3386 viis
844 3343 961 3400 ejus,
985 3348 1030 3387 01
1055 3343 1296 3387 observetis
1318 3343 1532 3386 mandata
1554 3343 1692 3397 illius,
1723 3342 1947 3384 adhaerea-

115 3402 263 3458 tisque
291 3403 352 3459 ei,
378 3417 431 3446 30
464 3402 666 3446 serviatis
692 3403 738 3445 111
774 3402 893 3445 0111111
924 3403 1075 3458 corde,
1105 3408 1150 3445 et
1174 3402 1220 3445 in
1250 3403 1370 3445 omni
1401 3402 1549 3444 anima
1580 3408 1738 3444 vestra.
1766 3401 1946 3443 6'Bene-

95 3460 315 3516 -dixitque
348 3462 411 3505 eis
441 3463 599 3517 Josue,
633 3467 680 3505 et
707 3462 876 3504 dimisit
908 3475 994 3505 eos.
1026 3461 1110 3512 Qui
1134 3462 1298 3505 reversi
1328 3466 1433 3504 sunt
1464 3461 1511 3503 in
1539 3459 1829 3503 tabernacula
1852 3473 1944 3502 sua.

117 3517 134 3544 ⁷
149 3519 358 3563 Dimidiae
375 3526 527 3564 autem
543 3521 677 3564 tribui
698 3521 902 3564 Manasse
920 3520 1243 3577 possessionem
1262 3521 1437 3576 Moyses
1456 3519 1639 3562 dederat
1656 3518 1701 3560 in
1722 3518 1887 3572 Basan,
1902 3522 1946 3560 et

117 3664 145 3696 4]
164 3664 261 3692 Num.
286 3665 443 3702 XXXII,
464 3670 509 3695 33.
539 3668 616 3699 sup.
641 3667 752 3701 XIII,
771 3669 796 3694 8.

2058 575 2224 604 Civitates

2038 619 2217 648 levitarum
2232 628 2239 647 :

2031 663 2109 692 Filii
2126 664 2229 693 caath
2243 671 2250 698 ;

2021 1044 2082 1073 mii
2117 1046 2241 1074 Ger-son
2254 1051 2262 1080 ;

2038 1575 2098 1603 filii
2117 1575 2247 1604 Merari.

2052 2046 2231 2079 Recapitu-

2019 2092 2046 2118 13
2053 2090 2102 2119 tio
2126 2090 2260 2119 urbium

2029 2134 2253 2163 leviticarum.

2048 2221 2118 2248 Pax
2135 2221 2235 2249 datur

2078 2264 2204 2293 Israeli.
2242 2302 2253 2309 .

2042 2756 2191 2785 Honoris
2197 2763 2233 2785 ce

2066 2809 2084 2829 a
2104 2802 2124 2829 J
2128 2808 2210 2829 08110

2024 2845 2257 2874 dimittuntur.
