2423 3861
151 837 351 866 vastabitur

191 883 295 910 Edom
307 901 313 916 ‚

155 1140 234 1174 quia
250 1138 341 1168 fudit

153 1184 350 1218 sanguinem

174 1228 309 1258 Israelis
320 1249 327 1262 ,

159 1687 196 1708 ac
217 1682 337 1708 terram

184 1721 320 1749 Israelis

147 1763 355 1797 concupivit.

167 2325 341 2354 Montibus

196 2370 318 2404 Israel,

143 2413 304 2442 desolatis
321 2415 362 2441 ab

166 2457 323 2486 hostibus
333 2478 341 2491 ,

158 3461 371 3494 promittitur

170 3504 360 3533 benedictio

170 3548 359 3577 omnimoda

438 119 523 162 958
941 116 1015 157 ΕΖ.
1051 114 1266 167 XXXIV,
1303 113 1357 155 29
1389 139 1448 145 —
1481 114 1703 166 XXXVI,
1739 115 1783 156 ε).

437 289 527 332 11110
561 293 736 331 terrore.
761 286 797 310 2⁰
816 286 873 327 Et
902 283 1126 326 suscitabo
1156 282 1218 326 eis
1251 296 1433 338 germen
1470 282 1750 324 nominatum
1771 318 1780 335 ,
1812 287 1857 325 et
1887 297 1975 326 non
2006 289 2134 327 erunt
2163 283 2278 326 ultra

436 346 660 390 imminuti
686 345 809 387 fame
834 343 881 385 111
904 348 1033 398 terra,
1058 356 1200 398 neque
1222 342 1466 398 portabunt
1487 341 1603 383 ultra
1626 340 1913 398 opprobrium
1935 343 2150 397 gentium.
2171 342 2208 368 3⁰
2223 344 2280 385 Et

436 407 576 449 scient
603 404 705 459 quia
735 417 816 459 ego
843 402 1059 445 Dominus
1087 403 1207 445 Deus
1234 415 1385 444 eorum
1412 415 1513 443 cum
1540 401 1622 456 eis,
1647 406 1691 443 et
1715 400 1801 457 ipsi
1831 401 2020 457 populus
2051 416 2174 444 meus
2205 401 2279 444 do-

436 479 531 507 mus
558 463 718 518 Israel,
745 462 810 505 ait
832 461 1050 505 Dominus
1078 463 1211 505 136116.

494 523 527 549 3¹
550 524 639 566 Vos
660 527 832 574 autem,
859 535 1016 578 greges
1042 521 1151 576 mei,
1179 534 1337 577 greges
1362 534 1541 578 pascuae
1569 535 1701 576 meae,
1732 519 1935 564 homines
1961 520 2091 575 estis3
2128 526 2171 563 et
2201 535 2282 576 ego
2347 572 2350 575 Δ

438 581 653 626 Dominus
677 583 796 625 Deus
821 585 981 635 vester,
1005 580 1115 623 dicit
1138 580 1356 623 Dominus
1383 581 1517 623 136116.

697 704 720 760 ξ
756 703 844 746 III.
879 729 937 735 —
972 703 1171 746 chslatio
1204 703 1432 756 Iclamoece,
1457 702 1632 758 refectio
1671 702 1816 746 Terrce
1848 709 2018 745 sancite.

495 821 602 865 CAP.
638 820 827 864 XXXV.
853 845 914 852 —
946 818 959 844 1
981 820 1038 861 Et
1059 819 1209 861 factus
1239 824 1305 862 est
1339 833 1482 862 sermo
1519 818 1700 861 Domini
1731 818 1788 862 ad
1822 833 1913 875 me,
1946 818 2098 862 dicens
2125 835 2134 862 :
2160 816 2284 861 '2Fili

435 879 648 935 hominis,
676 893 790 936 pone
811 878 979 921 faciem
1004 883 1129 920 tuam
1150 878 1389 921 adversum
1415 883 1612 921 montem
1635 877 1740 934 Seir,
1765 883 1809 921 et
1834 877 2122 935 prophetabis
2142 877 2196 921 de
2218 891 2280 933 eo,

435 944 479 982 et
504 938 624 982 dices
645 938 740 981 illi:
767 938 785 964 3
803 938 916 980 Haec
943 937 1051 980 dicit
1079 937 1298 981 Dominus
1330 939 1479 981 Deus:
1505 939 1622 981 Eece
1653 951 1735 993 ego
1765 937 1822 981 ad
1845 943 1908 994 te,
1940 952 2067 981 mons
2095 937 2212 993 Seir3
2239 941 2282 980 et

435 998 677 1042 extendam
703 1012 886 1041 manum
916 1012 1062 1041 meam
1087 1011 1218 1054 super
1243 1002 1307 1052 te,
1335 1003 1378 1041 et
1404 997 1520 1041 dabo
1545 1002 1589 1040 te
1616 997 1865 1041 desolatum
1886 1003 2020 1054 atque
2043 997 2281 1041 desertum.

434 1058 451 1084 4
471 1059 615 1102 Urbes
639 1063 738 1100 tuas
761 1057 989 1112 demoliar,
1019 1062 1062 1100 et
1089 1062 1136 1100 tu
1163 1057 1361 1100 desertus
1383 1057 1491 1112 eris,
1518 1062 1563 1101 et
1584 1057 1696 1100 scies
1723 1056 1826 1113 quia
1853 1072 1934 1114 ego
1962 1057 2195 1100 Dominus.

493 1118 510 1144 5
536 1119 600 1161 Eo
631 1117 747 1173 quod
777 1117 917 1160 fueris
951 1117 1159 1159 inimicus
1189 1117 1504 1174 sempiteinus,
1540 1122 1583 1160 et
1617 1116 1884 1160 concluseris
1916 1117 2031 1160 filios
2062 1117 2203 1160 Israel
2236 1117 2284 1160 in

435 1192 593 1221 manus
619 1177 797 1233 gladii'
786 1192 832 1219 m
861 1182 1059 1244 tempore
1084 1176 1348 1219 afflictionis
1374 1190 1546 1232 eorum,
1568 1176 1615 1219 in
1640 1181 1840 1244 tempere
1865 1176 2118 1244 iniquitat-is
2141 1182 2284 1220 extre-

435 1253 545 1281 mae:
575 1237 592 1263 6
609 1242 841 1304 111-’01116166
860 1237 936 1279 111
940 1251 963 1279 0
986 1251 1090 1293 ego,
1111 1235 1222 1279 dicit
1241 1236 1459 1279 Dominus
1483 1237 1602 1280 136116
1615 1236 1856 1292 ,(11101116111
1878 1236 2085 1292 sanguini
2108 1237 2284 1280 tradam

434 1304 499 1353 te,
528 1302 571 1340 et
600 1296 783 1352 sanguis
809 1301 853 1340 te
882 1301 1195 1353 pelsequetur,
1223 1301 1266 1339 et
1296 1310 1397 1339 cum
1430 1296 1696 1352 sanguinem
1727 1296 1893 1352 odelis,
1923 1296 2106 1353 sanguis
2140 1311 2283 1353 116166-

436 1363 592 1413 quetur
617 1361 673 1399 te.
698 1355 712 1382 7
734 1358 790 1399 Et
817 1356 931 1400 dabo
958 1361 1156 1399 montem
1186 1356 1282 1399 Seir
1307 1356 1557 1399 desolatum
1579 1361 1713 1412 atque
1739 1355 1988 1412 desertum,
2014 1362 2058 1399 et
2079 1356 2284 1400 auferam

437 1418 489 1460 de
511 1431 562 1460 eo
588 1422 769 1460 euntem
794 1421 838 1459 et
858 1415 1131 1459 redeuntem.
1156 1415 1172 1442 8
1193 1417 1251 1458 Et
1270 1416 1467 1473 implebo
1491 1421 1663 1459 montes
1687 1415 1783 1472 ejus
1810 1414 2057 1459 occisorum
2078 1430 2282 1472 suorum;

434 1477 480 1519 in
507 1476 695 1519 collibus
720 1476 829 1532 tuis,
857 1482 900 1519 et
924 1476 971 1518 111
992 1476 1187 1519 vallibus
1213 1476 1301 1519 tuis
1326 1481 1460 1532 atque
1484 1475 1530 1518 in
1558 1475 1847 1532 torrentibus,
1874 1475 2106 1519 interfecti
2132 1475 2283 1532 gladio

437 1536 611 1579 cadent.
631 1536 648 1562 9
663 1537 718 1579 In
744 1535 1006 1579 solitudines
1028 1536 1322 1592 sempiternas
1348 1536 1524 1578 tradam
1547 1540 1610 1591 te,
1632 1540 1675 1577 et
1698 1535 1905 1578 civitates
1932 1540 2020 1578 tuae
2046 1549 2136 1578 non
2157 1535 2283 1578 habi-

436 1596 674 1652 tabuntur3
703 1601 747 1639 et
768 1595 918 1638 scietis
940 1595 1044 1651 quia
1066 1609 1147 1651 ego
1175 1595 1395 1638 Dominus
1423 1595 1556 1638 Deus.

497 1655 532 1681 '¹0
551 1657 614 1698 Eo
641 1655 757 1711 quod
781 1654 945 1698 dixeris
966 1671 974 1698 :
1004 1656 1117 1697 Duae
1136 1660 1290 1711 gentes
1318 1659 1361 1697 et
1387 1654 1488 1697 duae
1515 1660 1643 1697 terrae
1666 1669 1777 1698 meae
1801 1659 1951 1710 erunt,
1971 1660 2015 1698 et
2036 1655 2285 1700 hereditate

436 1714 671 1773 possidebo
701 1729 796 1770 eas,
825 1729 924 1757 cum
960 1714 1178 1757 Dominus
1208 1720 1324 1757 esset
1355 1714 1418 1756 ibi
1442 1731 1450 1758 ε
1478 1713 1510 1739 ‘¹¹
1531 1719 1763 1771 propterea
1790 1713 1893 1757 vivo
1928 1728 2031 1770 ego,
2059 1714 2170 1757 dicit
2197 1716 2285 1758 Do-

436 1775 583 1818 minus
615 1775 756 1829 Deus,
791 1774 895 1830 quia
924 1774 1094 1817 faciam
1123 1774 1254 1830 juxta
1284 1773 1397 1816 iram
1426 1778 1570 1829 tuam,
1600 1779 1645 1817 et
1673 1773 1920 1817 secundum
1955 1774 2100 1816 zelum
2131 1779 2284 1831 tuum,

438 1849 569 1891 quem
594 1834 744 1877 fecisti
771 1833 871 1877 odio
897 1833 1066 1876 habens
1100 1847 1201 1888 eos,
1231 1839 1273 1876 et
1306 1838 1437 1876 notus
1472 1833 1644 1876 efficiar
1674 1848 1750 1889 per
1780 1847 1874 1888 eos,
1902 1847 2003 1875 cum
2036 1838 2080 1876 16
2114 1833 2286 1889 judica-

439 1908 555 1938 vero.
584 1893 619 1919 12
639 1895 695 1936 Et
727 1893 840 1936 scies
870 1893 972 1949 (11116
997 1907 1077 1948 ego
1113 1893 1331 1935 Dominus
1365 1892 1517 1934 audivi
1547 1892 1755 1935 universa
1786 1892 2022 1949 opprobria
2053 1898 2154 1949 tua,
2188 1907 2287 1949 quae
2333 1933 2335 1935 .

438 1954 610 1996 locutus
633 1968 677 1996 es
701 1953 754 1996 de
777 1952 1001 1995 montibus
1028 1952 1189 2008 Israel,
1215 1952 1367 1995 dicens
1386 1968 1394 1995 ε
1415 1951 1606 2007 Deserti,
1630 1951 1758 1995 nobis
1781 1952 1838 1995 ad
1862 1952 2170 1995 devorandum
2192 1953 2287 1996 dati

439 2018 555 2056 sunt.
592 2013 627 2039 '¹3
653 2013 710 2055 Et
743 2012 1044 2055 insurrexistis
1084 2026 1215 2068 super
1256 2026 1327 2055 me
1366 2026 1437 2055 ore
1470 2017 1641 2068 vestro,
1681 2016 1725 2055 et
1766 2011 2013 2068 derogastis
2049 2012 2286 2056 adversum

438 2087 508 2116 1116
530 2073 666 2116 verba
693 2077 864 2127 vestra,
894 2085 975 2127 ego
1004 2071 1171 2114 audivi.
1197 2071 1232 2097 14
1252 2072 1368 2114 Haee
1400 2071 1509 2114 dicit
1541 2071 1759 2114 Dominus
1787 2072 1931 2114 Deus:
1959 2072 2166 2115 Laetante
2190 2073 2287 2115 uni-

439 2147 565 2175 versa
582 2138 711 2187 terra,
736 2131 781 2173 in
803 2130 1092 2174 solitudinem
1113 2136 1157 2173 te
1183 2131 1398 2188 redigam.
1420 2130 1455 2157 '¹5
1475 2131 1614 2175 Sicuti
1638 2131 1818 2187 gavisus
1841 2145 1886 2174 es
1911 2145 2043 2188 super
2065 2132 2287 2175 heredita·

439 2198 529 2235 tem
556 2192 711 2235 domus
738 2191 898 2247 Israel,
929 2205 979 2234 eo
1009 2191 1126 2247 quod
1156 2191 1294 2234 fuerit
1329 2191 1565 2247 dissipata,
1601 2191 1664 2233 sic
1696 2190 1867 2233 faciam
1896 2190 1978 2234 tibi
2002 2208 2010 2235 :
2047 2191 2287 2249 dissipatus

438 2252 544 2307 eris,
568 2265 694 2294 mons
721 2251 828 2306 Seir,
856 2257 899 2294 et
925 2250 1129 2294 Idumaea
1157 2251 1322 2305 omnis3
1352 2255 1395 2294 61
1422 2250 1564 2293 6016111
1587 2250 1690 2306 (11116
1717 2265 1800 2306 ego
1827 2251 2060 2295 Dominus.

498 2312 606 2355 CAP.
645 2311 862 2359 XXXVI.
897 2337 955 2342 —
984 2310 998 2336 ‘¹
1025 2311 1093 2353 Tu
1128 2315 1300 2366 autem,
1336 2310 1399 2352 fili
1437 2310 1656 2366 hominis,
1696 2310 1912 2366 propheta
1946 2325 2077 2368 super
2114 2316 2287 2355 montes

439 2371 601 2427 Israel,
625 2376 669 2414 et
691 2370 836 2415 dices:
866 2371 1043 2413 Montes
1069 2370 1230 2425 Israel,
1262 2369 1413 2413 audite
1442 2369 1627 2413 verbum
1660 2369 1854 2413 Domini.
1882 2368 1900 2395 2
1918 2371 2031 2413 Haec
2061 2370 2172 2414 dicit
2199 2372 2287 2414 Do-

438 2431 585 2474 minus
614 2432 761 2474 Deus:
790 2431 853 2473 Eo
880 2430 997 2486 quod
1020 2429 1181 2473 dixerit
1206 2430 1415 2472 inimicus
1442 2429 1496 2472 de
1525 2429 1652 2472 vobis
1675 2446 1683 2473 :
1712 2431 1857 2485 Euge,
1885 2429 2147 2473 altitudines
2173 2444 2287 2473 sem-

439 2490 626 2547 piternae
655 2490 703 2532 111
727 2490 1024 2533 hereditatem
1050 2489 1168 2532 datae
1195 2494 1297 2532 sunt
1323 2489 1471 2545 nobis,
1504 2488 1521 2515 3
1543 2494 1774 2546 propterea
1801 2488 2069 2543 vaticinare,
2107 2494 2150 2532 et
2180 2489 2251 2532 dic
2278 2506 2286 2533 :

442 2550 554 2593 Haec
582 2549 691 2593 dicit
721 2549 940 2592 Dominus
968 2550 1087 2592 Deus
1114 2566 1122 2593 :
1149 2549 1233 2592 Pro
1256 2563 1306 2592 eo
1336 2548 1452 2605 quod
1487 2548 1675 2592 desolati
1701 2548 1827 2604 estis,
1856 2553 1901 2591 et
1927 2548 2177 2592 conculcati
2211 2564 2290 2606 per
2317 2556 2320 2557 ’

441 2609 698 2664 circuitum,
726 2614 769 2652 et
798 2609 911 2652 faeti
937 2609 983 2651 111
1007 2609 1301 2652 hereditatem
1326 2608 1507 2663 reliquis
1538 2607 1768 2664 gentibus,
1796 2613 1839 2651 et
1863 2608 2129 2651 ascendistis
2159 2622 2290 2665 super

440 2669 610 2712 labium
639 2669 806 2724 linguae
841 2674 884 2711 et
910 2668 1194 2725 opprobrium
1217 2667 1391 2725 populi,
1419 2667 1435 2693 4
1458 2672 1711 2724 propterea,
1744 2672 1916 2711 montes
1948 2668 2110 2724 Israel,
2136 2668 2288 2711 audite

441 2728 625 2772 verbum
650 2727 831 2771 Domini
859 2728 955 2771 Dei.
981 2728 1095 2770 Haec
1122 2728 1232 2770 dicit
1260 2727 1478 2770 Dominus
1505 2728 1625 2770 Deus
1655 2727 1890 2778 montibus
1904 2732 1948 2771 et
1975 2727 2176 2782 collibus,
2200 2731 2289 2770 tor-

440 2788 660 2843 rentibus,
700 2787 982 2843 vallibusque
1015 2793 1059 2830 et
1097 2786 1302 2842 desertis,
1342 2786 1572 2844 parietinis
1610 2792 1654 2830 et
1686 2786 1870 2830 urbibus
1908 2786 2157 2841 derelictis,
2189 2800 2290 2842 quae

443 2847 725 2904 depopulatae
755 2852 858 2890 sunt
887 2852 930 2890 et
960 2847 1245 2890 subsannat-ee
1272 2861 1298 2889 a
1323 2846 1504 2902 reliquis
1531 2846 1740 2902 gentibus
1766 2860 1842 2903 per
1864 2845 2112 2888 circuitum.
2141 2845 2158 2872 5
2184 2846 2289 2888 Pro-

443 2912 593 2964 pterea
613 2907 710 2950 haeo
738 2906 847 2950 dicit
877 2907 1095 2949 Dominus
1128 2908 1277 2950 Deus:
1307 2906 1526 2957 Quoniam
1555 2906 1602 2948 in
1627 2906 1732 2961 igne
1757 2905 1839 2948 zeli
1865 2905 1951 2948 mei
1982 2904 2157 2948 locutus
2191 2919 2290 2948 sum

444 2966 498 3009 de
522 2966 702 3022 reliquis
729 2965 957 3023 gentibus,
982 2971 1025 3009 et
1050 2966 1104 3009 de
1129 2966 1332 3008 Idumaea
1354 2965 1572 3021 universa,
1597 2980 1695 3021 (11166
1719 2964 1934 3008 dederunt
1955 2968 2121 3008 terram
2143 2979 2289 3008 meam

444 3025 527 3068 sibi
552 3025 597 3067 in
625 3026 919 3069 hereditatem
941 3040 1040 3068 cum
1067 3025 1253 3082 gaudio,
1280 3031 1323 3069 et
1352 3030 1444 3069 toto
1471 3025 1602 3068 corde
1628 3030 1671 3068 et
1696 3038 1751 3067 ex
1776 3023 1945 3080 animo,
1981 3028 2024 3067 et
2057 3024 2289 3081 ejecerunt

445 3099 542 3128 eam
577 3090 625 3127 ut
657 3090 917 3141 vastarent,
953 3086 970 3112 ⁶
994 3085 1160 3128 idcirco
1193 3085 1440 3128 vaticinare
1485 3099 1614 3141 super
1647 3085 1833 3127 humum
1873 3083 2040 3140 Israel,
2083 3089 2129 3128 et
2169 3083 2290 3126 dices

446 3144 670 3187 montibus
696 3155 739 3187 et
761 3145 968 3201 collibus,
992 3145 1111 3201 jugis
1137 3150 1180 3188 et
1206 3145 1399 3188 vallibus
1421 3161 1429 3188 :
1458 3145 1573 3187 Haec
1599 3143 1708 3187 dicit
1738 3142 1957 3186 Dominus
1985 3145 2105 3187 Deus
2129 3161 2138 3188 :
2175 3144 2290 3185 Ecce

445 3217 528 3260 ego
549 3203 595 3245 in
621 3204 714 3246 zelo
740 3218 836 3247 meo
859 3210 904 3247 et
923 3205 970 3247 in
995 3205 1144 3247 furore
1171 3218 1268 3248 meo
1294 3205 1468 3247 locutus
1493 3218 1611 3260 sum,
1631 3217 1682 3246 eo
1704 3202 1820 3258 quod
1844 3203 2156 3247 confusionem
2182 3216 2288 3258 gen-

445 3263 557 3306 tium
583 3263 894 3306 sustinueritis.
915 3264 929 3289 7
945 3263 1118 3307 Idcirco
1140 3264 1237 3307 11666
1264 3264 1374 3307 (11611
1397 3263 1612 3306 Dominus
1641 3264 1784 3305 Deus:
1811 3263 1907 3318 Ego
1929 3263 2078 3306 levavi
2104 3276 2287 3305 manum

446 3337 612 3379 meam,
648 3328 698 3365 ut
729 3328 885 3378 gentes
915 3338 1011 3378 quae
1046 3323 1091 3365 in
1121 3323 1308 3366 circuitu
1341 3328 1494 3367 vestro·
1520 3327 1646 3377 sunt,
1676 3321 1786 3379 ipsae
1818 3322 2128 3366 confusionem
2161 3330 2291 3364 sua-m

446 3389 634 3440 portent.

505 3443 522 3469 8
553 3444 643 3486 Vos
680 3448 852 3497 autem,
887 3447 1059 3486 montes
1098 3443 1262 3499 Israel,
1297 3457 1443 3486 ramos
1479 3447 1647 3485 vestros
1685 3442 1964 3498 germinetis,
2003 3447 2046 3485 et
2087 3441 2285 3485 fiuetum

448 3507 643 3554 vestrum
676 3501 877 3546 afferatis
910 3501 1072 3559 populo
1110 3516 1208 3545 meo
1246 3502 1408 3556 Israel,
1441 3514 1575 3558 prope
1605 3500 1724 3543 enim
1758 3506 1824 3545 est
1856 3506 1905 3544 ut
1933 3501 2100 3547 veniat.
2133 3499 2150 3526 9
2175 3499 2284 3552 Quia

451 3648 610 3684 313'210311.
631 3653 671 3687 X,
689 3654 733 3680 11.
754 3667 790 3670 -
815 3653 904 3688 36,1]
924 3652 1001 3685 Sup.
1022 3652 1080 3687 VI,
1098 3655 1123 3680 3.
