2423 3861
743 145 854 190 Bm.
891 146 984 193 ΙΙΙ,
1024 147 1074 187 15
1110 174 1165 178 -
1199 148 1276 201 IV,
1314 150 1380 190 153.

1885 153 1969 193 915⁹

149 313 223 355 ubi
246 313 303 356 sit
328 313 487 369 virtus,
514 315 587 357 ubi
611 315 668 358 sit
690 315 963 372 intellectus,
988 322 1036 359 ut
1058 319 1170 362 scias
1196 321 1326 360 simul
1353 322 1422 361 ubi
1447 321 1504 361 sit
1531 321 1842 375 longiturnitas
1865 324 1968 365 vitre

147 377 191 415 et
213 372 376 428 victus,
404 373 477 415 ubi
500 374 557 416 sit
580 374 729 417 lumen
756 375 1000 429 oculorum,
1025 382 1067 418 ct
1090 391 1188 432 pax.

210 431 242 457 ¹5
260 430 364 482 Quis
390 432 561 475 invenit
586 433 731 476 locum
753 433 883 489 ejus?
914 440 956 477 et
982 435 1077 489 quis
1103 435 1285 478 intravit
1315 436 1358 478 in
1391 438 1616 480 thesauros
1651 438 1782 494 ejus?
1817 438 1852 465 ¹⁰
1878 439 1969 482 Ubi

145 499 248 532 sunt
269 490 492 547 principes
515 492 728 547 gentium,
756 493 893 547 etqui
918 493 1203 536 dominantur
1235 510 1365 551 super
1391 496 1553 539 bestias
1580 512 1679 552 quae
1709 504 1812 540 sunt
1839 513 1970 555 super

146 550 345 593 terram?
377 549 406 575 ¹7
430 550 502 605 qui
529 551 573 592 in
599 551 758 593 avibus
787 551 887 593 caeli
921 552 1098 606 ludunt,
1138 552 1169 578 ¹⁸
1195 554 1267 608 qui
1300 560 1532 608 argentum
1568 557 1890 612 thesaurizant,
1925 565 1968 601 et

145 622 322 662 aurum,
349 608 393 650 in
425 623 508 664 quo
539 609 767 652 confidunt
793 610 1012 665 homines,
1045 616 1089 653 ct
1121 626 1206 653 non
1237 618 1304 655 est
1329 614 1426 655 finis
1457 615 1761 669 acquisitionis
1786 631 1964 670 eorum;

145 667 218 721 qui
237 672 468 723 argentum
491 668 730 723 fabricant,
750 673 792 711 et
814 668 992 711 solliciti
1018 675 1133 724 sunt,
1155 684 1233 712 nec
1256 677 1321 714 est
1342 672 1538 715 inventio
1558 688 1739 730 operum
1759 675 1965 719 illorum?

146 725 181 751 111
206 726 503 769 Exterminati
534 732 655 783 sunt,
687 733 731 770 et
759 727 816 770 ad
842 727 1009 770 inferos
1034 728 1375 785 descenderunt,
1404 737 1447 773 et
1472 732 1547 774 alii
1575 733 1670 776 loco
1700 748 1849 777 eorum
1874 749 1964 777 sur-

143 791 363 828 rexerunt.
387 783 424 811 '²⁰
441 788 636 829 Juvenes
661 786 869 828 viderunt
894 786 1056 840 lumen,
1084 793 1126 830 et
1148 787 1460 832 habitaverunt
1481 805 1612 847 super
1633 797 1792 835 terram
1814 810 1822 847 ;
1847 794 1966 836 viam

143 850 292 888 autem
333 845 582 901 disciplinae
623 844 959 900 ignoraverunt,
999 844 1031 870 2¹
1067 860 1209 901 neque
1257 847 1573 892 intellexerunt
1617 852 1796 894 semitas
1838 853 1963 908 ejus,

143 918 282 959 neque
319 903 398 946 filii
436 918 585 946 eorum
623 909 910 959 susceperunt
949 919 1068 961 eam,
1106 920 1132 947 a
1173 906 1291 948 facie
1331 907 1527 962 ipsorum
1565 909 1695 965 longe
1728 911 1852 953 facta
1886 917 1964 955 est.

142 962 178 988 ‘²²
205 964 303 1006 Non
335 967 401 1005 est
429 963 581 1005 audita
614 963 659 1004 in
690 968 804 1005 terra
838 963 1071 1018 Chanaan,
1098 978 1238 1020 neque
1266 966 1360 1007 visa
1386 972 1451 1008 est
1484 967 1527 1008 in
1562 969 1776 1011 Theman.
1807 969 1844 995 ‘23
1862 970 1965 1013 Filii

141 1036 311 1078 quoquc
350 1023 483 1078 Agar,
514 1021 587 1077 qui
622 1021 857 1077 exquirunt
890 1022 1173 1079 prudentiam
1207 1038 1304 1079 quae
1332 1024 1386 1067 de
1408 1030 1522 1068 terra
1549 1032 1634 1082 est,
1669 1028 1966 1083 negotiatores

140 1081 330 1124 Merrhae
361 1088 403 1124 et
436 1082 658 1137 Theman,
685 1085 729 1123 et
753 1080 1048 1138 fabulatores,
1076 1088 1119 1125 et
1146 1083 1437 1138 exquisitores
1462 1085 1710 1140 prudentiae
1733 1092 1776 1129 et
1799 1087 1965 1130 intelli—

140 1141 305 1196 gentiae
331 1158 339 1185 :
369 1141 490 1184 viam
530 1146 679 1184 autem
720 1140 951 1197 sapientiae
991 1141 1262 1198 nescierunt,
1303 1157 1443 1198 neque
1486 1146 1820 1189 commemorati
1864 1154 1967 1190 sunt

139 1201 320 1245 semitas
346 1202 456 1258 ejus.

199 1259 235 1287 ‘24
261 1262 296 1305 O
320 1262 477 1318 Israel,
509 1277 643 1318 quam
669 1276 834 1318 magna
856 1267 921 1305 est
951 1261 1108 1304 domus
1135 1262 1239 1318 Dei,
1271 1267 1314 1305 et
1346 1263 1504 1319 ingens
1530 1263 1652 1307 locus
1678 1265 1965 1321 possessionis

139 1322 235 1377 ejus
256 1322 264 1364 !
298 1320 334 1347 ”²5
359 1322 550 1377 Magnus
583 1326 670 1377 est,
704 1326 747 1364 et
779 1336 866 1364 non
891 1321 1026 1364 habet
1052 1321 1214 1375 finem,
1249 1322 1468 1377 excelsus,
1497 1327 1540 1364 et
1561 1322 1815 1367 immensus.
1838 1323 1875 1350 “2⁶
1894 1324 1965 1367 Ibi

138 1382 321 1424 fuerunt
357 1381 561 1436 gigantes
595 1381 813 1423 nominati
849 1380 937 1437 1111,
977 1380 1049 1435 qui
1083 1380 1138 1422 ab
1176 1380 1304 1423 initio
1340 1381 1543 1437 fuerunt,
1577 1388 1746 1426 statura
1778 1398 1963 1440 magna,

139 1440 328 1483 scientes
347 1440 526 1484 bellum.
555 1439 588 1465 ‘²7
609 1441 709 1483 Non
731 1440 809 1482 hos
836 1440 972 1495 elegit
996 1439 1224 1494 Dominus,
1253 1454 1394 1494 neque
1420 1440 1540 1482 viam
1563 1441 1810 1498 disciplinae
1834 1443 1964 1486 inve-

139 1504 318 1554 nerunt,
346 1505 574 1555 propterea
607 1499 858 1555 perierunt3
895 1498 930 1525 ‘2⁸
964 1504 1007 1540 et
1036 1497 1244 1553 quoniam
1278 1512 1366 1540 non
1396 1499 1645 1542 habuerunt
1677 1501 1963 1558 sapientiam,

138 1557 400 1601 interierunt
424 1563 601 1614 propter
622 1572 748 1600 suam
771 1557 1089 1613 insipientiam.

197 1616 234 1643 29
251 1617 356 1668 Quis
380 1616 582 1660 ascendit
606 1617 650 1659 in
678 1617 850 1671 caelum,
883 1622 925 1659 et
950 1616 1124 1672 accepit
1149 1631 1261 1673 eam,
1288 1624 1332 1659 et
1358 1617 1511 1660 eduxit
1533 1633 1631 1661 eam
1657 1620 1710 1662 de
1736 1621 1964 1664 nubibus?

137 1677 174 1704 3⁰
190 1677 296 1728 Quis
316 1676 625 1719 transfretavit
650 1690 791 1732 mare,
819 1680 861 1718 et
889 1675 1062 1718 invenit
1086 1675 1234 1731 illam,
1260 1680 1303 1718 et
1327 1676 1480 1718 attulit
1509 1677 1634 1719 illam
1659 1692 1790 1735 super
1810 1694 1966 1722 aurum

138 1736 363 1781 electum?
385 1736 418 1762 3¹
440 1737 540 1779 Non
562 1740 628 1778 est
649 1735 723 1791 qui
749 1735 889 1792 possit
910 1735 1021 1777 scire
1046 1735 1141 1777 vias
1165 1735 1275 1791 ejus,
1299 1750 1439 1791 neque
1462 1736 1535 1791 qui
1557 1737 1759 1792 exquirat
1784 1740 1965 1781 semitas

138 1797 234 1853 ejus
255 1813 264 1852 3
292 1794 329 1822 3²
347 1795 423 1839 sed
446 1795 518 1851 qui
544 1795 628 1838 scit
653 1794 859 1838 universa
885 1794 1009 1837 novit
1035 1809 1145 1851 eam,
1171 1800 1214 1837 et
1236 1794 1466 1837 adinvenit
1493 1809 1590 1837 eam
1616 1797 1850 1852 prudentia
1873 1812 1965 1852 sua,

137 1856 211 1912 qui
236 1855 505 1913 praeparavit
529 1860 692 1898 terram
712 1854 759 1896 in
785 1860 949 1898 aeterno
983 1858 1200 1911 tempore,
1235 1859 1280 1897 et
1311 1854 1499 1911 replevit
1529 1869 1628 1897 eam
1661 1857 1904 1912 pecudibus
1923 1863 1967 1899 et

137 1915 524 1972 quadrupedibus3
550 1914 586 1940 33
605 1914 677 1970 qui
703 1914 869 1956 emittit
893 1915 1056 1969 lumen,
1080 1919 1124 1957 et
1144 1913 1298 1968 vadit;
1328 1920 1371 1956 et
1396 1914 1575 1956 vocavit
1600 1915 1723 1971 illud,
1751 1921 1795 1958 et
1817 1916 1967 1959 obedit

137 1975 205 2018 illi
239 1975 286 2017 in
326 1980 527 2017 tremore.
565 1973 602 2000 34
629 1973 778 2017 Stellae
818 1980 968 2017 autem
1005 1974 1223 2017 dederunt
1259 1973 1410 2016 lumen
1444 1973 1491 2015 in
1529 1975 1740 2017 custodiis
1775 1975 1884 2031 suis,
1924 1982 1967 2018 et

138 2035 305 2078 laetatae
327 2040 457 2090 sunt,
485 2034 522 2061 35
539 2039 711 2078 vocatae
736 2039 850 2090 sunt,
875 2039 917 2077 et
943 2034 1150 2076 dixerunt
1177 2051 1185 2078 :
1214 2033 1440 2076 Adsumus
1461 2050 1470 2087 ;
1498 2038 1541 2075 et
1566 2033 1774 2076 luxerunt
1800 2035 1840 2077 ei
1867 2049 1967 2077 cum

138 2094 440 2151 jucunditate,
475 2095 549 2151 qui
580 2094 693 2137 fecit
725 2094 839 2137 illas.
873 2094 910 2120 3ss
929 2094 1018 2136 Hic
1048 2098 1115 2136 est
1142 2094 1260 2135 Deus
1297 2098 1459 2146 noster,
1486 2097 1529 2135 et
1559 2107 1647 2135 non
1674 2093 1969 2136 aestimabitur

139 2154 251 2197 alius
273 2154 482 2197 adversus
508 2169 622 2198 eum.
646 2153 681 2180 3⁷
702 2154 790 2196 Hic
816 2154 1049 2196 adinvenit
1071 2166 1248 2195 omnem
1272 2152 1391 2194 viam
1419 2151 1688 2208 disciplinae,
1715 2157 1758 2195 et
1782 2153 1968 2195 tradidit

139 2213 264 2255 illam
289 2213 452 2268 Jacob,
476 2228 610 2270 puero
635 2228 733 2269 suo,
761 2218 804 2256 et
829 2213 988 2267 Israel,
1017 2212 1180 2255 dilecto
1206 2225 1296 2254 suo.
1324 2210 1359 2236 3⁸
1379 2211 1484 2252 Post
1506 2210 1603 2253 haec
1625 2211 1671 2253 in
1696 2211 1823 2258 terris
1849 2212 1968 2254 visus

140 2277 226 2327 est,
250 2279 293 2315 et
315 2286 416 2314 cum
440 2272 694 2315 hominibus
721 2277 1005 2315 conversatus
1028 2277 1106 2315 est.

200 2331 306 2374 CAP.
334 2332 415 2374 IV.
441 2357 499 2363 —
523 2331 537 2357 1
558 2331 647 2374 Η10
668 2332 780 2374 liber
801 2332 1112 2374 mandatorum
1140 2333 1243 2389 Dei,
1271 2339 1314 2376 et
1342 2333 1414 2376 1οΧ
1442 2348 1539 2389 quae
1562 2338 1627 2376 est
1656 2333 1702 2376 in
1725 2339 1967 2387 aeternun1;

140 2405 292 2435 omnes
326 2391 399 2446 qui
433 2396 586 2434 tenent
619 2405 717 2434 eam
750 2391 1009 2447 pervenient
1042 2391 1098 2434 ad
1129 2392 1298 2448 vitam3
1338 2393 1412 2448 qui
1449 2398 1599 2436 autem
1641 2393 1970 2449 dereliquerunt

140 2465 259 2506 eam,
289 2450 335 2492 in
369 2457 569 2493 mortem.
593 2449 610 2475 2
635 2450 921 2506 Convertere,
956 2451 1121 2506 Jacob,
1153 2458 1197 2494 et
1221 2452 1502 2508 apprehende
1532 2467 1652 2507 eam3
1685 2452 1868 2495 ambula
1892 2467 1970 2509 per

140 2510 261 2552 viam
282 2509 339 2552 ad
370 2510 650 2566 splendorem
676 2509 774 2565 ejus
803 2514 957 2552 contra
985 2510 1136 2553 lumen
1166 2511 1279 2567 ejus.
1316 2511 1333 2536 3
1351 2512 1418 2554 Ne
1448 2511 1598 2554 tradas
1627 2512 1755 2555 alteri
1781 2512 1970 2567 gloriam

140 2574 283 2624 tuam,
312 2574 355 2612 et
377 2569 645 2625 dignitatem
670 2574 792 2611 tuam
819 2569 940 2624 genti
966 2569 1140 2614 alienae.
1162 2569 1180 2596 4
1208 2570 1333 2613 Beati
1360 2585 1531 2628 sumus,
1559 2571 1719 2628 Israel,
1747 2571 1849 2627 quia
1873 2585 1970 2626 quae

143 2629 235 2672 Deo
262 2628 440 2685 placent
462 2628 703 2671 manifesta
726 2634 829 2670 sunt
850 2628 990 2671 nobis.

483 2780 493 2796 .
654 2755 675 2807 ξ
701 2753 764 2795 ΙΙ.
786 2778 844 2784 -
871 2752 1194 2798 Consolationes
1214 2754 1278 2796 ad
1300 2755 1455 2797 Israel.

199 2868 216 2895 5
242 2867 547 2923 Animaequior
572 2873 677 2923 esto,
705 2868 892 2924 populus
915 2868 1012 2923 Dei,
1036 2869 1337 2912 memorabilis
1363 2869 1501 2912 Israel
1527 2887 1535 2913 :
1558 2869 1576 2896 6
1597 2869 1842 2912 venundat-i
1866 2869 1971 2912 estis

142 2927 350 2983 gentibus
379 2941 467 2970 non
500 2927 547 2969 in
581 2927 904 2983 perditionem3
940 2927 1017 2970 sed
1050 2933 1229 2984 propter
1262 2928 1379 2984 quod
1411 2928 1459 2971 111
1494 2928 1560 2971 ira
1596 2928 1653 2971 ad
1692 2928 1971 2971 iracundiam

141 2986 413 3042 provocastis
441 2988 604 3042 Deum,
632 2986 786 3029 traditi
815 2986 920 3029 estis
954 2987 1230 3030 adversariis.
1258 2985 1273 3013 '¹
1290 2987 1604 3031 Exaoerbastis
1633 2987 1752 3031 enim
1775 3002 1875 3031 eum
1897 2988 1970 3043 qui

142 3045 254 3088 fecit
282 3060 379 3098 vos,
417 3046 561 3089 Deum
594 3051 828 3101 aeternum,
860 3045 1142 3088 immolantes
1173 3045 1426 3101 daemoniis,
1461 3052 1505 3090 et
1534 3061 1621 3090 non
1656 3048 1749 3091 Deo
1795 3047 1812 3074 8
1831 3046 1970 3091 Obliti

142 3105 260 3147 enim
301 3105 406 3147 estis
448 3106 591 3148 Deum
634 3105 708 3160 qui
745 3104 930 3147 nutrivit
966 3120 1063 3160 vos,
1105 3110 1149 3148 et
1191 3105 1484 3149 contristastis
1522 3106 1739 3150 nutricem
1775 3111 1969 3150 vestram

143 3164 404 3209 Jerusalem.

201 3225 218 3250 ⁹
244 3224 371 3268 Vidit
400 3226 518 3269 enim
548 3227 824 3270 iracundiam
856 3244 881 3270 a
917 3229 1010 3270 Deo
1042 3229 1295 3272 venientem
1329 3229 1473 3281 vobis,
1510 3235 1553 3272 et
1589 3228 1703 3272 dixit
1733 3245 1741 3272 :
1780 3227 1966 3282 Audite,

144 3284 337 3327 confines
367 3285 471 3328 Sion
498 3303 507 3341 ς
537 3287 726 3330 adduxit
758 3287 876 3330 enim
910 3287 1018 3329 mihi
1051 3289 1168 3331 Deus
1198 3288 1364 3331 luctum
1401 3303 1628 3344 magnum.
1656 3287 1692 3314 '¹⁰
1712 3287 1818 3330 Vidi
1848 3286 1969 3329 enim

145 3343 454 3398 captivitatem
479 3346 632 3403 populi
661 3346 770 3402 mei,
802 3346 989 3389 filiorum
1022 3361 1219 3390 meorum
1245 3352 1288 3390 et
1312 3347 1524 3403 filiarum,
1549 3361 1682 3402 quam
1707 3344 1969 3402 superduxit

145 3401 233 3445 illis
261 3404 486 3449 AEternus.
519 3404 552 3431 11
574 3406 753 3449 Nutrivi
785 3405 902 3449 enim
934 3406 1032 3448 illos
1058 3420 1158 3448 cum
1187 3406 1490 3462 jucunditate,
1519 3405 1666 3449 dimisi
1690 3410 1840 3448 autem
1868 3404 1968 3447 illos

145 3474 246 3503 cum
274 3461 380 3505 fietu
410 3468 454 3506 et
481 3464 618 3508 luctu.
646 3465 681 3491 1'2
700 3467 842 3508 Nemo
875 3465 1069 3521 gaudeat
1099 3480 1230 3522 super
1258 3480 1328 3509 me
1354 3463 1538 3509 'viduam
1568 3469 1612 3508 et
1641 3464 1914 3519 desolatam3
1943 3479 1970 3506 a

145 3520 297 3563 multis
319 3521 529 3566 derelicta
554 3539 650 3567 sum
672 3530 849 3581 propter
870 3529 1053 3580 peccata
1073 3524 1262 3568 filiorum
1283 3540 1491 3580 meorum,
1512 3524 1615 3580 quia
1633 3523 1969 3567 declinaverunt

144 3593 171 3620 a
204 3579 302 3635 Iege
335 3581 431 3624 Dei.
467 3582 502 3608 13
529 3584 736 3626 Justitias
767 3588 915 3626 autem
946 3583 1084 3639 ipsius
1113 3584 1384 3638 nescierunt,
1415 3599 1496 3628 nec
1522 3583 1862 3626 ambulaverunt
1891 3597 1969 3638 per

145 3637 241 3680 vias
278 3640 587 3683 mandatorum
630 3642 732 3696 Dei,
775 3657 915 3698 neque
948 3656 1025 3698 per
1065 3642 1245 3686 semitas
1281 3643 1482 3686 veritatis
1519 3643 1616 3699 ejus
1657 3657 1758 3686 cum
1793 3641 1969 3699 justitia

2069 445 2248 478 sapient-in·

2109 499 2204 525 origo

2064 535 2247 564 recondita.

2034 1279 2111 1312 Ipsa
2138 1279 2274 1314 Israeli,

2032 1330 2098 1351 non
2132 1325 2274 1357 mundo,

2071 1373 2238 1395 concessa.

2064 1629 2187 1658 Aditus
2205 1630 2244 1658 ad

2056 1673 2254 1706 sapientiam

2059 1725 2078 1745 a
2097 1717 2168 1745 solo
2183 1718 2251 1744 Deo

2077 1760 2234 1794 aperitur.

2070 2343 2242 2377 Sapientia

2063 2388 2129 2417 sita
2147 2391 2199 2417 est
2217 2387 2250 2416 in

2050 2432 2138 2467 legis
2156 2434 2266 2460 obser-

2085 2475 2230 2505 vatione.

2106 2871 2212 2898 Israel

2064 2912 2253 2946 castigatus

2063 2957 2121 2984 sed
2138 2964 2203 2985 non
2223 2957 2253 2985 in

2044 3001 2274 3034 perditionem„

2061 3238 2251 3266 Jerusalem

2062 3281 2153 3311 cives
2172 3289 2251 3310 suos

2051 3325 2238 3359 alloquitur
2250 3335 2256 3353 :

2070 3374 2102 3399 1⁰
2119 3371 2245 3399 defiens

2090 3415 2226 3443 illorum

2071 3457 2225 3488 miserias
2236 3464 2244 3493 ;
