<?xml version="1.0" encoding="UTF-8"?>
<!DOCTYPE html PUBLIC "-//W3C//DTD XHTML 1.0 Transitional//EN"
    "http://www.w3.org/TR/xhtml1/DTD/xhtml1-transitional.dtd">
<html xmlns="http://www.w3.org/1999/xhtml" xml:lang="en" lang="en">
 <head>
  <title>
</title>
<meta http-equiv="Content-Type" content="text/html;charset=utf-8" />
  <meta name='ocr-system' content='tesseract 3.04.00' />
  <meta name='ocr-capabilities' content='ocr_page ocr_carea ocr_par ocr_line ocrx_word'/>
</head>
<body>
  <div class='ocr_page' id='page_1' title='image "./bibliasacrajuxta00fill_1314.png"; bbox 0 0 2391 3861; ppageno 0'>
   <div class='ocr_carea' id='block_1_1' title="bbox 93 915 294 1073">
    <p class='ocr_par' dir='ltr' id='par_1_1' title="bbox 93 915 294 1073">
     <span class='ocr_line' id='line_1_1' title="bbox 118 915 274 943; baseline -0.006 0"><span class='ocrx_word' id='word_1_1' title='bbox 118 915 274 943; x_wconf 79' lang='lat' dir='ltr'>Emincns</span> 
     </span>
     <span class='ocr_line' id='line_1_2' title="bbox 123 956 269 984; baseline -0.007 0"><span class='ocrx_word' id='word_1_2' title='bbox 123 956 269 984; x_wconf 79' lang='lat' dir='ltr'>charitas</span> 
     </span>
     <span class='ocr_line' id='line_1_3' title="bbox 93 1001 294 1032; baseline -0.005 -3"><span class='ocrx_word' id='word_1_3' title='bbox 93 1001 217 1029; x_wconf 81' lang='lat' dir='ltr'>Christi</span> <span class='ocrx_word' id='word_1_4' title='bbox 238 1008 294 1032; x_wconf 73' lang='lat' dir='ltr'>pro</span> 
     </span>
     <span class='ocr_line' id='line_1_4' title="bbox 118 1044 267 1073; baseline -0.007 0"><span class='ocrx_word' id='word_1_5' title='bbox 118 1044 267 1073; x_wconf 79' lang='lat' dir='ltr'>ecclesia.</span> 
     </span>
    </p>
   </div>
   <div class='ocr_carea' id='block_1_2' title="bbox 132 2036 262 2063">
    <p class='ocr_par' dir='ltr' id='par_1_2' title="bbox 132 2036 262 2063">
     <span class='ocr_line' id='line_1_5' title="bbox 132 2036 262 2063; baseline 0 -1"><span class='ocrx_word' id='word_1_6' title='bbox 132 2036 262 2063; x_wconf 77' lang='lat' dir='ltr'>Thema.</span> 
     </span>
    </p>
   </div>
   <div class='ocr_carea' id='block_1_3' title="bbox 109 2261 288 2377">
    <p class='ocr_par' dir='ltr' id='par_1_3' title="bbox 109 2261 288 2377">
     <span class='ocr_line' id='line_1_6' title="bbox 134 2261 261 2289; baseline 0.008 -1"><span class='ocrx_word' id='word_1_7' title='bbox 134 2261 261 2289; x_wconf 76' lang='lat' dir='ltr'>Motiva</span> 
     </span>
     <span class='ocr_line' id='line_1_7' title="bbox 126 2305 269 2333; baseline 0 -1"><span class='ocrx_word' id='word_1_8' title='bbox 126 2305 269 2333; x_wconf 78' lang='lat' dir='ltr'>unitatis</span> 
     </span>
     <span class='ocr_line' id='line_1_8' title="bbox 109 2350 288 2377; baseline 0.006 -1"><span class='ocrx_word' id='word_1_9' title='bbox 109 2350 288 2377; x_wconf 77' lang='lat' dir='ltr'>servandae.</span> 
     </span>
    </p>
   </div>
   <div class='ocr_carea' id='block_1_4' title="bbox 381 131 1597 184">
    <p class='ocr_par' dir='ltr' id='par_1_4' title="bbox 381 131 1597 184">
     <span class='ocr_line' id='line_1_9' title="bbox 381 131 1597 184; baseline -0.005 -7"><span class='ocrx_word' id='word_1_10' title='bbox 381 136 490 177; x_wconf 70' lang='lat'>1202</span> <span class='ocrx_word' id='word_1_11' title='bbox 984 131 1097 174; x_wconf 78' lang='lat' dir='ltr'>Epn.</span> <span class='ocrx_word' id='word_1_12' title='bbox 1135 131 1231 184; x_wconf 89' lang='lat' dir='ltr'>III,</span> <span class='ocrx_word' id='word_1_13' title='bbox 1267 132 1291 173; x_wconf 88' lang='grc'>7</span> <span class='ocrx_word' id='word_1_14' title='bbox 1326 156 1382 162; x_wconf 95' lang='grc'>-</span> <span class='ocrx_word' id='word_1_15' title='bbox 1416 131 1495 178; x_wconf 73' lang='lat' dir='ltr'>IV,</span> <span class='ocrx_word' id='word_1_16' title='bbox 1531 132 1597 171; x_wconf 76' lang='lat'>16.</span> 
     </span>
    </p>
   </div>
   <div class='ocr_carea' id='block_1_5' title="bbox 377 299 2218 1590">
    <p class='ocr_par' dir='ltr' id='par_1_5' title="bbox 378 299 2202 415">
     <span class='ocr_line' id='line_1_10' title="bbox 378 299 2202 358; baseline -0.003 -11"><span class='ocrx_word' id='word_1_17' title='bbox 378 306 516 348; x_wconf 88' lang='lat' dir='ltr'>lium:</span> <span class='ocrx_word' id='word_1_18' title='bbox 550 304 564 330; x_wconf 77' lang='lat'>7</span> <span class='ocrx_word' id='word_1_19' title='bbox 584 304 711 358; x_wconf 82' lang='lat' dir='ltr'>cujus</span> <span class='ocrx_word' id='word_1_20' title='bbox 745 303 893 344; x_wconf 78' lang='lat' dir='ltr'>factus</span> <span class='ocrx_word' id='word_1_21' title='bbox 923 316 1020 344; x_wconf 87' lang='lat' dir='ltr'>sum</span> <span class='ocrx_word' id='word_1_22' title='bbox 1054 300 1268 355; x_wconf 80' lang='lat' dir='ltr'>minister,</span> <span class='ocrx_word' id='word_1_23' title='bbox 1300 300 1545 342; x_wconf 85' lang='lat' dir='ltr'>secundum</span> <span class='ocrx_word' id='word_1_24' title='bbox 1575 299 1740 340; x_wconf 87' lang='lat' dir='ltr'>donum</span> <span class='ocrx_word' id='word_1_25' title='bbox 1774 299 1931 353; x_wconf 80' lang='lat' dir='ltr'>gratiae</span> <span class='ocrx_word' id='word_1_26' title='bbox 1967 300 2072 354; x_wconf 88' lang='lat' dir='ltr'>Dei,</span> <span class='ocrx_word' id='word_1_27' title='bbox 2105 313 2202 354; x_wconf 81' lang='lat' dir='ltr'>quae</span> 
     </span>
     <span class='ocr_line' id='line_1_11' title="bbox 378 357 1639 415; baseline -0.006 -9"><span class='ocrx_word' id='word_1_28' title='bbox 378 364 482 406; x_wconf 78' lang='lat' dir='ltr'>(lata</span> <span class='ocrx_word' id='word_1_29' title='bbox 507 368 574 406; x_wconf 92' lang='lat' dir='ltr'>est</span> <span class='ocrx_word' id='word_1_30' title='bbox 600 362 707 404; x_wconf 90' lang='lat' dir='ltr'>mihi</span> <span class='ocrx_word' id='word_1_31' title='bbox 734 360 978 404; x_wconf 89' lang='lat' dir='ltr'>secundum</span> <span class='ocrx_word' id='word_1_32' title='bbox 1005 359 1304 415; x_wconf 89' lang='lat' dir='ltr'>operationem</span> <span class='ocrx_word' id='word_1_33' title='bbox 1327 357 1505 399; x_wconf 84' lang='lat' dir='ltr'>virtutis</span> <span class='ocrx_word' id='word_1_34' title='bbox 1528 357 1639 413; x_wconf 81' lang='lat' dir='ltr'>ejus.</span> 
     </span>
    </p>

    <p class='ocr_par' dir='ltr' id='par_1_6' title="bbox 377 415 2211 890">
     <span class='ocr_line' id='line_1_12' title="bbox 437 415 2207 472; baseline -0.002 -8"><span class='ocrx_word' id='word_1_35' title='bbox 437 422 454 448; x_wconf 70' lang='lat'>8</span> <span class='ocrx_word' id='word_1_36' title='bbox 479 421 591 464; x_wconf 88' lang='lat' dir='ltr'>Mihi</span> <span class='ocrx_word' id='word_1_37' title='bbox 624 420 820 463; x_wconf 89' lang='lat' dir='ltr'>omnium</span> <span class='ocrx_word' id='word_1_38' title='bbox 852 424 1107 462; x_wconf 87' lang='lat' dir='ltr'>sanctorum</span> <span class='ocrx_word' id='word_1_39' title='bbox 1141 417 1327 459; x_wconf 89' lang='lat' dir='ltr'>minimo</span> <span class='ocrx_word' id='word_1_40' title='bbox 1355 417 1459 459; x_wconf 87' lang='lat' dir='ltr'>data</span> <span class='ocrx_word' id='word_1_41' title='bbox 1493 422 1558 459; x_wconf 90' lang='lat' dir='ltr'>est</span> <span class='ocrx_word' id='word_1_42' title='bbox 1587 415 1733 472; x_wconf 85' lang='lat' dir='ltr'>gratia</span> <span class='ocrx_word' id='word_1_43' title='bbox 1765 415 1882 471; x_wconf 79' lang='lat' dir='ltr'>haec,</span> <span class='ocrx_word' id='word_1_44' title='bbox 1916 415 1962 457; x_wconf 90' lang='lat' dir='ltr'>in</span> <span class='ocrx_word' id='word_1_45' title='bbox 2000 417 2207 471; x_wconf 90' lang='lat' dir='ltr'>gentibus</span> 
     </span>
     <span class='ocr_line' id='line_1_13' title="bbox 379 475 2204 536; baseline -0.004 -12"><span class='ocrx_word' id='word_1_46' title='bbox 379 481 684 536; x_wconf 82' lang='lat' dir='ltr'>evangelizare</span> <span class='ocrx_word' id='word_1_47' title='bbox 716 478 1052 534; x_wconf 86' lang='lat' dir='ltr'>investigabiles</span> <span class='ocrx_word' id='word_1_48' title='bbox 1087 476 1267 520; x_wconf 83' lang='lat' dir='ltr'>divitias</span> <span class='ocrx_word' id='word_1_49' title='bbox 1302 475 1486 531; x_wconf 80' lang='lat' dir='ltr'>Christi,</span> <span class='ocrx_word' id='word_1_50' title='bbox 1518 475 1535 501; x_wconf 86' lang='grc'><strong>9</strong></span> <span class='ocrx_word' id='word_1_51' title='bbox 1553 480 1597 519; x_wconf 91' lang='lat' dir='ltr'>et</span> <span class='ocrx_word' id='word_1_52' title='bbox 1624 475 1878 517; x_wconf 89' lang='lat' dir='ltr'>illuminare</span> <span class='ocrx_word' id='word_1_53' title='bbox 1905 487 2079 529; x_wconf 89' lang='lat' dir='ltr'>omnes,</span> <span class='ocrx_word' id='word_1_54' title='bbox 2106 489 2204 530; x_wconf 81' lang='lat' dir='ltr'>quae</span> 
     </span>
     <span class='ocr_line' id='line_1_14' title="bbox 377 532 2206 596; baseline -0.004 -13"><span class='ocrx_word' id='word_1_55' title='bbox 377 541 435 583; x_wconf 84' lang='lat' dir='ltr'>sit</span> <span class='ocrx_word' id='word_1_56' title='bbox 462 539 728 596; x_wconf 87' lang='lat' dir='ltr'>dispensat-io</span> <span class='ocrx_word' id='word_1_57' title='bbox 755 537 1020 580; x_wconf 82' lang='lat' dir='ltr'>sacrament-i</span> <span class='ocrx_word' id='word_1_58' title='bbox 1044 535 1294 579; x_wconf 80' lang='lat' dir='ltr'>absconditi</span> <span class='ocrx_word' id='word_1_59' title='bbox 1321 550 1346 577; x_wconf 90' lang='lat' dir='ltr'>a</span> <span class='ocrx_word' id='word_1_60' title='bbox 1368 535 1545 577; x_wconf 81' lang='lat' dir='ltr'>saeculis</span> <span class='ocrx_word' id='word_1_61' title='bbox 1567 535 1613 576; x_wconf 91' lang='lat' dir='ltr'>in</span> <span class='ocrx_word' id='word_1_62' title='bbox 1635 536 1741 588; x_wconf 90' lang='lat' dir='ltr'>Deo,</span> <span class='ocrx_word' id='word_1_63' title='bbox 1762 532 1835 589; x_wconf 81' lang='lat' dir='ltr'>qui</span> <span class='ocrx_word' id='word_1_64' title='bbox 1855 533 2004 576; x_wconf 88' lang='lat' dir='ltr'>omnia-</span> <span class='ocrx_word' id='word_1_65' title='bbox 2026 534 2206 590; x_wconf 87' lang='lat' dir='ltr'>creavit,</span> 
     </span>
     <span class='ocr_line' id='line_1_15' title="bbox 379 592 2208 654; baseline -0.004 -13"><span class='ocrx_word' id='word_1_66' title='bbox 379 600 415 626; x_wconf 73' lang='lat'>‘¹0</span> <span class='ocrx_word' id='word_1_67' title='bbox 432 606 479 642; x_wconf 91' lang='lat' dir='ltr'>ut</span> <span class='ocrx_word' id='word_1_68' title='bbox 505 599 756 641; x_wconf 88' lang='lat' dir='ltr'>innotescat</span> <span class='ocrx_word' id='word_1_69' title='bbox 785 596 1107 654; x_wconf 88' lang='lat' dir='ltr'>principatibus</span> <span class='ocrx_word' id='word_1_70' title='bbox 1133 601 1177 638; x_wconf 90' lang='lat' dir='ltr'>et</span> <span class='ocrx_word' id='word_1_71' title='bbox 1203 594 1496 651; x_wconf 77' lang='lat' dir='ltr'>potestatibus</span> <span class='ocrx_word' id='word_1_72' title='bbox 1523 593 1567 635; x_wconf 90' lang='lat' dir='ltr'>in</span> <span class='ocrx_word' id='word_1_73' title='bbox 1592 592 1844 636; x_wconf 88' lang='lat' dir='ltr'>caelestibus</span> <span class='ocrx_word' id='word_1_74' title='bbox 1870 606 1947 648; x_wconf 89' lang='lat' dir='ltr'>per</span> <span class='ocrx_word' id='word_1_75' title='bbox 1973 592 2208 636; x_wconf 87' lang='lat' dir='ltr'>ecclesiam</span> 
     </span>
     <span class='ocr_line' id='line_1_16' title="bbox 377 651 2210 713; baseline -0.003 -13"><span class='ocrx_word' id='word_1_76' title='bbox 377 657 666 701; x_wconf 77' lang='lat' dir='ltr'>multiformis</span> <span class='ocrx_word' id='word_1_77' title='bbox 691 656 910 713; x_wconf 80' lang='lat' dir='ltr'>sapientia</span> <span class='ocrx_word' id='word_1_78' title='bbox 936 655 1041 710; x_wconf 71' lang='lat' dir='ltr'>Dei,</span> <span class='ocrx_word' id='word_1_79' title='bbox 1072 654 1103 680; x_wconf 73' lang='lat'>&#39;¹¹</span> <span class='ocrx_word' id='word_1_80' title='bbox 1125 654 1369 697; x_wconf 89' lang='lat' dir='ltr'>secundum</span> <span class='ocrx_word' id='word_1_81' title='bbox 1395 653 1737 709; x_wconf 82' lang='lat' dir='ltr'>praefinitionem</span> <span class='ocrx_word' id='word_1_82' title='bbox 1763 651 2049 708; x_wconf 81' lang='lat' dir='ltr'>saeculorum,</span> <span class='ocrx_word' id='word_1_83' title='bbox 2077 666 2210 707; x_wconf 87' lang='lat' dir='ltr'>quam</span> 
     </span>
     <span class='ocr_line' id='line_1_17' title="bbox 378 710 2211 768; baseline -0.004 -8"><span class='ocrx_word' id='word_1_84' title='bbox 378 717 489 760; x_wconf 72' lang='lat' dir='ltr'>fecit</span> <span class='ocrx_word' id='word_1_85' title='bbox 510 717 555 758; x_wconf 90' lang='lat' dir='ltr'>in</span> <span class='ocrx_word' id='word_1_86' title='bbox 578 716 749 760; x_wconf 86' lang='lat' dir='ltr'>Christo</span> <span class='ocrx_word' id='word_1_87' title='bbox 770 717 795 759; x_wconf 81' lang='lat' dir='ltr'>J</span> <span class='ocrx_word' id='word_1_88' title='bbox 802 730 877 758; x_wconf 92' lang='lat' dir='ltr'>esu</span> <span class='ocrx_word' id='word_1_89' title='bbox 905 714 1095 758; x_wconf 91' lang='lat' dir='ltr'>Domino</span> <span class='ocrx_word' id='word_1_90' title='bbox 1117 719 1280 768; x_wconf 90' lang='lat' dir='ltr'>nostro,</span> <span class='ocrx_word' id='word_1_91' title='bbox 1302 712 1337 738; x_wconf 72' lang='lat'>¹⁶2</span> <span class='ocrx_word' id='word_1_92' title='bbox 1355 713 1399 754; x_wconf 93' lang='lat' dir='ltr'>in</span> <span class='ocrx_word' id='word_1_93' title='bbox 1419 726 1504 768; x_wconf 88' lang='lat' dir='ltr'>quo</span> <span class='ocrx_word' id='word_1_94' title='bbox 1522 712 1737 755; x_wconf 88' lang='lat' dir='ltr'>habemus</span> <span class='ocrx_word' id='word_1_95' title='bbox 1760 710 1983 766; x_wconf 87' lang='lat' dir='ltr'>fiduciam,</span> <span class='ocrx_word' id='word_1_96' title='bbox 2004 716 2047 753; x_wconf 90' lang='lat' dir='ltr'>et</span> <span class='ocrx_word' id='word_1_97' title='bbox 2065 725 2211 763; x_wconf 85' lang='lat' dir='ltr'>acces-</span> 
     </span>
     <span class='ocr_line' id='line_1_18' title="bbox 377 769 2210 831; baseline -0.003 -13"><span class='ocrx_word' id='word_1_98' title='bbox 377 792 473 819; x_wconf 87' lang='lat' dir='ltr'>sum</span> <span class='ocrx_word' id='word_1_99' title='bbox 507 776 553 818; x_wconf 92' lang='lat' dir='ltr'>in</span> <span class='ocrx_word' id='word_1_100' title='bbox 587 775 855 818; x_wconf 78' lang='lat' dir='ltr'>confidentia</span> <span class='ocrx_word' id='word_1_101' title='bbox 884 789 961 831; x_wconf 88' lang='lat' dir='ltr'>per</span> <span class='ocrx_word' id='word_1_102' title='bbox 986 774 1118 816; x_wconf 82' lang='lat' dir='ltr'>fidem</span> <span class='ocrx_word' id='word_1_103' title='bbox 1154 773 1263 829; x_wconf 81' lang='lat' dir='ltr'>ejus.</span> <span class='ocrx_word' id='word_1_104' title='bbox 1296 772 1328 798; x_wconf 82' lang='lat'>¹3</span> <span class='ocrx_word' id='word_1_105' title='bbox 1348 773 1531 828; x_wconf 85' lang='lat' dir='ltr'>Propter</span> <span class='ocrx_word' id='word_1_106' title='bbox 1558 771 1672 827; x_wconf 84' lang='lat' dir='ltr'>quod</span> <span class='ocrx_word' id='word_1_107' title='bbox 1702 776 1803 827; x_wconf 89' lang='lat' dir='ltr'>peto</span> <span class='ocrx_word' id='word_1_108' title='bbox 1828 784 1884 813; x_wconf 89' lang='lat' dir='ltr'>ne</span> <span class='ocrx_word' id='word_1_109' title='bbox 1917 769 2135 813; x_wconf 89' lang='lat' dir='ltr'>deficiatis</span> <span class='ocrx_word' id='word_1_110' title='bbox 2164 770 2210 812; x_wconf 92' lang='lat' dir='ltr'>in</span> 
     </span>
     <span class='ocr_line' id='line_1_19' title="bbox 378 830 1716 890; baseline -0.004 -12"><span class='ocrx_word' id='word_1_111' title='bbox 378 835 740 878; x_wconf 78' lang='lat' dir='ltr'>tribulationibus</span> <span class='ocrx_word' id='word_1_112' title='bbox 767 833 875 877; x_wconf 89' lang='lat' dir='ltr'>meis</span> <span class='ocrx_word' id='word_1_113' title='bbox 902 848 978 890; x_wconf 91' lang='lat' dir='ltr'>pro</span> <span class='ocrx_word' id='word_1_114' title='bbox 1008 833 1150 888; x_wconf 78' lang='lat' dir='ltr'>vobis,</span> <span class='ocrx_word' id='word_1_115' title='bbox 1179 847 1276 887; x_wconf 83' lang='lat' dir='ltr'>quae</span> <span class='ocrx_word' id='word_1_116' title='bbox 1302 838 1368 875; x_wconf 88' lang='lat' dir='ltr'>est</span> <span class='ocrx_word' id='word_1_117' title='bbox 1394 830 1534 887; x_wconf 89' lang='lat' dir='ltr'>gloria</span> <span class='ocrx_word' id='word_1_118' title='bbox 1556 836 1716 874; x_wconf 87' lang='lat' dir='ltr'>vestra.</span> 
     </span>
    </p>

    <p class='ocr_par' dir='ltr' id='par_1_7' title="bbox 379 889 2215 1366">
     <span class='ocr_line' id='line_1_20' title="bbox 441 889 2211 950; baseline -0.002 -14"><span class='ocrx_word' id='word_1_119' title='bbox 441 895 472 921; x_wconf 71' lang='grc'>11</span> <span class='ocrx_word' id='word_1_120' title='bbox 500 895 650 950; x_wconf 78' lang='lat' dir='ltr'>Hujus</span> <span class='ocrx_word' id='word_1_121' title='bbox 680 894 739 936; x_wconf 85' lang='lat' dir='ltr'>rei</span> <span class='ocrx_word' id='word_1_122' title='bbox 771 893 915 949; x_wconf 87' lang='lat' dir='ltr'>gratia</span> <span class='ocrx_word' id='word_1_123' title='bbox 945 892 1074 935; x_wconf 81' lang='lat' dir='ltr'>flecto</span> <span class='ocrx_word' id='word_1_124' title='bbox 1104 906 1250 948; x_wconf 85' lang='lat' dir='ltr'>genua</span> <span class='ocrx_word' id='word_1_125' title='bbox 1281 905 1379 934; x_wconf 88' lang='lat' dir='ltr'>mea</span> <span class='ocrx_word' id='word_1_126' title='bbox 1415 890 1471 933; x_wconf 89' lang='lat' dir='ltr'>ad</span> <span class='ocrx_word' id='word_1_127' title='bbox 1505 891 1681 933; x_wconf 88' lang='lat' dir='ltr'>Patrem</span> <span class='ocrx_word' id='word_1_128' title='bbox 1714 889 1894 933; x_wconf 88' lang='lat' dir='ltr'>Domini</span> <span class='ocrx_word' id='word_1_129' title='bbox 1932 891 2070 933; x_wconf 87' lang='lat' dir='ltr'>nostri</span> <span class='ocrx_word' id='word_1_130' title='bbox 2105 891 2211 933; x_wconf 84' lang='lat' dir='ltr'>Jesu</span> 
     </span>
     <span class='ocr_line' id='line_1_21' title="bbox 379 949 2214 1008; baseline -0.002 -12"><span class='ocrx_word' id='word_1_131' title='bbox 379 954 560 1005; x_wconf 86' lang='lat' dir='ltr'>Christi,</span> <span class='ocrx_word' id='word_1_132' title='bbox 590 953 622 979; x_wconf 73' lang='lat'>¹5</span> <span class='ocrx_word' id='word_1_133' title='bbox 640 967 694 996; x_wconf 84' lang='lat' dir='ltr'>ex</span> <span class='ocrx_word' id='word_1_134' title='bbox 720 967 804 1008; x_wconf 87' lang='lat' dir='ltr'>quo</span> <span class='ocrx_word' id='word_1_135' title='bbox 830 952 973 995; x_wconf 90' lang='lat' dir='ltr'>omnis</span> <span class='ocrx_word' id='word_1_136' title='bbox 1003 951 1248 1008; x_wconf 86' lang='lat' dir='ltr'>paternitas</span> <span class='ocrx_word' id='word_1_137' title='bbox 1279 951 1322 992; x_wconf 91' lang='lat' dir='ltr'>in</span> <span class='ocrx_word' id='word_1_138' title='bbox 1350 949 1472 992; x_wconf 85' lang='lat' dir='ltr'>caelis</span> <span class='ocrx_word' id='word_1_139' title='bbox 1503 955 1548 992; x_wconf 94' lang='lat' dir='ltr'>et</span> <span class='ocrx_word' id='word_1_140' title='bbox 1571 950 1615 991; x_wconf 92' lang='lat' dir='ltr'>in</span> <span class='ocrx_word' id='word_1_141' title='bbox 1651 955 1767 992; x_wconf 85' lang='lat' dir='ltr'>terra</span> <span class='ocrx_word' id='word_1_142' title='bbox 1795 949 2075 1002; x_wconf 70' lang='lat' dir='ltr'>nominatur,</span> <span class='ocrx_word' id='word_1_143' title='bbox 2111 949 2144 975; x_wconf 77' lang='lat'>¹⁶</span> <span class='ocrx_word' id='word_1_144' title='bbox 2165 953 2214 992; x_wconf 86' lang='lat' dir='ltr'>ut</span> 
     </span>
     <span class='ocr_line' id='line_1_22' title="bbox 379 1009 2213 1067; baseline -0.003 -11"><span class='ocrx_word' id='word_1_145' title='bbox 379 1013 452 1056; x_wconf 88' lang='lat' dir='ltr'>det</span> <span class='ocrx_word' id='word_1_146' title='bbox 479 1012 603 1055; x_wconf 81' lang='lat' dir='ltr'>vobis</span> <span class='ocrx_word' id='word_1_147' title='bbox 629 1012 872 1055; x_wconf 87' lang='lat' dir='ltr'>secundum</span> <span class='ocrx_word' id='word_1_148' title='bbox 898 1011 1078 1054; x_wconf 78' lang='lat' dir='ltr'>divitias</span> <span class='ocrx_word' id='word_1_149' title='bbox 1105 1011 1258 1067; x_wconf 77' lang='lat' dir='ltr'>gloriae</span> <span class='ocrx_word' id='word_1_150' title='bbox 1285 1024 1377 1053; x_wconf 84' lang='lat' dir='ltr'>suae</span> <span class='ocrx_word' id='word_1_151' title='bbox 1404 1010 1570 1052; x_wconf 85' lang='lat' dir='ltr'>virtute</span> <span class='ocrx_word' id='word_1_152' title='bbox 1597 1009 1865 1052; x_wconf 89' lang='lat' dir='ltr'>corroborari</span> <span class='ocrx_word' id='word_1_153' title='bbox 1893 1023 1970 1065; x_wconf 90' lang='lat' dir='ltr'>per</span> <span class='ocrx_word' id='word_1_154' title='bbox 1999 1009 2213 1065; x_wconf 86' lang='lat' dir='ltr'>Spiritum</span> 
     </span>
     <span class='ocr_line' id='line_1_23' title="bbox 379 1067 2212 1129; baseline -0.002 -14"><span class='ocrx_word' id='word_1_155' title='bbox 379 1073 474 1129; x_wconf 80' lang='lat' dir='ltr'>ejus</span> <span class='ocrx_word' id='word_1_156' title='bbox 501 1073 544 1114; x_wconf 92' lang='lat' dir='ltr'>in</span> <span class='ocrx_word' id='word_1_157' title='bbox 571 1072 824 1115; x_wconf 86' lang='lat' dir='ltr'>interiorem</span> <span class='ocrx_word' id='word_1_158' title='bbox 855 1071 1107 1125; x_wconf 80' lang='lat' dir='ltr'>hominem3</span> <span class='ocrx_word' id='word_1_159' title='bbox 1134 1069 1167 1096; x_wconf 75' lang='lat'>&#39;¹7</span> <span class='ocrx_word' id='word_1_160' title='bbox 1188 1069 1411 1114; x_wconf 83' lang='lat' dir='ltr'>Christum</span> <span class='ocrx_word' id='word_1_161' title='bbox 1439 1068 1641 1111; x_wconf 86' lang='lat' dir='ltr'>habitare</span> <span class='ocrx_word' id='word_1_162' title='bbox 1670 1083 1747 1124; x_wconf 88' lang='lat' dir='ltr'>per</span> <span class='ocrx_word' id='word_1_163' title='bbox 1773 1069 1903 1111; x_wconf 86' lang='lat' dir='ltr'>fidem</span> <span class='ocrx_word' id='word_1_164' title='bbox 1934 1067 1981 1110; x_wconf 90' lang='lat' dir='ltr'>in</span> <span class='ocrx_word' id='word_1_165' title='bbox 2007 1068 2212 1111; x_wconf 84' lang='lat' dir='ltr'>cordibus</span> 
     </span>
     <span class='ocr_line' id='line_1_24' title="bbox 381 1127 2215 1187; baseline -0.002 -14"><span class='ocrx_word' id='word_1_166' title='bbox 381 1132 556 1187; x_wconf 83' lang='lat' dir='ltr'>vestris,</span> <span class='ocrx_word' id='word_1_167' title='bbox 578 1131 621 1173; x_wconf 88' lang='lat' dir='ltr'>in</span> <span class='ocrx_word' id='word_1_168' title='bbox 648 1131 864 1174; x_wconf 80' lang='lat' dir='ltr'>charitate</span> <span class='ocrx_word' id='word_1_169' title='bbox 893 1130 1082 1172; x_wconf 87' lang='lat' dir='ltr'>radicati</span> <span class='ocrx_word' id='word_1_170' title='bbox 1108 1135 1150 1173; x_wconf 91' lang='lat' dir='ltr'>et</span> <span class='ocrx_word' id='word_1_171' title='bbox 1168 1129 1371 1184; x_wconf 74' lang='lat' dir='ltr'>fundati,</span> <span class='ocrx_word' id='word_1_172' title='bbox 1394 1128 1429 1155; x_wconf 81' lang='lat'>¹8</span> <span class='ocrx_word' id='word_1_173' title='bbox 1447 1134 1496 1171; x_wconf 92' lang='lat' dir='ltr'>ut</span> <span class='ocrx_word' id='word_1_174' title='bbox 1517 1127 1696 1184; x_wconf 85' lang='lat' dir='ltr'>possitis</span> <span class='ocrx_word' id='word_1_175' title='bbox 1716 1127 2088 1184; x_wconf 83' lang='lat' dir='ltr'>comprehendere</span> <span class='ocrx_word' id='word_1_176' title='bbox 2114 1142 2215 1170; x_wconf 89' lang='lat' dir='ltr'>cum</span> 
     </span>
     <span class='ocr_line' id='line_1_25' title="bbox 379 1187 2213 1245; baseline -0.003 -11"><span class='ocrx_word' id='word_1_177' title='bbox 379 1192 583 1234; x_wconf 88' lang='lat' dir='ltr'>omnibus</span> <span class='ocrx_word' id='word_1_178' title='bbox 605 1190 770 1233; x_wconf 88' lang='lat' dir='ltr'>sanctis</span> <span class='ocrx_word' id='word_1_179' title='bbox 798 1205 895 1245; x_wconf 83' lang='lat' dir='ltr'>quae</span> <span class='ocrx_word' id='word_1_180' title='bbox 917 1189 975 1231; x_wconf 89' lang='lat' dir='ltr'>sit</span> <span class='ocrx_word' id='word_1_181' title='bbox 1002 1189 1212 1244; x_wconf 86' lang='lat' dir='ltr'>latitudo,</span> <span class='ocrx_word' id='word_1_182' title='bbox 1237 1193 1281 1232; x_wconf 87' lang='lat' dir='ltr'>et</span> <span class='ocrx_word' id='word_1_183' title='bbox 1303 1187 1557 1243; x_wconf 84' lang='lat' dir='ltr'>longitudo,</span> <span class='ocrx_word' id='word_1_184' title='bbox 1583 1192 1626 1230; x_wconf 91' lang='lat' dir='ltr'>et</span> <span class='ocrx_word' id='word_1_185' title='bbox 1652 1187 1925 1243; x_wconf 83' lang='lat' dir='ltr'>sublimitas,</span> <span class='ocrx_word' id='word_1_186' title='bbox 1953 1191 1998 1230; x_wconf 89' lang='lat' dir='ltr'>et</span> <span class='ocrx_word' id='word_1_187' title='bbox 2029 1187 2213 1243; x_wconf 76' lang='lat' dir='ltr'>profun-</span> 
     </span>
     <span class='ocr_line' id='line_1_26' title="bbox 379 1246 2215 1305; baseline -0.002 -13"><span class='ocrx_word' id='word_1_188' title='bbox 379 1251 507 1304; x_wconf 67' lang='lat' dir='ltr'>dum,</span> <span class='ocrx_word' id='word_1_189' title='bbox 531 1250 565 1276; x_wconf 71' lang='lat'>¹⁰</span> <span class='ocrx_word' id='word_1_190' title='bbox 591 1250 701 1292; x_wconf 85' lang='lat' dir='ltr'>scire</span> <span class='ocrx_word' id='word_1_191' title='bbox 729 1249 863 1292; x_wconf 87' lang='lat' dir='ltr'>etiam</span> <span class='ocrx_word' id='word_1_192' title='bbox 895 1248 1299 1305; x_wconf 86' lang='lat' dir='ltr'>supereminentem</span> <span class='ocrx_word' id='word_1_193' title='bbox 1327 1247 1529 1291; x_wconf 78' lang='lat' dir='ltr'>scientiae</span> <span class='ocrx_word' id='word_1_194' title='bbox 1555 1246 1821 1289; x_wconf 87' lang='lat' dir='ltr'>charitatem</span> <span class='ocrx_word' id='word_1_195' title='bbox 1849 1246 2033 1302; x_wconf 85' lang='lat' dir='ltr'>Christi,</span> <span class='ocrx_word' id='word_1_196' title='bbox 2061 1252 2110 1289; x_wconf 85' lang='lat' dir='ltr'>ut</span> <span class='ocrx_word' id='word_1_197' title='bbox 2134 1246 2215 1288; x_wconf 89' lang='lat' dir='ltr'>im-</span> 
     </span>
     <span class='ocr_line' id='line_1_27' title="bbox 380 1307 1340 1366; baseline 0.001 -16"><span class='ocrx_word' id='word_1_198' title='bbox 380 1310 592 1366; x_wconf 81' lang='lat' dir='ltr'>pleamini</span> <span class='ocrx_word' id='word_1_199' title='bbox 620 1309 663 1351; x_wconf 90' lang='lat' dir='ltr'>in</span> <span class='ocrx_word' id='word_1_200' title='bbox 689 1323 865 1352; x_wconf 88' lang='lat' dir='ltr'>omnem</span> <span class='ocrx_word' id='word_1_201' title='bbox 890 1307 1217 1364; x_wconf 87' lang='lat' dir='ltr'>plenitudinem</span> <span class='ocrx_word' id='word_1_202' title='bbox 1245 1307 1340 1351; x_wconf 86' lang='lat' dir='ltr'>Dei.</span> 
     </span>
    </p>

    <p class='ocr_par' dir='ltr' id='par_1_8' title="bbox 378 1366 2218 1590">
     <span class='ocr_line' id='line_1_28' title="bbox 438 1366 2216 1425; baseline -0.002 -14"><span class='ocrx_word' id='word_1_203' title='bbox 438 1369 474 1395; x_wconf 71' lang='lat'>²¹0</span> <span class='ocrx_word' id='word_1_204' title='bbox 493 1369 545 1411; x_wconf 84' lang='lat' dir='ltr'>Ei</span> <span class='ocrx_word' id='word_1_205' title='bbox 569 1375 718 1411; x_wconf 77' lang='lat' dir='ltr'>autem</span> <span class='ocrx_word' id='word_1_206' title='bbox 740 1368 813 1423; x_wconf 87' lang='lat' dir='ltr'>qui</span> <span class='ocrx_word' id='word_1_207' title='bbox 837 1374 994 1424; x_wconf 89' lang='lat' dir='ltr'>potens</span> <span class='ocrx_word' id='word_1_208' title='bbox 1012 1373 1079 1410; x_wconf 87' lang='lat' dir='ltr'>est</span> <span class='ocrx_word' id='word_1_209' title='bbox 1098 1367 1244 1409; x_wconf 89' lang='lat' dir='ltr'>omnia</span> <span class='ocrx_word' id='word_1_210' title='bbox 1268 1368 1419 1410; x_wconf 79' lang='lat' dir='ltr'>facere</span> <span class='ocrx_word' id='word_1_211' title='bbox 1437 1368 1850 1425; x_wconf 79' lang='lat' dir='ltr'>superabundanter</span> <span class='ocrx_word' id='word_1_212' title='bbox 1872 1381 2006 1423; x_wconf 85' lang='lat' dir='ltr'>quam</span> <span class='ocrx_word' id='word_1_213' title='bbox 2025 1366 2216 1423; x_wconf 87' lang='lat' dir='ltr'>petimus</span> 
     </span>
     <span class='ocr_line' id='line_1_29' title="bbox 378 1424 2218 1484; baseline -0.001 -15"><span class='ocrx_word' id='word_1_214' title='bbox 378 1434 455 1471; x_wconf 86' lang='lat' dir='ltr'>aut</span> <span class='ocrx_word' id='word_1_215' title='bbox 478 1428 792 1484; x_wconf 80' lang='lat' dir='ltr'>intelligimus,</span> <span class='ocrx_word' id='word_1_216' title='bbox 820 1427 1065 1470; x_wconf 88' lang='lat' dir='ltr'>secundum</span> <span class='ocrx_word' id='word_1_217' title='bbox 1085 1426 1296 1469; x_wconf 83' lang='lat' dir='ltr'>virtutem</span> <span class='ocrx_word' id='word_1_218' title='bbox 1322 1441 1419 1482; x_wconf 84' lang='lat' dir='ltr'>quae</span> <span class='ocrx_word' id='word_1_219' title='bbox 1447 1433 1652 1484; x_wconf 83' lang='lat' dir='ltr'>operatur</span> <span class='ocrx_word' id='word_1_220' title='bbox 1677 1427 1720 1469; x_wconf 86' lang='lat' dir='ltr'>in</span> <span class='ocrx_word' id='word_1_221' title='bbox 1748 1426 1896 1482; x_wconf 87' lang='lat' dir='ltr'>nobis,</span> <span class='ocrx_word' id='word_1_222' title='bbox 1917 1425 1951 1452; x_wconf 67' lang='lat'>2¹</span> <span class='ocrx_word' id='word_1_223' title='bbox 1970 1425 2055 1483; x_wconf 91' lang='lat' dir='ltr'>ipsi</span> <span class='ocrx_word' id='word_1_224' title='bbox 2076 1424 2218 1482; x_wconf 87' lang='lat' dir='ltr'>gloria</span> 
     </span>
     <span class='ocr_line' id='line_1_30' title="bbox 378 1484 2216 1543; baseline -0.002 -14"><span class='ocrx_word' id='word_1_225' title='bbox 378 1488 421 1530; x_wconf 85' lang='lat' dir='ltr'>in</span> <span class='ocrx_word' id='word_1_226' title='bbox 446 1487 653 1543; x_wconf 88' lang='lat' dir='ltr'>ecclesia,</span> <span class='ocrx_word' id='word_1_227' title='bbox 682 1493 724 1531; x_wconf 91' lang='lat' dir='ltr'>et</span> <span class='ocrx_word' id='word_1_228' title='bbox 745 1487 791 1529; x_wconf 90' lang='lat' dir='ltr'>in</span> <span class='ocrx_word' id='word_1_229' title='bbox 815 1486 991 1530; x_wconf 88' lang='lat' dir='ltr'>Christo</span> <span class='ocrx_word' id='word_1_230' title='bbox 1018 1488 1146 1542; x_wconf 59' lang='lat' dir='ltr'>desii,</span> <span class='ocrx_word' id='word_1_231' title='bbox 1172 1486 1219 1528; x_wconf 90' lang='lat' dir='ltr'>in</span> <span class='ocrx_word' id='word_1_232' title='bbox 1243 1500 1394 1529; x_wconf 90' lang='lat' dir='ltr'>omnes</span> <span class='ocrx_word' id='word_1_233' title='bbox 1422 1486 1734 1543; x_wconf 84' lang='lat' dir='ltr'>generationes</span> <span class='ocrx_word' id='word_1_234' title='bbox 1760 1485 1911 1529; x_wconf 82' lang='lat' dir='ltr'>saeculi</span> <span class='ocrx_word' id='word_1_235' title='bbox 1937 1484 2216 1528; x_wconf 83' lang='lat' dir='ltr'>saeculorum.</span> 
     </span>
     <span class='ocr_line' id='line_1_31' title="bbox 380 1551 536 1590; baseline 0.006 -1"><span class='ocrx_word' id='word_1_236' title='bbox 380 1551 536 1590; x_wconf 69' lang='lat' dir='ltr'>Amen.</span> 
     </span>
    </p>
   </div>
   <div class='ocr_carea' id='block_1_6' title="bbox 593 1654 2001 1726">
    <p class='ocr_par' dir='ltr' id='par_1_9' title="bbox 593 1654 2001 1726">
     <span class='ocr_line' id='line_1_32' title="bbox 593 1654 2001 1726; baseline -0.001 -15"><span class='ocrx_word' id='word_1_237' title='bbox 593 1656 808 1711; x_wconf 79' lang='lat' dir='ltr'>PARS</span> <span class='ocrx_word' id='word_1_238' title='bbox 859 1655 1372 1726; x_wconf 74' lang='lat' dir='ltr'>POSTERIOR,</span> <span class='ocrx_word' id='word_1_239' title='bbox 1428 1654 2001 1709; x_wconf 76' lang='lat' dir='ltr'><strong>PARAENETICA</strong></span> 
     </span>
    </p>
   </div>
   <div class='ocr_carea' id='block_1_7' title="bbox 706 1786 1889 1826">
    <p class='ocr_par' dir='ltr' id='par_1_10' title="bbox 706 1786 1889 1826">
     <span class='ocr_line' id='line_1_33' title="bbox 706 1786 1889 1826; baseline 0 -1"><span class='ocrx_word' id='word_1_240' title='bbox 706 1788 1017 1826; x_wconf 75' lang='lat' dir='ltr'>PRAECEPTA</span> <span class='ocrx_word' id='word_1_241' title='bbox 1059 1786 1319 1826; x_wconf 79' lang='lat' dir='ltr'><strong>MORALIA</strong></span> <span class='ocrx_word' id='word_1_242' title='bbox 1362 1787 1473 1826; x_wconf 86' lang='lat' dir='ltr'>PRO</span> <span class='ocrx_word' id='word_1_243' title='bbox 1517 1786 1889 1825; x_wconf 74' lang='lat' dir='ltr'>CHRISTIANIS</span> 
     </span>
    </p>
   </div>
   <div class='ocr_carea' id='block_1_8' title="bbox 828 1908 1774 1965">
    <p class='ocr_par' dir='ltr' id='par_1_11' title="bbox 828 1908 1774 1965">
     <span class='ocr_line' id='line_1_34' title="bbox 828 1908 1774 1965; baseline -0.001 -14"><span class='ocrx_word' id='word_1_244' title='bbox 828 1909 851 1965; x_wconf 63' lang='grc' dir='ltr'>ξ</span> <span class='ocrx_word' id='word_1_245' title='bbox 876 1909 910 1951; x_wconf 82' lang='grc'>1.</span> <span class='ocrx_word' id='word_1_246' title='bbox 939 1935 995 1940; x_wconf 94' lang='grc'>-</span> <span class='ocrx_word' id='word_1_247' title='bbox 1023 1909 1272 1951; x_wconf 72' lang='lat' dir='ltr'>Necessitas</span> <span class='ocrx_word' id='word_1_248' title='bbox 1302 1909 1486 1950; x_wconf 71' lang='lat' dir='ltr'>unitatis</span> <span class='ocrx_word' id='word_1_249' title='bbox 1512 1909 1557 1950; x_wconf 77' lang='lat' dir='ltr'>in</span> <span class='ocrx_word' id='word_1_250' title='bbox 1583 1908 1774 1950; x_wconf 75' lang='lat' dir='ltr'>ecclesia.</span> 
     </span>
    </p>
   </div>
   <div class='ocr_carea' id='block_1_9' title="bbox 381 2014 2221 2310">
    <p class='ocr_par' dir='ltr' id='par_1_12' title="bbox 381 2014 2221 2251">
     <span class='ocr_line' id='line_1_35' title="bbox 441 2014 2221 2071; baseline -0.003 -10"><span class='ocrx_word' id='word_1_251' title='bbox 441 2020 546 2062; x_wconf 69' lang='lat' dir='ltr'>CAP.</span> <span class='ocrx_word' id='word_1_252' title='bbox 581 2017 660 2060; x_wconf 84' lang='lat' dir='ltr'>IV.</span> <span class='ocrx_word' id='word_1_253' title='bbox 685 2043 744 2049; x_wconf 94' lang='lat'>—-</span> <span class='ocrx_word' id='word_1_254' title='bbox 773 2017 781 2042; x_wconf 94' lang='lat'><strong>¹</strong></span> <span class='ocrx_word' id='word_1_255' title='bbox 809 2017 1000 2060; x_wconf 85' lang='lat' dir='ltr'>Obsecro</span> <span class='ocrx_word' id='word_1_256' title='bbox 1035 2016 1184 2071; x_wconf 84' lang='lat' dir='ltr'>itaque</span> <span class='ocrx_word' id='word_1_257' title='bbox 1218 2030 1316 2071; x_wconf 84' lang='lat' dir='ltr'>vos,</span> <span class='ocrx_word' id='word_1_258' title='bbox 1352 2030 1433 2071; x_wconf 87' lang='lat' dir='ltr'>ego</span> <span class='ocrx_word' id='word_1_259' title='bbox 1464 2015 1640 2058; x_wconf 88' lang='lat' dir='ltr'>vinctus</span> <span class='ocrx_word' id='word_1_260' title='bbox 1677 2015 1722 2057; x_wconf 87' lang='lat' dir='ltr'>in</span> <span class='ocrx_word' id='word_1_261' title='bbox 1758 2014 1973 2070; x_wconf 88' lang='lat' dir='ltr'>Domino,</span> <span class='ocrx_word' id='word_1_262' title='bbox 2005 2023 2055 2057; x_wconf 89' lang='lat' dir='ltr'>ut</span> <span class='ocrx_word' id='word_1_263' title='bbox 2087 2014 2221 2070; x_wconf 86' lang='lat' dir='ltr'>digne</span> 
     </span>
     <span class='ocr_line' id='line_1_36' title="bbox 381 2074 2219 2131; baseline -0.002 -12"><span class='ocrx_word' id='word_1_264' title='bbox 381 2076 619 2119; x_wconf 79' lang='lat' dir='ltr'>ambuletis</span> <span class='ocrx_word' id='word_1_265' title='bbox 640 2076 873 2118; x_wconf 78' lang='lat' dir='ltr'>vocatione</span> <span class='ocrx_word' id='word_1_266' title='bbox 895 2090 982 2131; x_wconf 89' lang='lat' dir='ltr'>qua</span> <span class='ocrx_word' id='word_1_267' title='bbox 1008 2075 1156 2118; x_wconf 84' lang='lat' dir='ltr'>vocati</span> <span class='ocrx_word' id='word_1_268' title='bbox 1178 2075 1308 2129; x_wconf 83' lang='lat' dir='ltr'>estis3</span> <span class='ocrx_word' id='word_1_269' title='bbox 1335 2074 1352 2100; x_wconf 68' lang='lat'>⁶2</span> <span class='ocrx_word' id='word_1_270' title='bbox 1371 2089 1471 2118; x_wconf 90' lang='lat' dir='ltr'>cum</span> <span class='ocrx_word' id='word_1_271' title='bbox 1500 2074 1617 2117; x_wconf 88' lang='lat' dir='ltr'>omni</span> <span class='ocrx_word' id='word_1_272' title='bbox 1645 2074 1922 2126; x_wconf 83' lang='lat' dir='ltr'>humilitate,</span> <span class='ocrx_word' id='word_1_273' title='bbox 1946 2078 1991 2116; x_wconf 91' lang='lat' dir='ltr'>et</span> <span class='ocrx_word' id='word_1_274' title='bbox 2016 2088 2219 2116; x_wconf 88' lang='lat' dir='ltr'>mansue-</span> 
     </span>
     <span class='ocr_line' id='line_1_37' title="bbox 384 2132 2220 2192; baseline -0.001 -14"><span class='ocrx_word' id='word_1_275' title='bbox 384 2136 548 2187; x_wconf 79' lang='lat' dir='ltr'>tudine,</span> <span class='ocrx_word' id='word_1_276' title='bbox 570 2150 671 2178; x_wconf 91' lang='lat' dir='ltr'>cum</span> <span class='ocrx_word' id='word_1_277' title='bbox 692 2135 919 2192; x_wconf 88' lang='lat' dir='ltr'>patientia,</span> <span class='ocrx_word' id='word_1_278' title='bbox 939 2139 1251 2191; x_wconf 81' lang='lat' dir='ltr'>supportantes</span> <span class='ocrx_word' id='word_1_279' title='bbox 1275 2134 1470 2177; x_wconf 85' lang='lat' dir='ltr'>invicem</span> <span class='ocrx_word' id='word_1_280' title='bbox 1494 2134 1540 2176; x_wconf 88' lang='lat' dir='ltr'>in</span> <span class='ocrx_word' id='word_1_281' title='bbox 1565 2134 1794 2188; x_wconf 85' lang='lat' dir='ltr'>charitate,</span> <span class='ocrx_word' id='word_1_282' title='bbox 1811 2133 1829 2159; x_wconf 85' lang='grc'><strong>3</strong></span> <span class='ocrx_word' id='word_1_283' title='bbox 1846 2132 2028 2176; x_wconf 86' lang='lat' dir='ltr'>solliciti</span> <span class='ocrx_word' id='word_1_284' title='bbox 2046 2147 2220 2176; x_wconf 82' lang='lat' dir='ltr'>servare</span> 
     </span>
     <span class='ocr_line' id='line_1_38' title="bbox 383 2194 1236 2251; baseline 0.002 -15"><span class='ocrx_word' id='word_1_285' title='bbox 383 2195 600 2238; x_wconf 83' lang='lat' dir='ltr'>unitatem</span> <span class='ocrx_word' id='word_1_286' title='bbox 623 2194 802 2251; x_wconf 85' lang='lat' dir='ltr'>spiritus</span> <span class='ocrx_word' id='word_1_287' title='bbox 827 2194 874 2236; x_wconf 91' lang='lat' dir='ltr'>in</span> <span class='ocrx_word' id='word_1_288' title='bbox 896 2194 1075 2237; x_wconf 77' lang='lat' dir='ltr'>vinculo</span> <span class='ocrx_word' id='word_1_289' title='bbox 1102 2194 1236 2250; x_wconf 87' lang='lat' dir='ltr'>pacis.</span> 
     </span>
    </p>

    <p class='ocr_par' dir='ltr' id='par_1_13' title="bbox 441 2251 2220 2310">
     <span class='ocr_line' id='line_1_39' title="bbox 441 2251 2220 2310; baseline -0.002 -13"><span class='ocrx_word' id='word_1_290' title='bbox 441 2254 457 2280; x_wconf 70' lang='grc'>1</span> <span class='ocrx_word' id='word_1_291' title='bbox 478 2255 628 2297; x_wconf 90' lang='lat' dir='ltr'>Unum</span> <span class='ocrx_word' id='word_1_292' title='bbox 652 2267 821 2310; x_wconf 88' lang='lat' dir='ltr'>corpus,</span> <span class='ocrx_word' id='word_1_293' title='bbox 841 2258 886 2296; x_wconf 92' lang='lat' dir='ltr'>et</span> <span class='ocrx_word' id='word_1_294' title='bbox 910 2268 1021 2295; x_wconf 90' lang='lat' dir='ltr'>unus</span> <span class='ocrx_word' id='word_1_295' title='bbox 1044 2253 1238 2309; x_wconf 88' lang='lat' dir='ltr'>spiritus,</span> <span class='ocrx_word' id='word_1_296' title='bbox 1263 2253 1378 2296; x_wconf 87' lang='lat' dir='ltr'>sicut</span> <span class='ocrx_word' id='word_1_297' title='bbox 1396 2253 1544 2296; x_wconf 85' lang='lat' dir='ltr'>vocati</span> <span class='ocrx_word' id='word_1_298' title='bbox 1571 2252 1677 2296; x_wconf 90' lang='lat' dir='ltr'>estis</span> <span class='ocrx_word' id='word_1_299' title='bbox 1698 2252 1745 2295; x_wconf 93' lang='lat' dir='ltr'>in</span> <span class='ocrx_word' id='word_1_300' title='bbox 1769 2266 1855 2295; x_wconf 86' lang='lat' dir='ltr'>una</span> <span class='ocrx_word' id='word_1_301' title='bbox 1879 2266 1955 2309; x_wconf 86' lang='lat' dir='ltr'>spe</span> <span class='ocrx_word' id='word_1_302' title='bbox 1973 2251 2220 2294; x_wconf 85' lang='lat' dir='ltr'>vocationis</span> 
     </span>
    </p>
   </div>
   <div class='ocr_carea' id='block_1_10' title="bbox 382 2311 2290 2368">
    <p class='ocr_par' dir='ltr' id='par_1_14' title="bbox 382 2311 2290 2368">
     <span class='ocr_line' id='line_1_40' title="bbox 382 2311 2290 2368; baseline -0.002 -13"><span class='ocrx_word' id='word_1_303' title='bbox 382 2320 556 2356; x_wconf 79' lang='lat' dir='ltr'>vestrae.</span> <span class='ocrx_word' id='word_1_304' title='bbox 575 2314 592 2339; x_wconf 76' lang='lat'>5</span> <span class='ocrx_word' id='word_1_305' title='bbox 611 2314 739 2356; x_wconf 88' lang='lat' dir='ltr'>Unus</span> <span class='ocrx_word' id='word_1_306' title='bbox 769 2313 998 2366; x_wconf 81' lang='lat' dir='ltr'>Dominus,</span> <span class='ocrx_word' id='word_1_307' title='bbox 1023 2327 1110 2355; x_wconf 88' lang='lat' dir='ltr'>una</span> <span class='ocrx_word' id='word_1_308' title='bbox 1131 2312 1252 2367; x_wconf 90' lang='lat' dir='ltr'>fides,</span> <span class='ocrx_word' id='word_1_309' title='bbox 1281 2327 1419 2355; x_wconf 89' lang='lat' dir='ltr'>unum</span> <span class='ocrx_word' id='word_1_310' title='bbox 1440 2312 1679 2368; x_wconf 86' lang='lat' dir='ltr'>baptisma.</span> <span class='ocrx_word' id='word_1_311' title='bbox 1698 2312 1715 2338; x_wconf 69' lang='lat'>¹³</span> <span class='ocrx_word' id='word_1_312' title='bbox 1732 2313 1859 2355; x_wconf 87' lang='lat' dir='ltr'>Unus</span> <span class='ocrx_word' id='word_1_313' title='bbox 1880 2313 1998 2355; x_wconf 90' lang='lat' dir='ltr'>Deus</span> <span class='ocrx_word' id='word_1_314' title='bbox 2023 2315 2066 2354; x_wconf 89' lang='lat' dir='ltr'>et</span> <span class='ocrx_word' id='word_1_315' title='bbox 2089 2311 2221 2353; x_wconf 88' lang='lat' dir='ltr'>Pater</span> <span class='ocrx_word' id='word_1_316' title='bbox 2284 2321 2290 2325; x_wconf 89' lang='lat'>·</span> 
     </span>
    </p>
   </div>
   <div class='ocr_carea' id='block_1_11' title="bbox 382 2369 2221 3423">
    <p class='ocr_par' dir='ltr' id='par_1_15' title="bbox 382 2369 2221 2726">
     <span class='ocr_line' id='line_1_41' title="bbox 382 2369 2220 2429; baseline -0.002 -14"><span class='ocrx_word' id='word_1_317' title='bbox 382 2373 602 2428; x_wconf 89' lang='lat' dir='ltr'>omnium,</span> <span class='ocrx_word' id='word_1_318' title='bbox 625 2373 698 2428; x_wconf 90' lang='lat' dir='ltr'>qui</span> <span class='ocrx_word' id='word_1_319' title='bbox 723 2378 788 2415; x_wconf 88' lang='lat' dir='ltr'>est</span> <span class='ocrx_word' id='word_1_320' title='bbox 813 2387 943 2428; x_wconf 86' lang='lat' dir='ltr'>super</span> <span class='ocrx_word' id='word_1_321' title='bbox 969 2386 1142 2426; x_wconf 88' lang='lat' dir='ltr'>omnes,</span> <span class='ocrx_word' id='word_1_322' title='bbox 1166 2377 1210 2415; x_wconf 91' lang='lat' dir='ltr'>et</span> <span class='ocrx_word' id='word_1_323' title='bbox 1237 2387 1313 2429; x_wconf 89' lang='lat' dir='ltr'>per</span> <span class='ocrx_word' id='word_1_324' title='bbox 1335 2372 1504 2427; x_wconf 89' lang='lat' dir='ltr'>omnia,</span> <span class='ocrx_word' id='word_1_325' title='bbox 1532 2378 1575 2415; x_wconf 92' lang='lat' dir='ltr'>et</span> <span class='ocrx_word' id='word_1_326' title='bbox 1600 2372 1647 2414; x_wconf 93' lang='lat' dir='ltr'>in</span> <span class='ocrx_word' id='word_1_327' title='bbox 1674 2371 1878 2415; x_wconf 90' lang='lat' dir='ltr'>omnibus</span> <span class='ocrx_word' id='word_1_328' title='bbox 1904 2370 2046 2413; x_wconf 90' lang='lat' dir='ltr'>nobis.</span> <span class='ocrx_word' id='word_1_329' title='bbox 2073 2369 2088 2396; x_wconf 86' lang='lat'>7</span> <span class='ocrx_word' id='word_1_330' title='bbox 2110 2370 2220 2413; x_wconf 89' lang='lat' dir='ltr'>Uni-</span> 
     </span>
     <span class='ocr_line' id='line_1_42' title="bbox 384 2429 2220 2488; baseline -0.002 -13"><span class='ocrx_word' id='word_1_331' title='bbox 384 2433 540 2488; x_wconf 84' lang='lat' dir='ltr'>cuique</span> <span class='ocrx_word' id='word_1_332' title='bbox 576 2439 725 2475; x_wconf 91' lang='lat' dir='ltr'>autem</span> <span class='ocrx_word' id='word_1_333' title='bbox 761 2437 961 2474; x_wconf 89' lang='lat' dir='ltr'>nostrum</span> <span class='ocrx_word' id='word_1_334' title='bbox 996 2431 1099 2474; x_wconf 88' lang='lat' dir='ltr'>data</span> <span class='ocrx_word' id='word_1_335' title='bbox 1130 2436 1197 2475; x_wconf 88' lang='lat' dir='ltr'>est</span> <span class='ocrx_word' id='word_1_336' title='bbox 1225 2431 1370 2488; x_wconf 86' lang='lat' dir='ltr'>gratia</span> <span class='ocrx_word' id='word_1_337' title='bbox 1404 2431 1648 2474; x_wconf 90' lang='lat' dir='ltr'>secundum</span> <span class='ocrx_word' id='word_1_338' title='bbox 1685 2445 1937 2474; x_wconf 88' lang='lat' dir='ltr'>mensuram</span> <span class='ocrx_word' id='word_1_339' title='bbox 1968 2429 2220 2473; x_wconf 85' lang='lat' dir='ltr'>donationis</span> 
     </span>
     <span class='ocr_line' id='line_1_43' title="bbox 383 2487 2220 2548; baseline -0.002 -14"><span class='ocrx_word' id='word_1_340' title='bbox 383 2492 560 2534; x_wconf 88' lang='lat' dir='ltr'>Christi.</span> <span class='ocrx_word' id='word_1_341' title='bbox 585 2492 601 2518; x_wconf 76' lang='grc'><strong>3</strong></span> <span class='ocrx_word' id='word_1_342' title='bbox 620 2492 804 2548; x_wconf 88' lang='lat' dir='ltr'>Propter</span> <span class='ocrx_word' id='word_1_343' title='bbox 831 2491 946 2546; x_wconf 91' lang='lat' dir='ltr'>quod</span> <span class='ocrx_word' id='word_1_344' title='bbox 974 2491 1113 2535; x_wconf 88' lang='lat' dir='ltr'>dicit:</span> <span class='ocrx_word' id='word_1_345' title='bbox 1140 2491 1401 2534; x_wconf 89' lang='lat' dir='ltr'>Ascendens</span> <span class='ocrx_word' id='word_1_346' title='bbox 1431 2490 1477 2533; x_wconf 92' lang='lat' dir='ltr'>in</span> <span class='ocrx_word' id='word_1_347' title='bbox 1505 2491 1647 2533; x_wconf 87' lang='lat' dir='ltr'>altum</span> <span class='ocrx_word' id='word_1_348' title='bbox 1675 2490 1901 2547; x_wconf 88' lang='lat' dir='ltr'>captivam</span> <span class='ocrx_word' id='word_1_349' title='bbox 1927 2489 2056 2533; x_wconf 87' lang='lat' dir='ltr'>duxit</span> <span class='ocrx_word' id='word_1_350' title='bbox 2082 2487 2220 2544; x_wconf 86' lang='lat' dir='ltr'>capti-</span> 
     </span>
     <span class='ocr_line' id='line_1_44' title="bbox 384 2547 2221 2605; baseline -0.002 -13"><span class='ocrx_word' id='word_1_351' title='bbox 384 2551 581 2604; x_wconf 87' lang='lat' dir='ltr'>vitatem,</span> <span class='ocrx_word' id='word_1_352' title='bbox 603 2550 726 2593; x_wconf 89' lang='lat' dir='ltr'>dedit</span> <span class='ocrx_word' id='word_1_353' title='bbox 748 2551 865 2593; x_wconf 90' lang='lat' dir='ltr'>dona</span> <span class='ocrx_word' id='word_1_354' title='bbox 889 2551 1157 2594; x_wconf 88' lang='lat' dir='ltr'>hominibus.</span> <span class='ocrx_word' id='word_1_355' title='bbox 1177 2551 1195 2576; x_wconf 82' lang='lat'>9</span> <span class='ocrx_word' id='word_1_356' title='bbox 1213 2550 1337 2600; x_wconf 80' lang='lat' dir='ltr'>Quod</span> <span class='ocrx_word' id='word_1_357' title='bbox 1363 2556 1515 2593; x_wconf 88' lang='lat' dir='ltr'>autem</span> <span class='ocrx_word' id='word_1_358' title='bbox 1540 2550 1754 2605; x_wconf 87' lang='lat' dir='ltr'>ascendit,</span> <span class='ocrx_word' id='word_1_359' title='bbox 1780 2549 1885 2605; x_wconf 91' lang='lat' dir='ltr'>quid</span> <span class='ocrx_word' id='word_1_360' title='bbox 1907 2554 1987 2603; x_wconf 90' lang='lat' dir='ltr'>est,</span> <span class='ocrx_word' id='word_1_361' title='bbox 2011 2548 2095 2590; x_wconf 89' lang='lat' dir='ltr'>nisi</span> <span class='ocrx_word' id='word_1_362' title='bbox 2118 2547 2221 2603; x_wconf 86' lang='lat' dir='ltr'>quia</span> 
     </span>
     <span class='ocr_line' id='line_1_45' title="bbox 383 2607 2220 2667; baseline -0.002 -14"><span class='ocrx_word' id='word_1_363' title='bbox 383 2618 427 2653; x_wconf 88' lang='lat' dir='ltr'>et</span> <span class='ocrx_word' id='word_1_364' title='bbox 453 2610 682 2654; x_wconf 67' lang='lat' dir='ltr'>descendit</span> <span class='ocrx_word' id='word_1_365' title='bbox 707 2611 898 2667; x_wconf 88' lang='lat' dir='ltr'>primum</span> <span class='ocrx_word' id='word_1_366' title='bbox 924 2610 971 2652; x_wconf 93' lang='lat' dir='ltr'>in</span> <span class='ocrx_word' id='word_1_367' title='bbox 993 2610 1225 2654; x_wconf 75' lang='lat' dir='ltr'>inferiores</span> <span class='ocrx_word' id='word_1_368' title='bbox 1248 2615 1395 2666; x_wconf 86' lang='lat' dir='ltr'>partes</span> <span class='ocrx_word' id='word_1_369' title='bbox 1417 2610 1577 2653; x_wconf 81' lang='lat' dir='ltr'>terrae?</span> <span class='ocrx_word' id='word_1_370' title='bbox 1603 2609 1639 2635; x_wconf 86' lang='lat'>¹0</span> <span class='ocrx_word' id='word_1_371' title='bbox 1658 2609 1740 2659; x_wconf 79' lang='lat' dir='ltr'>Qui</span> <span class='ocrx_word' id='word_1_372' title='bbox 1764 2607 2015 2663; x_wconf 87' lang='lat' dir='ltr'>descendit,</span> <span class='ocrx_word' id='word_1_373' title='bbox 2038 2608 2132 2663; x_wconf 86' lang='lat' dir='ltr'>ipse</span> <span class='ocrx_word' id='word_1_374' title='bbox 2154 2613 2220 2650; x_wconf 90' lang='lat' dir='ltr'>est</span> 
     </span>
     <span class='ocr_line' id='line_1_46' title="bbox 385 2669 1748 2726; baseline 0 -14"><span class='ocrx_word' id='word_1_375' title='bbox 385 2675 428 2712; x_wconf 85' lang='lat' dir='ltr'>et</span> <span class='ocrx_word' id='word_1_376' title='bbox 452 2670 525 2725; x_wconf 90' lang='lat' dir='ltr'>qui</span> <span class='ocrx_word' id='word_1_377' title='bbox 548 2670 749 2713; x_wconf 89' lang='lat' dir='ltr'>ascendit</span> <span class='ocrx_word' id='word_1_378' title='bbox 771 2685 900 2726; x_wconf 89' lang='lat' dir='ltr'>super</span> <span class='ocrx_word' id='word_1_379' title='bbox 926 2685 1077 2713; x_wconf 87' lang='lat' dir='ltr'>omnes</span> <span class='ocrx_word' id='word_1_380' title='bbox 1100 2670 1253 2724; x_wconf 81' lang='lat' dir='ltr'>caelos,</span> <span class='ocrx_word' id='word_1_381' title='bbox 1282 2674 1330 2712; x_wconf 89' lang='lat' dir='ltr'>ut</span> <span class='ocrx_word' id='word_1_382' title='bbox 1356 2669 1560 2726; x_wconf 88' lang='lat' dir='ltr'>impleret</span> <span class='ocrx_word' id='word_1_383' title='bbox 1586 2670 1748 2712; x_wconf 89' lang='lat' dir='ltr'>omnia.</span> 
     </span>
    </p>

    <p class='ocr_par' dir='ltr' id='par_1_16' title="bbox 385 2729 2220 3423">
     <span class='ocr_line' id='line_1_47' title="bbox 449 2729 2218 2786; baseline -0.001 -14"><span class='ocrx_word' id='word_1_384' title='bbox 449 2729 476 2755; x_wconf 88' lang='lat'>¹¹</span> <span class='ocrx_word' id='word_1_385' title='bbox 501 2731 556 2772; x_wconf 85' lang='lat' dir='ltr'>Et</span> <span class='ocrx_word' id='word_1_386' title='bbox 577 2729 671 2786; x_wconf 87' lang='lat' dir='ltr'>ipse</span> <span class='ocrx_word' id='word_1_387' title='bbox 695 2729 817 2772; x_wconf 86' lang='lat' dir='ltr'>dedit</span> <span class='ocrx_word' id='word_1_388' title='bbox 840 2729 1053 2785; x_wconf 82' lang='lat' dir='ltr'>quosdam</span> <span class='ocrx_word' id='word_1_389' title='bbox 1081 2730 1261 2785; x_wconf 89' lang='lat' dir='ltr'>quidem</span> <span class='ocrx_word' id='word_1_390' title='bbox 1286 2729 1532 2786; x_wconf 88' lang='lat' dir='ltr'>apostolos,</span> <span class='ocrx_word' id='word_1_391' title='bbox 1554 2729 1769 2785; x_wconf 88' lang='lat' dir='ltr'>quosdam</span> <span class='ocrx_word' id='word_1_392' title='bbox 1796 2735 1944 2772; x_wconf 90' lang='lat' dir='ltr'>autem</span> <span class='ocrx_word' id='word_1_393' title='bbox 1970 2729 2218 2785; x_wconf 86' lang='lat' dir='ltr'>prophetas,</span> 
     </span>
     <span class='ocr_line' id='line_1_48' title="bbox 385 2787 2219 2845; baseline -0.001 -14"><span class='ocrx_word' id='word_1_394' title='bbox 385 2789 495 2832; x_wconf 90' lang='lat' dir='ltr'>alios</span> <span class='ocrx_word' id='word_1_395' title='bbox 518 2803 619 2832; x_wconf 77' lang='lat' dir='ltr'>vero</span> <span class='ocrx_word' id='word_1_396' title='bbox 643 2789 963 2844; x_wconf 84' lang='lat' dir='ltr'>evangelistas,</span> <span class='ocrx_word' id='word_1_397' title='bbox 987 2789 1098 2832; x_wconf 88' lang='lat' dir='ltr'>alios</span> <span class='ocrx_word' id='word_1_398' title='bbox 1127 2795 1277 2832; x_wconf 89' lang='lat' dir='ltr'>autem</span> <span class='ocrx_word' id='word_1_399' title='bbox 1305 2793 1522 2845; x_wconf 87' lang='lat' dir='ltr'>pastores,</span> <span class='ocrx_word' id='word_1_400' title='bbox 1553 2794 1595 2831; x_wconf 89' lang='lat' dir='ltr'>et</span> <span class='ocrx_word' id='word_1_401' title='bbox 1621 2788 1847 2843; x_wconf 82' lang='lat' dir='ltr'>doctores3</span> <span class='ocrx_word' id='word_1_402' title='bbox 1879 2787 1912 2814; x_wconf 76' lang='lat'>¹&#39;2</span> <span class='ocrx_word' id='word_1_403' title='bbox 1930 2788 1993 2844; x_wconf 85' lang='lat' dir='ltr'>ad</span> <span class='ocrx_word' id='word_1_404' title='bbox 2017 2801 2219 2830; x_wconf 89' lang='lat' dir='ltr'>consum-</span> 
     </span>
     <span class='ocr_line' id='line_1_49' title="bbox 386 2845 2218 2905; baseline -0.002 -15"><span class='ocrx_word' id='word_1_405' title='bbox 386 2848 628 2891; x_wconf 88' lang='lat' dir='ltr'>mationem</span> <span class='ocrx_word' id='word_1_406' title='bbox 658 2854 910 2891; x_wconf 87' lang='lat' dir='ltr'>sanctorum</span> <span class='ocrx_word' id='word_1_407' title='bbox 937 2849 982 2891; x_wconf 90' lang='lat' dir='ltr'>in</span> <span class='ocrx_word' id='word_1_408' title='bbox 1009 2863 1117 2905; x_wconf 86' lang='lat' dir='ltr'>opus</span> <span class='ocrx_word' id='word_1_409' title='bbox 1148 2848 1406 2902; x_wconf 89' lang='lat' dir='ltr'>ministerii,</span> <span class='ocrx_word' id='word_1_410' title='bbox 1433 2847 1478 2889; x_wconf 90' lang='lat' dir='ltr'>in</span> <span class='ocrx_word' id='word_1_411' title='bbox 1507 2847 1851 2890; x_wconf 69' lang='lat' dir='ltr'>aedificationem</span> <span class='ocrx_word' id='word_1_412' title='bbox 1878 2847 2070 2904; x_wconf 87' lang='lat' dir='ltr'>corporis</span> <span class='ocrx_word' id='word_1_413' title='bbox 2097 2845 2218 2889; x_wconf 88' lang='lat' dir='ltr'>Chri-</span> 
     </span>
     <span class='ocr_line' id='line_1_50' title="bbox 386 2905 2218 2963; baseline -0.001 -14"><span class='ocrx_word' id='word_1_414' title='bbox 386 2907 464 2961; x_wconf 86' lang='lat' dir='ltr'>sti,</span> <span class='ocrx_word' id='word_1_415' title='bbox 489 2907 520 2933; x_wconf 74' lang='grc'>13</span> <span class='ocrx_word' id='word_1_416' title='bbox 539 2907 678 2950; x_wconf 90' lang='lat' dir='ltr'>donec</span> <span class='ocrx_word' id='word_1_417' title='bbox 705 2921 984 2950; x_wconf 87' lang='lat' dir='ltr'>occurramus</span> <span class='ocrx_word' id='word_1_418' title='bbox 1008 2922 1160 2951; x_wconf 88' lang='lat' dir='ltr'>omnes</span> <span class='ocrx_word' id='word_1_419' title='bbox 1186 2907 1230 2949; x_wconf 91' lang='lat' dir='ltr'>in</span> <span class='ocrx_word' id='word_1_420' title='bbox 1256 2907 1473 2950; x_wconf 90' lang='lat' dir='ltr'>unitatem</span> <span class='ocrx_word' id='word_1_421' title='bbox 1501 2907 1625 2961; x_wconf 89' lang='lat' dir='ltr'>fidei,</span> <span class='ocrx_word' id='word_1_422' title='bbox 1646 2913 1691 2950; x_wconf 92' lang='lat' dir='ltr'>et</span> <span class='ocrx_word' id='word_1_423' title='bbox 1714 2906 1959 2963; x_wconf 86' lang='lat' dir='ltr'>agnitionis</span> <span class='ocrx_word' id='word_1_424' title='bbox 1985 2905 2090 2949; x_wconf 85' lang='lat' dir='ltr'>Filii</span> <span class='ocrx_word' id='word_1_425' title='bbox 2116 2905 2218 2959; x_wconf 91' lang='lat' dir='ltr'>Dei,</span> 
     </span>
     <span class='ocr_line' id='line_1_51' title="bbox 385 2964 2218 3023; baseline -0.002 -15"><span class='ocrx_word' id='word_1_426' title='bbox 385 2966 431 3008; x_wconf 91' lang='lat' dir='ltr'>in</span> <span class='ocrx_word' id='word_1_427' title='bbox 454 2966 597 3008; x_wconf 82' lang='lat' dir='ltr'>virum</span> <span class='ocrx_word' id='word_1_428' title='bbox 628 2968 899 3023; x_wconf 77' lang='lat' dir='ltr'>perfectum,</span> <span class='ocrx_word' id='word_1_429' title='bbox 926 2967 972 3010; x_wconf 92' lang='lat' dir='ltr'>in</span> <span class='ocrx_word' id='word_1_430' title='bbox 1004 2982 1255 3010; x_wconf 89' lang='lat' dir='ltr'>mensuram</span> <span class='ocrx_word' id='word_1_431' title='bbox 1281 2966 1426 3009; x_wconf 85' lang='lat' dir='ltr'>aetatis</span> <span class='ocrx_word' id='word_1_432' title='bbox 1457 2966 1750 3023; x_wconf 89' lang='lat' dir='ltr'>plenitudinis</span> <span class='ocrx_word' id='word_1_433' title='bbox 1780 2965 1969 3019; x_wconf 73' lang='lat' dir='ltr'>Christi3</span> <span class='ocrx_word' id='word_1_434' title='bbox 1996 2965 2032 2991; x_wconf 73' lang='lat'>¹4</span> <span class='ocrx_word' id='word_1_435' title='bbox 2054 2969 2102 3007; x_wconf 91' lang='lat' dir='ltr'>ut</span> <span class='ocrx_word' id='word_1_436' title='bbox 2125 2964 2218 3019; x_wconf 81' lang='lat' dir='ltr'>jam</span> 
     </span>
     <span class='ocr_line' id='line_1_52' title="bbox 387 3023 2216 3082; baseline -0.002 -15"><span class='ocrx_word' id='word_1_437' title='bbox 387 3040 471 3068; x_wconf 88' lang='lat' dir='ltr'>nou</span> <span class='ocrx_word' id='word_1_438' title='bbox 495 3025 631 3068; x_wconf 81' lang='lat' dir='ltr'>simus</span> <span class='ocrx_word' id='word_1_439' title='bbox 654 3026 826 3082; x_wconf 86' lang='lat' dir='ltr'>parvuli</span> <span class='ocrx_word' id='word_1_440' title='bbox 853 3025 1140 3081; x_wconf 87' lang='lat' dir='ltr'>fluctuantes,</span> <span class='ocrx_word' id='word_1_441' title='bbox 1164 3031 1208 3069; x_wconf 91' lang='lat' dir='ltr'>et</span> <span class='ocrx_word' id='word_1_442' title='bbox 1235 3026 1602 3069; x_wconf 76' lang='lat' dir='ltr'>circumferamur</span> <span class='ocrx_word' id='word_1_443' title='bbox 1629 3025 1748 3068; x_wconf 90' lang='lat' dir='ltr'>omni</span> <span class='ocrx_word' id='word_1_444' title='bbox 1774 3029 1907 3068; x_wconf 91' lang='lat' dir='ltr'>vento</span> <span class='ocrx_word' id='word_1_445' title='bbox 1934 3023 2146 3067; x_wconf 80' lang='lat' dir='ltr'>doctrinae</span> <span class='ocrx_word' id='word_1_446' title='bbox 2174 3023 2216 3065; x_wconf 89' lang='lat' dir='ltr'>in</span> 
     </span>
     <span class='ocr_line' id='line_1_53' title="bbox 387 3082 2216 3140; baseline -0.001 -14"><span class='ocrx_word' id='word_1_447' title='bbox 387 3084 584 3140; x_wconf 84' lang='lat' dir='ltr'>nequitia</span> <span class='ocrx_word' id='word_1_448' title='bbox 617 3085 867 3139; x_wconf 90' lang='lat' dir='ltr'>hominum,</span> <span class='ocrx_word' id='word_1_449' title='bbox 898 3085 944 3127; x_wconf 91' lang='lat' dir='ltr'>in</span> <span class='ocrx_word' id='word_1_450' title='bbox 974 3086 1140 3128; x_wconf 86' lang='lat' dir='ltr'>astutia</span> <span class='ocrx_word' id='word_1_451' title='bbox 1165 3085 1221 3128; x_wconf 86' lang='lat' dir='ltr'>ad</span> <span class='ocrx_word' id='word_1_452' title='bbox 1253 3085 1679 3128; x_wconf 87' lang='lat' dir='ltr'>circumventionem</span> <span class='ocrx_word' id='word_1_453' title='bbox 1715 3084 1885 3128; x_wconf 84' lang='lat' dir='ltr'>erroris.</span> <span class='ocrx_word' id='word_1_454' title='bbox 1914 3083 1949 3110; x_wconf 83' lang='lat'>¹⁵</span> <span class='ocrx_word' id='word_1_455' title='bbox 1973 3082 2216 3126; x_wconf 79' lang='lat' dir='ltr'>Veritatem</span> 
     </span>
     <span class='ocr_line' id='line_1_54' title="bbox 387 3142 2220 3201; baseline -0.001 -15"><span class='ocrx_word' id='word_1_456' title='bbox 387 3150 535 3187; x_wconf 87' lang='lat' dir='ltr'>autem</span> <span class='ocrx_word' id='word_1_457' title='bbox 557 3144 777 3186; x_wconf 77' lang='lat' dir='ltr'>facientes</span> <span class='ocrx_word' id='word_1_458' title='bbox 803 3144 846 3186; x_wconf 92' lang='lat' dir='ltr'>in</span> <span class='ocrx_word' id='word_1_459' title='bbox 874 3145 1112 3200; x_wconf 85' lang='lat' dir='ltr'>charitate,</span> <span class='ocrx_word' id='word_1_460' title='bbox 1137 3159 1386 3187; x_wconf 87' lang='lat' dir='ltr'>crescamus</span> <span class='ocrx_word' id='word_1_461' title='bbox 1408 3144 1454 3186; x_wconf 92' lang='lat' dir='ltr'>in</span> <span class='ocrx_word' id='word_1_462' title='bbox 1479 3144 1558 3187; x_wconf 92' lang='lat' dir='ltr'>illo</span> <span class='ocrx_word' id='word_1_463' title='bbox 1587 3158 1662 3201; x_wconf 87' lang='lat' dir='ltr'>per</span> <span class='ocrx_word' id='word_1_464' title='bbox 1688 3143 1856 3198; x_wconf 89' lang='lat' dir='ltr'>omnia,</span> <span class='ocrx_word' id='word_1_465' title='bbox 1884 3142 1956 3199; x_wconf 90' lang='lat' dir='ltr'>qui</span> <span class='ocrx_word' id='word_1_466' title='bbox 1991 3146 2058 3184; x_wconf 90' lang='lat' dir='ltr'>est</span> <span class='ocrx_word' id='word_1_467' title='bbox 2087 3147 2220 3197; x_wconf 78' lang='lat' dir='ltr'>caput</span> 
     </span>
     <span class='ocr_line' id='line_1_55' title="bbox 389 3202 2218 3259; baseline -0.002 -14"><span class='ocrx_word' id='word_1_468' title='bbox 389 3202 587 3245; x_wconf 84' lang='lat' dir='ltr'>Christus</span> <span class='ocrx_word' id='word_1_469' title='bbox 610 3220 618 3246; x_wconf 91' lang='lat'><strong>:</strong></span> <span class='ocrx_word' id='word_1_470' title='bbox 649 3203 681 3229; x_wconf 74' lang='lat'>¹⁶</span> <span class='ocrx_word' id='word_1_471' title='bbox 700 3218 753 3245; x_wconf 81' lang='lat' dir='ltr'>ex</span> <span class='ocrx_word' id='word_1_472' title='bbox 779 3217 864 3258; x_wconf 84' lang='lat' dir='ltr'>quo</span> <span class='ocrx_word' id='word_1_473' title='bbox 897 3209 1037 3246; x_wconf 90' lang='lat' dir='ltr'>totum</span> <span class='ocrx_word' id='word_1_474' title='bbox 1065 3218 1223 3259; x_wconf 86' lang='lat' dir='ltr'>corpus</span> <span class='ocrx_word' id='word_1_475' title='bbox 1249 3209 1552 3259; x_wconf 87' lang='lat' dir='ltr'>compactum,</span> <span class='ocrx_word' id='word_1_476' title='bbox 1585 3208 1627 3246; x_wconf 90' lang='lat' dir='ltr'>et</span> <span class='ocrx_word' id='word_1_477' title='bbox 1662 3217 1911 3246; x_wconf 75' lang='lat' dir='ltr'>connexum</span> <span class='ocrx_word' id='word_1_478' title='bbox 1941 3215 2018 3258; x_wconf 91' lang='lat' dir='ltr'>per</span> <span class='ocrx_word' id='word_1_479' title='bbox 2043 3214 2218 3243; x_wconf 88' lang='lat' dir='ltr'>omnem</span> 
     </span>
     <span class='ocr_line' id='line_1_56' title="bbox 387 3259 2217 3318; baseline 0 -15"><span class='ocrx_word' id='word_1_480' title='bbox 387 3261 640 3316; x_wconf 77' lang='lat' dir='ltr'>juncturam</span> <span class='ocrx_word' id='word_1_481' title='bbox 667 3262 1104 3317; x_wconf 84' lang='lat' dir='ltr'>subministrationis,</span> <span class='ocrx_word' id='word_1_482' title='bbox 1125 3263 1366 3305; x_wconf 86' lang='lat' dir='ltr'>secundum</span> <span class='ocrx_word' id='word_1_483' title='bbox 1392 3263 1695 3318; x_wconf 82' lang='lat' dir='ltr'>operationem</span> <span class='ocrx_word' id='word_1_484' title='bbox 1721 3262 1766 3304; x_wconf 91' lang='lat' dir='ltr'>in</span> <span class='ocrx_word' id='word_1_485' title='bbox 1791 3273 2041 3305; x_wconf 88' lang='lat' dir='ltr'>mensuram</span> <span class='ocrx_word' id='word_1_486' title='bbox 2069 3259 2217 3303; x_wconf 88' lang='lat' dir='ltr'>unius-</span> 
     </span>
     <span class='ocr_line' id='line_1_57' title="bbox 389 3318 2218 3377; baseline -0.001 -15"><span class='ocrx_word' id='word_1_487' title='bbox 389 3321 603 3376; x_wconf 84' lang='lat' dir='ltr'>cujusque</span> <span class='ocrx_word' id='word_1_488' title='bbox 643 3321 849 3376; x_wconf 81' lang='lat' dir='ltr'>membri,</span> <span class='ocrx_word' id='word_1_489' title='bbox 888 3326 1180 3376; x_wconf 83' lang='lat' dir='ltr'>augmentum</span> <span class='ocrx_word' id='word_1_490' title='bbox 1221 3321 1413 3377; x_wconf 89' lang='lat' dir='ltr'>corporis</span> <span class='ocrx_word' id='word_1_491' title='bbox 1454 3321 1569 3364; x_wconf 77' lang='lat' dir='ltr'>facit-</span> <span class='ocrx_word' id='word_1_492' title='bbox 1606 3320 1651 3363; x_wconf 89' lang='lat' dir='ltr'>in</span> <span class='ocrx_word' id='word_1_493' title='bbox 1689 3319 2031 3363; x_wconf 72' lang='lat' dir='ltr'>aedificationem</span> <span class='ocrx_word' id='word_1_494' title='bbox 2068 3318 2134 3360; x_wconf 88' lang='lat' dir='ltr'>sui</span> <span class='ocrx_word' id='word_1_495' title='bbox 2171 3319 2218 3361; x_wconf 90' lang='lat' dir='ltr'>in</span> 
     </span>
     <span class='ocr_line' id='line_1_58' title="bbox 389 3379 617 3423; baseline 0.009 -2"><span class='ocrx_word' id='word_1_496' title='bbox 389 3379 617 3423; x_wconf 87' lang='lat' dir='ltr'>charitate.</span> 
     </span>
    </p>
   </div>
   <div class='ocr_carea' id='block_1_12' title="bbox 391 3480 624 3486">
    <p class='ocr_par' dir='ltr' id='par_1_17' title="bbox 391 3480 624 3486">
     <span class='ocr_line' id='line_1_59' title="bbox 391 3480 624 3486; baseline 0 0"><span class='ocrx_word' id='word_1_497' title='bbox 391 3480 624 3486; x_wconf 95' lang='lat' dir='ltr'> </span> 
     </span>
    </p>
   </div>
   <div class='ocr_carea' id='block_1_13' title="bbox 627 3483 834 3486">
    <p class='ocr_par' dir='ltr' id='par_1_18' title="bbox 627 3483 834 3486">
     <span class='ocr_line' id='line_1_60' title="bbox 627 3483 834 3486; baseline 0 0"><span class='ocrx_word' id='word_1_498' title='bbox 627 3483 834 3486; x_wconf 95' lang='lat' dir='ltr'> </span> 
     </span>
    </p>
   </div>
   <div class='ocr_carea' id='block_1_14' title="bbox 390 3534 2214 3616">
    <p class='ocr_par' dir='ltr' id='par_1_19' title="bbox 390 3534 2214 3616">
     <span class='ocr_line' id='line_1_61' title="bbox 390 3534 2214 3571; baseline 0 -8"><span class='ocrx_word' id='word_1_499' title='bbox 390 3536 419 3569; x_wconf 85' lang='lat'>8]</span> <span class='ocrx_word' id='word_1_500' title='bbox 440 3537 450 3562; x_wconf 88' lang='lat' dir='ltr'>I</span> <span class='ocrx_word' id='word_1_501' title='bbox 471 3537 541 3564; x_wconf 78' lang='lat' dir='ltr'>Cor.</span> <span class='ocrx_word' id='word_1_502' title='bbox 561 3537 631 3570; x_wconf 73' lang='lat' dir='ltr'>XV,</span> <span class='ocrx_word' id='word_1_503' title='bbox 648 3540 674 3564; x_wconf 76' lang='grc'>9.</span> <span class='ocrx_word' id='word_1_504' title='bbox 694 3552 728 3556; x_wconf 91' lang='lat'>—-</span> <span class='ocrx_word' id='word_1_505' title='bbox 745 3538 774 3571; x_wconf 86' lang='lat'>1]</span> <span class='ocrx_word' id='word_1_506' title='bbox 794 3538 807 3564; x_wconf 88' lang='lat' dir='ltr'>I</span> <span class='ocrx_word' id='word_1_507' title='bbox 827 3538 898 3566; x_wconf 84' lang='lat' dir='ltr'>Cor.</span> <span class='ocrx_word' id='word_1_508' title='bbox 917 3538 1001 3571; x_wconf 84' lang='lat' dir='ltr'>VII,</span> <span class='ocrx_word' id='word_1_509' title='bbox 1019 3540 1063 3565; x_wconf 81' lang='lat'>20.</span> <span class='ocrx_word' id='word_1_510' title='bbox 1084 3537 1167 3566; x_wconf 81' lang='lat' dir='ltr'>Phil.</span> <span class='ocrx_word' id='word_1_511' title='bbox 1189 3539 1202 3565; x_wconf 95' lang='lat' dir='ltr'>I</span> <span class='ocrx_word' id='word_1_512' title='bbox 1216 3559 1222 3571; x_wconf 82' lang='grc'><strong>,</strong></span> <span class='ocrx_word' id='word_1_513' title='bbox 1236 3541 1279 3566; x_wconf 79' lang='lat'>27.</span> <span class='ocrx_word' id='word_1_514' title='bbox 1299 3553 1332 3557; x_wconf 98' lang='lat'><strong>—</strong></span> <span class='ocrx_word' id='word_1_515' title='bbox 1350 3539 1380 3571; x_wconf 88' lang='lat'>3]</span> <span class='ocrx_word' id='word_1_516' title='bbox 1402 3539 1494 3565; x_wconf 80' lang='lat' dir='ltr'>Rom.</span> <span class='ocrx_word' id='word_1_517' title='bbox 1514 3537 1662 3565; x_wconf 79' lang='lat' dir='ltr'>xlt.1o.</span> <span class='ocrx_word' id='word_1_518' title='bbox 1684 3550 1716 3554; x_wconf 87' lang='lat'>—</span> <span class='ocrx_word' id='word_1_519' title='bbox 1735 3537 1763 3569; x_wconf 75' lang='lat'>6]</span> <span class='ocrx_word' id='word_1_520' title='bbox 1784 3535 1859 3563; x_wconf 78' lang='lat' dir='ltr'>Mal.</span> <span class='ocrx_word' id='word_1_521' title='bbox 1880 3534 1933 3568; x_wconf 86' lang='grc' dir='ltr'>ΙΙ,</span> <span class='ocrx_word' id='word_1_522' title='bbox 1954 3538 1996 3563; x_wconf 84' lang='lat'>10.</span> <span class='ocrx_word' id='word_1_523' title='bbox 2015 3551 2049 3555; x_wconf 89' lang='lat'>—</span> <span class='ocrx_word' id='word_1_524' title='bbox 2078 3537 2104 3569; x_wconf 88' lang='lat'>7]</span> <span class='ocrx_word' id='word_1_525' title='bbox 2122 3536 2214 3564; x_wconf 72' lang='lat' dir='ltr'>Rom.</span> 
     </span>
     <span class='ocr_line' id='line_1_62' title="bbox 391 3578 1828 3616; baseline 0.001 -11"><span class='ocrx_word' id='word_1_526' title='bbox 391 3579 507 3613; x_wconf 80' lang='lat' dir='ltr'>X11‚3.</span> <span class='ocrx_word' id='word_1_527' title='bbox 530 3580 627 3607; x_wconf 79' lang='lat' dir='ltr'>ICOI·.</span> <span class='ocrx_word' id='word_1_528' title='bbox 647 3580 726 3615; x_wconf 89' lang='lat' dir='ltr'>XII,</span> <span class='ocrx_word' id='word_1_529' title='bbox 741 3583 784 3609; x_wconf 85' lang='lat'>11.</span> <span class='ocrx_word' id='word_1_530' title='bbox 800 3581 834 3608; x_wconf 91' lang='lat'>11</span> <span class='ocrx_word' id='word_1_531' title='bbox 849 3581 920 3609; x_wconf 87' lang='lat' dir='ltr'>Cor.</span> <span class='ocrx_word' id='word_1_532' title='bbox 935 3581 976 3615; x_wconf 82' lang='lat' dir='ltr'>X,</span> <span class='ocrx_word' id='word_1_533' title='bbox 997 3584 1038 3609; x_wconf 86' lang='lat'>13.</span> <span class='ocrx_word' id='word_1_534' title='bbox 1055 3595 1088 3599; x_wconf 89' lang='lat'>—</span> <span class='ocrx_word' id='word_1_535' title='bbox 1106 3582 1135 3615; x_wconf 88' lang='lat'>8]</span> <span class='ocrx_word' id='word_1_536' title='bbox 1157 3582 1208 3610; x_wconf 61' lang='grc' dir='ltr'>ΡΞ.</span> <span class='ocrx_word' id='word_1_537' title='bbox 1226 3581 1364 3616; x_wconf 81' lang='lat' dir='ltr'>LXVII,</span> <span class='ocrx_word' id='word_1_538' title='bbox 1383 3584 1425 3609; x_wconf 80' lang='lat'>19.</span> <span class='ocrx_word' id='word_1_539' title='bbox 1444 3595 1479 3599; x_wconf 95' lang='lat'><strong>—</strong></span> <span class='ocrx_word' id='word_1_540' title='bbox 1498 3581 1544 3613; x_wconf 86' lang='lat'>11]</span> <span class='ocrx_word' id='word_1_541' title='bbox 1566 3580 1577 3606; x_wconf 94' lang='lat'>1</span> <span class='ocrx_word' id='word_1_542' title='bbox 1598 3580 1668 3607; x_wconf 77' lang='lat' dir='ltr'>Cor.</span> <span class='ocrx_word' id='word_1_543' title='bbox 1688 3578 1766 3613; x_wconf 82' lang='lat' dir='ltr'>XII,</span> <span class='ocrx_word' id='word_1_544' title='bbox 1784 3582 1828 3606; x_wconf 58' lang='lat'>2³.</span> 
     </span>
    </p>
   </div>
  </div>
 </body>
</html>
