2423 3861
677 137 721 178 11
755 137 906 180 tucn.
944 138 1038 191 111,
1074 138 1127 180 27
1161 163 1219 169 -
1253 137 1331 190 lv,
1370 137 1434 179 13.
1854 119 1964 179 1079

144 309 467 353 intermissione
495 309 645 353 multis
672 310 816 366 plagis
839 311 1131 353 verberantes.
1160 310 1194 336 ‘²⁷
1214 310 1368 353 Subito
1395 314 1543 352 autem
1571 308 1836 351 Heliodorus
1863 322 1962 351 con-

143 368 252 411 cidit
276 368 320 411 in
344 374 518 422 terram,
542 383 727 424 eumque
754 369 893 411 multa
920 369 1111 422 caligine
1137 369 1457 412 circumfusum
1483 372 1734 424 rapuerunt,
1760 371 1894 421 atque
1918 367 1963 409 in

142 427 251 470 sella
277 428 515 482 gestatoria
541 427 733 484 positum
760 429 999 483 ejecerunt.
1021 427 1057 454 '²⁸
1077 429 1132 470 Et.
1154 428 1213 483 is,
1244 427 1317 483 qui
1345 442 1445 470 cum
1470 426 1621 469 multis
1652 425 1900 468 cursoribus
1922 431 1964 467 et

142 487 409 529 satellitibus
435 487 699 544 praedictum
725 487 947 543 ingressus
969 492 1035 530 est
1062 487 1284 541 aerarium,
1312 486 1567 543 portabatur
1588 484 1708 528 nullo
1731 483 1814 527 sibi
1840 483 1964 526 auxi-

143 545 250 588 lium
277 546 468 601 ferente,
497 545 737 589 manifesta
765 546 846 589 Dei
873 546 1052 601 cognita
1080 546 1255 589 virtute.
1282 545 1318 571 '²⁰
1346 547 1400 587 Et
1432 545 1508 588 ille
1533 543 1711 601 quidem
1745 557 1822 600 per
1852 541 1967 585 divi-

143 619 244 648 nam
279 605 488 648 virtutem
518 605 696 661 jacebat
730 610 898 661 mutus,
929 610 1061 660 atquc
1091 605 1210 648 omni
1247 619 1323 661 spe
1357 610 1400 647 et
1431 604 1574 647 salute
1607 603 1817 659 privatus.
1844 601 1881 628 ³⁰
1903 600 1965 643 Hi

143 670 291 708 autem
321 664 560 707 Dominum
595 663 937 720 benedicebant,
965 663 1067 719 quia
1090 663 1407 719 magnificabat
1433 663 1576 706 locum
1601 676 1729 704 suum
1750 679 1758 717 3
1787 666 1830 704 et
1855 665 1965 703 tem-

142 722 284 779 plum,
313 723 428 779 quod
453 722 585 779 paulo
610 728 712 765 ante
740 722 895 765 timore
921 737 973 765 ac
999 722 1190 764 tumultu
1216 728 1310 765 erat
1335 721 1536 778 plenum,
1563 725 1802 777 apparente
1827 718 1967 763 omni-

143 787 321 838 potente
350 782 562 837 Domino,
587 781 750 837 gaudio
777 787 820 824 et
844 781 1002 824 laetitia
1028 781 1259 837 impletum
1286 786 1363 824 est.

202 842 381 884 31Τιιιιο
407 855 509 883 vero
535 855 590 884 ex
623 840 779 883 amicis
814 840 1045 883 Heliodori
1079 840 1259 895 quidam
1292 841 1510 895 rogabant
1539 840 1777 883 confestim
1808 839 1967 883 Oniam

143 906 191 944 ut
211 900 438 943 invocaret
464 899 760 955 Altissimum,
788 904 836 941 ut
854 899 993 942 vitam
1020 899 1203 942 donaret
1228 900 1266 942 ei
1293 899 1365 954 qui
1391 899 1438 941 in
1464 913 1666 955 supremo
1691 899 1849 955 spiritu
1875 903 1970 942 erat

143 959 422 1003 constitutus.
449 957 485 984 3'2
503 958 796 1002 Considerans
825 963 976 1002 autem
1007 973 1206 1001 summus
1239 958 1462 1013 sacerdos,
1495 972 1548 1001 ne
1573 958 1690 1001 forte
1722 971 1800 1001 rex
1828 956 1968 1014 suspi-

144 1025 317 1062 caretur
352 1017 571 1060 malitiam
607 1017 803 1073 aliquam
838 1031 891 1060 ex
921 1017 1094 1060 Judaeis
1127 1017 1243 1060 circa
1275 1017 1565 1060 Heliodorum
1595 1021 1968 1071 consummatam,

144 1077 306 1120 obtulit
337 1091 416 1134 pro
447 1077 589 1120 salute
622 1077 704 1119 viri
735 1076 927 1119 hostiam
960 1076 1212 1119 salutarem.
1246 1076 1284 1103 33
1309 1076 1505 1131 Cumque
1538 1089 1734 1118 summus
1767 1074 1970 1118 sacerdos

143 1142 358 1192 exoraret,
377 1136 513 1179 iidem
539 1136 738 1192 juvenes,
758 1136 925 1179 eisdem
947 1135 1145 1178 vestibus
1163 1135 1330 1191 amicti,
1348 1140 1545 1178 astantes
1571 1134 1829 1189 Heliodoro,
1849 1134 1969 1177 dixe-

144 1201 275 1239 runt:
299 1195 426 1239 Oniae
451 1194 670 1239 sacerdoti
695 1195 862 1251 gratias
887 1209 995 1251 age3
1023 1209 1126 1237 nam
1152 1200 1329 1252 propter
1354 1209 1452 1237 eum
1481 1193 1696 1237 Dominus
1724 1192 1804 1236 tibi
1829 1192 1970 1235 vitam

145 1254 342 1298 donavit.
368 1254 403 1281 34
420 1255 488 1297 Tu
509 1260 658 1298 autem
688 1269 714 1297 a
741 1255 832 1298 Deo
859 1254 1132 1310 flagellatus,
1159 1254 1314 1296 nuntia
1341 1252 1543 1296 omnibus
1570 1251 1796 1308 magnalia
1820 1251 1901 1295 Dei
1928 1256 1972 1294 et

146 1319 423 1371 potestatem.
453 1315 510 1357 Et
535 1314 602 1356 his
626 1313 777 1369 dictis,
802 1327 889 1356 non
911 1319 1262 1370 comparuerunt.

205 1374 241 1400 35
268 1373 536 1417 Heliodorus
565 1378 735 1425 autem,
770 1373 913 1416 hostia
949 1374 1042 1416 Deo
1067 1373 1238 1428 oblata,
1266 1378 1308 1416 et
1333 1373 1447 1415 votis
1474 1372 1647 1428 magnis
1674 1370 1898 1428 promissis
1932 1370 1971 1413 ei

147 1433 218 1489 qui
244 1432 394 1476 vivere
425 1432 492 1475 illi
519 1432 758 1487 concessit,
789 1437 834 1475 et
863 1432 988 1475 Oniae
1014 1431 1180 1486 gratias
1211 1445 1368 1487 agens,
1395 1437 1572 1487 recepto
1601 1430 1817 1485 exercitu,
1847 1443 1971 1486 repe-

147 1492 284 1536 dabat
316 1492 372 1535 ad
406 1505 569 1547 regem.
596 1491 633 1517 3⁶
657 1491 924 1533 Testabatur
957 1496 1106 1533 autem
1141 1491 1344 1533 omnibus
1381 1504 1432 1533 ea
1465 1504 1563 1545 quae
1598 1490 1678 1532 sub
1713 1489 1851 1532 oculis
1883 1488 1973 1531 suis

146 1551 320 1594 viderat
345 1564 476 1607 opera
509 1550 662 1605 magni
697 1549 793 1592 Dei.
821 1549 855 1575 3⁷
875 1549 987 1592 Cum
1019 1555 1168 1592 autem
1200 1563 1279 1592 rex
1309 1549 1625 1603 interrogasset
1659 1547 1972 1602 Heliodorum,

147 1610 243 1666 quis
269 1614 383 1653 esset
408 1614 537 1665 aptus
562 1609 709 1651 adhuc
734 1608 871 1651 semel
900 1607 1226 1664 Jerosolymam
1256 1607 1394 1663 mitti,
1425 1607 1488 1649 ait
1513 1624 1522 1651 :
1544 1607 1580 1633 38
1607 1608 1650 1651 Si
1676 1621 1806 1662 quem
1837 1606 1973 1648 habes

146 1669 339 1724 hostem,
361 1673 438 1711 aut
466 1667 591 1723 regni
616 1667 682 1710 tui
708 1667 1035 1721 insidiatorem,
1063 1666 1190 1709 mitte
1219 1666 1349 1721 illuc,
1376 1671 1419 1709 et
1443 1666 1719 1721 flagellatum
1745 1679 1843 1707 eum
1865 1664 1974 1707 reci-

145 1728 260 1785 pies,
294 1728 330 1771 si
359 1733 510 1771 tamen
544 1726 753 1782 evaserit,
793 1740 842 1769 eo
879 1725 996 1782 quod
1030 1726 1077 1768 in
1113 1726 1210 1768 loco
1247 1725 1303 1768 sit
1335 1739 1436 1768 vere
1469 1725 1552 1768 Dei
1586 1724 1793 1780 quaedam
1821 1723 1976 1767 virtus.

145 1787 182 1814 3⁰
208 1788 326 1830 Nam
357 1787 470 1844 ipse,
505 1786 580 1842 qui
611 1786 747 1829 habet
779 1785 825 1828 in
860 1785 979 1828 caelis
1012 1784 1357 1840 habitationem,
1392 1784 1596 1827 visitator
1628 1788 1672 1826 et
1703 1782 1884 1839 adjutor
1912 1788 1977 1825 est

147 1846 232 1890 loci
265 1846 407 1902 illius,
435 1851 478 1889 et
503 1845 733 1889 venientes
759 1845 815 1888 ad
845 1843 1226 1888 malefaciendum
1251 1843 1462 1900 percutit,
1498 1857 1549 1886 ac
1583 1842 1741 1900 perdit.
1768 1840 1806 1868 4⁰
1832 1840 1978 1897 Igitur

150 1906 203 1950 de
226 1905 490 1961 Heliodoro,
516 1909 560 1949 et
585 1904 727 1948 aerarii
751 1903 971 1958 custodia,
997 1903 1062 1946 ita
1086 1917 1152 1945 res
1179 1917 1225 1946 se
1248 1903 1397 1946 habet.

1744 1973 1756 1993 1

535 2027 558 2084 ξ
593 2027 682 2069 ΙΙΙ.
713 2052 771 2058 -
803 2026 1031 2068 Facinora
1063 2025 1282 2068 malorum
1314 2025 1594 2080 Pontificum.

209 2145 316 2188 CAP.
341 2145 420 2186 IV.
446 2169 504 2177 -—
530 2143 543 2169 ¹
571 2143 723 2187 Simon
755 2147 928 2197 autem,
959 2141 1199 2198 praedictus
1225 2140 1513 2197 pecuniarum
1543 2144 1586 2182 et
1610 2139 1766 2195 patriae
1796 2138 1977 2194 delator,

150 2205 268 2247 male
292 2202 553 2258 loquebatur
578 2202 632 2245 de
655 2201 790 2257 Onia,
817 2206 1030 2256 tanquam
1059 2200 1152 2256 ipse
1179 2199 1472 2242 Heliodorum
1496 2198 1753 2253 instigasset
1778 2197 1835 2240 ad
1860 2197 1977 2253 haec,

151 2269 194 2306 et
225 2263 320 2318 ipse
345 2262 504 2304 fuisset
532 2261 733 2303 incentor
758 2260 1002 2315 malorum3
1030 2258 1048 2284 ‘2
1065 2259 1419 2316 provisoremque
1445 2257 1662 2311 civitatis,
1692 2271 1744 2299 ac
1774 2256 1980 2299 defenso-

152 2336 243 2365 rem
276 2321 422 2377 gentis
454 2335 564 2375 suae,
596 2325 640 2363 et
671 2319 974 2362 aemulatorem
1003 2318 1116 2374 legis
1153 2317 1256 2373 Dei,
1291 2317 1485 2360 audebat
1517 2315 1822 2359 insidiatorem
1854 2315 1979 2371 regni

153 2381 312 2424 dicere.
339 2379 357 2406 3
373 2379 458 2423 Sed
485 2394 585 2422 cum
617 2378 869 2421 inimicitiae
894 2378 941 2420 in
974 2383 1147 2420 tantum
1173 2376 1482 2433 procederent,
1513 2381 1562 2418 ut
1586 2375 1722 2418 etiam
1750 2389 1828 2431 per
1852 2388 1980 2430 quos-

153 2441 256 2483 dam
280 2438 470 2484 Simonis
492 2438 760 2482 necessarios
782 2437 1023 2480 homicidia
1048 2437 1223 2491 fierent,
1249 2435 1267 2461 4
1281 2434 1563 2478 considerans
1582 2434 1716 2478 Onias
1734 2433 1981 2490 periculum

153 2497 470 2551 contentionis,
498 2504 541 2541 et
565 2496 854 2554 Apollonium
878 2495 1092 2551 insanire,
1123 2500 1276 2551 utpote
1303 2494 1459 2537 ducem
1490 2493 1743 2550 Coelesyriae
1773 2498 1817 2536 et
1850 2493 1980 2535 Phoe-

153 2559 285 2615 nicis,
319 2557 375 2600 ad
408 2556 660 2613 augendam
694 2556 913 2598 malitiam
941 2554 1154 2609 Simonis,
1185 2554 1241 2596 ad
1270 2567 1422 2609 regem
1452 2567 1497 2596 se
1530 2552 1741 2608 contulit,
1777 2552 1794 2578 5
1815 2566 1903 2595 non
1932 2556 1982 2594 ut

153 2618 320 2661 civium
348 2622 589 2672 accusator,
616 2615 692 2659 sed
720 2629 1002 2658 communem
1026 2613 1268 2656 utilitatem
1292 2612 1411 2668 apud
1444 2612 1730 2668 semetipsum
1762 2610 1981 2654 universae

154 2675 453 2729 multitudinis
480 2675 777 2719 considerans.
799 2674 817 2700 ⁶
834 2673 1031 2717 Videbat
1052 2673 1171 2716 enim
1192 2671 1286 2715 sine
1311 2671 1452 2727 regali
1476 2670 1755 2727 providentia
1780 2669 1982 2726 impossi-

153 2736 242 2780 bile
265 2749 358 2779 esse
383 2749 539 2791 pacem
563 2734 693 2777 rebus
721 2733 836 2788 dari,
863 2747 943 2776 nec
971 2732 1194 2777 Simonem
1215 2745 1342 2788 posse
1368 2744 1537 2773 cessare
1561 2744 1587 2772 a
1613 2729 1802 2772 stultitia
1828 2743 1920 2772 sua.

213 2795 227 2821 7
247 2795 332 2839 Sed
359 2799 457 2851 post
479 2793 649 2838 Seleuci
675 2793 777 2835 vitae
801 2806 1052 2847 excessum,
1081 2805 1182 2833 cum
1208 2789 1475 2846 suscepisset
1498 2803 1685 2845 regnum
1713 2788 1980 2844 Antiochus,

153 2855 227 2911 qui
254 2853 429 2897 Nobilis
454 2852 777 2910 appellabatur,
809 2851 1035 2893 ambiebat
1061 2851 1221 2904 Jason,
1252 2849 1392 2891 frater
1417 2848 1563 2903 Oniae,
1589 2862 1811 2890 summum
1840 2860 1981 2890 sacer-

155 2914 351 2968 dotium3
375 2913 393 2939 3
409 2912 529 2955 adito
556 2926 681 2967 rege,
708 2911 969 2968 promittens
995 2909 1033 2953 ei
1055 2908 1228 2964 argenti
1254 2908 1423 2950 talenta
1448 2912 1646 2950 trecenta
1671 2906 1920 2962 sexaginta,
1940 2911 1983 2949 et

155 2988 210 3016 ex
245 2972 493 3016 redditibus
530 2971 629 3014 aliis
667 2970 835 3013 talenta
873 2969 1126 3024 octoginta3
1164 2967 1181 2993 9
1208 2981 1338 3024 super
1369 2967 1466 3009 haec
1499 2965 1787 3023 promittebat
1818 2970 1862 3008 et
1893 2964 1982 3007 alia

155 3038 336 3076 centum
361 3030 698 3088 quinquaginta,
721 3029 757 3072 si
783 3028 992 3086 potestati
1017 3027 1113 3082 ejus
1141 3026 1454 3070 concederetur
1479 3025 1761 3082 gymnasium
1782 3029 1827 3067 et
1851 3024 1982 3081 ephe-

155 3091 277 3134 biam
317 3091 402 3134 sibi
439 3090 723 3148 constituere,
768 3094 809 3132 et
846 3102 939 3143 eos,
977 3087 1050 3142 qui
1090 3086 1137 3128 in
1171 3084 1460 3142 Jerosolymis
1497 3089 1642 3139 erant,
1679 3083 1983 3127 Antiochenos

157 3151 359 3195 scribere.

217 3210 253 3236 ¹⁰
270 3210 394 3260 Quod
421 3225 520 3253 cum
547 3224 624 3252 rex
648 3208 895 3261 annuisset,
919 3211 962 3249 et
988 3205 1251 3249 obtinuisset
1275 3205 1594 3262 principatum,
1621 3203 1774 3246 statim
1799 3203 1855 3246 ad
1877 3217 1984 3259 gen-

157 3270 283 3314 tilem
307 3270 442 3312 ritum
465 3268 734 3312 contribules
759 3281 858 3310 suos
884 3265 1125 3308 transferre
1144 3265 1290 3321 coepit.
1311 3264 1344 3290 '¹¹
1365 3264 1423 3307 Et
1440 3264 1600 3307 amotis
1622 3263 1690 3306 his
1709 3277 1806 3319 quae
1828 3263 1984 3305 huma-

158 3329 312 3372 nitatis
338 3343 472 3372 causa
496 3327 667 3371 Judaeis
691 3341 717 3369 a
738 3325 916 3381 regibus
941 3325 1121 3367 fuerant
1152 3323 1414 3379 constituta,
1439 3337 1518 3380 per
1543 3324 1569 3366 J
1575 3336 1785 3377 oannem,
1811 3326 1985 3378 patrem

159 3388 412 3444 Eupolemi,
440 3387 513 3444 qui
539 3386 657 3444 apud
686 3387 905 3429 Romanos
939 3383 992 3427 de
1025 3383 1224 3426 amicitia
1250 3388 1293 3426 et
1322 3382 1534 3426 societate
1564 3381 1747 3424 functus
1773 3387 1838 3424 est
1863 3380 1984 3436 lega-

159 3447 293 3503 tione,
319 3446 524 3502 legitima
554 3446 718 3489 civium
744 3445 842 3500 jura
869 3442 1132 3498 destituens,
1158 3457 1295 3498 prava
1333 3441 1538 3484 instituta
1571 3440 1812 3484 sanciebat.
1840 3438 1876 3466 ¹²
1905 3440 1984 3483 Et-

95 3504 102 3513 '
159 3506 276 3549 enim
299 3520 431 3548 ausus
456 3511 521 3549 est
547 3505 628 3548 sub
655 3505 747 3561 ipsa
775 3517 874 3546 arce
897 3501 1182 3558 gymnasium
1209 3501 1488 3556 constituere,
1511 3505 1554 3543 et
1577 3499 1766 3556 optimos
1792 3513 1985 3555 quosque

160 3564 428 3620 epheborum
460 3565 506 3607 in
539 3564 825 3621 lupanaribus
858 3575 1033 3617 ponere.
1060 3560 1093 3587 ¹3
1119 3562 1226 3603 Erat
1258 3565 1408 3603 autem
1442 3560 1524 3602 hoc
1557 3573 1644 3602 non
1676 3558 1875 3615 initium,
1906 3557 1984 3602 sed

160 3623 481 3665 incrementum
522 3623 768 3679 quoddam,
811 3629 853 3664 et
891 3621 1116 3677 profectus
1154 3619 1333 3675 gentilis
1371 3624 1414 3662 et
1454 3618 1718 3674 alienigenae
1753 3632 1982 3662 conversa-

2113 844 2204 874 Oui-„e

2080 888 2235 922 precibus

2065 931 2230 961 liberatus
2242 954 2249 967 ‚

2064 1379 2177 1404 narrat
2196 1374 2255 1403 Dei

2073 1419 2248 1453 magnalia.

2065 2147 2166 2177 Onias
2183 2146 2271 2175 falso

2076 2194 2258 2220 accusatus

2062 2234 2135 2264 adit
2148 2242 2272 2269 regem.

2111 2795 2215 2823 Jason
2229 2816 2235 2825 ,

2113 2841 2225 2871 empto

2061 2881 2272 2918 pontificatu,

2110 3212 2240 3242 cultum

2095 3255 2249 3286 divinum

2085 3297 2263 3334 pervertit.
