2456 3861
200 842 321 870 Vinum
339 841 440 870 inter-

220 885 346 914 dicitur
368 893 416 914 sa-

217 929 422 959 cerdotibus.

201 1203 248 1231 De
265 1200 442 1229 comestio-

228 1253 269 1274 ne
286 1245 410 1274 residui

223 1288 421 1318 hostiarum.

225 2719 415 2756 Quadrupe-

286 2763 354 2792 deS.

292 3308 386 3337 ‘'sces.

510 130 594 173 100
1130 130 1245 173 LEv.
1279 129 1342 184 X,
1376 130 1403 172 5
1433 152 1494 162 -
1525 129 1614 184 XI,
1651 130 1718 172 11.

508 315 549 352 et
582 312 806 365 asportate
842 312 965 351 extra
1000 310 1157 349 castra.
1188 305 1205 331 5
1231 305 1568 361 Confestimque
1603 311 1858 362 pergentes,
1892 305 2088 350 tulerunt
2119 321 2192 351 eos
2226 307 2342 352 sicut

506 367 738 424 jacebant,
760 366 943 410 vestitos
969 364 1096 408 lineis
1122 363 1306 418 tunicis,
1336 369 1379 407 et
1412 363 1638 420 ejecerunt
1666 364 1809 418 foras,
1832 369 1880 407 ut
1909 364 1993 407 sibi
2023 365 2172 409 fuerat
2199 366 2341 424 impe-

506 433 664 470 rat-um.
691 426 709 452 6
732 426 1011 480 Locutusque
1044 427 1110 466 est
1143 423 1318 479 Moyses
1350 422 1407 465 ad
1441 423 1613 478 Aaron,
1645 428 1689 466 et
1724 422 1781 466 ad
1816 423 2015 479 Eleazar,
2049 429 2092 467 et
2125 425 2337 481 Ithamar,

507 486 619 528 filios
638 485 734 541 ejus
760 501 768 528 :
792 483 949 539 Capita
975 487 1121 526 vestra
1143 481 1281 525 nolite
1309 481 1498 537 nudare,
1525 486 1568 526 et
1592 482 1857 525 vestimenta
1879 482 2017 525 nolite
2042 483 2263 540 scindere,
2287 499 2341 528 110

507 545 623 588 forte
667 541 945 597 moriamini,
983 547 1025 585 et
1066 555 1195 598 super
1234 555 1412 585 omnem
1453 546 1617 584 coetum
1655 541 1818 584 oriatur
1857 541 2123 597 indignatio.
2165 543 2343 587 Fratres

508 603 661 653 vestri,
689 607 732 645 et
758 601 900 644 omnis
923 600 1079 644 domus
1102 599 1263 655 Israel,
1286 599 1503 658 plangant
1527 600 1785 644 incendium
1811 600 1927 657 quod
1962 600 2180 645 Dominus
2205 603 2343 646 susci-

506 662 644 717 tavit,
673 661 686 687 7
706 675 783 704 vos
808 666 959 704 autem
983 674 1070 702 non
1093 659 1381 716 egrediemini
1406 660 1525 703 fores
1552 659 1853 715 tabernaculi,
1880 659 2078 716 alioquin
2110 660 2336 717 peribitis,

508 721 652 764 oleum
679 721 840 777 quippe
873 724 1039 763 sanctae
1065 718 1287 762 unctionis
1316 724 1382 763 est
1410 733 1539 776 super
1564 733 1658 762 vos.
1686 718 1767 770 Qui
1797 719 2001 763 fecerunt
2031 719 2180 762 omnia
2213 719 2345 776 juxta

506 786 779 838 praeceptum
804 779 963 836 Moysi.

565 839 582 866 8
601 839 729 883 Dixit
750 853 920 896 quoque
946 838 1162 882 Dominus
1191 838 1248 882 ad
1279 838 1429 881 Aaron
1451 855 1459 882 :
1486 838 1504 864 9
1522 838 1710 894 Vinum,
1738 844 1780 882 et
1814 852 1944 882 omne
1977 837 2093 894 quod
2124 837 2346 882 inebriare

505 904 671 957 potest,
705 913 793 942 non
821 897 985 942 bibetis
1014 904 1062 941 tu
1091 903 1134 941 et
1162 897 1242 941 filii
1268 896 1354 952 tui,
1381 897 1557 952 quando
1584 897 1761 941 intratis
1787 897 1833 940 in
1856 895 2194 940 tabernaculum
2220 897 2344 940 testi-

506 958 665 1014 monii,
689 973 743 1002 ne
772 957 1050 1012 moriamini,
1079 957 1180 1013 quia
1205 961 1477 1014 praeceptum
1506 957 1824 1013 sempiternum
1858 964 1923 1000 est
1955 956 2002 999 in
2035 956 2342 1012 generationes

506 1024 689 1061 vestras.
711 1017 746 1044 ‘¹⁰
761 1019 819 1060 Et
836 1022 884 1059 ut
901 1016 1103 1060 habeatis
1122 1015 1356 1059 scientiam
1375 1015 1655 1059 discernendi
1673 1015 1788 1059 inter
1804 1020 2010 1059 sanctum
2028 1021 2072 1058 et
2089 1016 2345 1072 profanum,

506 1077 621 1120 inter
645 1077 864 1135 pollutum
889 1081 932 1119 et
954 1075 1191 1130 mundum,
1211 1074 1244 1101 1¹
1265 1074 1547 1130 doceatisque
1564 1074 1677 1117 filios
1697 1075 1836 1118 Israel
1856 1075 2004 1117 omnia
2023 1074 2225 1130 legitima-
2245 1089 2345 1118 mea

508 1151 605 1192 quae
630 1136 803 1180 locutus
831 1141 896 1179 est
922 1134 1139 1178 Dominus
1160 1133 1217 1177 ad
1240 1148 1312 1177 eos
1338 1147 1414 1190 per
1440 1148 1622 1176 manum
1649 1133 1805 1190 Moysi.

570 1195 603 1221 ¹2
618 1196 897 1250 Locutusque
915 1200 981 1237 est
998 1194 1174 1249 Moyses
1191 1193 1248 1235 ad
1267 1193 1431 1246 Aaron,
1451 1198 1493 1235 et
1510 1192 1567 1235 ad
1587 1192 1785 1247 Eleazar,
1804 1198 1846 1236 et
1866 1193 2081 1248 Ithamar,
2101 1192 2214 1236 filios
2232 1193 2343 1249 ejus,

508 1255 579 1311 qui
603 1260 728 1298 erant
748 1253 912 1297 residui
930 1270 938 1297 :
957 1252 1123 1295 Tollite
1140 1252 1427 1306 sacrificium,
1452 1252 1566 1307 quod
1588 1252 1802 1295 remansit
1819 1252 1874 1295 de
1892 1251 2117 1296 oblatione
2139 1252 2339 1307 Domini,

507 1320 551 1358 et
576 1313 795 1357 comedite
814 1312 927 1355 illud
948 1312 1114 1368 absque
1138 1312 1360 1355 fermento
1381 1310 1512 1367 juxta
1536 1311 1697 1366 altare,
1728 1311 1830 1368 quia
1859 1316 2065 1354 sanctum
2090 1316 2341 1355 sanctorum

508 1379 586 1416 est.
611 1373 647 1400 ¹3
664 1371 917 1417 Comedetis
934 1376 1084 1414 autem
1105 1371 1151 1413 in
1177 1371 1273 1414 1000
1295 1375 1470 1425 sancto,
1494 1370 1610 1426 quod
1633 1370 1787 1413 datum
1809 1376 1875 1414 est
1896 1370 1978 1413 tibi
2001 1375 2044 1414 et
2062 1370 2165 1414 filiis
2183 1370 2271 1414 tuis
2289 1370 2345 1413 de

508 1431 806 1476 oblationibus
840 1430 1045 1486 Domini,
1079 1430 1193 1474 sicut
1222 1435 1494 1487 praeceptum
1527 1435 1592 1473 est
1626 1429 1749 1473 mihi.
1774 1429 1809 1456 ¹4
1828 1429 2141 1473 Pectusculum
2174 1443 2346 1486 quoque

508 1491 622 1548 quod
650 1491 849 1534 oblatum
870 1495 956 1545 est,
976 1495 1019 1533 et
1039 1504 1214 1532 armum
1239 1489 1312 1545 qui
1338 1494 1566 1546 separatus
1593 1494 1679 1544 est,
1699 1489 1838 1533 edetis
1859 1489 1905 1531 in
1931 1488 2027 1532 loco
2050 1488 2346 1532 mundissimo

508 1556 555 1593 tu
580 1556 623 1594 et
648 1549 727 1593 filii
752 1550 839 1605 tui,
866 1556 909 1593 et
937 1549 1040 1592 filiae
1062 1554 1151 1591 tuae
1177 1554 1350 1603 tecum3
1378 1548 1459 1591 tibi
1490 1548 1608 1591 enim
1640 1563 1692 1592 ac
1726 1548 1875 1592 liberis
1905 1548 1992 1591 tuis
2018 1548 2209 1605 reposita
2242 1553 2347 1592 sunt

508 1610 562 1653 de
583 1610 739 1654 hostiis
761 1609 1028 1652 salutaribus
1050 1608 1240 1651 filiorum
1263 1607 1428 1662 Israe13
1457 1607 1493 1634 ¹5
1510 1621 1560 1651 eo
1586 1607 1701 1664 quod
1726 1622 1900 1650 armum
1925 1613 1969 1651 et
1991 1612 2166 1665 pectus,
2185 1612 2228 1652 et
2248 1607 2347 1651 adi-

507 1684 583 1726 pes
606 1669 678 1725 qui
702 1674 953 1712 cremantur
976 1668 1023 1710 in
1044 1667 1195 1723 altari,
1219 1667 1504 1711 elevaverunt
1530 1681 1678 1710 coram
1706 1667 1918 1723 Domino,
1942 1672 1985 1710 et
2011 1667 2261 1723 pertineant
2285 1666 2344 1710 ad

507 1735 571 1783 te,
595 1735 638 1772 et
658 1728 715 1771 ad
738 1728 850 1771 filios
876 1732 995 1782 tuos,
1022 1727 1120 1783 lege
1145 1732 1375 1783 perpetua,
1403 1726 1516 1769 sicut
1542 1726 1752 1783 praecepit
1775 1726 2006 1769 Dominus.
2030 1725 2066 1752 ¹⁶
2083 1727 2208 1770 Inter
2232 1726 2342 1781 haec,

507 1787 701 1843 hircum,
725 1787 798 1843 qui
826 1787 998 1830 oblatus
1024 1787 1172 1829 fuerat
1197 1800 1274 1843 pro
1303 1790 1508 1842 peccato,
1532 1800 1633 1829 cum
1663 1791 1876 1841 quaereret
1901 1786 2103 1842 Moyses,
2138 1791 2341 1829 exustum

506 1847 692 1904 reperit,
727 1847 952 1902 iratusque
985 1851 1138 1889 contra
1173 1845 1357 1888 Eleazar
1382 1850 1425 1888 et
1451 1845 1653 1888 Ithamar
1677 1844 1790 1888 filios
1816 1844 1987 1900 Aaron,
2018 1844 2092 1900 qui
2121 1859 2343 1888 remanse—

507 1913 627 1961 rant,
653 1906 717 1949 ait
743 1923 751 1950 :
776 1905 809 1932 ¹⁷
829 1906 916 1949 Cur
937 1919 1024 1948 non
1053 1904 1307 1948 comedistis
1332 1904 1524 1947 hostiam
1546 1918 1623 1961 pro
1645 1908 1828 1961 peccato
1855 1903 1902 1946 in
1923 1903 2020 1947 loco
2042 1909 2218 1959 sancto,
2244 1918 2343 1960 quae

507 1971 661 2009 sancta
684 1970 937 2009 sanctorum
959 1970 1043 2020 est,
1068 1970 1111 2007 et
1137 1964 1242 2007 data
1267 1964 1393 2007 vobis
1423 1969 1471 2006 ut
1496 1964 1678 2020 portetis
1707 1963 1990 2019 iniquitatem
2020 1962 2341 2019 multitudinis,

508 2030 550 2068 et
572 2025 735 2080 rogetis
758 2039 835 2081 pro
857 2038 907 2067 ea
928 2024 974 2066 in
994 2028 1233 2080 conspectu
1257 2022 1458 2078 Domini,
1480 2022 1515 2049 ¹⁸
1532 2023 1779 2079 praesertim
1797 2037 1899 2065 cum
1917 2022 1971 2066 de
1989 2022 2206 2078 sanguine
2222 2022 2342 2065 illius

507 2097 594 2126 non
616 2084 673 2127 sit
701 2084 878 2126 illatum
903 2083 1019 2126 intra
1048 2088 1223 2138 sancta,
1249 2087 1292 2126 et
1322 2081 1552 2125 comedere
1586 2082 1826 2125 debueritis
1856 2096 1954 2125 eam
1989 2082 2036 2125 in
2069 2081 2338 2137 sanctuario,

507 2142 620 2186 sicut
645 2148 918 2200 praeceptum
944 2148 1010 2186 est
1032 2142 1174 2185 mihi?
1197 2142 1234 2168 19
1254 2141 1498 2198 Respondit
1523 2142 1673 2185 Aaron
1695 2158 1704 2185 :
1731 2141 1893 2185 Oblata
1919 2146 1984 2185 est
2009 2141 2141 2185 hodie
2158 2140 2342 2185 victima

506 2216 583 2260 pro
612 2208 816 2259 peccato,
851 2207 894 2245 et
926 2201 1235 2245 holocaustum
1265 2215 1414 2245 coram
1445 2201 1662 2255 Domino3
1691 2201 1800 2243 mihi
1830 2206 1980 2244 autem
2009 2200 2196 2256 accidit,
2227 2199 2342 2257 quod

506 2261 644 2304 vides.
670 2261 896 2312 Quomodo
926 2261 1048 2317 potui
1076 2260 1305 2304 comedere
1327 2274 1446 2315 eam,
1473 2265 1550 2303 aut
1572 2259 1747 2317 placere
1770 2260 1962 2303 Domino
1986 2259 2034 2302 in
2060 2258 2340 2314 ceremoniis,

507 2326 654 2364 mente
676 2320 889 2376 lugubri?
912 2319 949 2346 ‘20
967 2320 1090 2372 Quod
1114 2334 1215 2363 cum
1235 2319 1432 2363 audisset
1459 2320 1656 2376 Moyses,
1679 2319 1846 2376 recepit
1867 2317 2236 2362 satisfactionem.

655 2461 818 2504 Sno'rio
852 2462 941 2504 ΙΙΙ.
967 2487 1026 2494 --
1057 2462 1212 2504 Lnens
1247 2473 1305 2504 DE
1340 2472 1572 2504 PURITATE
1607 2473 1664 2503 ET
1698 2471 1989 2504 IMPURITATE
2023 2471 2190 2502 LEGALI

693 2587 716 2644 ξ
751 2587 787 2630 I.
821 2613 880 2618 —
915 2587 1186 2630 Mundoram
1217 2593 1256 2630 et
1287 2588 1612 2630 immundorum
1644 2587 1911 2630 animalium
1944 2586 2161 2630 discretio.

565 2705 673 2749 CAP.
696 2706 779 2748 XI.
800 2732 860 2737 —-
881 2705 893 2731 ¹
915 2707 1196 2762 Locutusque
1229 2711 1295 2749 est
1321 2705 1539 2749 Dominus
1568 2705 1625 2748 ad
1659 2706 1846 2762 Moysen
1875 2710 1918 2748 et
1947 2704 2122 2759 Aaron,
2154 2704 2306 2749 dicens
2330 2723 2339 2750 :

507 2763 524 2789 2
544 2765 692 2808 Dicite
716 2764 819 2808 filiis
842 2765 981 2808 Israel
1004 2782 1012 2809 ε
1040 2766 1153 2809 Haec
1179 2770 1281 2808 sunt
1301 2764 1515 2808 animalia
1538 2779 1636 2821 quae
1660 2763 1889 2808 comedere
1908 2764 2078 2808 debetis
2097 2764 2151 2808 de
2170 2765 2341 2808 cunctis

507 2823 810 2867 animantibus
836 2830 976 2867 terrae.
1003 2824 1021 2850 3
1041 2825 1183 2868 Omne
1216 2824 1331 2881 quod
1357 2824 1491 2867 habet
1519 2824 1710 2867 divisam
1735 2823 1971 2879 ungulam,
2005 2828 2047 2867 et
2076 2824 2271 2867 ruminat
2295 2823 2341 2867 in

508 2882 759 2940 pecoribus,
787 2883 1042 2927 comedetis.
1070 2883 1087 2909 4
1105 2883 1326 2939 Quidquid
1349 2889 1499 2926 autem
1524 2883 1719 2927 ruminat
1744 2882 1944 2939 quidem,
1972 2888 2014 2926 et
2043 2882 2177 2926 habet
2202 2897 2341 2939 ungu-

508 2941 620 2996 lam,
643 2941 719 2984 sed
741 2956 830 2985 non
857 2942 1019 2986 dividit
1040 2957 1159 2998 eam,
1186 2943 1301 2986 sicut
1327 2942 1522 2986 camelus
1552 2948 1594 2987 et
1621 2948 1784 2996 cetera,
1816 2956 1903 2985 non
1934 2941 2174 2986 comedetis
2206 2941 2340 2997 illud,

510 3005 552 3044 et
584 3000 699 3044 inter
726 3000 958 3044 immunda
991 3001 1268 3059 reputabitis.
1292 3002 1309 3028 5
1331 3002 1662 3059 Choerogryllus
1690 3000 1763 3057 qui
1796 3000 2011 3056 ruminat,
2041 2999 2342 3057 ungulamque

509 3073 597 3102 non
620 3059 802 3115 dividit,
831 3060 1089 3104 immundus
1123 3066 1201 3104 est.
1225 3061 1242 3087 6
1261 3062 1406 3118 Lepus
1437 3075 1631 3117 quoque;
1663 3074 1767 3103 nam
1805 3066 1847 3103 et
1880 3060 1974 3117 ipse
2010 3059 2225 3114 ruminat,
2263 3059 2341 3103 sed

510 3118 723 3174 ungulam
752 3132 839 3162 non
869 3119 1044 3163 dividit.
1068 3120 1083 3146 ⁷
1104 3121 1162 3163 Et
1186 3135 1280 3176 sus,
1312 3120 1384 3176 qui
1412 3135 1513 3163 cum
1542 3119 1755 3176 ungulam
1789 3118 1983 3175 dividat,
2009 3133 2099 3163 non
2131 3118 2340 3162 ruminat.

510 3177 527 3204 ⁸
542 3177 715 3220 Horum
734 3177 939 3221 carnibus
958 3192 1044 3222 11011
1063 3179 1325 3234 vescemini,
1346 3193 1425 3222 1100
1449 3179 1666 3223 cadavera
1685 3177 1974 3234 contingetis,
1990 3177 2092 3234 quia
2109 3177 2341 3221 immunda

511 3242 613 3280 811111
638 3236 777 3280 vobis.

569 3295 587 3322 ⁹
609 3297 721 3340 Haec
747 3301 849 3339 sunt
879 3311 974 3352 quae
1007 3297 1250 3353 gignuntur
1278 3298 1325 3340 in
1350 3297 1497 3354 aquis,
1529 3303 1572 3341 et
1597 3296 1715 3341 vesci
1744 3296 1918 3340 licitum
1944 3301 2022 3341 est.
2054 3296 2195 3341 Omne
2225 3295 2341 3352 quod

510 3355 646 3399 habet
674 3354 882 3413 pinnulas
911 3362 954 3399 et
982 3370 1209 3412 squamas,
1235 3362 1330 3400 tam
1351 3357 1398 3399 in
1424 3356 1536 3400 mari
1558 3370 1690 3413 quam
1718 3355 1765 3398 in
1789 3355 2046 3399 fluminibus
2076 3360 2119 3399 et
2147 3354 2339 3411 stagnis,

512 3414 766 3458 comedetis,
787 3413 823 3440 ¹⁰
839 3413 1061 3471 Quidquid
1082 3420 1233 3458 autem
1257 3415 1463 3472 pinnulas
1485 3421 1528 3459 et
1554 3429 1758 3472 squamas
1784 3429 1871 3458 non
1896 3415 2051 3470 habet,
2071 3428 2223 3457 eorum
2244 3428 2340 3470 quae

510 3473 556 3516 in
581 3473 706 3530 aquis
732 3479 965 3517 moventur
990 3478 1033 3517 et
1064 3473 1242 3529 vivunt,
1269 3473 1570 3518 abominabile
1595 3473 1741 3528 vobiS,
1768 3473 1799 3500 ¹¹
1820 3472 2203 3530 execrandumque
2232 3472 2337 3526 erit;

511 3642 850 3679 10211Mach.11,11.
872 3659 907 3663 -
931 3644 960 3678 2]
982 3644 1079 3672 Dent.
1098 3643 1191 3680 ΧΠ,
1207 3646 1234 3672 4.
1251 3657 1288 3663 -
1310 3644 1389 3678 7]11
1407 3643 1513 3672 Maon.
1532 3643 1654 3677 vnis.
