2456 3861
593 177 614 220 1
650 179 759 221 Rae..
795 178 937 228 XXV,
970 179 1027 221 43
1059 203 1117 210 -—
1148 178 1324 232 XXVI,
1358 179 1427 220 23.
1839 176 1921 218 281

88 363 172 395 ea.
200 347 474 404 pedissequae
499 347 620 403 83118;
645 354 689 391 81
709 355 859 392 secuta
885 357 951 392 est
975 349 1152 392 nuntios
1176 349 1346 403 Davi‹l;
1380 354 1423 391 et
1454 348 1577 391 facta
1610 353 1676 391 est
1704 347 1769 389 illi
1803 361 1924 390 uxor.

161 407 197 433 ²¹³
222 406 306 449 Sed
339 412 383 450 et
415 406 665 449 Achinoam
699 408 871 464 accepit
905 408 1050 450 David
1081 408 1135 451 de
1168 408 1370 462 Jezrael,
1406 412 1449 451 et
1480 406 1571 449 fuit
1602 411 1787 461 utraque
1820 419 1928 448 uxor

102 466 211 520 ejus.
245 465 282 492 ‘¹⁴
307 465 410 508 Saul
443 470 593 508 autem
627 466 749 509 dedit
782 467 968 519 Michol‚
1000 466 1136 509 liliam
1166 481 1312 521 suam,
1344 480 1525 509 uxorein
1561 465 1729 520 David,
1758 464 1925 518 Phalti,

103 524 191 567 filio
220 523 343 578 Lais,
370 524 444 578 qui
471 531 564 566 erat
586 525 640 568 de
667 525 848 568 Gallim.

160 584 267 626 CAP.
299 583 468 625 XXVI.
498 609 558 616 —
589 583 601 609 ¹
628 584 683 625 Et
715 590 930 626 venerunt
962 585 1129 640 Ziphaei
1164 585 1219 627 ad
1257 585 1361 627 Saul
1398 585 1443 627 in
1479 584 1654 639 Gabaa,
1690 583 1887 626 dicentes
1919 599 1927 626 ε

103 643 217 684 Ecce
241 641 387 684 David
408 642 695 684 absconditus
718 648 784 684 est
815 642 859 684 in
888 643 999 685 colle
1031 643 1244 694 Hachila,
1272 658 1368 698 quae
1396 649 1461 686 est
1487 658 1540 686 cx
1565 643 1750 686 adverso
1776 642 1929 685 solitu-

101 700 230 743 dinis.
262 699 279 725 '²
302 701 357 742 Et
383 700 571 743 surrexit
596 701 720 755 Saul,
747 706 791 742 et
824 700 1052 743 descendit
1077 701 1122 742 in
1156 701 1376 744 desertum
1411 703 1540 758 Ziph,
1568 707 1610 745 et
1635 715 1737 745 cum
1763 715 1812 744 eo
1845 700 1930 743 tria

101 759 241 801 millia
265 759 456 801 virorum
483 759 537 801 de
563 759 714 801 electis
741 759 899 814 Israel,
924 766 971 801 ut
997 765 1211 814 quaereret
1242 760 1387 802 David
1410 761 1454 802 in
1482 761 1650 803 deserto
1677 760 1800 816 Ziph.
1831 760 1848 786 3
1874 761 1931 802 Et

101 822 439 860 castrametatus
463 822 530 860 est
556 817 659 860 Saul
684 817 729 859 in
753 818 907 861 Gabaa
928 818 1143 873 1111811118,
1163 832 1260 873 qua-3
1284 825 1377 861 erat
1399 833 1453 861 ex
1474 819 1658 862 adverso
1677 816 1930 862 solitudinis

99 876 145 918 in
167 876 267 930 via;
305 876 449 918 David
483 881 632 918 autem
665 875 899 919 habitabat
930 880 976 918 in
1007 877 1191 920 deserto.
1219 877 1386 919 Videns
1419 883 1567 920 autem
1598 878 1712 933 quod
1738 877 1932 920 venisset

101 934 203 978 Saul
229 940 327 991 post
351 948 397 977 se
429 934 474 976 in
501 934 744 990 desertum,
780 934 796 961 ⁴
819 935 939 978 misit
973 935 1293 992 exploratores,
1321 941 1363 979 et
1389 936 1547 978 didicit
1577 936 1690 991 quod
1725 936 1832 979 illuc
1858 950 1930 978 ve—

100 993 236 1036 nisset
262 993 518 1036 certissime.
553 993 570 1019 5
596 993 653 1035 Et
686 993 875 1036 surrexit
905 994 1051 1037 David
1086 995 1222 1046 clam,
1246 1000 1289 1037 ct
1318 995 1440 1037 venit
1471 995 1528 1037 ad
1562 995 1707 1037 locum
1739 995 1812 1036 ubi
1840 1000 1932 1037 erat

96 1052 228 1107 Saul3
256 1066 444 1107 cumque
469 1052 654 1095 vidisset
679 1052 827 1095 locum
852 1052 897 1095 in
925 1067 1008 1108 quo
1032 1053 1280 1096 dormiebat
1307 1053 1423 1107 Saul,
1444 1059 1486 1097 et
1510 1053 1671 1102 Abner,
1692 1053 1808 1095 filius
1830 1054 1929 1108 Ner,

98 1111 302 1168 princeps
340 1111 513 1153 militiae
548 1111 665 1167 ejus,
700 1116 744 1154 et
777 1111 955 1155 Saulem
986 1112 1278 1156 dormientem
1312 1112 1357 1154 in
1390 1112 1600 1163 tentorio,
1635 1116 1680 1154 et
1713 1112 1931 1167 reliquum

99 1169 258 1226 vulgus
295 1184 371 1226 per
409 1170 644 1212 circuitum
682 1171 799 1226 ejus,
835 1170 853 1197 ⁶
876 1171 939 1213 ait
973 1171 1120 1214 David
1152 1171 1209 1214 ad
1243 1171 1534 1214 Achimelech
1576 1172 1844 1226 Hethaeum,
1891 1175 1934 1213 et

99 1229 276 1283 Abisai,
301 1228 440 1271 filium
472 1229 659 1284 Sarviae,
687 1230 874 1273 fratrem
901 1230 927 1271 ,J
934 1230 1038 1285 oab,
1066 1230 1218 1274 dicens
1245 1244 1255 1273 ι
1279 1230 1384 1281 Quis
1411 1230 1650 1280 descendet
1676 1244 1851 1273 mecum
1876 1229 1933 1272 ad

96 1288 203 1331 Saul
223 1288 270 1330 in
297 1288 472 1331 castra?
498 1287 711 1344 Dixitque
737 1289 892 1331 Abisai
917 1307 928 1335 :
957 1290 1051 1345 Ego
1075 1289 1341 1333 descendam
1361 1294 1521 1332 tecum.
1548 1289 1563 1315 7
1582 1290 1811 1332 Venerunt
1830 1302 1934 1343 ergo

100 1346 246 1390 David
269 1352 312 1390 et
341 1347 494 1389 Abisai
525 1347 582 1389 ad
604 1347 817 1404 populum
847 1353 997 1403 nocte,
1025 1353 1069 1391 et
1096 1348 1362 1391 invenerunt
1388 1348 1492 1392 Saul
1517 1348 1739 1404 jacentem
1767 1353 1809 1390 et
1833 1344 1932 1390 dor-

100 1406 311 1449 mientem
339 1406 385 1448 in
412 1406 622 1459 tentorio,
653 1411 696 1449 et
721 1406 896 1449 hastam
923 1406 1059 1449 fixam
1080 1406 1127 1449 in
1152 1412 1269 1450 terra
1293 1408 1350 1450 ad
1378 1412 1511 1464 caput
1537 1407 1654 1463 ejus,
1682 1407 1834 1449 Abner
1857 1421 1932 1448 au—

97 1471 188 1508 tem
214 1470 258 1508 et
284 1465 496 1521 populum
519 1464 786 1508 dormientes
812 1465 857 1507 in
877 1465 1065 1508 circuitu
1085 1465 1196 1521 ejus.
1223 1466 1240 1492 ⁸
1259 1466 1471 1522 Dixitque
1498 1466 1653 1509 Abisai
1671 1465 1728 1507 ad
1752 1465 1898 1507 David
1922 1481 1930 1508 :

92 1523 328 1568 ‘Conclusit
362 1524 481 1566 Deus
513 1523 747 1566 inimicum
780 1528 908 1566 tuum
941 1524 1074 1567 hodie
1107 1524 1153 1566 in
1186 1539 1344 1567 manus
1377 1530 1500 1580 tuas,
1528 1539 1645 1567 nunc
1668 1538 1770 1580 ergo
1788 1524 1932 1580 perfo-
1963 1537 1966 1540 ·

99 1583 219 1626 diam
253 1597 353 1626 eum
386 1582 541 1625 lancea
573 1582 621 1624 in
653 1587 789 1637 terra,
816 1582 973 1637 semel,
1001 1588 1045 1625 et
1077 1583 1271 1626 secundo
1305 1598 1413 1640 opus
1446 1598 1533 1627 non
1568 1583 1662 1626 erit.
1696 1583 1713 1608 ⁹
1739 1584 1795 1625 Et
1821 1583 1935 1625 dixit

101 1641 246 1685 David
273 1641 329 1684 ad
356 1641 511 1684 Abisai
535 1657 544 1684 ε
573 1642 641 1684 Ν8
665 1641 905 1684 interficias
939 1655 1065 1697 eum3
1095 1642 1190 1697 quis
1218 1643 1337 1685 enim
1367 1643 1576 1686 extendet
1602 1656 1783 1684 manum
1809 1655 1933 1683 suam

97 1701 144 1743 111
170 1701 383 1743 christum
410 1700 613 1753 Domini,
634 1705 676 1743 et
701 1700 913 1757 innocens
937 1701 1049 1744 erit?
1071 1700 1107 1727 ¹⁰
1125 1702 1183 1743 Et
1205 1701 1320 1744 dixit
1346 1701 1493 1744 David
1513 1716 1522 1743 t
1545 1701 1669 1744 Vivit
1697 1700 1932 1743 Dominus!

98 1760 200 1816 quia
225 1759 310 1802 nisi
338 1759 554 1802 Dominus
582 1760 845 1816 percusserit
871 1774 990 1815 eum,
1010 1765 1088 1802 aut
1113 1760 1207 1803 dies
1233 1760 1330 1816 83118
1354 1760 1524 1803 venerit
1545 1766 1594 1803 ut
1616 1759 1839 1814 moriatur,
1859 1765 1935 1801 aut

96 1819 144 1862 111
170 1818 376 1875 praelium
401 1818 673 1862 descendens
705 1819 903 1876 perierit,
939 1819 971 1845 ¹¹
999 1819 1215 1876 propitius
1242 1820 1300 1862 sit
1324 1819 1434 1871 mihi
1463 1819 1680 1862 Dominus
1706 1833 1760 1861 ne
1786 1823 1936 1861 exten-

100 1878 202 1920 dam
227 1892 411 1920 manum
443 1892 590 1920 meam
614 1877 662 1920 in
692 1878 906 1921 christum
935 1878 1137 1921 Domini!
1166 1879 1297 1922 Nunc
1322 1879 1459 1934 igitur
1483 1878 1590 1921 tolle
1616 1878 1812 1932 hastam,
1840 1891 1936 1933 quae

89 1942 165 1980 *vest
189 1936 247 1979 ad
274 1942 407 1993 caput
441 1936 557 1992 ejus,
586 1941 629 1980 et
661 1937 880 1994 scyphum
912 1952 1060 1993 aquae,
1089 1942 1131 1980 et
1156 1938 1382 1981 abeamus.
1418 1937 1454 1963 ¹2
1475 1937 1599 1980 Tulit
1627 1937 1764 1993 igitur
1791 1936 1936 1979 David

90 1996 275 2038 ‘hastam
298 2001 340 2038 et
365 1996 583 2052 scyphum
607 2010 734 2052 aquae
756 1996 830 2052 qui
857 2002 950 2039 erat
975 1997 1032 2039 ad
1058 2002 1192 2053 caput
1215 1997 1339 2053 Saul,
1359 2002 1402 2040 et
1419 1997 1649 2051 abierunt3
1678 2001 1721 2039 et
1739 2010 1826 2038 non
1845 2000 1938 2038 erat

101 2055 333 2110 quisquam
362 2055 436 2110 qui
469 2054 661 2110 videret,
689 2061 732 2098 et
758 2055 1051 2111 intelligeret,
1078 2062 1123 2099 et
1156 2056 1416 2111 evigilaret;
1452 2056 1529 2099 sed
1564 2070 1715 2099 omnes
1749 2054 1936 2098 dormie-

104 2113 229 2170 bant,
255 2114 358 2170 quia
384 2128 513 2170 sopor
539 2114 720 2157 Domini
753 2115 940 2158 irruerat
964 2129 1095 2172 super
1119 2129 1206 2158 eos.
1237 2116 1273 2141 ¹3
1295 2116 1495 2171 Cumque
1523 2115 1755 2157 transisset
1789 2113 1938 2156 David

101 2187 156 2217 ex
180 2173 387 2228 adverso,
415 2178 459 2216 et
480 2173 675 2216 stetisset
694 2174 741 2216 in
767 2174 932 2217 vertice
956 2175 1120 2218 montis
1147 2175 1201 2217 de
1225 2175 1378 2230 longe,
1406 2180 1450 2217 et
1479 2179 1594 2217 esset
1614 2173 1782 2229 grande
1803 2173 1936 2215 inter—

101 2232 272 2275 vallum
308 2232 423 2275 inter
460 2246 552 2286 eos,
588 2232 624 2258 ¹4
649 2232 862 2275 clamavit
894 2233 1043 2276 David
1075 2234 1133 2276 ad
1165 2234 1397 2290 populum,
1433 2238 1477 2276 et
1512 2233 1569 2276 ad
1608 2233 1759 2276 Abner
1796 2231 1970 2274 filium.

103 2292 205 2347 Ner,
239 2291 392 2334 dicens
427 2308 436 2335 :
471 2292 629 2335 Nonne
664 2292 971 2349 respondebis,
1010 2292 1199 2335 Abner‘?
1237 2294 1294 2335 Et
1326 2292 1596 2350 respondens
1634 2293 1798 2343 Abner,
1833 2290 1934 2333 ait:

101 2350 208 2401 Quis
235 2364 279 2393 es
308 2355 377 2406 tu,
401 2350 473 2406 qui
501 2351 688 2406 clamas,
716 2356 760 2393 et
780 2351 999 2407 inquietas
1032 2351 1218 2407 regem?
1253 2351 1289 2378 ¹5
1312 2353 1369 2394 Et
1401 2352 1464 2394 ait
1491 2351 1638 2394 David
1663 2351 1721 2393 ad
1749 2351 1901 2393 Abner
1924 2364 1935 2393 :

107 2409 334 2465 Numquid
360 2424 449 2453 non
483 2410 549 2452 vir
574 2415 622 2452 tu
646 2410 726 2453 es?
756 2416 798 2453 et
832 2411 928 2466 quis
960 2410 1073 2453 alius
1099 2410 1258 2453 similis
1291 2411 1354 2453 tui
1379 2411 1426 2453 in
1461 2410 1634 2454 Israel?
1668 2411 1810 2460 Quare
1836 2423 1938 2463 ergo

102 2484 193 2512 non
216 2468 448 2512 custodisti
474 2469 706 2512 dominum
727 2475 853 2511 tuum
878 2483 1028 2525 regem
1045 2469 1066 2511 ἶ)
1098 2469 1321 2525 ingressus
1347 2475 1414 2513 est
1443 2469 1562 2512 enim
1587 2484 1700 2511 unus
1726 2469 1780 2511 de
1809 2467 1939 2510 turba

104 2534 154 2571 ut
174 2528 441 2571 interficeret
464 2542 615 2584 regem
642 2528 872 2571 dominum
898 2534 1037 2571 tuum.
1064 2528 1098 2555 ¹⁶
1115 2529 1216 2571 Non
1242 2534 1308 2571 est
1332 2529 1498 2572 bonum
1516 2528 1619 2582 hoc,
1639 2527 1755 2583 quod
1772 2525 1937 2569 fecisti.

105 2587 230 2629 Vivit
254 2587 494 2630 Dominus!
522 2588 730 2643 quoniam
760 2588 840 2630 filii
867 2588 1018 2630 mortis
1046 2587 1150 2630 estis
1177 2601 1273 2642 vos,
1304 2588 1378 2643 qui
1403 2602 1491 2630 non
1518 2586 1772 2629 custodistis
1799 2585 1937 2628 domi-

103 2661 211 2689 num
237 2652 454 2702 vestrum,
482 2647 697 2690 christum
731 2647 925 2690 Domini.
957 2647 1087 2689 Nunc
1121 2660 1222 2702 ergo
1244 2646 1346 2689 vide
1379 2645 1454 2688 ubi
1488 2645 1546 2688 sit
1572 2646 1704 2688 ‘hasta
1735 2644 1873 2700 1·egiS,
1897 2650 1940 2686 et

94 2706 181 2748 >ubi
205 2706 264 2748 sit
289 2706 480 2762 scyphus
507 2720 635 2762 aquae
661 2706 734 2762 qui
762 2712 854 2749 erat
879 2706 936 2749 ad
963 2711 1097 2762 caput
1119 2705 1226 2761 ejus.

166 2765 200 2791 ¹⁷
223 2765 444 2820 Cognovit
478 2770 630 2808 autem
667 2765 770 2809 Saul
803 2779 958 2808 vocem
991 2764 1160 2820 David,
1195 2768 1239 2807 et
1269 2764 1385 2807 dixit
1418 2783 1427 2806 :
1463 2763 1690 2818 Numquid
1723 2777 1809 2805 vox
1842 2761 1938 2804 haec

105 2829 203 2879 tua,
233 2823 295 2866 fili
321 2823 383 2866 mi
410 2824 591 2868 David?
618 2825 676 2867 Et
701 2824 765 2866 ait
790 2824 938 2867 David
966 2841 975 2867 ι
999 2824 1098 2866 Vox
1132 2837 1250 2878 mea,
1283 2824 1460 2866 domine
1485 2823 1546 2865 mi
1579 2836 1669 2864 rex,
1705 2821 1740 2847 ¹⁸
1762 2822 1820 2864 Et
1844 2820 1907 2862 ait
1929 2838 1937 2863 :

106 2884 250 2934 Quam
275 2883 330 2926 ob
357 2897 537 2926 causam
569 2883 774 2927 dominus
809 2897 933 2926 meus
965 2882 1241 2940 persequitur
1272 2896 1448 2925 servum
1477 2880 1643 2924 suum?
1668 2880 1785 2931 Quid
1810 2879 1901 2922 feci
1917 2879 1937 2920 ἶ)

106 2947 183 2985 aut
210 2942 324 2998 quod
350 2947 416 2985 est
441 2942 609 2985 malum
641 2943 688 2985 in
723 2957 857 2985 manu
884 2942 1015 2985 mea?
1046 2941 1082 2967 ¹⁹
1108 2943 1237 2985 Nunc
1268 2956 1370 2997 ergo
1397 2941 1522 2996 audi,
1550 2955 1644 2994 oro,
1673 2939 1853 2982 domine
1878 2938 1939 2980 mi

106 3016 204 3056 rex,
230 3001 364 3044 verba
393 3001 508 3044 servi
537 3002 602 3044 tui
625 3017 634 3044 ε
661 3002 705 3045 Si
733 3001 949 3044 Dominus
980 3000 1141 3044 incitat
1172 3005 1216 3043 te
1247 3000 1486 3043 adversum
1518 3014 1609 3055 me,
1637 2999 1841 3042 0110181111·
1872 3012 1939 3040 88-

106 3060 351 3115 crificium3
378 3060 415 3103 si
440 3065 591 3103 autem
617 3060 697 3103 filii
729 3060 981 3113 hominum,
1009 3059 1237 3103 maledicti
1267 3064 1370 3102 sunt
1395 3059 1444 3101 in
1471 3063 1709 3115 conspectu
1737 3057 1937 3111 Domini,

107 3119 180 3174 qui
203 3119 432 3175 ejecerunt
453 3133 527 3162 me
550 3119 683 3162 hodie
708 3125 757 3162 ut
789 3133 876 3162 non
902 3119 1100 3162 habitem
1125 3119 1170 3161 in
1195 3118 1442 3162 hereditate
1476 3117 1677 3172 Domini,
1705 3117 1901 3159 dicentes
1928 3132 1936 3158 :

109 3178 254 3233 Vade,
278 3178 392 3220 servi
419 3177 502 3221 diis
527 3178 698 3221 alienis.
726 3178 762 3205 ‘2⁰
789 3180 845 3220 Et
869 3192 986 3220 nunc
1019 3192 1106 3220 non
1133 3177 1389 3220 effundatur
1421 3176 1602 3232 sanguis
1632 3190 1755 3219 meus
1780 3175 1826 3216 in
1856 3181 1940 3217 ter-

108 3251 203 3279 ram
243 3251 393 3279 coram
430 3237 651 3292 Domin03
687 3238 789 3294 quia
826 3250 1028 3292 egressus
1065 3242 1131 3280 est
1169 3251 1247 3279 rex
1284 3236 1423 3279 Israel
1459 3242 1508 3279 ut
1545 3240 1714 3291 quaerat
1747 3233 1940 3290 pulicem

109 3309 267 3350 unum,
299 3295 420 3338 sicut
447 3296 724 3352 persequitur
759 3295 914 3353 perdix
945 3295 992 3338 in
1024 3296 1262 3339 montibu-0.
1298 3294 1331 3320 ⁵2¹
1363 3296 1420 3337 Et
1452 3295 1515 3337 ait
1550 3294 1652 3338 Saul
1679 3310 1687 3336 ε
1721 3292 1937 3346 Peccavi;

107 3360 348 3407 revertere,
381 3354 443 3397 fili
481 3355 541 3397 mi
580 3355 756 3409 David3
798 3368 1078 3410 nequaquam
1117 3355 1236 3397 8111111
1276 3355 1392 3396 ultra
1428 3354 1509 3396 tibi
1548 3352 1855 3405 malefaciam,
1890 3364 1940 3393 eo

111 3413 228 3468 quod
253 3413 446 3470 pretiosa
471 3413 608 3457 fuerit
633 3414 782 3456 anima
807 3427 906 3456 mea
930 3413 976 3455 in
1002 3413 1140 3456 oculis
1166 3414 1253 3455 tuis
1286 3413 1446 3467 hodie,
1473 3417 1656 3469 apparet
1682 3410 1799 3453 8111111
1825 3409 1940 3465 quod

109 3471 247 3515 stulte
271 3473 458 3528 egerim,
486 3478 529 3515 et
552 3473 849 3528 ignoraverim
876 3472 1017 3514 multa
1042 3472 1188 3515 nimis,
1213 3471 1252 3498 Ἠ
1276 3473 1331 3514 Ε1
1357 3471 1626 3528 respondens
1651 3468 1817 3519 David,
1842 3467 1907 3510 ait
1932 3484 1940 3512 ε

116 3530 230 3572 Ε888
262 3531 390 3573 118818
422 3531 567 3587 regis,
606 3536 803 3574 transeat
835 3545 946 3573 unus
980 3530 1033 3573 de
1067 3531 1212 3587 pueris
1244 3531 1382 3585 regis,
1410 3536 1452 3572 et
1484 3529 1612 3571 tollat
1645 3542 1756 3570 eam.
1791 3525 1828 3553 23
1853 3527 1942 3569 Do-

117 3673 146 3706 1]
166 3673 242 3704 Sup.
262 3672 396 3708 XXIII,
413 3677 458 3702 19.

1998 595 2112 622 Denuo
2123 595 2237 626 parcet

2064 636 2155 664 Sauli
2168 658 2175 672 ,

2034 2763 2092 2797 qui
2111 2762 2217 2796 ipsius

2017 2807 2247 2836 innocentiam

2045 2851 2211 2885 agnoscit.
