2456 3861
192 882 299 911 David
319 881 406 918 ipse,

203 926 396 955 admonitus

190 978 210 998 a
227 971 389 1004 propheta
400 991 407 1005 ,

215 1585 373 1613 thronum

209 1629 378 1658 Salomoni

198 1674 369 1707 promittit
380 1696 387 1709 ,

162 2000 206 2026 et
222 2005 297 2026 eum
314 1998 412 2033 J‘ubet

207 2041 239 2070 in
262 2050 375 2076 regem

244 2088 334 2120 ungi.

235 3127 346 3156 Timor

210 3171 363 3201 Adoniae.

491 171 576 213 31ss
1159 167 1233 210 111
1269 167 1381 208 nm.
1419 167 1460 220 1,
1498 167 1659 210 18-45.

491 342 605 383 {silla}
630 348 716 381 tuae
744 356 752 382 :
781 338 987 381 Salomon
1013 337 1128 380 filius
1158 342 1258 379 tuus
1283 337 1489 392 regnabit
1514 342 1613 394 post
1639 352 1728 392 1116,
1753 342 1797 380 et
1820 338 1915 395 ipse
1947 339 2118 383 sedebit
2141 341 2188 384 in
2212 343 2321 386 solio

490 414 598 442 meo.
637 398 668 423 ¹⁸
696 399 752 439 Et
786 411 887 439 ecce
924 410 1041 439 nunc
1078 396 1278 438 Adonias
1314 402 1493 451 regnat,
1532 401 1594 451 te,
1631 396 1809 440 domine
1846 397 1907 439 mi
1939 412 2036 454 rex,
2073 398 2319 454 ignorante.

492 458 524 483 ¹9
549 456 767 499 Mactavit
803 456 958 511 boves,
995 461 1037 498 et
1074 455 1259 512 pinguia
1294 469 1500 511 quaeque,
1528 460 1571 498 et
1603 455 1762 498 arietes
1797 456 2030 512 plurimOS,
2069 463 2112 500 et
2144 460 2321 502 vocavit

488 530 637 558 omnes
663 515 776 557 filios
798 515 934 570 regis,
962 514 1182 557 Abiathar
1208 528 1380 570 quoque
1409 514 1704 569 sacerdotem,
1732 519 1776 557 et
1801 515 1938 568 Joab,
1965 516 2210 572 principem
2241 518 2320 560 mi-

485 575 612 628 litiae3
644 574 924 618 Salomonem
952 578 1103 617 autem
1132 588 1307 616 servum
1337 579 1464 616 tuum
1489 588 1576 616 non
1597 573 1788 617 vocavit.
1820 573 1857 601 90
1878 575 2218 632 Verumtamen,
2247 576 2322 619 do-

485 633 603 676 mine
625 633 686 675 mi
707 647 804 687 rex,
823 632 870 674 in
891 639 935 675 te
960 633 1077 676 oculi
1102 632 1346 689 respiciunt
1367 633 1503 675 totius
1525 633 1684 688 Israel,
1704 637 1753 675 ut
1777 633 1946 677 indices
1970 634 2031 677 eis
2054 634 2149 690 quis
2171 635 2322 679 sedere

485 692 645 735 debeat
669 692 716 734 in
749 691 860 734 solio
890 698 984 748 tuo,
1016 692 1194 735 domine
1227 692 1288 734 mi
1321 706 1419 748 rex,
1446 698 1546 749 post
1573 696 1629 734 te.
1661 690 1695 717 91
1725 692 1927 749 Eritque,
1964 707 2062 736 cum
2095 693 2323 738 dormierit

485 751 689 794 domiuus
716 765 838 794 meus
863 765 941 794 rex
967 766 1068 794 cum
1093 751 1293 808 patribus
1323 751 1435 807 suis,
1460 752 1622 795 erimus
1649 765 1730 807 ego
1760 757 1803 794 et
1824 752 1941 794 filius
1964 766 2087 795 meus
2115 753 2321 796 Salomon

484 816 751 867 peccatores.

543 868 579 894 99
600 870 762 914 Adhuc
783 871 862 913 illa
889 870 1095 927 loquente
1118 884 1219 913 cum
1248 885 1368 926 rege,
1395 871 1576 914 Nathan
1606 872 1820 928 propheta
1843 872 1979 915 venit.
2004 870 2042 898 93
2060 873 2117 914 Et
2143 872 2320 914 nuntia-

482 934 641 972 verunt
665 929 779 985 regi,
801 930 998 973 dicentes
1025 947 1032 974 :
1059 930 1201 973 Adest
1226 930 1408 972 Nathan
1429 931 1655 987 propheta.
1676 931 1875 986 Cumque
1899 931 2124 974 introisset
2148 930 2195 973 in
2218 945 2320 974 con-

482 994 636 1045 spectu
666 988 803 1045 regis,
835 994 878 1032 et
906 989 1133 1032 adorasset
1162 1003 1262 1032 eum
1288 1003 1450 1046 pronus
1482 989 1530 1031 in
1563 995 1744 1046 terram,
1779 989 1816 1015 94
1841 990 1956 1033 dixit
1989 991 2169 1033 Nathan
2193 1006 2202 1033 ε
2231 991 2318 1032 Do-

484 1047 602 1091 mine
631 1048 691 1090 mi
717 1062 814 1104 rex,
841 1054 889 1091 tu
920 1048 1072 1091 dixisti
1099 1065 1107 1092 :
1134 1048 1333 1091 Adonias
1359 1053 1514 1103 regnet
1547 1055 1646 1105 post
1680 1064 1770 1104 me,
1806 1055 1848 1092 et
1881 1049 1976 1106 ipse
2009 1050 2161 1092 sedeat
2189 1063 2319 1106 super

483 1107 689 1149 thronum
722 1107 904 1151 meum?
938 1107 974 1134 ‘25
1000 1108 1110 1158 Quia
1144 1107 1374 1150 descendit
1409 1107 1560 1163 hodie,
1596 1114 1639 1151 et
1671 1108 1924 1151 immolavit
1956 1109 2112 1164 boves,
2143 1114 2187 1151 et
2222 1109 2318 1165 pin-

481 1166 605 1221 guia,
634 1172 676 1209 et
709 1167 868 1210 arietes
901 1167 1135 1222 plurimos,
1164 1171 1207 1209 et
1238 1167 1416 1209 vocavit
1446 1167 1672 1210 universos
1706 1167 1819 1210 filios
1852 1167 1989 1223 regis,
2020 1174 2063 1211 et
2096 1167 2317 1224 principes

482 1225 721 1280 exercitus,
756 1226 977 1268 Abiathar
1009 1240 1180 1281 quoque
1213 1226 1516 1281 sacerdotem;
1552 1227 1730 1282 illisque
1761 1227 2065 1282 vescentibus,
2093 1232 2136 1269 et
2161 1226 2317 1269 biben-

480 1284 598 1326 tibus
626 1298 774 1327 6016111
801 1299 869 1340 60,
902 1291 944 1328 et
971 1285 1222 1328 dicentibus
1247 1302 1255 1328 :
1285 1285 1422 1328 Vivat
1446 1300 1523 1328 rex
1545 1286 1773 1329 Adonias!
1805 1285 1842 1312 93
1867 1301 1938 1329 1116
1967 1301 2144 1329 servum
2168 1291 2310 1342 tuum,

481 1349 523 1386 et
550 1343 690 1387 Sadoc
716 1344 1010 1399 sacerdotem,
1031 1350 1074 1387 et
1100 1344 1318 1387 Banaiam
1343 1345 1485 1387 filium
1508 1345 1704 1401 ε10161166,
1725 1351 1768 1389 et
1793 1345 2076 1389 Salomonem
2093 1345 2316 1389 famulum
2342 1372 2348 1376 -

479 1406 627 1457 tuum,
654 1417 741 1446 non
767 1404 958 1447 vocavit.
994 1403 1029 1429 97
1056 1404 1284 1460 Numquid
1313 1419 1339 1446 a
1366 1404 1544 1447 domino
1577 1419 1676 1448 meo
1708 1419 1811 1460 rege
1837 1405 1976 1448 exivit
2000 1405 2083 1448 hoc
2109 1405 2314 1460 verbum,

480 1467 522 1504 et
555 1462 665 1504 mihi
698 1477 787 1506 non
817 1463 1027 1506 indicasti
1059 1477 1186 1506 servo
1219 1469 1295 1506 tuo
1332 1464 1428 1520 quis
1457 1478 1654 1507 sessurus
1688 1470 1802 1507 esset
1836 1479 1967 1521 super
1998 1464 2204 1507 thronum
2241 1464 2316 1507 do-

480 1521 588 1563 mini
615 1522 702 1565 mei
731 1522 847 1578 regis
873 1528 972 1579 post
997 1523 1131 1567 eum?

538 1579 574 1606 93
597 1582 654 1623 Et
675 1582 903 1638 respondit
923 1597 1001 1625 rex
1027 1582 1196 1638 David,
1223 1582 1374 1626 dicens
1399 1599 1407 1626 :
1433 1583 1603 1627 Vocate
1625 1584 1681 1626 ad
1704 1598 1774 1626 me
1803 1583 2064 1627 Bethsabee.
2085 1584 2192 1634 Quae
2215 1597 2315 1626 cum

478 1639 640 1683 fuisset
660 1640 860 1696 ingressa
883 1655 1031 1684 coram
1053 1656 1176 1697 rege,
1204 1647 1247 1684 et
1272 1643 1466 1686 stetisset
1495 1648 1599 1686 ante
1625 1657 1747 1698 eum,
1774 1642 1811 1668 99
1831 1643 1999 1698 juravit
2023 1657 2122 1697 reX,
2147 1647 2190 1686 et
2213 1642 2278 1685 ait
2307 1659 2314 1686 :

478 1699 606 1742 Vivit
634 1700 872 1756 Dominus,
900 1701 974 1757 qui
1000 1701 1113 1744 eruit
1134 1701 1333 1744 animam
1355 1716 1501 1745 meam
1524 1702 1577 1745 de
1604 1702 1723 1744 omni
1746 1702 1979 1757 angustia!
2010 1701 2048 1728 3⁰
2068 1702 2171 1758 quia
2201 1701 2317 1744 sicut

477 1758 623 1814 juravi
649 1758 732 1802 tibi
766 1774 842 1816 per
875 1760 1117 1803 Dominum
1152 1762 1297 1803 Deum
1330 1761 1490 1816 Israel,
1518 1761 1669 1804 dicens
1696 1778 1703 1805 :
1732 1761 1938 1805 Salomon
1967 1761 2084 1804 filius
2116 1767 2218 1805 tuus
2249 1775 2315 1804 16-

477 1818 636 1872 gnabit
661 1824 760 1876 post
785 1833 875 1875 me,
901 1825 944 1863 et
974 1820 1069 1876 ipse
1095 1819 1268 1863 sedebit
1301 1835 1430 1877 super
1455 1820 1614 1863 solium
1644 1835 1793 1863 meum
1819 1835 1896 1878 pro
1921 1835 2021 1876 me3
2055 1821 2120 1865 sic
2145 1820 2315 1863 faciam

477 1877 621 1920 hodie.
656 1877 689 1904 3¹
715 1879 1043 1935 Summissoque
1075 1879 1323 1922 Bethsabee
1355 1880 1401 1922 in
1435 1885 1597 1923 terram
1630 1880 1777 1935 vultu,
1808 1880 2012 1923 adoravit
2043 1893 2214 1936 regem,
2249 1879 2314 1922 di-

478 1949 580 1979 cens
606 1954 614 1981 :
642 1937 778 1980 Vivat
805 1938 1008 1981 dominus
1035 1953 1156 1982 meus
1185 1938 1334 1981 David
1357 1939 1403 1981 in
1431 1939 1669 1982 aeternum!

535 1995 572 2022 39
594 1997 721 2039 Dixit
747 2012 918 2053 quoque
943 2012 1020 2041 rex
1044 1998 1190 2041 David
1216 2015 1224 2042 :
1247 1999 1418 2041 Vocate
1444 1998 1553 2041 mihi
1580 1998 1720 2042 Sadoc
1744 1999 2039 2055 sacerdotem,
2063 2003 2106 2041 et
2132 1998 2313 2042 Nathan

475 2056 758 2112 prophetam,
783 2062 826 2100 et
853 2057 1070 2100 Banaiam
1102 2057 1245 2100 filium
1277 2057 1467 2101 Joiadae.
1492 2058 1574 2108 Qui
1601 2071 1701 2100 cum
1733 2057 1921 2113 ingressi
1946 2057 2140 2101 fuissent
2165 2071 2313 2102 coram

474 2128 597 2171 rege,
625 2115 662 2142 33
685 2115 799 2158 dixit
823 2117 879 2160 ad
906 2131 978 2160 eos
1003 2133 1010 2160 :
1040 2116 1205 2160 Tollite
1230 2117 1463 2160 vobiscum
1484 2131 1632 2160 servos
1656 2117 1823 2160 domini
1849 2117 2006 2173 vestri,
2029 2122 2073 2160 et
2097 2117 2313 2174 imponite

475 2174 756 2218 Salomonem
782 2173 925 2218 filium
956 2191 1106 2220 meum
1131 2190 1261 2233 super
1286 2177 1456 2219 mulam
1485 2190 1652 2231 meam,
1680 2181 1723 2220 et
1753 2176 1902 2220 ducite
1935 2191 2036 2220 eum
2059 2176 2107 2219 in
2133 2176 2280 2220 Gihon
2301 2194 2309 2230 ;

474 2233 510 2259 34
536 2240 579 2276 et
601 2240 740 2290 ungat
762 2249 864 2278 eum
885 2236 947 2278 ibi
975 2236 1117 2279 Sadoc
1143 2236 1368 2291 sacerdos,
1398 2242 1441 2279 et
1468 2236 1647 2279 Nathan
1673 2236 1908 2293 propheta,
1932 2236 1979 2278 in
2007 2249 2158 2291 regem
2183 2248 2313 2292 super

474 2293 626 2337 Israel.
648 2294 705 2336 Et
726 2295 896 2338 canetis
913 2295 1125 2351 buccina,
1149 2301 1281 2351 atque
1305 2295 1461 2338 dicet-is
1487 2312 1495 2339 ε
1519 2295 1658 2337 Vivat
1673 2309 1751 2338 rex
1771 2295 2002 2338 Salomon!
2029 2295 2066 2321 35
2085 2295 2142 2337 Et
2159 2309 2311 2338 ascen-

474 2352 586 2395 detis
608 2358 707 2410 post
729 2368 850 2407 eum,
877 2359 922 2397 et
941 2355 1110 2411 veniet,
1132 2360 1174 2398 et
1199 2354 1372 2398 sedebit
1397 2369 1528 2411 super
1548 2354 1709 2398 solium
1733 2368 1902 2411 meum,
1923 2360 1966 2398 et
1985 2354 2081 2411 ipse
2105 2354 2312 2410 regnabit

473 2425 550 2468 pro
580 2426 673 2466 me;
701 2411 856 2468 illique
881 2413 1140 2470 praecipiam
1165 2419 1214 2457 ut
1241 2414 1300 2456 sit
1325 2414 1414 2456 dux
1440 2428 1570 2471 super
1595 2413 1735 2457 Israel
1761 2418 1804 2458 et
1832 2428 1963 2471 super
1988 2413 2168 2457 dudam.
2195 2412 2232 2440 3⁶
2254 2414 2312 2456 Et

471 2471 700 2527 respondit
727 2472 939 2528 Banaias,
967 2471 1082 2516 filius
1117 2473 1314 2527 Joiadae,
1340 2473 1456 2529 regi,
1485 2473 1635 2516 dicens
1659 2489 1667 2516 :
1696 2473 1866 2528 Amen3
1899 2473 1961 2516 sic
1989 2472 2195 2528 loquatur
2222 2473 2308 2516 Do-

472 2530 618 2572 minus
654 2531 773 2574 Deus
807 2531 975 2574 domini
1009 2532 1095 2575 mci
1128 2533 1259 2588 regis.
1293 2532 1330 2559 3⁷
1353 2532 1580 2583 Quomodo
1613 2532 1703 2575 fuit
1737 2532 1953 2576 Dominus
1991 2545 2092 2574 cum
2130 2531 2310 2575 domino

473 2601 570 2632 meo
590 2603 714 2646 rege,
741 2590 804 2633 sic
825 2591 883 2634 sit
905 2605 1006 2634 cum
1038 2591 1293 2647 Salomone,
1320 2597 1363 2635 et
1392 2590 1626 2634 sublimius
1659 2592 1802 2634 faciat
1833 2591 1993 2634 solium
2023 2591 2119 2646 ejus
2149 2604 2175 2633 a
2200 2591 2310 2634 solio

473 2646 642 2690 domini
668 2649 755 2692 mei
780 2650 897 2706 regis
926 2650 1086 2694 David.

531 2706 568 2733 33
588 2708 830 2752 Descendit
856 2723 960 2765 ergo
984 2709 1127 2754 Sadoc
1153 2710 1378 2765 sacerdos,
1399 2715 1444 2754 et
1460 2709 1640 2754 Nathan
1660 2710 1894 2768 propheta,
1914 2715 1958 2754 et
1977 2711 2170 2753 Banaias
2192 2710 2308 2753 filius

473 2766 501 2808 J
505 2766 670 2823 oiadae,
688 2772 733 2810 et
758 2767 953 2825 Cerethi,
977 2774 1020 2812 et
1043 2769 1272 2825 Phelethi3
1297 2775 1341 2812 et
1363 2769 1670 2826 imposuerunt
1696 2769 1976 2813 Salomonem
1994 2784 2124 2826 super
2140 2769 2308 2812 mulam

471 2825 587 2880 regis
614 2825 782 2882 David,
810 2833 853 2870 et
873 2827 1156 2871 adduxerunt
1177 2842 1279 2872 eum
1303 2829 1349 2871 in
1373 2828 1535 2872 Gihon.
1569 2827 1607 2855 39
1632 2828 1915 2885 Sumpsitque
1941 2828 2082 2872 Sadoc
2105 2828 2308 2872 sacerdos

473 2896 608 2926 cornu
636 2885 718 2928 olei
746 2885 800 2929 de
829 2885 1140 2943 tabernaculo,
1164 2893 1207 2931 et
1237 2888 1366 2930 unxit
1396 2887 1701 2942 Salomonem3
1731 2892 1775 2931 et
1801 2887 2057 2931 cecinerunt
2085 2887 2304 2943 buccina3

473 2947 516 2985 et
549 2942 663 2985 dixit
696 2945 837 2988 omnis
871 2946 1058 3002 populus
1092 2963 1100 2990 ε
1136 2947 1272 2990 Vivat
1306 2960 1386 2990 rex
1428 2947 1662 2991 Salomon!
1701 2945 1738 2973 ⁴⁰
1763 2947 1820 2989 Et
1864 2946 2066 2990 ascendit
2100 2947 2307 2990 universa

472 3001 713 3045 multitudo
746 3009 844 3060 post
877 3019 999 3061 eum,
1026 3010 1068 3049 et
1102 3006 1288 3063 populus
1319 3006 1576 3050 canentium
1608 3004 1752 3061 tibiis,
1783 3011 1826 3048 et
1858 3005 2110 3049 laetantium
2142 3005 2307 3062 gaudio

473 3074 657 3116 magno,
686 3066 729 3104 et
753 3062 949 3106 insonuit
973 3070 1089 3108 terra
1113 3079 1138 3107 a
1165 3065 1357 3108 clamore
1382 3079 1545 3109 eorum.

531 3118 565 3145 ⁴¹
586 3119 775 3163 Audivit
799 3127 950 3165 autem
975 3123 1194 3179 Adonias,
1215 3129 1258 3167 et
1284 3138 1434 3168 omnes
1461 3125 1533 3181 qui
1555 3123 1734 3167 invitati
1760 3124 1941 3168 fuerant
1957 3125 2014 3167 ab
2041 3139 2104 3181 60,
2124 3125 2306 3180 jamque

473 3178 730 3222 convivium
760 3179 934 3223 finitum
961 3187 1081 3238 erat3
1113 3183 1189 3226 sed
1219 3188 1262 3226 et
1291 3184 1319 3226 J
1325 3183 1428 3240 oab,
1458 3184 1613 3226 audita
1641 3196 1748 3226 voce
1777 3183 1920 3239 tubae,
1949 3184 2013 3226 ait
2038 3201 2046 3229 :
2077 3183 2191 3234 Quid
2220 3183 2304 3225 sibi

473 3237 570 3280 vult
607 3237 775 3281 clamor
807 3239 1001 3282 civitatis
1042 3241 1392 3286 tumultuantis?
1424 3241 1462 3269 49
1490 3242 1651 3286 Adhuc
1682 3241 1760 3285 illo
1798 3242 2024 3298 loquente,
2064 3242 2303 3294 Jonathas‚

473 3295 589 3340 filius
616 3295 836 3340 Abiathar
864 3299 1126 3355 sacerdotis,
1150 3302 1296 3355 venit;
1325 3301 1395 3344 cui
1426 3301 1540 3345 dixit
1568 3300 1767 3344 Adonias
1794 3317 1802 3344 :
1826 3301 2086 3358 Ingredere,
2113 3302 2215 3357 quia
2237 3300 2305 3343 vir

472 3355 603 3399 fortis
633 3370 698 3411 eS,
729 3361 773 3400 et
800 3357 915 3400 bona
948 3359 1172 3402 nuntians.
1202 3359 1240 3386 43
1262 3360 1592 3418 Responditque
1621 3360 1839 3407 Jonathas
1873 3360 2062 3404 Adoniae
2088 3377 2096 3405 :
2127 3361 2301 3416 Nequa-

475 3428 635 3470 quam;
676 3416 880 3459 dominus
917 3417 1036 3460 enim
1074 3423 1220 3462 noster
1254 3433 1332 3462 rex
1369 3419 1516 3462 David
1548 3431 1698 3474 regem
1732 3420 1963 3462 constituit
2000 3419 2300 3474 Salomonem,

473 3472 509 3499 ⁴⁴
531 3474 738 3530 misitque
764 3488 864 3518 cum
887 3489 937 3519 eo
959 3476 1100 3519 Sadoc
1122 3477 1415 3534 sacerdotem,
1438 3484 1482 3522 et
1503 3477 1684 3521 Nathan
1709 3478 1990 3535 prophetam,
2018 3484 2062 3522 et
2085 3478 2302 3522 Banaiam

472 3530 614 3575 filium
636 3534 832 3589 Joiadae,
856 3540 899 3578 et
921 3533 1116 3591 Cerethi,
1141 3541 1184 3579 et
1206 3536 1431 3592 Phelethi,
1458 3542 1500 3581 et
1529 3537 1832 3594 imposuerunt
1854 3551 1955 3581 eum
1980 3551 2109 3595 super
2133 3536 2301 3580 mulam

472 3591 602 3645 regis.
629 3591 665 3618 ⁴5
691 3593 1012 3649 Unxernntque
1037 3608 1137 3637 eum
1164 3595 1304 3638 Sadoc
1333 3595 1536 3639 sacerdos
1562 3600 1605 3639 et
1631 3595 1811 3639 Nathan
1841 3597 2054 3654 propheta
2078 3609 2228 3652 regem
2250 3595 2300 3638 in

473 3648 648 3705 Gihon3
684 3657 727 3694 et
754 3651 1048 3695 ascenderunt
1078 3653 1184 3696 inde
1212 3653 1437 3711 laetantes,
1468 3659 1511 3697 et
1541 3654 1740 3697 insonuit
1772 3656 1960 3707 civitas;
1990 3655 2086 3698 haec
2119 3660 2300 3698 est-vox
