2456 3861
234 725 335 751 Bene-

198 766 364 795 dictiones

205 814 240 839 et
260 811 359 839 male-

198 854 365 883 dictiones

208 906 356 932 pronun-

217 942 348 971 tiandae.

195 2485 376 2518 Multiplex

188 2528 385 2558 benedictio,

468 135 549 178 186
928 134 1074 176 DEUT.
1108 131 1314 183 XXVII,
1347 132 1374 172 4
1406 155 1466 162 ——
1496 129 1727 184 XXVIII,
1762 130 1830 172 11.

466 304 635 361 juravit
651 303 851 360 patribus
870 302 968 344 tuis.
989 301 1005 327 4
1021 300 1204 351 Quando
1227 313 1331 355 ergo
1353 298 1618 341 transieritis
1637 297 1905 353 -Jordanem,
1925 297 2082 354 erigite
2103 299 2294 356 lapides,

467 377 574 419 quos
600 377 682 418 ego
706 361 837 405 hodie
870 359 1079 416 praecipio
1112 358 1258 413 vobis,
1290 357 1335 399 in
1361 362 1511 400 monte
1538 356 1709 411 Hebal,
1733 361 1777 399 et
1806 356 2025 412 levigabis
2049 372 2122 401 eos
2148 358 2295 411 calce;

468 423 484 449 5
506 428 550 465 et
576 420 817 464 aedificabis
839 418 902 461 ibi
931 418 1072 460 altare
1099 417 1290 460 Domino
1316 418 1411 460 Deo
1436 421 1532 471 tuo,
1558 415 1610 459 de
1637 415 1859 472 lapidibus
1884 430 1991 472 quos
2013 416 2181 460 ferrum
2209 431 2298 460 non

467 480 639 536 tetigit,
670 480 686 505 ⁶
704 484 748 522 et
780 478 833 521 de
867 476 987 520 saxis
1020 476 1288 519 informibus
1322 481 1366 518 et
1396 475 1637 531 impolitis3
1672 479 1717 518 et
1747 475 1906 518 offeres
1936 489 2067 531 super
2097 490 2148 519 eo
2176 476 2299 519 holo-

468 544 620 582 causta
643 536 833 581 Domino
857 538 951 580 Deo
973 541 1070 591 tuo,
1089 535 1103 561 7
1119 540 1164 578 et
1186 533 1439 577 immolabis
1461 534 1628 577 hostias
1649 534 1879 590 pacificas,
1903 533 2191 590 comedesque
2214 535 2297 590 ibi,

468 603 513 641 et
545 596 794 654 epulaberis
827 609 975 638 coram
1009 594 1199 637 Domino
1232 595 1326 637 Deo
1359 598 1449 636 tuo.
1473 594 1489 620 8
1509 594 1567 636 Et
1591 593 1756 636 scribes
1789 606 1919 649 super
1947 592 2118 650 lapides
2151 594 2302 637 omnia

467 656 603 700 verba
628 655 741 711 legis
766 654 900 710 hujus
924 654 1058 710 plane
1084 659 1127 697 et
1152 652 1312 697 lucide.

527 715 543 741 9
559 714 864 770 Dixeruntque
882 714 1058 770 Moyses
1076 717 1121 756 et
1138 712 1388 755 sacerdotes
1406 711 1576 755 levitici
1595 711 1769 768 generis
1791 710 1848 754 ad
1866 725 2042 754 omnem
2061 712 2302 756 Israelem:

468 774 686 829 Attende,
727 779 771 817 et
810 772 936 828 audi,
979 772 1119 815 Israel
1150 788 1159 815 ε
1200 771 1331 814 hodie
1371 771 1521 814 factus
1557 785 1603 814 es
1640 771 1827 827 populus
1865 769 2044 813 Domini
2087 770 2171 814 Dei
2203 771 2301 826 tui3

469 833 504 859 '¹⁰
522 833 675 876 audies
697 847 853 876 vocem
879 832 997 888 ejus,
1024 836 1069 874 et
1096 831 1239 874 facies
1265 831 1479 873 mandata
1504 834 1635 886 atque
1660 829 1880 885 justitias,
1907 843 2015 885 quas
2045 844 2128 885 ego
2148 829 2305 886 praeci-

467 892 540 949 pio
562 892 659 936 tibi.
688 892 720 918 ¹¹
742 891 1047 948 Praecepitque
1077 891 1253 947 Moyses
1279 890 1441 946 populo
1474 890 1520 932 in
1550 889 1620 932 die
1642 889 1739 945 illo,
1772 889 1951 933 dicens:
1979 887 2015 914 ¹²
2033 889 2096 931 Hi
2121 889 2304 932 stabunt

468 952 524 994 ad
558 950 914 995 benedicendum
942 950 1104 1006 populo
1138 964 1268 1006 super
1296 954 1494 992 montem
1528 947 1745 1004 Garizim,
1777 948 1974 991 Jordane
2010 948 2300 992 transmisso:

470 1011 669 1066 Simeon,
695 1010 828 1065 Levi,
856 1011 884 1052 J
889 1010 1019 1065 udas,
1044 1009 1263 1062 Issachar,
1289 1008 1480 1064 Joseph,
1504 1012 1548 1050 et
1571 1007 1826 1063 Benjamin.
1847 1007 1882 1033 ¹3
1900 1008 1958 1050 Et
1980 1021 2002 1050 e
2024 1007 2205 1063 regione
2229 1007 2304 1050 isti

469 1070 652 1113 stabunt
684 1069 740 1112 ad
774 1068 1134 1112 maledicendum
1167 1067 1214 1109 in
1246 1072 1397 1109 monte
1433 1066 1613 1110 Hebal:
1647 1066 1825 1121 Ruben,
1863 1066 1982 1122 Gad,
2015 1071 2060 1109 et
2091 1067 2225 1123 Aser,
2260 1072 2306 1110 et

468 1129 686 1184 Zabulon,
723 1130 844 1182 Dan,
875 1133 920 1171 et
955 1126 1213 1183 Nephthali.
1246 1125 1281 1152 ¹4
1300 1126 1359 1168 Et
1387 1125 1740 1182 pronuntiabunt
1772 1125 1943 1180 levitae,
1978 1125 2214 1181 dicentque
2246 1125 2302 1169 ad

470 1203 621 1231 omnes
646 1188 763 1230 viros
798 1187 938 1230 Israel
969 1186 1146 1229 excelsa
1167 1199 1304 1228 voce:
1338 1184 1374 1211 ¹5
1391 1184 1658 1227 Maledictus
1687 1184 1819 1227 homo
1849 1183 1923 1240 qui
1951 1183 2066 1227 facit
2098 1185 2306 1242 sculptile

468 1253 514 1291 et
536 1247 781 1302 conflatile,
809 1244 1189 1289 abominationem
1215 1243 1418 1300 Domini,
1447 1258 1554 1300 opus
1579 1258 1792 1286 manuum
1817 1243 2057 1299 artificum,
2083 1249 2307 1300 ponetque

468 1306 580 1349 illud
616 1306 662 1348 in
699 1305 986 1360 abscondit03
1023 1309 1068 1348 et
1106 1303 1392 1360 respondebit
1433 1302 1575 1346 omnis
1619 1303 1827 1359 populus,
1866 1307 1910 1345 et
1950 1302 2104 1346 dicet:
2144 1304 2304 1347 Amen.

469 1364 505 1392 16
522 1365 789 1409 Maledictus
822 1364 897 1420 qui
929 1378 1017 1407 non
1042 1363 1231 1406 honorat
1256 1367 1428 1419 patrem
1453 1377 1602 1418 suum,
1631 1367 1675 1405 et
1703 1367 1893 1405 matrem
1914 1379 1922 1417 3
1946 1366 1990 1405 et
2015 1362 2134 1405 dicet
2163 1363 2309 1405 omnis

467 1425 680 1482 populus:
705 1425 865 1469 Amen.
887 1423 921 1450 ¹⁷
936 1422 1202 1466 Maledictus
1224 1422 1299 1478 qui
1320 1421 1537 1464 transfert
1557 1421 1770 1464 terminos
1792 1420 1983 1477 proximi
2004 1420 2095 1475 sui;
2121 1426 2165 1465 et
2187 1421 2307 1465 dicet

469 1483 611 1527 omnis
636 1484 848 1540 populus:
873 1484 1030 1526 Amen.
1054 1482 1088 1508 18
1108 1481 1374 1524 Maledictus
1397 1481 1471 1537 qui
1493 1495 1637 1524 errare
1659 1480 1773 1524 facit
1795 1495 1963 1523 caecum
1985 1480 2031 1523 in
2053 1480 2212 1524 itinere
2230 1499 2239 1537 3
2261 1486 2309 1524 et

469 1543 588 1586 dicet
614 1543 757 1586 omnis
778 1542 966 1599 populus
986 1559 995 1587 :
1016 1543 1176 1584 Amen.
1199 1540 1233 1566 ¹9
1250 1540 1518 1583 Maledictus
1537 1540 1611 1596 qui
1632 1539 1846 1597 pervertit
1862 1539 2083 1596 judicium
2100 1540 2301 1595 advenae,

468 1602 649 1659 pupilli,
676 1607 721 1645 et
745 1602 918 1656 viduae;
946 1606 990 1644 et
1017 1601 1136 1643 dicet
1158 1599 1300 1643 omnis
1330 1599 1545 1656 populus:
1571 1601 1730 1644 Amen.
1755 1598 1792 1626 ‘2⁰
1818 1599 2085 1642 Maledictus
2110 1599 2184 1655 qui
2210 1599 2308 1643 dor·

468 1661 552 1704 mit
582 1676 683 1704 cun]
707 1675 843 1704 uxore
868 1660 1007 1717 patris
1033 1659 1122 1714 sui,
1146 1664 1190 1702 et
1219 1658 1389 1702 revelat
1419 1658 1743 1715 operimentum
1767 1658 1921 1701 lectuli
1951 1658 2078 1714 ejus;
2111 1665 2156 1702 et
2189 1659 2309 1702 dicet

469 1721 612 1764 omnis
637 1720 855 1777 populus:
883 1720 1043 1763 Amen.
1068 1717 1102 1744 9¹
1122 1718 1388 1761 Maledictus
1414 1717 1488 1773 qui
1521 1717 1684 1760 dormit
1713 1732 1814 1760 cum
1847 1717 1967 1760 omni
1995 1717 2228 1774 jument03
2263 1724 2310 1761 et

471 1779 589 1823 dicet
619 1779 761 1823 omnis
795 1779 983 1836 populus
1009 1795 1017 1822 ε
1051 1779 1212 1820 Amen.
1243 1776 1280 1803 Ἡ
1300 1777 1568 1820 Maledictus
1597 1777 1672 1832 qui
1705 1777 1868 1819 dormit
1897 1791 1997 1819 cum
2031 1791 2176 1820 sorore
2206 1792 2309 1833 sua,

469 1839 561 1882 filia
585 1839 723 1896 patris
757 1839 823 1881 sui
848 1838 920 1881 vel
945 1837 1100 1880 matris
1130 1851 1247 1892 suae3
1275 1842 1320 1879 et
1351 1836 1469 1879 dicet
1494 1836 1637 1879 omnis
1666 1836 1853 1893 populus
1879 1852 1887 1880 :
1918 1837 2078 1882 Amen.
2110 1835 2148 1863 23
2168 1837 2309 1880 Male-

470 1898 614 1941 dictus
637 1898 711 1953 qui
737 1897 900 1941 dormit
923 1911 1023 1939 cum
1045 1910 1171 1939 socru
1197 1910 1300 1951 sua3
1325 1900 1370 1938 et
1392 1895 1511 1939 dicet
1533 1895 1676 1938 omnis
1701 1895 1888 1952 populus
1907 1911 1916 1938 :
1936 1895 2095 1940 Amen.
2115 1894 2152 1922 2¹
2169 1896 2309 1939 Male-

470 1958 615 2000 dictus
649 1957 722 2013 qui
756 1957 872 2000 clam
906 1955 1171 2013 percusserit
1208 1953 1460 2011 proximum
1496 1968 1650 2010 suum3
1681 1959 1726 1997 et
1758 1954 1877 1997 dicet
1910 1954 2053 1997 omnis
2085 1955 2309 2011 populus:

470 2018 630 2060 Amen.
657 2016 693 2043 25
710 2015 977 2059 Maledictus
1001 2015 1074 2071 qui
1101 2013 1266 2070 accipit
1294 2028 1498 2069 munera,
1525 2018 1574 2056 ut
1605 2013 1827 2070 percutiat
1855 2013 2053 2056 animam
2079 2014 2312 2071 sanguinis

470 2075 720 2119 innocentis
736 2092 744 2129 ;
766 2082 809 2118 et
828 2075 947 2118 dicet
966 2074 1108 2117 omnis
1127 2073 1314 2130 populus
1331 2090 1339 2118 :
1359 2073 1520 2116 Amen.
1539 2071 1576 2099 ²6
1592 2072 1859 2116 Maledictus
1877 2072 1952 2128 qui
1969 2087 2057 2116 non
2078 2079 2312 2130 permanet

470 2135 516 2177 in
542 2135 817 2178 sermonibus
841 2134 952 2190 legis
975 2133 1133 2190 hujus,
1158 2146 1241 2175 nec
1262 2146 1336 2175 eos
1359 2146 1487 2190 opere
1515 2132 1710 2189 perficit;
1732 2137 1776 2176 et
1798 2132 1916 2176 dicet
1934 2131 2076 2175 omnis
2094 2132 2311 2190 populus:

470 2195 630 2238 Amen.

651 2296 675 2353 ξ
720 2296 783 2338 Π.
816 2321 875 2326 ——
907 2295 1039 2338 Bona
1072 2294 1293 2338 luculenta
1326 2294 1459 2349 Zeqem
1490 2278 1763 2337 servantibus
1792 2294 2131 2350 promittuntur,

1041 2360 1376 2410 tmnsyressores
1407 2353 1745 2397 maledicuntur.

532 2479 641 2524 CAP.
667 2478 890 2522 XXVIII.
917 2504 976 2509 —
999 2477 1011 2503 ¹
1034 2476 1077 2522 Si
1103 2482 1253 2520 autem
1278 2476 1470 2520 audieris
1492 2490 1647 2520 vocem
1675 2475 1856 2519 Domini
1883 2474 1967 2518 Dei
1992 2475 2078 2530 tui,
2098 2480 2147 2518 ut
2167 2475 2314 2518 facias

474 2543 606 2594 atque
633 2537 857 2581 custodias
881 2537 1030 2580 omnia
1054 2536 1269 2579 mandata
1291 2536 1409 2592 ejus,
1428 2550 1526 2592 quae
1548 2550 1630 2592 ego
1652 2534 1864 2592 praecipio
1889 2534 1971 2577 tibi
1993 2533 2145 2590 hodie,
2171 2534 2315 2577 faciet

472 2603 516 2641 te
553 2597 769 2641 Dominus
806 2598 926 2640 Deus
955 2601 1057 2639 tuus
1088 2596 1376 2639 excelsiorem
1403 2594 1575 2638 cunctis
1603 2594 1837 2651 gentibus,
1871 2607 1970 2649 quae
1999 2599 2232 2636 versantur
2265 2593 2313 2636 in

473 2662 603 2700 terra.
624 2655 641 2682 2
659 2655 939 2712 Venientque
962 2670 1092 2713 super
1113 2660 1158 2699 te
1181 2655 1400 2698 universae
1423 2653 1759 2697 benedictiones
1777 2653 1894 2709 istae,
1914 2657 1958 2696 et
1976 2652 2313 2709 apprehendent

473 2721 537 2772 te,
565 2716 602 2758 si
626 2720 777 2758 tamen
800 2720 1025 2772 praecepta
1050 2715 1146 2771 ejus
1172 2714 1378 2758 audieris.

534 2775 552 2801 3
571 2774 839 2818 Benedictus
864 2780 913 2817 tu
938 2774 984 2817 in
1011 2774 1214 2831 civitate,
1241 2779 1286 2817 et
1311 2773 1573 2817 benedictus
1599 2773 1644 2815 in
1669 2787 1790 2829 agro.
1809 2771 1826 2798 4
1845 2771 2115 2814 Benedictus
2140 2771 2314 2815 fructus

473 2834 642 2877 ventris
663 2834 748 2889 tui,
773 2838 818 2877 et
839 2834 1012 2877 fructus
1038 2839 1166 2877 terrae
1192 2839 1302 2889 tuae,
1329 2833 1589 2888 fructusque
1611 2832 1914 2888 jumentorum
1937 2837 2133 2886 tuorum,
2155 2845 2315 2887 greges

475 2899 774 2936 armentorum
811 2898 1007 2950 tuorum,
1045 2898 1089 2936 et
1126 2892 1266 2935 caulae
1306 2892 1455 2935 ovium
1488 2898 1677 2935 tuarum.
1708 2889 1990 2933 5Benedicta
2025 2890 2183 2933 horrea
2215 2895 2310 2944 tua,

475 2957 520 2995 et
552 2952 799 2995 benedictae
832 2952 1031 3008 reliquiae
1061 2957 1163 2997 tuae.
1191 2952 1209 2979 6
1228 2951 1497 2995 Benedictus
1524 2951 1609 2994 eris
1638 2955 1686 2993 tu
1711 2949 1966 3005 ingrediens
1997 2954 2042 2992 et
2066 2948 2313 3005 egrediens,

534 3011 549 3037 7
567 3011 703 3054 Dabit
734 3011 950 3054 Dominus
978 3011 1182 3054 inimicos
1209 3017 1328 3067 tuos,
1352 3010 1425 3067 qui
1457 3014 1728 3065 consurgunt
1755 3008 1992 3051 adversum
2018 3014 2082 3063 te,
2109 3022 2312 3051 corruen-

476 3075 541 3114 tes
570 3070 617 3112 in
646 3077 883 3127 conspectu
915 3076 1016 3125 tu03
1048 3085 1125 3127 per
1153 3085 1289 3113 unam
1318 3070 1438 3112 viam
1472 3069 1653 3113 venient
1686 3073 1838 3111 contra
1867 3072 1932 3123 te,
1962 3072 2006 3111 et
2034 3081 2111 3125 per
2143 3071 2314 3124 septem

475 3129 654 3185 fugient
686 3144 711 3172 a
741 3129 859 3172 facie
878 3135 967 3173 tua.
987 3130 1003 3157 8
1035 3129 1222 3173 Emittet
1242 3129 1459 3173 Dominus
1477 3127 1834 3172 benedictionem
1853 3141 1983 3183 super
2009 3125 2189 3169 cellaria
2214 3130 2314 3180 tua,

477 3195 520 3233 et
544 3203 673 3245 super
698 3189 847 3232 omnia
874 3202 1002 3245 opera
1030 3203 1242 3231 manuum
1268 3194 1468 3242 tuarum3
1497 3187 1815 3241 benedicetque
1837 3185 1919 3228 tibi
1945 3186 1992 3228 in
2017 3191 2152 3240 terra,
2180 3198 2315 3240 quam

476 3248 711 3304 acceperis.
746 3247 763 3273 ⁹
790 3248 1034 3291 Suscitabit
1068 3254 1110 3292 te
1144 3248 1362 3291 Dominus
1399 3247 1484 3291 sibi
1513 3247 1558 3289 in
1593 3245 1805 3303 populum
1837 3251 2064 3300 sanctum,
2097 3244 2212 3287 sicut
2244 3243 2315 3299 ju-

477 3307 593 3350 ravit
629 3307 740 3360 tibi3
786 3306 822 3350 si
857 3307 1116 3351 custodieris
1157 3307 1368 3350 mandata
1408 3306 1587 3350 Domini
1623 3304 1705 3348 Dei
1739 3304 1825 3359 tui,
1860 3310 1903 3347 et
1934 3302 2235 3347 ambulaveris
2267 3302 2314 3344 in

478 3366 563 3409 viis
593 3366 702 3422 ejus.
742 3366 778 3393 ¹⁰
810 3365 1126 3422 Videbuntque
1164 3380 1314 3409 omnes
1348 3371 1563 3409 terrarum
1600 3363 1751 3422 populi
1785 3363 1901 3419 quod
1935 3377 2096 3407 nomen
2131 3360 2313 3405 Domini

478 3425 736 3468 invocatum
772 3425 829 3469 sit
863 3439 992 3482 super
1024 3431 1086 3481 te,
1119 3431 1162 3468 et
1195 3425 1417 3468 timebunt
1446 3431 1501 3468 te.
1534 3424 1565 3450 ¹¹
1589 3423 1828 3467 Abundare
1859 3428 1902 3466 te
1926 3421 2068 3466 faciet
2094 3419 2316 3464 Dominus

481 3484 684 3528 omnibus
716 3485 861 3540 bonis,
892 3485 1042 3527 fructu
1076 3484 1187 3528 uteri
1222 3483 1306 3538 tui,
1339 3490 1382 3527 et
1415 3484 1567 3526 fructu
1599 3483 1901 3539 jumentorum
1933 3487 2131 3534 tuorum,
2161 3479 2315 3522 fructu

485 3643 514 3675 4]
530 3643 589 3669 Ex.
608 3642 683 3675 XX,
697 3644 741 3669 25.
763 3643 832 3670 Jos.
849 3641 1007 3675 V111,31.
1027 3656 1062 3661 -
1077 3641 1122 3674 14]
1144 3641 1222 3668 Dan.
1243 3641 1358 3673 Ix,11.
