2456 3861
814 176 960 220 nam.
998 176 1039 231 1,
1078 177 1241 220 17-44.
1855 179 1931 222 161

118 345 210 389 sive
231 344 339 387 civis
362 344 420 387 sit
440 344 535 399 ille,
558 344 650 388 sive
673 344 940 400 peregrinus.
974 344 1005 371 ¹⁷
1028 345 1161 388 Nulla
1187 345 1269 388 erit
1298 345 1510 388 distantia
1532 360 1817 402 personarum
1837 364 1846 401 3
1874 347 1935 390 ita

116 417 302 460 parvum
330 402 519 446 audietis
549 408 597 445 ut
626 417 858 457 magnum,
887 417 966 447 nec
995 403 1223 459 accipietis
1253 404 1515 460 cujusquam
1550 418 1801 461 personam,
1834 406 1936 461 quia

119 461 200 505 Dei
234 461 453 517 judicium
486 467 564 505 est.
598 461 721 511 Quod
755 461 790 503 si
825 462 1012 505 difficile
1042 461 1165 504 vobis
1200 462 1343 505 visum
1376 462 1545 519 aliquid
1579 463 1737 518 fuerit,
1776 465 1936 508 referte

115 520 172 562 ad
198 534 288 574 me,
315 525 358 563 et
383 534 466 575 ego
490 520 683 563 audiam.
710 519 742 546 ¹⁸
763 520 1045 577 Praecepique
1068 521 1215 563 omnia
1238 535 1335 576 quae
1358 521 1506 565 facere
1527 521 1758 566 deberetis.

176 578 212 604 ¹⁰
241 578 435 622 Profecti
473 584 621 621 autem
655 578 709 621 de
749 578 920 632 Horeb,
956 579 1240 621 transivimus
1278 594 1353 636 per
1389 594 1583 623 eremum
1617 580 1858 625 terribilem
1894 587 1937 626 et

116 638 380 693 maximam,
408 651 540 693 quam
566 636 762 691 vidistis,
790 651 866 693 per
891 637 1011 678 viam
1037 637 1197 679 montis
1224 639 1494 694 Amorrhaei,
1528 639 1642 682 sicut
1667 645 1938 697 praeceperat

119 696 334 739 Dominus
392 697 510 739 Deus
563 701 710 738 noster
761 695 901 738 nobis.
958 695 1155 750 Cumque
1207 697 1478 739 venissemus
1534 698 1579 740 in
1635 698 1935 755 Cadesbarne‚

116 754 259 798 ρ0111111
296 754 420 797 vobis
465 770 476 798 ε
509 753 708 796 Venistis
739 753 796 796 ad
832 759 1027 796 montem
1073 754 1342 809 Amorrhaei,
1384 770 1513 811 quem
1557 757 1772 800 Dominus
1819 759 1936 801 Deus

116 820 262 856 noster
295 813 474 856 daturus
508 816 574 855 est
606 811 746 854 nobis.
782 810 815 837 ⁹²¹
839 811 952 854 Vide
982 817 1143 855 terram
1176 827 1308 868 quani
1344 814 1558 857 Dominus
1595 816 1712 859 Deus
1740 822 1839 859 tuus
1861 817 1938 860 dat

115 872 226 926 tibi3
268 871 458 914 ascende
490 875 533 913 et
573 870 748 926 posside
781 884 898 925 eam,
941 870 1055 913 810111
1088 871 1259 914 locutus
1292 878 1358 915 est
1392 873 1606 916 Dominus
1643 876 1760 918 Deus
1793 881 1939 918 noster

116 931 312 987 patribus
353 929 468 984 tuis;
512 929 602 971 noli
636 928 811 984 timere,
848 943 928 972 nec
962 929 1202 985 quidquam
1236 945 1412 986 paveas.
1446 930 1483 956 Ἠ
1514 933 1569 974 Et
1600 934 1849 976 accessistis
1881 934 1938 976 ad
1972 951 1982 963 1

115 1004 184 1033 me
218 1003 389 1044 01111108,
423 994 556 1044 atque
589 987 764 1030 dixistis
802 1004 810 1031 :
845 987 1076 1030 Mittamus
1111 988 1226 1031 viros
1261 989 1334 1044 qui
1369 990 1647 1033 considerent
1679 997 1862 1048 terram,
1896 999 1938 1036 et

114 1048 368 1103 renuntient
410 1061 487 1103 per
531 1045 644 1102 quod
690 1046 774 1090 iter
823 1045 1062 1090 debeamus
1106 1048 1363 1103 ascendere,
1410 1054 1453 1092 et
1497 1049 1554 1091 ad
1604 1064 1710 1104 quas
1760 1065 1939 1107 pergere

115 1107 332 1150 civitates.
373 1105 410 1132 23
443 1106 640 1161 Cumque
676 1105 785 1148 mihi
827 1119 969 1149 sermo
1005 1105 1265 1162 placuisset,
1308 1107 1407 1150 misi
1449 1122 1502 1151 ex
1539 1108 1665 1151 vobis
1705 1108 1939 1152 duodecim

114 1166 250 1220 viros,
284 1165 480 1221 singulos
514 1164 568 1207 de
601 1164 801 1207 tribubus
835 1164 945 1220 suis,
980 1164 1016 1191 24
1038 1165 1110 1221 qui
1146 1179 1247 1208 cum
1280 1167 1594 1223 perrexissent,
1640 1172 1684 1210 et
1715 1168 1938 1211 ascendis-

114 1229 211 1268 sent
253 1224 300 1267 in
345 1230 576 1279 montana,
622 1230 836 1267 venerunt
880 1237 1016 1279 usque
1060 1224 1117 1267 ad
1157 1225 1336 1268 Vallem
1376 1225 1518 1280 botri;
1571 1231 1614 1269 et
1662 1226 1939 1270 considerata

115 1289 248 1339 terra,
283 1282 320 1310 2⁵
345 1288 567 1326 sumentes
602 1281 655 1326 de
695 1283 916 1326 fructibus
958 1283 1074 1339 ejus,
1116 1289 1164 1327 ut
1206 1284 1485 1328 ostenderent
1520 1285 1788 1340 ubertatem,
1822 1291 1938 1328 attu-

115 1343 259 1385 lerunt
289 1342 346 1385 ad
380 1356 478 1397 nOS,
512 1347 644 1398 atque
681 1341 889 1385 dixerunt
932 1359 941 1386 ;
981 1343 1103 1385 Bona
1136 1348 1202 1386 est
1235 1348 1369 1398 terra,
1404 1358 1537 1399 quam
1571 1344 1785 1387 Dominus
1821 1346 1939 1388 Deus

115 1407 261 1444 noster
302 1401 481 1444 daturus
523 1406 588 1444 est
630 1400 770 1444 nobis.
812 1400 850 1427 2⁶
879 1402 935 1443 Et
977 1401 1180 1444 noluistis
1221 1402 1486 1455 ascendere;
1522 1402 1598 1446 sed
1631 1403 1849 1447 increduli
1881 1403 1939 1447 ad

115 1474 361 1503 sermonem
403 1459 583 1503 Domini
626 1459 708 1502 Dei
749 1459 885 1502 nostri
920 1459 955 1485 '²⁷
982 1460 1288 1503 murmurastis
1331 1461 1378 1504 in
1419 1461 1716 1504 tabernaculis
1761 1463 1938 1518 vestris,

114 1525 246 1575 atque
286 1518 461 1561 dixistis
503 1535 512 1562 :
558 1518 663 1562 Odit
706 1532 785 1561 nos
832 1518 1069 1574 Dominus,
1118 1524 1160 1562 et
1204 1519 1370 1562 idcirco
1414 1520 1567 1563 eduxit
1606 1535 1684 1563 nos
1727 1521 1782 1564 de
1825 1526 1939 1564 terra

115 1577 324 1634 AEgypti,
370 1582 419 1620 ut
462 1577 654 1620 traderet
693 1591 772 1620 nos
810 1577 858 1619 in
899 1591 1032 1620 manu
1074 1578 1345 1633 Amorrhaei,
1386 1584 1519 1635 atque
1559 1579 1737 1623 deleret.
1778 1579 1814 1606 ²8
1847 1580 1941 1630 Quo

114 1635 439 1681 ascendemus?
472 1636 628 1679 Nuntii
662 1641 908 1680 terruerunt
943 1651 1016 1679 cor
1048 1643 1267 1693 nostrum,
1295 1637 1492 1681 dicentes
1522 1654 1530 1682 :
1558 1638 1757 1681 Maxima
1791 1639 1938 1681 multi-

116 1696 222 1740 tudo
266 1701 351 1752 est,
397 1701 441 1739 et
485 1695 612 1738 nobis
661 1700 830 1738 statura
878 1695 1126 1753 procerior-3
1174 1696 1303 1740 urbes
1348 1711 1545 1753 magnae,
1592 1702 1635 1741 et
1677 1697 1734 1740 ad
1780 1697 1940 1741 caelum

117 1770 252 1811 11811110
289 1755 505 1810 1111111110ος
542 1754 655 1798 filios
697 1754 884 1798 Enacim
923 1754 1117 1798 vidimus
1156 1755 1233 1799 ibi.
1279 1754 1315 1782 29
1345 1757 1402 1799 Et
1442 1756 1535 1799 dixi
1575 1756 1701 1800 vobis
1742 1773 1750 1801 :
1791 1756 1941 1800 Nolite

115 1820 328 1870 metuere,
364 1828 444 1857 nec
477 1813 672 1857 timeatis
706 1828 808 1869 eos;
836 1814 872 1841 3⁰
891 1814 1108 1857 Dominus
1136 1816 1276 1872 Deus,
1304 1815 1376 1871 qui
1410 1815 1566 1859 ductor
1590 1820 1656 1859 est
1680 1821 1836 1871 vester,
1862 1830 1940 1872 pro

115 1873 240 1917 vobis
264 1874 360 1931 ipse
391 1873 631 1930 pugnabit,
665 1872 781 1916 sicut
812 1874 923 1917 fecit
954 1873 1002 1916 in
1029 1874 1227 1930 AEgypto
1261 1875 1431 1917 cunctis
1465 1874 1733 1918 videntibus.
1759 1875 1792 1901 3¹
1814 1876 1871 1918 Et
1895 1875 1941 1917 111

115 1932 351 1976 solitudine
401 1932 514 1992 (ipse
557 1932 731 1988 vidisti)
786 1932 979 1989 portavit
1022 1938 1066 1976 te
1113 1933 1330 1977 Dominus
1385 1935 1504 1977 Deus
1555 1940 1677 1990 tuus,
1730 1939 1779 1977 ut
1830 1935 1940 1977 solet

114 1993 244 2036 homo
270 1998 444 2048 gestare
468 1991 704 2049 parvulum
729 1991 871 2034 filium
896 2007 1044 2048 suum,
1078 1992 1125 2035 in
1152 1992 1271 2036 omni
1297 1993 1370 2036 via
1396 2007 1472 2049 per
1497 2008 1631 2049 quam
1654 1993 1936 2048 ambulastis,

115 2051 253 2094 donec
286 2051 494 2095 veniretis
527 2051 584 2094 ad
617 2051 765 2094 locum
796 2051 946 2094 istum.
980 2050 1017 2078 32
1042 2053 1100 2095 Et
1135 2066 1216 2095 nec
1253 2052 1316 2095 sic
1353 2052 1532 2108 quidem
1569 2052 1817 2096 credidistis
1853 2054 1937 2096 Do-

115 2110 234 2154 mino
255 2112 348 2154 Deo
368 2115 525 2166 vestro,
551 2110 588 2137 33
606 2110 679 2166 11111
705 2111 930 2168 praecessit
955 2125 1032 2154 vos
1057 2111 1104 2153 in
1132 2111 1216 2167 via,
1243 2117 1286 2154 et
1312 2117 1503 2155 metatus
1522 2117 1587 2155 est
1612 2111 1760 2155 locum
1784 2112 1830 2154 in
1856 2126 1938 2167 quo

116 2169 302 2213 tentoria
335 2169 470 2226 figere
503 2169 741 2226 deberetis,
775 2175 905 2213 nocte
936 2170 1171 2213 ostendens
1205 2170 1330 2213 vobis
1363 2170 1448 2214 iter
1479 2185 1556 2227 per
1586 2171 1759 2227 ignem,
1795 2176 1838 2214 et
1871 2170 1942 2214 die

114 2243 191 2286 per
223 2229 478 2272 columnam
510 2228 654 2272 nubis.

174 2288 211 2315 34
236 2288 435 2344 Cumque
467 2288 664 2331 audisset
695 2289 912 2332 Dominus
937 2303 1093 2333 vocem
1125 2303 1378 2333 sermonum
1409 2294 1674 2345 vestrorum,
1700 2290 1838 2333 iratus
1870 2289 1940 2345 ju-

114 2347 249 2403 ravit,
277 2352 319 2390 et
344 2347 407 2390 ait
439 2364 448 2391 2
481 2347 518 2374 3⁵
537 2348 636 2391 Non
661 2348 831 2392 videbit
856 2348 1076 2405 quispiam
1109 2349 1162 2392 de
1194 2347 1448 2392 hominibus
1479 2348 1776 2403 generationis
1808 2348 1942 2404 hujus

115 2407 318 2464 pessimae
360 2411 522 2450 terram
562 2406 746 2463 bonam,
788 2422 920 2463 quam
953 2407 1034 2450 sub
1070 2408 1320 2463 juramento
1354 2406 1579 2463 pollicitus
1611 2422 1710 2450 sum
1742 2407 1942 2464 patribus

115 2465 293 2521 vestris,
319 2465 356 2493 36
381 2471 542 2522 praeter
567 2465 724 2521 Caleb,
750 2466 892 2509 filium
917 2467 945 2509 J
950 2466 1142 2523 ephone;
1172 2466 1268 2523 ipse
1293 2466 1412 2509 enim
1443 2466 1614 2510 videbit
1638 2481 1756 2522 eam,
1783 2472 1826 2510 et
1856 2465 1942 2522 ipsi

117 2525 230 2568 dabo
267 2531 429 2568 terram
462 2540 595 2581 quam
628 2525 839 2581 calcavit,
873 2531 915 2569 et
948 2525 1049 2568 filiis
1084 2526 1202 2581 ejus,
1237 2524 1339 2581 quia
1371 2530 1546 2568 secutus
1583 2530 1649 2568 est
1686 2525 1941 2568 Dominum.

116 2584 151 2611 3⁷
179 2585 272 2627 Nec
308 2584 510 2627 miranda
549 2584 800 2641 indignatio
836 2585 883 2627 in
918 2585 1151 2641 populum,
1191 2599 1292 2628 cum
1329 2583 1437 2626 mihi
1479 2598 1651 2639 quoque
1682 2584 1820 2627 iratus
1856 2585 1942 2627 Do-

116 2644 261 2686 minus
287 2648 463 2700 propter
494 2658 572 2687 vos
605 2644 766 2688 dixerit
799 2660 807 2688 :
842 2645 935 2688 Nec
960 2649 1008 2699 tu
1032 2643 1293 2699 ingredieris
1325 2642 1461 2697 illuc;
1489 2642 1525 2669 38
1542 2642 1619 2686 sed
1644 2643 1672 2686 J
1677 2657 1799 2699 osue,
1827 2642 1943 2685 filius

116 2703 240 2759 Nun,
267 2702 468 2745 minister
498 2707 621 2759 tuus,
646 2703 740 2760 ipse
771 2703 958 2746 intrabit
990 2717 1066 2759 pro
1099 2709 1155 2746 10.
1190 2703 1324 2745 Η11110
1350 2701 1580 2746 exhortare
1616 2707 1659 2745 01
1694 2702 1870 2757 robora,
1901 2706 1944 2745 et

113 2762 210 2818 ipse
248 2767 364 2805 sorte
404 2767 567 2805 terram
604 2762 773 2806 dividet
809 2761 978 2805 Israeli.
1014 2761 1050 2788 39
1083 2761 1262 2804 Parvuli
1295 2760 1449 2816 vestri,
1484 2760 1537 2804 de
1573 2761 1732 2817 quibus
1768 2760 1943 2803 dixistis

116 2821 231 2877 quod
269 2820 434 2878 captivi
472 2821 747 2877 ducerentur,
786 2827 828 2865 et
865 2821 944 2863 filii
982 2821 1055 2876 qui
1092 2820 1222 2864 hodie
1261 2820 1366 2864 boni
1407 2833 1458 2862 ac
1498 2820 1602 2862 mali
1638 2819 1847 2876 ignorant
1879 2819 1945 2862 di-

115 2880 348 2935 stantiam,
382 2880 467 2937 ipsi
503 2880 836 2936 ingredientur3
872 2886 914 2923 et
946 2879 1053 2936 ipsis
1088 2880 1202 2923 dabo
1234 2885 1417 2934 terram,
1444 2884 1486 2921 et
1518 2879 1807 2935 possidebunt
1832 2893 1943 2922 eam.

116 2939 153 2966 4⁰
170 2940 262 2982 Vos
287 2944 457 2994 autem,
476 2939 770 2995 revertimini,
791 2945 833 2982 et
857 2939 978 2983 abite
1002 2939 1048 2981 in
1074 2938 1359 2982 solitudinem
1384 2953 1460 2995 per
1484 2938 1605 2980 viam
1630 2938 1764 2981 maris
1791 2937 1943 2994 Rubri.

116 2997 150 3024 4¹
179 3000 236 3041 Et
268 2998 556 3054 respondistis
590 2998 698 3042 mihi
730 3015 738 3042 :
774 2999 1062 3042 Peccavimus
1105 2998 1325 3053 Domin03
1359 2997 1649 3041 ascendemus
1690 3002 1734 3040 et
1772 3011 1943 3053 pugna—

117 3056 283 3113 bimus,
318 3057 433 3100 sicut
472 3058 685 3114 praecepit
728 3057 944 3101 Dominus
986 3059 1105 3101 Deus
1145 3062 1304 3100 noster.
1335 3057 1534 3113 Cumque
1568 3056 1773 3099 instructi
1810 3055 1944 3098 armis

117 3116 356 3172 pergeretis
387 3116 434 3158 in
468 3123 684 3172 montem,
715 3116 752 3144 42
776 3117 840 3159 ait
872 3117 981 3159 mihi
1009 3116 1224 3160 Dominus
1251 3133 1260 3160 :
1290 3116 1373 3159 Dic
1398 3116 1455 3159 ad
1488 3130 1560 3159 eos
1583 3132 1592 3159 z
1620 3115 1768 3158 Nolite
1793 3129 1944 3158 ascen-

118 3175 238 3230 dere,
274 3189 415 3230 neque
447 3176 675 3232 pugnetis,
710 3190 797 3219 non
830 3176 948 3219 enim
981 3190 1079 3218 sum
1112 3175 1364 3230 vobiscum,
1390 3190 1445 3218 ne
1479 3175 1649 3218 cadatis
1682 3188 1829 3217 coram
1860 3173 1935 3215 ini-

118 3234 244 3277 micis
269 3234 438 3278 vestris,
473 3234 511 3261 43
527 3236 721 3278 Locutus
754 3249 872 3290 sum,
899 3241 942 3278 et
974 3249 1059 3278 non
1092 3235 1304 3289 audistis;
1332 3234 1419 3278 sed.
1444 3234 1728 3277 adversantes
1760 3232 1943 3288 imperio

120 3293 320 3348 Domini,
348 3299 390 3336 et
416 3299 636 3337 tumentes
662 3294 887 3351 superbia,
913 3294 1175 3338 ascendistis
1199 3294 1245 3338 in
1268 3299 1478 3337 montem.
1505 3293 1541 3319 44
1559 3293 1716 3347 Itaque
1745 3305 1944 3346 egressus

118 3351 424 3408 Amorrhaeus,
452 3352 526 3408 qui
560 3353 793 3396 habitabat
825 3353 870 3397 in
898 3353 1156 3408 montibus,-
1176 3358 1218 3396 et
1251 3353 1430 3396 obviam
1459 3352 1660 3406 veniens,
1691 3354 1943 3407 persecutus

119 3416 184 3452 est
223 3425 321 3467 vos,
355 3411 472 3454 sicut
506 3411 649 3455 solent
688 3426 794 3468 apes
833 3413 1053 3469 persequi,
1092 3418 1135 3455 et
1169 3411 1331 3455 cecidit
1371 3411 1424 3454 de
1456 3411 1550 3454 Seir
1582 3423 1718 3464 usque
1760 3408 1942 3450 Horma.

122 3589 169 3621 17]
188 3589 266 3616 Lev.
287 3589 383 3623 XIX,
401 3593 444 3617 15.
469 3590 533 3618 Inf.
549 3590 648 3624 XVI,
671 3593 714 3618 19.
733 3590 830 3618 Prov.
850 3590 974 3618 XXIV.
989 3594 1032 3618 23.
1055 3589 1157 3617 Eccli.
1178 3589 1295 3617 XLII.
1314 3591 1338 3616 1.
1361 3589 1431 3615 Jac.
1451 3588 1496 3620 ΙΙ,
1516 3590 1539 3614 1.
1558 3602 1591 3605 —
1609 3587 1655 3619 22]
1676 3586 1771 3612 Num.
1795 3585 1901 3618 XIII,
1918 3587 1944 3612 3.

120 3645 156 3651 —
176 3633 223 3664 33]
247 3634 306 3660 Ex.
329 3633 436 3663 XIII.
458 3636 502 3674 21.
524 3634 621 3661 Num.
639 3633 722 3660 XIV
755 3636 797 3661 14.
816 3648 851 3651 —
874 3635 921 3666 35]
945 3634 1040 3660 Num.
1059 3634 1150 3666 XIV,
1170 3636 1213 3659 23.
1236 3632 1286 3658 I’s.
1311 3632 1427 3665 XCIV,
1448 3634 1489 3658 ll.
1511 3645 1545 3648 -
1563 3631 1609 3662 41]
1630 3630 1724 3656 Num.
1743 3629 1834 3662 xlv,
1852 3632 1895 3656 41].
1911 3642 1944 3647 —-

121 3675 169 3709 42]
187 3675 284 3703 Num.
301 3676 393 3711 XIV,
410 3679 454 3704 42.

1697 3732 1743 3772 ll

2040 584 2078 612 In
2095 584 2210 613 Cades-

2070 628 2180 657 barne.
