2456 3861
445 149 527 192 182
969 151 1114 192 Dm:
1149 149 1309 202 xxii,
1343 150 1369 190 4
1401 174 1460 181 -
1491 149 1679 202 xxm,
1712 149 1751 192 6.

447 322 650 378 negligas
683 321 807 376 quasi
841 320 1048 362 alienam.
1083 318 1099 345 4
1125 318 1170 362 Si
1203 318 1368 361 videris
1397 318 1572 361 asinum
1602 318 1756 361 fra-tris
1782 318 1846 360 tui
1872 324 1950 361 aut
1974 319 2137 363 bovem
2165 320 2277 364 ceci-⁴

449 382 563 425 disse
584 381 631 422 in
656 380 741 434 via,
769 393 856 421 non
882 377 1118 434 despicies,
1141 377 1219 420 sed
1243 377 1497 420 sublevabis
1523 392 1623 420 cum
1649 391 1713 420 eo.

189 464 327 492 naturae,
507 440 637 482 5Non
666 438 873 480 induetur
902 436 1061 479 mulier
1082 441 1203 479 veste
1232 436 1371 492 virili,
1402 451 1485 479 nec
1505 436 1573 478 vir
1598 442 1746 480 utetur
1771 442 1893 479 veste
1923 436 2146 494 feminea3
2175 439 2280 482 abo-

448 497 673 541 minabilis
697 497 815 540 enim
836 495 955 552 apud
979 496 1123 538 Deum
1147 501 1212 538 est
1234 495 1307 551 qui
1329 495 1444 538 facit
1465 496 1576 538 haec.
1595 496 1613 522 6
1632 496 1695 552 Si,
1718 495 1955 538 ambulans
1977 510 2054 552 per
2071 497 2212 553 viam,
2233 498 2280 540 in

447 557 601 600 arbore
626 555 698 598 vel
727 555 773 598 in
802 560 917 598 terra
940 554 1096 597 nidum
1125 555 1220 597 avis
1242 554 1485 610 inveneris,
1508 559 1553 598 et
1575 560 1762 598 matrem
1787 554 1921 611 pullis
1943 555 2014 598 vel
2037 555 2131 598 ovis
2153 556 2280 600 desu-

448 631 523 673 per
551 615 861 669 incubantem,
892 627 979 656 non
1010 614 1181 657 tenebis
1211 628 1309 657 eam
1341 628 1442 657 cum
1471 613 1598 668 filiis;
1623 613 1638 640 7
1657 614 1734 657 sed
1755 613 1878 657 abire
1903 613 2105 670 patieris,
2129 621 2281 672 captos

448 682 601 718 tenens
624 673 758 729 filios,
781 678 830 716 111
858 673 971 716 bene
1000 672 1059 716 sit
1082 672 1187 729 tibi,
1215 679 1258 716 et
1278 672 1412 729 longo
1433 673 1559 716 vivas
1581 678 1792 730 tempore.
1815 672 1832 699 8
1851 673 1964 716 Cum
1993 673 2281 717 aedificaveris

449 734 631 777 domum
659 747 843 787 novam,
865 732 1008 775 facies
1030 746 1206 775 murum
1228 732 1332 776 tecti
1356 747 1432 789 per
1455 732 1711 788 circuitum,
1738 746 1794 775 ne
1823 732 2080 775 effundatur
2100 733 2284 789 sanguis

447 793 493 835 in
524 792 653 836 domo
680 798 777 848 tua,
802 797 845 834 et
873 791 933 834 sis
958 806 1057 835 reus
1087 791 1266 835 labente
1294 791 1404 847 alio,
1435 797 1478 835 et
1506 791 1553 834 in
1578 806 1776 849 praeceps
1805 796 1973 835 ruente.
2000 791 2018 818 9
2036 792 2137 835 Non
2166 806 2284 835 seres

448 852 627 895 vineam
648 857 772 894 tuam
793 851 932 894 altero
954 850 1142 907 semine,
1165 866 1220 894 ne
1246 856 1290 894 et
1310 851 1521 894 sementis
1543 865 1677 907 quam
1699 851 1874 906 sevisti,
1901 855 1944 894 et
1965 865 2065 907 quae
2095 865 2284 893 nascun-

449 917 519 954 tur
541 925 595 954 ex
618 911 767 966 vinea,
791 910 955 967 pariter
976 910 1321 954 sanctificentur.
1346 909 1382 936 ¹⁰
1401 911 1500 953 Non
1521 910 1667 953 arabis
1689 910 1735 953 in
1764 910 1877 953 bove
1906 910 2040 953 simul
2070 915 2114 953 et
2144 909 2285 953 asino.

451 971 481 998 11
504 971 603 1014 Non
624 970 820 1013 indueris
843 969 1129 1025 vestimento,
1148 968 1264 1025 quod
1288 984 1341 1012 ex
1363 970 1466 1012 lana
1487 969 1664 1025 linoque
1686 974 1944 1013 contextum
1967 975 2046 1013 est.

173 1046 357 1081 refigionis.
510 1028 545 1056 19
563 1029 805 1072 Funiculos
833 1029 880 1071 in
909 1027 1095 1070 fimbriis
1124 1028 1265 1071 facies
1292 1043 1368 1085 per
1389 1034 1576 1084 quatuor
1597 1028 1785 1083 angulos
1814 1028 1939 1084 pallii
1961 1029 2047 1085 tui,
2070 1043 2156 1084 quo
2183 1043 2286 1086 ope-

447 1103 585 1132 116118.

181 1168 226 1194 De
246 1173 351 1194 uxo-ce
512 1148 546 1175 13
565 1148 607 1192 Si
639 1147 814 1191 duxerit
835 1147 902 1190 vir
927 1161 1130 1202 uxorem,
1154 1151 1198 1190 et
1226 1152 1378 1204 postea
1408 1146 1509 1190 odio
1538 1146 1745 1191 habuerit
1766 1162 1885 1203 eam,
1918 1147 1954 1174 14
1972 1147 2286 1203 quaesieritque

169 1219 243 1244 ‘³¹¹ae
258 1211 356 1258 virgo
451 1207 704 1251 occasiones
727 1207 886 1263 quibus
908 1206 1107 1249 dimittat
1129 1220 1248 1261 eam,
1273 1205 1490 1261 objiciens
1513 1205 1551 1249 ei
1574 1220 1735 1249 nomen
1753 1207 2009 1263 pessimum,
2029 1211 2074 1249 et
2095 1205 2286 1250 dixerit:

187 1256 339 1327 ssffefflfa‘
452 1268 648 1311 Uxorem
670 1266 785 1308 hanc
807 1265 979 1322 accepi,
1000 1270 1043 1308 et
1063 1265 1288 1321 ingressus
1310 1264 1367 1307 ad
1389 1279 1488 1308 eam
1509 1279 1597 1308 non
1617 1265 1769 1309 inveni
1795 1265 2040 1322 virginem3
2074 1264 2110 1292 ¹⁵
2128 1264 2288 1308 tollent

333 1320 339 1327 ’
451 1341 549 1369 eam
568 1330 691 1382 pater
710 1332 752 1368 et
771 1330 911 1367 mater
930 1324 1040 1380 ejus,
1060 1330 1103 1367 et
1120 1325 1267 1367 ferent
1285 1338 1436 1367 secum
1453 1324 1582 1380 signa
1600 1325 1874 1381 virginitatis
1901 1325 1996 1381 ejus
2014 1324 2071 1368 ad
2092 1324 2287 1368 seniores

451 1385 571 1427 urbis
594 1384 667 1440 qui
696 1384 742 1426 in
772 1390 898 1441 porta
920 1388 1045 1438 sunt3
1072 1383 1107 1410 16
1125 1389 1169 1426 61
1198 1383 1317 1426 dicet
1345 1388 1499 1440 pater:
1530 1383 1692 1426 Filiam
1727 1399 1874 1428 meam
1908 1384 2009 1428 dedi
2042 1384 2147 1426 huic
2180 1397 2289 1427 uxo-

451 1459 566 1498 rem,
604 1458 737 1500 quam
770 1443 872 1499 quia
906 1443 1018 1498 odit,
1054 1442 1088 1469 17
1113 1443 1305 1500 imponit
1338 1443 1376 1486 ei
1410 1457 1572 1486 nomen
1605 1443 1870 1500 pessimum,
1911 1449 1960 1486 ut
1996 1443 2151 1488 dicat:
2185 1443 2287 1486 Non

451 1503 601 1546 inveni
635 1503 775 1545 filiam
808 1509 932 1545 tuam
964 1502 1208 1558 virginem,
1247 1507 1291 1545 et
1323 1516 1425 1546 ecce
1458 1502 1555 1545 haec
1584 1508 1688 1545 sunt
1719 1503 1849 1559 signa
1878 1502 2151 1559 virginitatis
2181 1502 2288 1545 filiae

452 1577 578 1606 meae.
613 1562 881 1619 Expandent
910 1562 1227 1605 vestimentum
1261 1576 1409 1604 coram
1442 1562 1688 1605 senioribus
1722 1562 1943 1617 civitatis3
1981 1562 2017 1589 ¹8
2042 1561 2288 1619 apprehen-

452 1622 644 1678 dentque
673 1636 798 1665 senes
828 1621 949 1664 urbis
978 1620 1099 1664 illius
1128 1621 1294 1677 virum,
1319 1626 1362 1664 et
1384 1621 1682 1664 verberabunt
1709 1621 1860 1677 illum,
1884 1621 1920 1647 ¹⁰
1940 1621 2288 1665 condemnantes

451 1681 631 1738 insuper
659 1686 839 1724 centum
871 1680 992 1723 siclis
1028 1680 1224 1736 argenti,
1256 1695 1364 1736 quos
1398 1679 1523 1723 dabit
1549 1680 1663 1737 patri
1697 1681 1880 1737 puellae,
1912 1681 2122 1737 quoniam
2156 1680 2289 1723 diffa-

453 1740 593 1783 mavit
621 1754 782 1783 nomen
812 1739 1055 1797 pessimum
1083 1753 1214 1796 super
1234 1740 1455 1795 virginem
1477 1739 1617 1782 Israel
1636 1757 1644 1795 ;
1666 1740 1937 1796 habebitque
1959 1755 2058 1784 eam
2084 1754 2286 1795 uxorem,

454 1806 496 1843 et
521 1814 610 1843 non
638 1800 799 1856 poterit
821 1799 1044 1842 dimittere
1074 1813 1173 1842 eam
1202 1799 1406 1842 omnibus
1432 1798 1589 1842 diebus
1610 1799 1717 1842 vitae
1738 1814 1844 1842 suae.
1868 1798 1904 1825 90
1923 1799 2048 1850 Quod
2075 1798 2112 1842 si
2133 1813 2286 1842 verum

454 1865 518 1902 est
551 1859 667 1914 quod
697 1858 874 1914 objicit,
906 1864 949 1902 et
978 1873 1066 1901 non
1095 1863 1161 1901 est
1188 1858 1233 1900 in
1264 1858 1413 1915 puella
1438 1857 1621 1901 inventa
1643 1858 1899 1914 virginitas,
1923 1857 1956 1884 91
1977 1858 2161 1914 ejicient
2188 1872 2288 1901 eam

454 1924 577 1960 extra
608 1917 724 1960 fores
757 1918 911 1960 domus
941 1917 1078 1974 patris
1107 1917 1195 1972 sui,
1220 1922 1263 1960 et
1291 1916 1516 1974 lapidibus
1539 1916 1727 1961 obruent
1747 1917 1831 1959 viri
1855 1917 2051 1960 civitatis
2075 1917 2217 1973 illius,
2245 1922 2288 1960 et

448 1978 681 2036 morietur,
717 1980 928 2036 quoniam
961 1978 1075 2023 fecit
1098 1978 1231 2023 nefas
1255 1978 1302 2021 in
1330 1977 1493 2033 Israel,
1517 1982 1568 2020 ut
1592 1977 1895 2020 fornicaretur
1918 1976 1967 2019 in
1994 1976 2125 2020 domo
2151 1978 2291 2035 patris

448 2037 539 2093 sui,
565 2042 609 2082 et
629 2037 807 2082 auferes
832 2038 1001 2081 malum
1023 2037 1079 2081 de
1103 2036 1251 2081 medio
1276 2036 1355 2081 tui.

149 2109 195 2137 De
222 2107 388 2136 adulterio
514 2097 551 2123 99
570 2098 612 2142 Si
636 2097 862 2141 dormierit
887 2098 955 2140 vir
976 2112 1077 2141 cum
1098 2112 1233 2141 uxore
1254 2097 1458 2153 alterius,
1481 2102 1664 2154 uterque
1686 2097 1908 2153 morietur,
1934 2097 1980 2141 id
2007 2102 2092 2154 est,
2115 2097 2290 2141 adulter

177 2159 215 2180 ³⁰
233 2154 360 2183 Stupro·
455 2162 498 2200 et
525 2157 751 2211 adultera,
785 2163 828 2201 et
852 2157 1029 2200 auferes
1059 2156 1229 2199 malum
1259 2156 1313 2199 de
1336 2156 1488 2199 Israel.
1511 2156 1548 2183 93
1567 2157 1610 2201 Si
1633 2157 1829 2214 puellam
1851 2156 2073 2213 virginem
2103 2156 2289 2214 despon-

456 2216 568 2259 derit
598 2217 683 2273 vir,
714 2222 758 2260 et
789 2216 1009 2259 invenerit
1043 2230 1141 2259 eam
1172 2215 1334 2272 aliquis
1366 2215 1413 2258 in
1447 2215 1650 2273 civitate,
1685 2221 1729 2259 et
1762 2215 2051 2259 concubuerit
2080 2229 2182 2259 cum
2217 2230 2289 2272 ea,

455 2274 491 2301 94
513 2275 673 2319 educes
706 2282 942 2332 utrumque
973 2275 1031 2319 ad
1064 2281 1238 2332 portam
1271 2274 1468 2318 civitatis
1499 2275 1645 2331 illius,
1681 2281 1725 2319 et
1757 2275 1981 2332 lapidibus
2015 2275 2290 2319 obruentur:

455 2335 623 2392 puella,
644 2335 746 2391 quia
768 2350 856 2379 non
879 2335 1111 2391 clamavit,
1132 2350 1234 2378 cum
1257 2339 1372 2378 esset
1391 2333 1438 2376 in
1457 2334 1664 2390 civitate;
1685 2334 1764 2390 vir,
1785 2335 1887 2390 quia
1904 2333 2162 2377 humiliavit
2182 2348 2291 2377 uxo—

455 2408 547 2437 rem
576 2395 766 2451 proximi
795 2394 888 2449 sui,
921 2400 964 2438 et
995 2394 1171 2438 auferes
1205 2393 1375 2437 malum
1408 2393 1462 2437 de
1491 2394 1636 2437 medio
1665 2394 1745 2437 tui.
1772 2392 1809 2420 95
1827 2394 1903 2438 Sin
1929 2399 2080 2436 autem
2107 2393 2153 2436 in
2183 2407 2293 2449 agro

455 2453 663 2510 repererit
684 2454 752 2496 vir
780 2454 996 2511 puellam,
1021 2468 1119 2510 quae
1149 2454 1416 2510 desponsata
1446 2458 1533 2508 est,
1564 2459 1607 2496 et
1635 2452 1971 2510 apprehendens
2002 2452 2293 2496 concubuerit

457 2527 557 2555 cum
579 2527 650 2569 ea,
672 2513 767 2570 ipse
797 2513 1008 2557 morietur
1032 2513 1175 2569 solus3
1200 2512 1237 2540 96
1253 2512 1402 2570 puella
1431 2512 1544 2555 nihil
1573 2512 1779 2569 patietur,
1806 2526 1887 2556 1166
1917 2517 1982 2556 681
2010 2526 2084 2555 166
2114 2511 2292 2567 mortis,

456 2572 666 2627 quoniam
694 2572 810 2615 sicut
838 2573 949 2616 latro
980 2573 1208 2630 consurgit
1237 2578 1390 2616 contra
1420 2572 1607 2615 fratrem
1639 2586 1789 2628 suum,
1824 2576 1867 2615 et
1899 2570 2064 2614 occidit
2093 2570 2292 2613 animam

455 2630 575 2686 ejus,
597 2631 660 2674 ita
683 2638 726 2675 et
754 2632 902 2688 puella
932 2647 1137 2689 perpessa
1167 2637 1246 2676 est.
1269 2630 1303 2657 97
1325 2631 1425 2676 Sola
1454 2636 1548 2674 erat
1571 2631 1618 2673 in
1646 2645 1773 2687 agro,
1806 2630 2039 2687 clamavit,
2070 2635 2113 2673 et
2142 2629 2293 2672 nullus

456 2689 590 2732 affuit
619 2691 692 2746 qui
725 2691 934 2735 liberaret
963 2706 1075 2735 eam.
1098 2690 1135 2718 93
1160 2692 1203 2736 Si
1232 2690 1453 2734 invenerit
1483 2690 1550 2733 vir
1577 2690 1775 2748 puellam
1802 2689 2045 2746 virginem,
2076 2704 2174 2745 quae
2204 2703 2292 2732 non

456 2749 591 2792 habet
612 2764 843 2807 sponsum,
867 2755 910 2794 et
931 2751 1266 2808 apprehendens
1289 2749 1576 2794 concubuerit
1598 2763 1700 2792 cum
1724 2749 1816 2804 illa,
1840 2754 1883 2791 et
1904 2763 1971 2792 res
1993 2749 2050 2792 ad
2071 2748 2293 2805 judicium

457 2809 646 2863 venerit,
671 2808 707 2834 99
726 2809 850 2852 dabit
879 2810 953 2866 qui
985 2810 1194 2853 dormivit
1223 2825 1325 2853 cum
1355 2824 1426 2865 ea,
1461 2808 1576 2866 patri
1610 2809 1770 2866 puellae
1805 2808 2128 2864 quinquaginta
2161 2807 2292 2851 siclos

456 2868 643 2923 argenti,
667 2874 709 2911 et
732 2868 915 2912 habebit
938 2884 1036 2912 eam
1057 2884 1253 2925 uxorem,
1274 2869 1376 2925 quia
1398 2868 1656 2911 humiliavit
1677 2867 1827 2921 illam;
1852 2881 1939 2910 non
1962 2867 2124 2924 poterit
2142 2866 2292 2910 dimit-

458 2931 548 2969 tere
581 2941 679 2969 eam
713 2928 884 2970 cunctis
918 2928 1074 2972 diebus
1103 2928 1208 2971 vitae
1241 2943 1346 2972 suae.
1375 2927 1411 2954 3⁰
1431 2927 1533 2971 Non
1562 2926 1754 2984 accipiet
1781 2926 1912 2970 homo
1943 2940 2127 2970 uxorem
2154 2925 2293 2983 patris

457 2985 545 3041 sui,
569 2999 649 3028 nec
671 2986 887 3030 revelabit
908 2987 1233 3044 operimentum
1255 2987 1366 3043 ejus.

173 3065 217 3091 ne
234 3063 309 3097 Jure
331 3063 375 3091 ci·
517 3045 625 3088 CAP.
655 3046 835 3088 XXIII.
860 3073 920 3078 —
941 3046 954 3072 1
975 3047 1075 3090 Ν611
1103 3046 1290 3090 intrabit
1322 3046 1569 3103 eunuchus,
1600 3046 1764 3089 attritis
1794 3045 1865 3088 vel
1893 3044 2136 3103 amputatis
2170 3045 2287 3089 testi·

164 3107 382 3184 :maiiix-{et
459 3103 592 3159 culis,
623 3110 665 3147 et
695 3104 890 3148 abscisso
919 3111 1110 3162 veretro,
1141 3106 1377 3150 ecclesiam
1407 3105 1603 3149 Domini.
1630 3104 1648 3131 9
1666 3105 1765 3148 Non
1787 3104 2062 3160 ingredietur
2084 3118 2289 3160 mamzer,

459 3163 542 3206 hoc
564 3168 649 3219 est,
674 3162 727 3206 de
749 3170 892 3206 scorto
914 3170 1064 3221 1161118,
1082 3165 1128 3208 111
1153 3166 1388 3209 ecclesiam
1410 3164 1612 3220 Domini,
1629 3178 1766 3220 usque
1787 3163 1843 3206 ad
1867 3163 2089 3207 decimam
2110 3177 2290 3219 genera-

460 3222 638 3265 tionem.
662 3222 974 3266 3Ammonites
996 3229 1038 3267 et
1059 3224 1278 3268 Moabites
1301 3224 1437 3268 etiam
1465 3229 1565 3281 post
1594 3223 1813 3267 decimam
1842 3222 2176 3279 generationem
2204 3237 2291 3266 non

459 3280 690 3324 intrabunt
712 3282 946 3325 ecclesiam
973 3283 1168 3339 Domini,
1190 3283 1237 3326 in
1262 3289 1489 3339 aeternum,
1509 3282 1526 3309 4
1541 3282 1644 3340 quia
1665 3282 1901 3326 noluerunt
1917 3281 2044 3325 vobis
2066 3295 2293 3325 occurrere

461 3355 562 3384 cum
591 3355 705 3397 pane
735 3345 778 3384 et
805 3355 920 3397 aqua
945 3341 991 3384 in
1013 3341 1085 3384 via
1111 3343 1287 3398 qua-ndo
1317 3342 1481 3397 egressi
1511 3342 1615 3386 estis
1645 3341 1699 3385 de
1727 3341 1953 3398 AEgypt03
1986 3346 2030 3384 et
2058 3340 2161 3396 quia
2190 3354 2295 3383 con·

462 3399 683 3443 duxerunt
706 3405 858 3443 contra
880 3405 923 3443 te
946 3400 1154 3457 Balaam,
1180 3401 1322 3444 filium
1349 3402 1475 3457 Beor,
1496 3401 1549 3445 de
1569 3400 1891 3457 Mesopotamia
1910 3400 2069 3457 Syriae,
2089 3404 2138 3442 ut
2156 3398 2295 3442 male·

463 3458 629 3502 diceret
660 3459 768 3514 tibi3
804 3459 821 3486 ⁵
846 3464 889 3502 et
922 3459 1065 3502 noluit
1099 3460 1316 3503 Dominus
1354 3462 1473 3504 Deus
1506 3465 1607 3503 tuus
1639 3459 1792 3502 audire
1827 3459 2038 3514 Balaam,
2072 3458 2294 3513 vertitque

464 3517 823 3561 maledictionem
853 3517 950 3574 ejus
978 3518 1021 3561 in
1053 3518 1410 3563 benedictionem
1443 3525 1587 3575 tuam,
1619 3533 1668 3562 eo
1698 3518 1814 3574 quod
1845 3518 2051 3574 diligeret
2075 3523 2132 3560 te.
2154 3517 2172 3544 6
2191 3517 2292 3560 Non

455 3651 502 3682 12]
515 3650 611 3677 Num.
630 3651 700 3684 XV,
716 3653 761 3677 38.
779 3665 815 3670 —-
831 3651 879 3683 2¹2]
899 3650 979 3677 Lev.
1002 3650 1082 3685 XX,
1103 3651 1145 3678 10.
1159 3664 1195 3670 —
1215 3651 1261 3683 211]
1282 3652 1342 3679 Ex.
1361 3651 1484 3684 xxti,
1504 3653 1591 3677 16.—
1605 3650 1636 3682 3]
1651 3648 1734 3676 Noli.
1755 3648 1860 3682 XIII,
1877 3650 1948 3675 1.—
1961 3648 1992 3680 4]
2008 3646 2106 3674 Num.
2126 3646 2249 3681 XXH,
2265 3648 2295 3676 5.
