2423 3861
680 145 698 187 1
737 146 885 188 MAcn.
919 147 1019 194 XV,
1053 149 1108 189 24
1142 172 1200 180 —
1231 148 1363 198 XVI,
1403 150 1466 190 lli.
1872 150 1983 192 1073

156 313 359 370 Araden,
382 314 492 358 etin
524 315 754 371 Rhodum,
780 323 825 359 et
856 316 901 359 in
933 317 1235 372 Phaselidem,
1265 324 1308 361 et
1335 318 1378 361 in
1400 320 1669 374 Gortynam,
1695 324 1733 360 et
1764 318 1981 373 Gnidum,

157 379 202 416 et
233 372 448 430 Cyprum,
476 379 519 417 et
544 374 759 430 Cyrenen.
785 374 822 401 Ψ·
849 375 1114 432 Exemplum
1145 381 1296 420 autem
1325 390 1475 421 eorum
1499 376 1767 433 scripserunt
1792 375 1980 430 Simoni,

156 430 346 489 principi
368 432 666 489 sacerdotum,
690 439 734 476 et
758 433 919 490 populo
941 434 1215 478 halanorum.

215 489 252 517 '²⁵
267 491 516 535 Antiochus
539 499 688 535 autem
718 507 793 535 rex
822 492 1037 549 applicuit
1064 499 1206 536 castra
1234 493 1277 536 in
1306 494 1470 537 Doram
1494 493 1712 548 secundo,
1740 493 1983 538 admovens

156 549 194 594 ei
220 564 394 607 semper
419 564 596 603 manue,
620 556 664 595 et
693 551 922 594 machinas
946 551 1144 606 faciens3
1172 560 1215 595 et
1237 552 1454 596 conclusit
1474 552 1780 609 Tryphonem,
1803 567 1858 597 ne
1886 567 1983 610 pro-

156 608 343 653 cederet.
370 607 407 636 20
427 610 483 652 Et
504 609 626 652 misit
647 609 703 653 ad
726 624 827 653 eum
852 610 1003 653 Simon
1026 610 1112 653 duo
1143 610 1283 653 millia
1306 611 1498 654 virorum
1524 612 1764 656 electorum
1788 612 1835 656 in
1856 612 1985 656 auxi-

155 667 286 724 lium,
317 674 362 712 et
388 674 646 724 argentum,
668 674 713 711 et
740 682 918 724 aurum,
946 674 990 711 et
1010 683 1115 711 vasa
1144 669 1347 725 copiosa3
1375 669 1410 696 ‘²⁷
1436 676 1478 714 et
1510 671 1652 715 noluit
1682 686 1732 716 ea
1761 671 1982 728 accipere,

155 726 230 770 sed
253 727 371 783 rupit
391 727 541 770 omnia
564 741 663 782 quae
687 733 843 784 pactus
864 733 931 771 est
951 741 1052 770 cum
1078 741 1130 770 eo
1150 733 1302 781 antea,
1326 733 1369 771 et
1390 729 1604 772 alienavit
1628 744 1674 774 se
1699 730 1756 773 ab
1781 745 1846 774 eo.
1872 729 1909 757 ²⁸
1927 731 1984 774 Et

156 785 278 829 misit
301 785 358 829 ad
380 799 482 829 eum
506 785 831 840 Athenobium‚
857 799 995 828 unum
1021 785 1074 829 de
1098 786 1255 829 amicis
1281 787 1392 843 suis,
1423 793 1470 830 ut
1500 794 1712 833 tractaret
1740 803 1840 833 cum
1864 789 1984 846 ipso,

155 843 334 888 dicens:
356 845 446 886 Vos
472 843 632 887 tenetis
654 844 683 886 J
687 858 852 900 oppen,
874 850 919 888 et
944 845 1183 900 Gazaram‚
1207 851 1251 888 et
1277 859 1424 889 arcem
1445 861 1543 902 quae
1565 853 1631 891 est
1656 847 1701 890 in
1721 848 1982 903 Jerusalem,

154 903 360 947 civitates
381 902 506 958 regni
532 902 631 946 mei.
652 901 690 928 ⁹⁹
708 903 841 947 Fines
863 918 1015 946 earum
1040 903 1286 958 desolastis,
1306 910 1349 947 et
1374 905 1546 948 fecistis
1572 906 1751 963 plagam
1776 921 1984 962 magnam

153 962 200 1005 in
226 967 363 1017 terra,
394 967 438 1004 et
469 961 686 1005 dominati
721 962 826 1005 estis
858 976 936 1019 per
969 962 1067 1006 loca
1099 963 1237 1006 multa
1268 963 1314 1006 in
1346 978 1482 1019 regno
1513 979 1623 1008 ineo.
1657 964 1694 991 ³⁰
1717 966 1848 1008 Nunc
1880 980 1984 1021 ergo

154 1021 317 1064 tradite
343 1020 548 1064 civitates
573 1035 680 1076 quas
712 1021 982 1078 occupastis,
1009 1026 1052 1065 et
1077 1021 1243 1065 tributa
1273 1022 1467 1066 locorum
1499 1023 1544 1066 in
1574 1024 1733 1079 quibus
1769 1024 1984 1067 dominati

153 1080 258 1123 estis
291 1086 415 1122 extra
449 1080 557 1122 fines
590 1080 778 1124 Judaeae.
809 1080 842 1107 ³¹
869 1080 947 1124 Sin
984 1086 1153 1137 autem,
1182 1081 1283 1124 date
1317 1096 1394 1138 pro
1427 1082 1514 1124 illis
1542 1082 1785 1138 quingenta
1815 1082 1983 1126 talenta

143 1139 347 1195 argenti,
375 1144 419 1182 et
450 1139 704 1183 exterminii
740 1140 856 1196 quod
888 1140 1238 1196 exterminastis,
1269 1146 1314 1184 et
1343 1140 1608 1184 tributorum
1634 1142 1870 1185 civitatum
1897 1141 1983 1183 alia

153 1197 323 1241 talenta
343 1198 612 1254 quingenta3
642 1199 709 1242 sin
734 1204 906 1254 autem,
930 1199 1180 1255 veniemus,
1207 1205 1251 1243 et
1273 1200 1630 1257 expugnabimus
1656 1215 1746 1245 vos,

212 1256 249 1283 3‘2
275 1258 333 1301 Et
357 1257 480 1301 venit
510 1258 811 1314 Athenobius,
838 1259 1008 1302 amicus
1037 1259 1175 1315 regiS,
1209 1259 1256 1302 in
1286 1259 1556 1315 Jerusalem,
1587 1265 1630 1304 et
1656 1260 1770 1303 vidit
1797 1260 1983 1316 gloriam

153 1316 364 1371 Simonis,
398 1321 443 1360 et
480 1317 731 1360 claritatem
762 1318 807 1360 in
842 1332 949 1361 auro
981 1323 1024 1362 et
1057 1324 1264 1374 argento,
1291 1323 1334 1362 et
1367 1324 1631 1375 apparatum
1663 1319 1912 1376 copiosum,
1941 1329 1982 1363 et

154 1375 406 1433 obstupuit;
433 1382 477 1419 et
501 1376 652 1419 retulit
674 1377 714 1420 ei
740 1377 874 1420 verba
896 1377 1027 1433 regis.
1055 1378 1092 1404 33
1113 1379 1171 1420 Et
1195 1378 1422 1434 respondit
1444 1378 1483 1422 ei
1505 1378 1676 1434 Simon,
1703 1384 1748 1422 et
1768 1378 1885 1421 dixit
1908 1379 1949 1422 ei
1976 1395 1984 1420 :

152 1435 308 1490 Neque
332 1434 526 1478 alienam
552 1441 715 1479 terram
744 1436 1034 1493 sumpsimus,
1061 1450 1202 1492 neque
1230 1437 1379 1481 aliena
1405 1437 1680 1492 detinemus;
1711 1437 1787 1481 sed
1813 1437 1984 1480 heredi-

153 1500 292 1536 tatem
317 1499 494 1550 patrum
515 1500 785 1550 nostrorum,
812 1509 911 1550 quae
933 1495 1101 1550 injuste
1125 1495 1182 1538 ab
1208 1495 1401 1540 inimicis
1427 1497 1588 1540 nostris
1612 1497 1763 1552 aliquo
1789 1502 1985 1552 tempore

152 1566 352 1609 possessa.
371 1558 450 1595 est.
470 1552 506 1578 34
525 1553 567 1595 N
569 1567 617 1596 os
634 1567 737 1596 vero
756 1559 931 1610 tempus
950 1554 1177 1609 habentes,
1198 1554 1478 1598 vindicamus
1496 1555 1788 1599 hereditatem
1811 1563 1985 1612 patrum

152 1616 414 1654 nostrorum.
438 1611 475 1637 35
493 1612 609 1654 Nam
632 1612 685 1655 de
711 1612 739 1654 J
745 1626 857 1669 oppe
883 1618 926 1655 et
953 1613 1125 1656 Gazara
1150 1627 1249 1668 quae
1276 1614 1551 1669 expostulas,
1572 1615 1658 1671 ipsi
1684 1611 1915 1658 faciebant
1940 1614 1984 1657 in

151 1669 315 1727 populo
340 1670 523 1726 plagam
544 1685 769 1726 magnam,
793 1677 839 1714 et
859 1671 905 1714 in
930 1672 1112 1727 regione
1137 1678 1312 1727 nostra;
1336 1672 1494 1715 horum
1515 1673 1671 1716 damus
1693 1674 1863 1717 talenta
1885 1687 1986 1716 cen-

151 1735 261 1772 tum.
288 1730 346 1772 Et
366 1743 455 1773 non
475 1729 705 1786 respondit
729 1730 768 1773 ei
796 1730 1077 1774 Athenobius
1098 1731 1298 1775 verbum.
1325 1731 1362 1758 3⁶
1381 1733 1600 1776 Reversus
1624 1738 1774 1777 autem
1795 1746 1898 1776 cum
1924 1732 1985 1775 ira

151 1788 210 1832 ad
233 1802 405 1844 regem,
429 1789 706 1832 renuntiavit
728 1789 769 1833 ei
789 1790 926 1833 verba
946 1790 1054 1845 ista,
1077 1795 1121 1833 et
1145 1790 1335 1846 gloriam
1361 1791 1574 1847 Simonis,
1599 1797 1641 1835 et
1663 1792 1868 1848 universa
1890 1805 1987 1848 quae

152 1847 289 1901 vidit3
317 1854 362 1890 et
385 1847 524 1891 iratus
546 1853 612 1892 est
635 1862 716 1892 rex
738 1849 805 1892 ira
827 1864 1006 1905 magna.

212 1906 248 1933 3⁷
265 1907 478 1963 Tryphon
503 1913 654 1950 autem
678 1908 799 1964 fugit
827 1909 932 1952 navi
958 1909 1004 1951 in
1027 1910 1307 1954 Orthosiada.
1334 1910 1370 1937 38
1389 1913 1447 1954 Et
1469 1911 1700 1955 constituit
1719 1925 1797 1954 rex
1820 1911 1988 1955 Cende-

153 1965 301 2009 baeum
338 1966 497 2010 ducem
531 1967 826 2023 maritimum,
861 1974 904 2011 et
937 1969 1181 2012 exercitum
1214 1970 1414 2026 peditum
1448 1977 1492 2013 et
1522 1971 1720 2026 equitum
1754 1969 1878 2013 dedit
1905 1971 1987 2013 illi.

154 2025 192 2051 39
209 2026 267 2068 Et
291 2025 524 2069 mandavit
548 2025 615 2068 illi
645 2041 821 2070 movere
853 2033 997 2070 castra
1023 2033 1175 2071 contra
1201 2029 1368 2072 faciem
1399 2029 1594 2084 Judaeae,
1619 2036 1661 2073 et
1691 2029 1922 2072 mandavit
1949 2031 1989 2073 ei

154 2084 374 2128 aedificare
408 2085 650 2142 Gedorem,
683 2092 727 2129 et
761 2086 986 2130 obstruere
1015 2094 1164 2144 portas
1195 2088 1412 2144 civitatiS,
1444 2096 1487 2131 et
1513 2088 1736 2132 debellare
1761 2089 1986 2145 populum.

155 2144 251 2187 Rex
281 2150 432 2187 autem
467 2145 814 2201 persequebatur
842 2146 1141 2202 Tryphonem.
1172 2147 1209 2173 40
1235 2148 1292 2189 Et
1325 2147 1525 2204 pervenit
1555 2147 1831 2191 Cendebaeus
1864 2148 1987 2191 Jam-

153 2203 288 2258 niam,
308 2209 352 2247 et
373 2204 510 2260 coepit
530 2204 703 2247 irritare
729 2204 921 2261 plebem,
942 2211 985 2248 et
1011 2206 1271 2248 conculcare
1290 2207 1319 2249 J
1323 2206 1513 2261 udaeam,
1534 2212 1576 2249 et
1602 2206 1828 2263 captivare
1850 2220 1987 2264 popu-

154 2262 267 2317 lum,
291 2267 335 2306 et
358 2262 627 2319 interficere,
651 2269 696 2306 et
722 2263 942 2307 aedificare
969 2264 1202 2308 Gedorem.
1229 2264 1264 2291 4¹
1285 2265 1343 2308 Et
1369 2265 1605 2308 collocavit
1627 2265 1720 2309 illic
1743 2266 1925 2321 equites,
1945 2278 1987 2309 et

155 2321 420 2377 exercitum,
447 2327 496 2364 ut
516 2322 682 2378 egressi
707 2323 1070 2379 perambularent
1086 2324 1206 2366 viam
1229 2324 1424 2380 Judaeae,
1451 2324 1567 2367 sicut
1586 2325 1817 2368 constituit
1835 2325 1873 2368 ei
1895 2339 1985 2368 rex.

215 2380 323 2424 CAP.
346 2381 473 2424 XVI.
498 2407 558 2413 —
582 2381 596 2407 ¹
617 2382 675 2424 Et
703 2382 905 2425 ascendit
933 2382 961 2425 J
967 2396 1131 2426 oannes
1161 2383 1216 2427 de
1245 2383 1450 2439 Gazaris,
1478 2389 1522 2427 et
1546 2384 1772 2427 nuntiavit
1797 2384 1985 2439 Simoni,

154 2439 270 2497 patri
298 2453 396 2495 suo,
423 2454 521 2495 quae
551 2440 663 2483 fecit
693 2441 968 2485 Cendebaeus
994 2441 1042 2484 in
1074 2442 1239 2499 populo
1271 2443 1480 2500 ipsorum.
1504 2441 1522 2468 ‘2
1548 2444 1604 2486 Et
1629 2443 1807 2486 vocavit
1834 2444 2007 2492 Simon,

155 2499 263 2542 duos
284 2498 397 2542 filios
424 2499 635 2555 seniores,
663 2499 692 2542 J
697 2500 831 2543 udam
855 2505 898 2544 et
923 2500 952 2543 J
957 2515 1167 2557 oannem,
1195 2507 1238 2545 et
1261 2502 1327 2545 ait
1349 2502 1441 2545 illis
1463 2519 1471 2546 :
1497 2504 1612 2558 Ego,
1632 2508 1676 2546 et
1699 2503 1861 2546 fratres
1884 2504 1984 2551 mei,

155 2564 200 2601 et
224 2558 379 2601 domus
408 2558 546 2614 patris
571 2559 679 2614 mei,
710 2559 1066 2616 expugnavimus
1091 2561 1240 2604 hostes
1270 2561 1407 2605 Israel
1434 2561 1491 2604 ab
1517 2561 1819 2606 adolescentia
1852 2577 1988 2618 usque

154 2617 202 2660 in
222 2617 341 2660 hunc
363 2617 507 2670 diem;
536 2624 579 2660 et
604 2625 911 2675 prosperatum
938 2625 1003 2662 est
1030 2619 1077 2662 in
1107 2620 1313 2663 manibus
1337 2620 1499 2664 nostris
1529 2620 1718 2664 liberare
1744 2622 1883 2665 Israel
1907 2622 1987 2664 ali-

156 2676 339 2732 quoties.
374 2676 392 2702 3
417 2677 547 2719 Nunc
583 2683 734 2720 autem
766 2678 913 2734 senui,
951 2678 1029 2722 sed
1062 2684 1202 2722 estote
1235 2680 1333 2723 loco
1369 2694 1487 2735 meo,
1529 2686 1574 2723 et
1609 2680 1770 2724 szratres
1804 2681 1912 2736 mei,
1946 2694 1988 2725 et

155 2735 319 2792 egressi
349 2742 548 2792 pugnate
573 2751 649 2792 pro
683 2743 816 2792 gente
845 2742 1019 2793 nostra3
1051 2738 1270 2781 auxilium
1298 2753 1403 2782 vero
1432 2738 1486 2782 de
1519 2739 1628 2782 caelo
1657 2740 1889 2784 vobiscum
1917 2741 1987 2784 sit.

155 2794 174 2821 ⁴
191 2796 250 2838 Et
270 2795 406 2850 elegit
431 2795 485 2838 de
509 2795 690 2851 regione
707 2796 870 2852 viginti
893 2796 1037 2840 millia
1057 2797 1254 2840 virorum
1278 2797 1640 2854 belligeratorum
1664 2804 1707 2842 et
1728 2799 1921 2855 equites;
1946 2808 1988 2843 et

155 2854 346 2911 profecti
373 2860 475 2898 sunt
500 2854 558 2897 ad
587 2854 906 2911 Cendebaeum,
933 2861 979 2899 et
1005 2856 1279 2900 dormierunt
1306 2857 1353 2899 in
1378 2857 1545 2901 Modin.
1572 2858 1589 2885 5
1619 2859 1676 2901 Et
1708 2866 1989 2902 surrexerunt

157 2927 308 2969 mane,
335 2919 379 2957 et
400 2914 607 2957 abierunt
627 2915 673 2957 in
700 2929 931 2971 campum3
955 2921 1000 2958 et
1026 2929 1128 2959 ecce
1153 2916 1373 2959 exercitus
1400 2917 1602 2973 copiosus
1627 2917 1671 2960 in
1695 2918 1874 2962 obviam
1898 2918 1988 2962 illis

155 2973 357 3029 peditum
383 2978 427 3016 et
456 2973 674 3029 equitum,
707 2979 749 3017 et
781 2973 942 3017 fluvius
972 2980 1142 3018 torrens
1167 2981 1260 3018 erat
1292 2975 1408 3019 inter
1440 2975 1634 3019 medium
1661 2977 1868 3034 ipsorum.
1892 2978 1910 3005 ⁶
1930 2979 1988 3021 Et

155 3031 357 3075 admovit
381 3038 527 3076 castra
553 3039 705 3076 contra
728 3033 895 3076 faciem
918 3047 1066 3076 eorum
1089 3033 1204 3090 ipse,
1228 3040 1271 3078 et
1296 3035 1483 3092 populus
1505 3036 1628 3092 ejus;
1652 3044 1696 3080 et
1713 3036 1827 3080 vidit
1851 3051 1990 3095 popu-

155 3091 248 3134 lum
273 3091 573 3149 trepidantem
601 3092 659 3135 ad
686 3093 1068 3136 transfretandum
1096 3098 1357 3150 torrentem,
1385 3100 1428 3138 et
1452 3095 1764 3139 transfretavit
1788 3097 1957 3153 primus
1979 3116 1989 3151 ‚-

156 3156 201 3194 et
224 3151 434 3195 viderunt
462 3166 563 3195 eum
587 3152 692 3206 viri,
716 3158 760 3195 et
784 3152 1053 3195 transierunt
1085 3157 1184 3210 post
1217 3167 1330 3197 eum.
1362 3152 1378 3179 ⁷
1403 3153 1462 3196 Et
1492 3153 1645 3198 divisit
1677 3156 1909 3213 populum,
1945 3164 1988 3199 et

156 3210 324 3266 equites
347 3210 396 3253 in
416 3211 564 3254 medio
587 3211 788 3268 peditum
810 3228 819 3264 ;
848 3218 941 3254 erat
967 3217 1117 3255 autem
1146 3213 1370 3269 equitatus
1401 3213 1754 3258 adversariorum
1787 3215 1991 3271 copiosus

155 3269 302 3313 nimis.
324 3269 342 3296 ⁸
360 3271 419 3313 Et
444 3270 809 3314 exclamaverunt
832 3270 967 3313 sacris
992 3271 1131 3327 tubis,
1155 3277 1198 3315 et
1220 3272 1266 3315 in
1291 3272 1450 3328 fugam
1473 3287 1707 3317 conversus
1729 3280 1795 3317 est
1821 3274 1989 3318 Cende-

155 3328 303 3385 baeus,
329 3335 372 3373 et
393 3335 540 3374 castra
565 3331 687 3387 ejus3
711 3336 755 3374 et
783 3329 1039 3373 ceciderunt
1063 3345 1118 3374 ex
1141 3331 1203 3374 eis
1227 3331 1359 3374 multi
1378 3332 1621 3388 vulnerati,
1650 3332 1813 3377 residui
1838 3339 1989 3377 autem

157 3387 205 3430 in
237 3388 532 3432 munitionem
564 3390 792 3446 fugerunt.
823 3390 840 3414 ⁰
865 3390 990 3432 Tunc
1023 3389 1281 3434 vulneratus
1310 3397 1375 3434 est
1405 3391 1567 3447 Judas,
1600 3392 1742 3435 frater
1769 3393 1988 3449 Joannis;

158 3447 187 3490 J
191 3460 355 3491 oannes
375 3454 527 3492 autem
549 3449 775 3492 insecutus
797 3457 862 3491 est
885 3463 970 3503 eos,
995 3448 1135 3492 donec
1152 3449 1277 3492 venit
1298 3449 1556 3500 Cedronern,
1576 3465 1708 3507 quam
1733 3451 1986 3498 aedificavit.

159 3504 196 3532 ¹⁰
214 3507 272 3548 Et
293 3506 509 3563 fugerunt
533 3522 670 3564 usque
695 3507 751 3550 ad
775 3513 914 3550 turres
940 3521 1038 3562 quae
1060 3513 1186 3552 erant
1214 3508 1260 3551 in
1282 3509 1401 3565 agris
1423 3509 1574 3564 Azoti,
1598 3517 1640 3553 et
1663 3511 1893 3555 succendit
1914 3526 1987 3555 eas

155 3564 278 3630 igni3
305 3571 352 3609 et
376 3565 631 3610 ceciderunt
653 3580 708 3610 ex
723 3565 813 3609 illis
835 3565 920 3609 duo
941 3565 1082 3609 millia
1099 3566 1318 3623 virorum3
1342 3574 1386 3611 et
1402 3582 1601 3612 reversus
1624 3575 1690 3612 est
1710 3569 1756 3613 in
1778 3571 1806 3614 J
1810 3570 1988 3615 udaeam

156 3637 202 3666 111
223 3638 346 3681 pace.

1729 3712 1784 3754 68

2087 515 2254 543 Amicitiae

2082 559 2195 587 foedus
2215 560 2257 587 ab

2087 602 2255 631 Antiocho

2084 645 2259 682 violatum.

2074 1926 2181 1954 Cende
2187 1927 2277 1954 baeus

2055 1978 2130 1999 cum
2140 1968 2295 1998 exercitu

2073 2013 2225 2043 mittitur
2241 2012 2277 2043 in

2096 2059 2115 2087 J
2121 2058 2258 2087 udaeam.

2099 2405 2145 2431 Fu
2150 2408 2252 2437 gatar

2118 2455 2136 2475 a
2153 2445 2232 2475 aliis

2099 2489 2253 2521 Simonis,
