2456 3861
183 1147 289 1176 Causa
304 1146 384 1174 talis

224 1197 338 1218 rumae.

229 1624 336 1654 David

171 1670 316 1704 ungitur
330 1678 392 1699 rex

179 1715 215 1744 in
236 1716 383 1744 Hebron.

190 2098 374 2129 Expugnat

181 2148 291 2169 arcem
305 2140 384 2169 Sion

197 2189 233 2214 et
254 2186 365 2214 sedem

216 2230 292 2264 figit
314 2230 348 2258 in

183 2275 380 2304 Jerusalem.

191 2645 372 2678 Catalogus

213 2690 354 2718 heroum

225 2732 342 2762 David.

477 195 564 239 390
1072 194 1095 235 1
1128 194 1240 235 PAR.
1274 194 1338 248 X,
1374 195 1400 238 7
1433 220 1492 226 -
1524 195 1614 250 XI,
1652 197 1720 238 18.

474 366 596 408 cidit.
627 363 644 390 ⁷
666 363 790 414 Quod
825 377 927 405 cum
956 351 1175 406 vidissent
1200 364 1283 406 viri
1311 364 1473 421 Israel,
1503 365 1575 421 qui
1598 364 1867 408 habitabant
1891 366 1939 408 in
1970 370 2331 428 campestribus„

472 425 688 478 fugerunt
708 440 716 477 ;
745 427 790 465 et
810 422 916 466 Saul
941 436 994 465 ac
1018 422 1122 465 filiis
1144 423 1240 479 ejus
1268 424 1474 479 mortuis,
1499 424 1829 479 dereliquerunt
1858 425 1988 468 urbes
2011 439 2133 480 suas,
2163 433 2210 471 et
2231 430 2334 473 huuc

470 483 664 537 illucque
691 481 878 538 dispersi
911 486 1043 538 sunt,
1078 487 1383 538 veneruntque
1419 483 1715 539 Philisthiim,
1744 488 1788 526 et
1820 483 2140 528 habitaverunt
2168 484 2218 529 in·
2239 488 2319 533 eis.

471 542 488 567 8
512 541 595 584 Die
627 541 766 597 igitur
798 541 938 584 altero
973 541 1258 585 detrahentes
1292 543 1568 585 Philisthiim
1601 543 1745 599 spolia
1778 557 2016 599 caesorum,
2050 544 2321 591 invenerunt

472 600 598 657 Saul,
622 607 667 644 et
690 601 805 644 filios
828 600 927 657 ejus
947 601 1150 657 jacentes
1174 601 1222 644 in
1248 607 1402 645 monte
1424 602 1593 646 Gelboe
1616 618 1628 657 3r
1647 602 1665 628 9
1687 616 1879 659 cumque
1903 604 2174 660 spoliassent
2195 620 2323 663 eum,

470 666 515 704 et
539 665 849 717 amputassent
874 665 1028 717 caput,
1056 661 1278 717 armisque
1303 662 1572 718 nudassent,
1597 662 1814 715 miserunt
1837 663 1885 705 in
1911 668 2076 706 terra‘m
2102 678 2248 722 suam,
2272 671 2322 709 ut

471 721 848 776 circumferretur,
880 724 924 763 et
947 720 1253 764 ostenderetur
1276 721 1497 764 idolorum
1523 722 1703 778 templis
1732 727 1776 765 et
1797 722 1986 779 populis.
2019 722 2056 750 10
2081 724 2225 767 Arma
2243 739 2322 768 au.-

469 785 563 823 tem
588 779 684 836 ejus
718 785 1090 823 consecraverunt
1120 780 1168 822 in
1201 781 1311 824 fano
1343 781 1413 824 dei
1449 781 1537 838 sui,
1573 787 1618 824 et
1643 787 1778 838 caput
1809 782 2048 825 affixerunt
2073 783 2120 825 in
2152 784 2337 840 templo

470 841 643 896 Dagon.
680 839 713 865 1¹
746 839 847 882 Hoc
885 853 986 883 cum
1027 840 1257 883 audissent
1293 841 1376 883 viri
1418 841 1557 884 <labes
1592 841 1788 898 Galaad,
1828 842 1977 885 omnia
2011 842 2186 886 scilicet
2221 857 2321 899 quae

470 899 748 942 Philisthiim
780 899 985 942 fecerant
1010 915 1140 957 super
1171 900 1295 956 Saul,
1332 899 1368 926 1⁶2
1393 906 1766 944 consurrexerunt
1798 901 1965 958 singuli
1998 901 2198 945 virorum
2228 904 2322 945 for-

468 959 602 1016 tium,
641 963 686 1002 et
721 959 920 1002 tulerunt
958 960 1177 1003 cadavera
1215 960 1319 1003 Saul
1357 966 1401 1003 et
1437 960 1629 1003 filiorum
1662 960 1781 1017 ejus,
1815 961 2152 1018 attuleruntque
2189 976 2242 1005 ea
2274 962 2321 1005 in

469 1018 628 1075 Jabes,
656 1023 701 1062 et
729 1019 1000 1075 sepelierunt
1031 1034 1128 1062 ossa
1154 1033 1307 1062 eorum
1340 1019 1491 1063 subter
1513 1033 1744 1076 quercum,
1772 1034 1870 1076 quae
1900 1021 2067 1064 eratin
2089 1021 2248 1078 Jabes,
2278 1026 2323 1065 et

467 1078 791 1135 jejunaverunt
815 1083 988 1135 septem
1015 1079 1184 1122 diebus.

530 1137 566 1164 ¹3
582 1138 784 1181 Mortuus
810 1144 876 1181 est
902 1152 1007 1194 ergo
1033 1138 1136 1182 Saul
1162 1143 1341 1195 propter
1365 1138 1626 1195 iniquitates
1653 1154 1774 1197 suas,
1796 1154 1847 1184 00
1865 1140 1982 1196 quod
2000 1141 2334 1197 praevaricatus*

468 1197 526 1240 sit
551 1197 816 1240 mandatum
841 1198 1021 1241 Domini
1045 1197 1162 1254 quod
1183 1204 1480 1255 praeceperat,
1508 1204 1552 1242 et
1580 1213 1667 1242 non
1695 1200 1955 1243 custodierit
1981 1200 2117 1256 illud3
2149 1199 2228 1244 sed
2251 1201 2321 1243 in-

468 1271 598 1313 super
623 1256 762 1299 etiam
786 1257 1099 1313 pythonissam
1129 1258 1422 1314 consuluerit,
1449 1258 1485 1284 14
1506 1273 1588 1302 nec
1614 1259 1861 1316 speraverit
1890 1259 1936 1302 in
1967 1260 2189 1316 Domin03
2221 1274 2321 1317 pro-

467 1321 566 1372 pter
602 1315 719 1372 quod
756 1315 988 1360 interfecit
1024 1332 1148 1373 eum,
1179 1323 1223 1360 et
1255 1317 1486 1360 transtulit
1519 1332 1706 1375 regnum
1745 1318 1845 1375 ejus
1881 1319 1939 1362 ad
1975 1319 2144 1376 David,
2178 1319 2321 1362 filium

468 1375 573 1421 Isai.

500 1493 523 1551 ξ
551 1493 614 1537 Π.
632 1519 693 1527 —
716 1494 877 1537 David
894 1509 972 1537 rem
993 1495 1039 1537 in
1059 1495 1244 1537 Hebron
1269 1501 1309 1538 et
1332 1496 1378 1538 in
1402 1496 1668 1539 Jerusalem.
1695 1495 1895 1539 Nomina
1917 1496 2096 1539 heroum
2118 1496 2291 1541 David.

528 1616 638 1660 CAP.
659 1617 741 1660 XI.
761 1642 818 1648 —-
840 1615 854 1642 1
875 1616 1184 1672 Congregatus
1210 1622 1278 1660 est
1301 1616 1439 1672 igitur
1462 1617 1606 1660 omnis
1632 1618 1774 1660 Israel
1799 1617 1856 1660 ad
1878 1617 2027 1661 David
2044 1617 2091 1660 in
2111 1617 2334 1675 Hebron,¹

469 1675 622 1718 dicens
650 1693 657 1720 :
693 1676 751 1719 Os
785 1681 912 1718 tuum
945 1690 1116 1731 sumus,
1153 1680 1196 1719 et
1225 1690 1326 1719 caro
1359 1681 1449 1720 tua.
1486 1675 1502 1702 2
1525 1676 1637 1719 Heri
1667 1691 1860 1733 quoque,
1895 1682 1940 1720 et
1973 1676 2319 1733 nudiustertius,

470 1749 572 1777 cum
600 1735 748 1778 adhuc
772 1739 981 1791 regnaret
1010 1735 1136 1791 Saul,
1159 1739 1208 1778 tu
1233 1750 1330 1778 eras
1359 1736 1433 1791 qui
1467 1736 1688 1779 educebas
1721 1741 1766 1779 et
1797 1736 2114 1779 introducebas
2148 1736 2319 1791 Israel;

468 1793 552 1837 tibi
576 1794 696 1837 enim
718 1794 833 1837 dixit
858 1794 1076 1837 Dominus
1104 1796 1225 1838 Deus
1246 1800 1349 1838 tuus
1371 1812 1380 1838 :
1408 1796 1475 1838 Tu
1496 1810 1652 1852 pasces
1676 1796 1890 1852 populum
1911 1810 2061 1838 meum
2084 1795 2249 1850 Israel,
2275 1801 2320 1839 et

468 1858 518 1896 tu
540 1854 625 1897 eris
651 1854 857 1911 princeps
883 1868 1013 1910 super
1042 1868 1155 1897 eum.
1187 1854 1204 1880 3
1227 1854 1458 1898 Venerunt
1488 1869 1594 1911 ergo
1621 1869 1773 1898 omnes
1799 1855 1994 1911 majores
2019 1859 2129 1898 natu
2157 1855 2318 1911 Israel,

469 1913 526 1956 ad
552 1928 705 1970 regen]
729 1913 777 1956 in
799 1913 996 1969 Hebron,
1017 1919 1061 1956 et
1081 1913 1184 1956 iniit
1207 1913 1355 1956 David
1383 1929 1484 1956 cum
1511 1914 1573 1957 eis
1597 1914 1748 1957 foedus
1767 1929 1917 1958 coram
1938 1914 2131 1957 Domino
2148 1932 2163 1970 3.
2181 1929 2320 1958 unxe-

468 1978 659 2029 runtque
686 1987 787 2016 eum
811 1987 965 2028 regem
987 1987 1118 2029 super
1140 1973 1302 2029 Israel,
1329 1973 1459 2029 juxta
1485 1988 1736 2016 sermonem
1764 1973 1967 2030 Domini,
1991 1988 2123 2030 quem
2146 1974 2340 2017 locutus.

470 2037 536 2075 est
562 2032 607 2075 in
634 2047 769 2075 manu
795 2032 988 2076 Samuel.

529 2092 547 2118 4
568 2092 697 2135 Abiit
725 2106 897 2148 quoque
934 2092 1104 2148 David,
1131 2098 1174 2136 et
1201 2093 1344 2136 omnis
1379 2093 1521 2136 Israel
1555 2093 1601 2136 in
1627 2094 1910 2149 Jerusalem3
1935 2094 2035 2136 haec
2064 2098 2131 2137 est
2156 2093 2320 2150 Jebus,

469 2151 545 2195 ubi
581 2157 706 2195 erant
740 2152 938 2195 Jebusaei
976 2152 1251 2196 habitatores
1288 2158 1432 2196 terrae.
1468 2153 1486 2180 ⁵
1513 2153 1822 2209 Dixeruntque
1857 2153 1931 2209 qui
1968 2153 2238 2196 habitabant
2271 2153 2320 2196 in

470 2211 610 2255 Jebus
643 2211 700 2254 ad
733 2211 881 2255 David
912 2229 920 2256 :
952 2213 1053 2255 Non
1087 2212 1351 2268 ingredieris
1384 2213 1485 2255 huc.
1514 2214 1648 2256 Porro
1684 2213 1833 2256 David
1867 2213 1986 2269 cepit
2018 2227 2167 2256 arcem
2193 2212 2322 2268 Sion,

471 2285 568 2327 quae
595 2276 661 2314 est
687 2271 858 2314 Civitas
891 2271 1060 2326 David,
1096 2272 1114 2298 6
1136 2272 1337 2328 dixitque
1367 2289 1375 2316 :
1403 2272 1558 2316 Omnis
1585 2272 1659 2328 qui
1688 2273 1956 2329 percusserit
1986 2272 2248 2316 Jebusaeum
2272 2272 2320 2314 in

469 2330 646 2387 primis,
674 2331 757 2374 erit
779 2331 985 2388 princeps
1009 2337 1052 2374 et
1084 2332 1186 2374 dux.
1210 2332 1429 2375 Ascendit
1459 2332 1595 2388 igitur
1620 2332 1789 2389 primus
1819 2333 1847 2375 J
1852 2332 1958 2389 oab,
1985 2332 2103 2375 filius
2129 2331 2326 2387 Sarviae,

471 2395 515 2433 et
540 2390 690 2433 factus
717 2395 783 2434 est
808 2391 1028 2448 princeps.
1057 2390 1072 2417 7
1093 2391 1335 2434 Habitavit
1356 2397 1509 2434 autem
1535 2391 1684 2435 David
1706 2391 1753 2434 in
1772 2406 1893 2447 arce,
1914 2396 1958 2435 et
1977 2391 2145 2434 idcirco
2167 2391 2339 2447 appel-⁷

470 2449 563 2492 lata
587 2455 652 2493 est
674 2449 843 2494 Civitas
875 2450 1038 2494 David.
1068 2450 1085 2477 8
1110 2451 1462 2507 AEdificavitque
1496 2452 1653 2494 urbem
1681 2451 1728 2494 in
1759 2451 1946 2494 circuitu
1967 2465 1994 2493 a
2019 2450 2156 2494 Mello
2181 2465 2320 2506 usque

470 2509 528 2553 ad
552 2524 742 2566 gyrum3
778 2512 807 2553 J
812 2510 894 2553 oab
928 2515 1080 2554 autem
1113 2510 1284 2566 reliqua
1317 2511 1438 2553 urbis
1472 2511 1704 2554 exstruxit.
1739 2510 1756 2536 9
1782 2510 2136 2566 Proficiebatque
2172 2509 2320 2552 David

472 2569 639 2612 vadens
665 2574 708 2612 et
734 2584 954 2627 crescens,
979 2575 1023 2614 et
1051 2570 1269 2613 Dominus
1291 2570 1568 2614 exercituum
1594 2575 1688 2613 erat
1715 2585 1816 2613 cum
1842 2584 1905 2613 eo.
2110 2620 2111 2624 Ἰ

531 2628 568 2655 10
593 2628 656 2671 Hi
690 2629 913 2686 principes
946 2630 1143 2673 virorum
1176 2630 1365 2673 fortium
1403 2630 1573 2687 David,
1609 2629 1683 2686 qui
1715 2630 1988 2685 adjuverunt
2021 2644 2121 2672 eum
2155 2634 2205 2671 ut
2240 2643 2319 2672 rex

471 2688 594 2731 fieret
624 2702 754 2745 super
787 2703 964 2733 omnem
1001 2690 1162 2746 Israel,
1201 2690 1331 2746 juxta
1364 2690 1550 2732 verbum
1585 2689 1767 2732 Domini
1801 2689 1917 2744 quod
1950 2689 2125 2732 locutus
2164 2694 2229 2731 est
2261 2687 2319 2731 ad

471 2747 625 2791 Israel.
665 2748 698 2774 11
736 2750 793 2792 Et
824 2749 909 2792 iste
942 2763 1154 2792 numerus
1195 2750 1477 2792 robustorum
1513 2749 1675 2792 David.
1710 2748 1946 2802 Jesbaam,
1984 2747 2101 2790 filius
2137 2748 2318 2790 Hacha-

473 2807 614 2863 moni,
647 2807 851 2866 princeps
885 2808 1002 2852 inter
1035 2809 1234 2864 triginta.
1264 2809 1356 2851 Iste
1381 2808 1550 2851 levavit
1575 2809 1751 2850 hastam
1777 2822 1904 2850 suam
1937 2821 2068 2864 super
2097 2812 2317 2850 trecentos

471 2866 728 2911 vulneratos
755 2882 842 2910 una
862 2868 972 2911 vice.
1001 2866 1037 2894 1⁶2
1056 2869 1114 2910 Et
1142 2874 1242 2925 post
1273 2883 1375 2911 eum
1401 2868 1600 2923 Eleazar,
1628 2867 1745 2910 filius
1771 2867 1918 2923 patrui
1945 2867 2055 2923 ejus,
2084 2866 2316 2923 Ahohites,

473 2926 548 2981 qui
591 2931 684 2969 erat
723 2926 839 2970 inter
879 2932 966 2971 tres
1007 2933 1223 2984 potentes.
1265 2927 1302 2954 13
1330 2928 1424 2971 Iste
1464 2927 1555 2970 fuit
1591 2941 1693 2969 cum
1732 2926 1880 2969 David
1919 2926 1967 2969 in
2009 2925 2317 2982 Phesdomim,
2375 2946 2380 2951 ·

473 2986 650 3040 quando
678 2986 953 3029 philisthiim
983 2987 1243 3043 congregati
1270 2992 1376 3030 sunt
1403 2987 1461 3030 ad
1487 2986 1635 3030 locum
1659 2984 1790 3028 illum
1818 2986 1865 3028 in
1890 2985 2111 3043 praelium.
2141 2986 2198 3028 Et
2223 2989 2318 3028 erat
2380 2988 2382 2991 '

473 3057 581 3100 ager
609 3045 805 3100 regionis
826 3045 948 3089 illius
979 3046 1136 3103 plenus
1159 3047 1323 3090 hordeo
1344 3064 1354 3102 3
1383 3046 1652 3102 fugeratque
1672 3045 1862 3102 populus
1887 3059 1914 3087 a
1939 3045 2060 3088 facie
2086 3043 2317 3088 Phil-isthi-

473 3117 645 3146 norum.
688 3103 723 3129 11
750 3105 811 3147 Hi
849 3110 1066 3149 steterunt
1105 3106 1152 3148 in
1193 3106 1340 3149 med-io
1376 3106 1494 3162 agri,
1533 3110 1577 3148 et
1613 3104 1913 3147 defenderunt
1953 3118 2087 3158 eum;
2128 3117 2340 3159 cumque

474 3163 794 3219 percussissent
827 3164 1134 3221 Philisthaeos,
1163 3165 1287 3209 dedit
1314 3165 1536 3208 Dominus
1566 3163 1758 3207 salutem
1792 3177 2006 3220 magnam
2032 3162 2200 3220 populo
2221 3176 2314 3206 suo.

475 3221 513 3248 15
530 3222 869 3266 Descenderunt
893 3229 1044 3267 autem
1065 3230 1154 3268 tres
1180 3225 1235 3268 de
1255 3224 1443 3281 triginta
1469 3222 1745 3281 principibus
1767 3223 1825 3266 ad
1847 3227 2018 3280 petram
2042 3221 2090 3264 in
2113 3235 2200 3278 qua
2225 3226 2320 3264 erat

476 3281 646 3338 David,
677 3281 735 3324 ad
757 3282 1019 3339 speluncam
1048 3283 1274 3340 Odollam,
1302 3284 1480 3340 quando
1501 3282 1780 3326 rffilisthiim.
1804 3283 1986 3325 fuerant
2013 3279 2318 3324 castrametati

472 3340 521 3382 in
546 3339 664 3384 valle
692 3340 928 3398 Raphaim.
955 3342 991 3370 ¹⁶
1009 3344 1144 3387 Porro
1173 3343 1320 3387 David
1347 3348 1442 3387 erat
1465 3343 1512 3385 in
1537 3341 1766 3399 praesidio,
1794 3347 1838 3385 et
1862 3341 1995 3384 statio
2026 3339 2318 3383 Phil-isthimo-

473 3414 573 3442 rum
596 3400 644 3443 in
671 3400 946 3444 Bethlehem.
972 3401 1006 3428 17
1027 3403 1313 3446 Desideravit
1337 3402 1475 3458 igitur
1503 3400 1664 3456 David,
1694 3406 1737 3444 et
1763 3401 1878 3444 dixit
1909 3417 1917 3444 :
1945 3401 1987 3444 Ο
2007 3400 2044 3443 si
2067 3399 2165 3456 quis
2191 3399 2317 3442 daret

473 3459 585 3502 mihi
614 3474 778 3516 aquam
808 3460 860 3503 de
894 3460 1085 3504 cisterna
1117 3461 1401 3518 Bethlehem,
1438 3475 1535 3517 quae
1561 3465 1627 3504 est
1660 3460 1707 3502 in
1732 3460 1888 3517 porta!
1923 3459 1961 3486 18
1977 3460 2087 3503 Tres
2111 3470 2216 3514 ergo
2240 3456 2316 3500 isti

473 3532 552 3574 per
583 3519 732 3562 media
765 3524 910 3563 castra
943 3519 1315 3564 Philisthinorum
1349 3525 1656 3578 perrexerunt,
1699 3524 1742 3563 et
1782 3518 2025 3562 hauserunt
2059 3530 2224 3573 aquam
2261 3515 2339 3560 de·
2367 3565 2371 3574 ,

476 3677 523 3708 13]
543 3677 602 3704 Ex.
622 3677 721 3704 XVII
734 3698 741 3712 ,
758 3679 801 3705 14.
820 3678 834 3705 Ι
854 3678 938 3710 Reg.
957 3677 1029 3720 XV,
1042 3679 1068 3705 3.
1089 3677 1103 3704 Ι
1123 3677 1207 3709 Reg.
1226 3677 1392 3712 XXVIII,
1409 3680 1435 3705 8.
1453 3691 1489 3696 —
1507 3677 1535 3710 1]
1556 3677 1590 3704 II
1610 3676 1693 3709 Reg.
1707 3675 1747 3710 V,
1765 3678 1791 3704 1.
1805 3689 1841 3695 —
1859 3676 1908 3709 10]
1926 3674 1964 3703 II
1981 3675 2065 3708 ch.
2083 3674 2219 3708 XXIII,
2235 3676 2262 3702 8.
2277 3674 2335 3693 -’-

476 3721 524 3753 16]
545 3720 579 3747 11
599 3721 682 3754 Reg.
701 3722 835 3756 XXIII,
854 3723 896 3750 14.
