2423 3861
53 518 138 546 Miro
160 518 257 546 modo

76 563 240 596 propheta

51 607 258 634 transfertur

34 650 66 678 in
89 651 199 678 locum
222 649 274 677 sui

97 692 212 721 officii.

76 1227 227 1256 Muneris

68 1272 234 1300 rationem

55 1349 58 1354 Ι
78 1315 222 1349 amplius

66 1361 236 1390 edocetur.

78 2660 225 2687 Jubetur

79 2705 176 2731 vates
193 2702 226 2730 in

65 2748 162 2775 domo
180 2754 240 2775 sua

61 2790 199 2826 int-ludi,
210 2790 240 2818 in

87 2835 221 2869 signum

58 2879 245 2908 obsidionis

55 2924 254 2954 Jerusalem.

84 3338 235 3366 Alterum

84 3379 214 3412 signum
234 3389 241 3409 z

121 3424 206 3451 later

68 3466 257 3499 insculptus

70 3517 98 3538 01
119 3514 252 3545 sartago

103 3556 221 3585 ferrea.

345 106 430 149 926
987 105 1061 145 Ez.
1097 104 1193 158 111,
1228 105 1254 145 s
1285 129 1345 136 -
1376 104 1458 158 iv,
1491 106 1532 146 2.

343 276 491 319 fronte
520 281 586 319 est
611 282 654 318 et
679 275 786 317 duro
817 273 959 316 corde.
983 274 1000 299 8
1020 274 1135 316 Ecce
1166 273 1267 316 dedi
1296 273 1464 316 faciem
1498 284 1622 316 tuam
1647 275 1939 318 valentiorem
1970 277 2176 320 faciebus

344 349 506 390 eorum,
533 339 577 377 et
600 335 796 376 frontem
818 337 942 374 tuam
965 331 1185 375 duriorem
1206 332 1432 375 frontibus
1454 346 1629 388 eorum3
1653 333 1670 359 9
1687 338 1736 375 ut
1760 334 2045 378 adamantem
2066 342 2112 378 et
2127 342 2176 378 ut

345 394 512 437 silicem
539 392 639 435 dedi
665 391 832 434 faciem
864 396 1014 447 tuam3
1043 405 1098 435 ne
1119 391 1278 434 timeas
1307 404 1400 447 000,
1427 405 1570 447 neque
1599 397 1772 436 metuas
1806 407 1832 436 a
1855 393 1975 437 facie
2003 408 2175 452 eorum,

343 453 445 508 quia
469 453 623 494 domus
649 464 915 507 exasperans
937 455 1016 493 est.

402 511 437 537 ¹0
455 513 511 553 Et
535 510 649 553 dixit
670 510 726 552 ad
749 524 819 553 me
842 527 850 553 ε
874 509 962 552 Fili
988 509 1202 565 hominis,
1226 525 1378 554 omnes
1405 525 1627 554 sermones
1650 525 1770 554 meos
1793 525 1899 567 quos
1921 526 2004 568 ego
2025 512 2178 568 loquor

340 571 396 613 ad
423 576 465 613 te
487 583 663 612 assume
687 568 735 611 in
761 569 891 612 corde
913 574 1009 625 tuo,
1033 574 1077 612 et
1101 570 1282 613 auribus
1308 569 1397 613 tuis
1418 567 1549 625 audi,
1578 570 1610 596 11
1632 575 1676 613 et
1700 570 1838 626 vade,
1864 571 2097 627 ingredere
2121 572 2178 615 ad

340 628 799 684 transmigrationem,
823 628 880 671 ad
913 628 1027 672 filios
1056 629 1208 686 populi
1234 629 1320 685 tui,
1345 634 1389 672 et
1421 629 1612 685 loqueris
1641 629 1699 673 ad
1732 643 1826 684 eos,
1849 634 1893 673 et
1925 629 2046 674 dices
2079 631 2140 675 eis
2167 647 2176 674 ε

341 690 454 731 Haec
479 688 588 731 dicit
614 688 831 730 Dominus
859 689 1004 743 Deus3
1031 688 1068 731 si
1098 688 1215 732 forte
1244 688 1433 732 audiant
1461 695 1504 732 et
1530 688 1774 745 quiescant.
1802 688 1838 715 ¹⁶²
1856 690 1915 733 Et
1926 691 2180 747 assumpsit

341 762 410 791 me
435 746 637 804 spiritus,
665 752 708 790 et
737 747 889 790 audivi
920 752 1019 804 post
1048 762 1118 791 me
1151 762 1307 792 vocem
1341 748 1652 792 commotionis
1686 763 1863 804 magnae
1888 765 1899 793 z
1934 749 2174 794 Benedicta

339 807 479 863 gloria
505 807 688 849 Domini
709 807 764 850 de
789 807 886 850 1000
910 821 1013 862 0110;
1040 807 1076 833 13
1101 812 1145 851 et
1166 822 1322 852 vocem
1344 808 1517 851 alarum
1541 805 1807 850 animalium
1832 808 2170 864 percutientium

339 867 526 910 alteram
558 866 615 909 ad
640 866 847 922 alteram,
875 871 918 910 et
944 881 1100 910 vocem
1132 872 1328 910 rotarum
1361 868 1641 923 sequentium
1674 866 1913 923 animalia,
1947 873 1992 911 et
2024 881 2177 913 vocen‘.

339 925 648 969 commotionis
675 940 866 981 magnae.
890 925 926 952 ‘¹4
946 926 1133 983 Spiritus
1155 940 1328 982 quoque
1354 927 1523 970 levavit
1545 941 1635 983 me,
1663 932 1707 970 et
1731 927 1973 984 assumpsit
2000 941 2072 971 me
2092 945 2101 983 3
2137 942 2160 971 e

339 985 430 1028 abii
451 999 651 1041 amarus,
677 985 722 1027 10
748 985 1058 1041 indignatione
1087 985 1266 1042 spiritus
1292 986 1404 1042 mei,
1433 1001 1591 1030 manus
1617 986 1735 1030 enim
1762 986 1945 1030 Domini
1970 992 2063 1030 erat
2090 1001 2161 1030 me

339 1059 461 1100 cum,
489 1045 747 1088 confortans
773 1059 856 1088 me.
882 1045 917 1071 15
936 1047 995 1087 Et
1015 1045 1118 1088 veni
1139 1045 1195 1088 ad
1224 1045 1686 1102 transmigrationem,
1716 1046 1774 1089 ad
1803 1060 2012 1090 acervum
2045 1061 2175 1089 nova—

337 1119 435 1147 rum
460 1104 663 1161 frugum,
691 1104 747 1147 ad
774 1119 847 1148 eos
869 1104 943 1160 qui
969 1104 1238 1147 habitabant
1263 1105 1392 1161 juxta
1414 1105 1581 1149 flumen
1604 1106 1804 1161 Chobar3
1829 1111 1874 1149 et
1898 1105 1993 1150 sedi
2015 1105 2091 1149 ubi
2112 1105 2181 1148 illi

337 1164 572 1219 sedebant,
599 1169 642 1207 et
664 1164 807 1207 mansi
829 1164 893 1207 ibi
914 1170 1085 1221 septem
1109 1164 1264 1208 diebus
1287 1179 1476 1208 moerens
1502 1165 1549 1207 in
1572 1165 1718 1209 medio
1746 1179 1909 1212 eorum.

400 1223 433 1249 ¹⁶
451 1223 563 1267 Cum
586 1228 737 1266 autem
770 1223 1114 1280 pertransissent
1143 1229 1315 1281 septem
1346 1225 1459 1281 dies,
1486 1225 1663 1268 factum
1688 1230 1756 1268 est
1781 1225 1967 1268 verbum
1996 1224 2181 1269 Domini

336 1283 393 1326 ad
427 1298 517 1339 me,
546 1282 730 1326 dicens:
760 1283 794 1309 17
818 1283 907 1326 Fili
936 1283 1154 1338 hominis,
1185 1284 1509 1340 speculatorem
1539 1284 1641 1328 dedi
1676 1289 1719 1327 te
1753 1284 1904 1328 domui
1933 1285 2102 1341 Israe13
2137 1291 2181 1328 et

335 1342 488 1386 audies
512 1342 565 1386 de
588 1357 660 1386 ore
682 1357 781 1386 meo
798 1343 1006 1398 verbum,
1030 1348 1074 1385 et
1098 1343 1388 1386 annuntiabis
1411 1344 1473 1386 eis
1497 1358 1552 1387 ex
1577 1358 1660 1387 me.
1685 1343 1721 1370 ¹8
1741 1343 1805 1400 Si,
1830 1344 2007 1388 dicente
2027 1359 2098 1388 me
2123 1344 2181 1387 ad

334 1402 554 1459 impium:
585 1403 729 1445 Morte
754 1402 975 1458 morieris,
1002 1417 1091 1445 non
1120 1403 1457 1447 annuntiaveris
1488 1403 1549 1459 01,
1582 1418 1725 1459 neque
1754 1403 1926 1447 locutus
1960 1403 2099 1447 fueris
2132 1410 2182 1446 ut

335 1466 561 1504 avertatur
581 1477 607 1504 a
633 1462 706 1504 via
728 1476 808 1504 sua
832 1461 992 1518 impia,
1020 1467 1064 1505 et
1089 1462 1235 1518 vivat,
1267 1462 1359 1519 ipse
1386 1462 1548 1520 impius
1574 1463 1621 1505 in
1651 1462 1886 1519 iniquitate
1915 1478 1994 1507 sua
2024 1463 2181 1506 morie-

336 1526 417 1577 tur,
445 1522 710 1576 sanguinem
735 1526 885 1565 autem
912 1521 1009 1577 ejus
1033 1521 1087 1565 de
1109 1536 1243 1564 manu
1265 1526 1343 1565 tua
1364 1522 1601 1578 requiram.
1629 1522 1666 1548 19
1685 1523 1728 1567 Si
1753 1527 1905 1566 autem
1927 1528 1975 1565 tu
2007 1537 2180 1566 annun-

336 1580 514 1624 tiaveris
539 1580 697 1637 impio,
726 1587 770 1624 et
790 1580 867 1624 ille
892 1594 981 1623 non
1001 1580 1139 1624 fuerit
1162 1595 1400 1624 conversus
1421 1581 1478 1624 ab
1503 1582 1736 1638 impietate
1761 1596 1861 1638 sua,
1889 1587 1932 1626 et
1952 1597 1980 1625 a
2003 1582 2078 1624 via
2101 1596 2181 1624 sua

338 1639 495 1696 impia,
521 1639 615 1696 ipse
644 1640 825 1695 quidem
854 1641 899 1682 in
931 1639 1169 1695 iniquitate
1198 1654 1278 1683 sua
1304 1641 1537 1695 morietur,
1571 1646 1619 1683 tu
1645 1646 1796 1684 autem
1825 1642 2024 1684 animam
2056 1646 2179 1684 tuam

338 1699 549 1742 liberasti.
576 1698 614 1725 ⁶20
629 1699 716 1742 Sed
743 1705 787 1742 et
812 1700 847 1741 si
872 1713 1108 1742 conversus
1131 1700 1276 1755 justus
1299 1715 1325 1742 a
1349 1700 1526 1756 justitia
1552 1715 1631 1743 sua
1661 1700 1818 1757 fuerit,
1843 1705 1888 1744 et
1911 1700 2073 1744 fecerit
2097 1700 2181 1743 ini-

340 1758 575 1814 quitatem,
602 1773 765 1815 ponam
792 1758 1115 1801 offendiculum
1142 1773 1290 1802 coram
1317 1774 1393 1814 00;
1416 1760 1512 1816 ipse
1538 1760 1749 1803 morietur
1771 1760 1872 1816 quia
1898 1774 1986 1803 non
2007 1774 2182 1802 annun-

337 1818 458 1860 tiasti
485 1818 548 1873 01;
571 1818 618 1860 in
644 1823 826 1874 peccato
853 1832 930 1861 suo
952 1818 1175 1874 morietur,
1203 1824 1248 1861 et
1281 1833 1369 1861 11011
1395 1825 1524 1862 erunt
1552 1820 1599 1861 in
1624 1819 1838 1862 memoria
1859 1819 2048 1875 justitiae
2082 1819 2182 1875 ejus

339 1891 445 1933 quas
474 1877 606 1933 fecit,
637 1877 900 1933 sanguinem
928 1891 1030 1920 vero
1057 1878 1153 1933 ejus
1184 1878 1239 1921 de
1268 1893 1402 1920 manu
1433 1884 1511 1921 tua
1540 1879 1776 1934 requiram.
1807 1878 1841 1904 ²¹
1871 1878 1915 1922 Si
1947 1883 2099 1921 autem
2132 1884 2181 1920 tu

338 1936 670 1980 annuntiaveris
699 1938 892 1992 justo‘ut
925 1951 1013 1979 non
1042 1942 1197 1994 peccet
1226 1937 1392 1993 justus,
1420 1943 1463 1980 et
1492 1937 1569 1980 ille
1599 1951 1687 1980 non
1721 1936 1999 1994 peccaverit,
2025 1935 2182 1979 vivens

339 1994 478 2050 vivet,
502 1995 605 2049 quia
629 1995 906 2039 annuntiasti
932 1996 993 2051 ei,
1021 2001 1066 2039 et
1091 2001 1139 2038 tu
1160 1996 1359 2039 animam
1382 2003 1506 2039 tuam
1532 1996 1744 2042 liberasti.

973 2153 1193 2208 PARS
1259 2154 1540 2209 PRIOR

658 2287 828 2325 LIBER
869 2286 1317 2327 TREMENDORUM
1359 2288 1455 2326 DEI
1495 2288 1854 2328 JUDICIORUM

350 2410 515 2453 SEOTIO
551 2410 671 2454 1.-
702 2410 1034 2452 MINISTERIUM
1069 2422 1401 2453 PROPHETIGUM
1436 2411 1716 2454 EzncfflELIs
1750 2422 1930 2454 CONTRA
1951 2412 2156 2456 ι«1111111100

713 2526 737 2582 ξ
771 2526 808 2569 Ι.
841 2552 901 2558 -
940 2527 1164 2570 Vaticinia
1192 2527 1435 2582 symbolica
1463 2528 1509 2570 in
1536 2527 1800 2570 Jerusalem.

396 2632 432 2658 ⁶2⁵2
454 2634 513 2676 Et
533 2633 658 2676 facta
684 2639 750 2676 est
775 2649 906 2691 super
928 2649 997 2678 me
1020 2649 1178 2677 manus
1202 2635 1406 2690 Domini,
1437 2640 1482 2678 et
1507 2635 1623 2678 dixit
1647 2635 1705 2677 ad
1726 2649 1821 2678 me:
1848 2635 2040 2691 Surgeus
2059 2649 2183 2691 egre-

339 2693 439 2736 dere
461 2692 507 2734 in
533 2707 762 2749 campum,
787 2698 830 2736 et
850 2694 913 2736 ibi
939 2694 1094 2749 loquar
1119 2699 1280 2737 tecum.
1307 2693 1344 2720 23
1363 2696 1420 2737 Et
1447 2708 1632 2750 surgens
1656 2708 1856 2750 egressus
1878 2708 1975 2736 sum
1997 2693 2043 2736 in
2064 2708 2183 2736 cam-

342 2767 468 2810 pum3
494 2757 538 2795 et
559 2766 662 2795 ecce
683 2752 745 2795 ibi
772 2753 915 2808 gloria
938 2753 1119 2796 Domini
1147 2753 1316 2810 stabat,
1345 2754 1470 2809 quasi
1501 2754 1643 2809 gloria
1669 2768 1801 2809 quam
1827 2752 1919 2795 vidi
1946 2753 2077 2809 juxta
2101 2752 2183 2795 flu-

340 2812 459 2853 vium
478 2811 676 2867 Chobar3
698 2817 742 2854 et
765 2812 904 2855 cecidi
924 2812 969 2854 in
988 2813 1155 2856 faciem
1178 2828 1338 2857 meam.
1359 2813 1394 2839 24
1415 2814 1472 2856 Et
1493 2813 1718 2869 ingressus
1740 2819 1805 2855 est
1826 2812 1872 2855 in
1895 2826 1966 2856 me
1988 2811 2182 2868 spiritus,

341 2876 382 2913 et
413 2870 571 2913 statuit
605 2885 675 2914 me
712 2885 842 2928 super
879 2872 1013 2928 pedes
1052 2886 1192 2928 meos,
1232 2878 1275 2916 et
1309 2873 1482 2916 locutus
1517 2878 1584 2916 est
1617 2872 1745 2927 mihi,
1776 2877 1820 2915 et
1854 2871 1967 2914 dixit
1997 2871 2053 2913 ad
2080 2885 2183 2914 me:

344 2929 599 2986 Ingredere,
631 2936 675 2973 et
700 2930 926 2974 includere
957 2931 1003 2973 in
1029 2931 1175 2975 medio
1202 2931 1358 2975 domus
1381 2937 1484 2976 tuae.
1513 2931 1549 2958 '2⁵
1568 2934 1626 2975 Et
1649 2936 1718 2986 tu,
1746 2931 1808 2973 fili
1834 2930 2048 2986 hominis,
2081 2944 2184 2974 ecce

346 2988 446 3032 data
470 2995 574 3031 sunt
605 3004 735 3046 super
764 2996 807 3032 te
839 2990 1036 3047 vincula,
1068 2995 1112 3034 et
1140 2991 1348 3047 ligabunt
1382 2997 1424 3034 te
1457 2991 1502 3034 in
1535 2991 1617 3047 eis,
1648 2996 1693 3034 et
1729 3005 1816 3033 non
1853 2989 2090 3045 egredieris
2130 2990 2184 3033 de

343 3046 486 3090 medio
516 3062 678 3091 eorum.
706 3048 742 3074 ‘2⁶
769 3051 826 3092 Et
855 3050 1055 3105 linguam
1086 3056 1209 3093 tuam
1243 3051 1472 3094 adhaerere
1506 3051 1674 3094 faciam
1705 3049 1853 3107 palato
1889 3055 1984 3105 tuo,
2020 3054 2064 3092 et
2099 3049 2183 3092 eris

342 3111 510 3162 mutus,
534 3121 614 3149 nec
638 3108 762 3162 quasi
787 3109 854 3150 vir
877 3110 1134 3166 objurgans,
1156 3110 1258 3165 quia
1278 3110 1433 3153 domus
1459 3124 1726 3166 exasperans
1749 3114 1828 3151 est.
1849 3108 1884 3134 ‘2⁷
1902 3109 2012 3153 Cum
2032 3113 2182 3151 autem

341 3166 514 3209 locutus
539 3165 666 3209 fuero
693 3167 787 3221 tibi,
815 3168 1011 3224 aperiam
1034 3183 1079 3211 os
1102 3175 1243 3223 tuum,
1267 3175 1310 3212 et
1333 3170 1453 3213 dices
1476 3169 1533 3212 ad
1558 3182 1658 3212 eos:
1687 3169 1800 3211 Haec
1825 3168 1935 3210 dicit
1964 3167 2182 3211 Dominus

344 3227 461 3268 Deus
483 3242 492 3269 ε
518 3224 602 3276 Qui
630 3225 776 3282 audit,
804 3227 982 3284 audiat3
1011 3233 1055 3271 et
1089 3228 1161 3284 qui
1188 3228 1395 3284 quiescit,
1429 3228 1647 3284 quiescat,
1679 3227 1781 3282 quia
1812 3227 1968 3270 domus
1999 3240 2181 3283 exaspe—

341 3299 441 3327 rans
467 3290 545 3328 est.

403 3345 508 3387 CAP.
544 3345 624 3388 IV.
654 3371 713 3378 —-
749 3345 757 3370 ¹
792 3347 850 3388 Et
879 3352 946 3400 tu,
978 3347 1040 3388 fili
1068 3347 1285 3404 hominis,
1319 3362 1443 3405 sume
1475 3346 1556 3390 tibi
1586 3346 1792 3400 laterem,
1831 3351 1876 3390 et
1908 3360 2044 3404 pones
2078 3359 2179 3389 eum

343 3417 491 3445 coram
518 3408 581 3458 te,
604 3408 648 3447 et
669 3404 892 3447 describes
914 3404 957 3446 in
986 3419 1035 3448 eo
1061 3406 1291 3450 civitatem
1318 3406 1581 3450 Jerusalem.
1609 3404 1626 3430 2
1644 3406 1703 3448 Et
1724 3405 1949 3449 ordinabis
1966 3404 2178 3448 adversus

344 3476 442 3503 eam
477 3462 773 3520 obsidionem,
807 3470 852 3507 et
884 3463 1127 3507 aedificabis
1162 3466 1453 3522 munitiones,
1482 3471 1525 3508 et
1559 3464 1856 3521 comportabis
1887 3478 2098 3522 aggerem
2135 3468 2178 3506 et

347 3621 393 3654 17]
414 3621 478 3649 Inf.
497 3622 665 3660 XXXIII,
682 3627 706 3653 7,
726 3640 761 3645 -
779 3627 827 3659 23]
849 3627 925 3658 Sul».
947 3627 971 3661 I,
988 3628 1014 3654 3.
