2391 3861
153 157 231 199 14*
838 149 905 190 IV
938 150 1077 191 ESDR.
1113 149 1209 202 ΙΙΙ,
1247 149 1267 190 1
1304 173 1358 180 —-
1393 148 1475 201 IV,
1512 149 1580 190 11.

1054 361 1260 403 SECTIO
1306 359 1361 402 ΙΙ

953 477 977 533 ξ
1012 477 1048 518 I.
1073 501 1133 508 —
1165 475 1284 517 Visio
1303 475 1465 530 prima.

201 591 289 623 Car.
316 589 385 621 III.
410 603 452 606 —
474 579 485 605 ¹
508 588 616 620 Anno
632 586 822 626 trigesimo
843 585 962 618 ruinae
985 584 1169 623 civitatis,
1194 592 1296 616 eram
1320 583 1357 615 in
1379 583 1585 622 Babylone,
1609 585 1647 615 et
1668 583 1914 615 conturbatus
1935 591 2018 615 sum
2041 590 2152 622 super
2171 582 2276 616 cubi·

150 643 231 674 culo
255 649 337 673 meo
362 639 587 678 recumbens
605 641 643 671 et
659 637 902 678 cogitationes
927 645 1019 669 meae
1042 636 1288 669 ascendebant
1309 643 1419 674 super
1439 643 1500 666 cor
1525 643 1670 674 meum,
1695 628 1712 653 ²
1730 634 1904 674 quoniam
1923 633 2002 666 vidi
2024 633 2273 668 desertionem

149 694 251 733 Sion,
271 696 310 725 et
335 691 605 724 abundantiam
629 699 756 723 eorum
785 689 848 729 qui
877 689 1098 721 habitabant
1121 688 1160 719 in
1184 688 1397 727 Babylone;
1425 678 1440 705 3
1464 688 1503 717 et
1526 686 1730 719 ventilatus
1755 688 1811 719 est
1839 686 1993 727 spiritus
2017 694 2120 718 meus
2147 687 2273 728 valde,

149 749 187 779 et
205 745 300 784 coepi
326 744 425 783 loqui
442 744 488 775 ad
507 742 736 775 Altissimum
753 743 867 774 verba
884 741 1074 780 timorata,
1097 732 1112 757 4
1132 742 1169 772 et
1194 739 1270 772 dixi
1298 751 1305 772 :

200 798 229 830 Ο
257 796 467 829 dominator
492 795 666 834 Domine,
699 797 742 826 tu
775 793 902 826 dixisti
927 793 974 825 ab
1004 792 1111 825 initio
1141 792 1289 832 quando
1317 790 1498 832 plantasti
1522 791 1684 830 terram,
1712 791 1752 822 et
1783 790 1852 822 hoc
1877 791 1994 831 solus,
2018 791 2057 823 et
2081 785 2272 831 imperasti

149 851 302 891 populo,
337 841 354 867 5
371 850 409 881 et
442 847 577 880 dedisti
608 847 730 878 Adam
758 855 890 886 corpus
919 847 1132 884 mortuum3
1162 844 1224 876 sed
1252 845 1290 876 et
1319 843 1440 883 ipsum
1464 843 1687 882 figmentum
1711 850 1892 874 manuum
1921 844 2075 875 tuarum
2107 844 2211 883 erat,
2235 846 2274 876 et

149 900 344 934 insufflasti
362 900 402 932 in
422 908 507 932 eum
528 900 701 940 spiritum
725 898 830 938 vitae,
856 900 893 930 et
913 898 1036 930 factus
1054 899 1111 929 est
1131 896 1259 928 vivens
1276 904 1398 928 coram
1427 897 1462 928 te
1479 905 1487 935 ;
1515 886 1531 912 ⁶
1549 896 1588 926 et
1604 893 1787 926 induxisti
1804 902 1888 927 eum
1905 893 1944 926 in
1965 894 2146 935 paradiso,
2164 903 2275 935 quem

150 955 387 995 plantaverat
420 953 574 984 dextera
597 954 682 990 tua,
708 953 908 989 antequam
937 952 1039 982 terra
1067 949 1300 981 adventaret.
1330 940 1346 965 7
1366 949 1414 980 Et
1438 947 1525 979 huic
1553 945 1740 978 mandasti
1772 946 1927 986 diligere
1956 946 2054 979 viam
2082 949 2208 988 tuam,
2235 950 2274 980 et

150 1005 358 1048 praeterivit
383 1013 482 1044 eam,
508 1006 547 1036 et
571 1004 699 1036 statim
719 1002 918 1034 instituisti
946 1002 985 1033 in
1009 1009 1052 1034 eo
1072 1003 1251 1040 mortem,
1271 1001 1310 1032 et
1329 999 1368 1031 in
1395 999 1607 1031 nationibus
1631 999 1731 1038 ejus,
1755 1000 1795 1031 et
1823 1000 1923 1030 natae
1953 1001 2043 1031 sunt
2065 1001 2215 1038 gentes,
2233 1001 2273 1032 et

150 1059 290 1095 tribus,
324 1060 362 1089 et
390 1056 534 1097 populi,
562 1058 601 1088 et
633 1056 886 1095 cognationes,
916 1062 1075 1094 quarum
1104 1061 1180 1085 non
1211 1054 1267 1085 est
1294 1059 1485 1084 numerus
1512 1044 1528 1069 ⁸
1551 1051 1599 1082 Et
1619 1050 1828 1083 ambulavit
1852 1058 2091 1090 unaquaeque
2118 1059 2209 1090 gens
2235 1051 2274 1084 in

152 1112 347 1143 voluntate
372 1117 459 1149 sua,
483 1110 523 1140 et
543 1108 638 1140 mira
661 1107 821 1146 agebant
842 1115 964 1138 coram
989 1108 1046 1146 te,
1067 1107 1104 1138 et
1128 1105 1350 1145 spernebant
1370 1105 1561 1144 praecepta
1584 1104 1662 1135 tua.
1689 1094 1707 1120 9
1724 1103 1870 1134 Iterum
1895 1105 2021 1136 autem
2045 1102 2084 1135 in
2108 1105 2275 1144 tempore

151 1164 333 1196 induxisti
360 1160 542 1193 diluvium
570 1168 680 1200 super
712 1158 968 1191 inhabitantes
1000 1159 1195 1197 saecuium,
1223 1159 1261 1189 et
1281 1156 1476 1196 perdidisti
1498 1164 1571 1188 eos.
1600 1146 1634 1172 ¹⁰
1653 1155 1701 1187 Et
1724 1155 1871 1187 factum
1899 1157 1956 1187 est
1983 1156 2023 1188 in
2051 1164 2278 1196 unoquoque

151 1223 292 1255 eorum,
313 1213 409 1245 sicut
434 1214 526 1245 Adae
552 1212 661 1247 mori,
683 1213 736 1244 sic
756 1211 815 1243 his
840 1210 1034 1243 diluvium.
1059 1201 1088 1227 11
1108 1208 1347 1248 Dereliquisti
1371 1210 1494 1241 autem
1521 1215 1638 1239 unum
1659 1215 1704 1240 ex
1725 1206 1781 1239 his
1805 1207 1883 1239 Noe
1904 1216 1987 1239 cum
2007 1208 2115 1240 domo
2140 1217 2217 1248 sua,
2238 1210 2276 1241 et

153 1276 198 1301 ex
222 1275 265 1299 eo
296 1265 384 1306 justi
408 1274 547 1298 omnes.
572 1256 606 1282 12
631 1265 679 1296 Et
702 1264 845 1295 factum
876 1265 951 1302 est,
976 1271 1060 1294 cum
1085 1263 1285 1302 coepissent
1309 1261 1553 1300 multiplicari
1578 1261 1643 1299 qui
1666 1259 1891 1291 habitabant
1919 1267 2030 1298 super
2052 1262 2214 1300 terram,
2237 1263 2276 1293 et

152 1319 497 1359 multiplicaverunt
522 1317 636 1357 filios,
662 1317 700 1348 et
720 1317 893 1355 populos,
918 1317 956 1347 et
982 1316 1109 1354 gentes
1137 1315 1300 1354 multas;
1333 1315 1370 1345 et
1403 1315 1596 1353 coeperunt
1628 1312 1765 1343 iterato
1788 1310 2019 1350 impiet-atem
2043 1312 2168 1345 facere
2192 1313 2279 1353 plus

152 1380 264 1412 quam
288 1379 438 1410 priores.

202 1415 235 1442 13
255 1424 302 1455 Et
326 1424 469 1455 factum
493 1422 550 1454 est
574 1429 658 1453 cum
683 1420 919 1460 iniquitatem
939 1420 1108 1452 facerent
1132 1427 1255 1451 coram
1279 1419 1335 1458 te,
1359 1417 1504 1457 elegisti
1525 1416 1594 1449 tibi
1622 1417 1748 1449 virum
1774 1425 1820 1449 ex
1843 1415 1922 1456 1115,
1947 1417 2009 1449 0111
2034 1425 2172 1450 110111οῑ1
2195 1418 2277 1450 erat

154 1476 356 1509 Abraham.
387 1466 419 1492 ¹4
440 1474 487 1506 Et
508 1472 672 1505 dilexisti
693 1480 797 1513 eum,
823 1475 861 1504 et
891 1472 1156 1505 demonstrasti
1181 1471 1214 1504 ei
1239 1470 1307 1502 soli
1331 1471 1565 1502 voluntatem
1591 1470 1723 1509 tuam3
1751 1459 1786 1486 15
1803 1470 1841 1501 et
1866 1468 2081 1508 disposuisti
2105 1469 2138 1502 ei
2160 1471 2274 1502 testa-

153 1531 321 1561 mentum
351 1530 557 1566 aeternum,
581 1527 619 1565 et
644 1525 772 1557 dixisti
793 1525 826 1557 ei
855 1526 898 1556 ut
929 1532 1006 1556 non
1027 1532 1192 1564 unquam
1224 1522 1500 1562 derelinqueres
1525 1529 1648 1553 semen
1673 1522 1762 1561 01115.
1786 1521 1834 1552 Et
1859 1520 1994 1553 dedisti
2022 1522 2055 1553 ei
2086 1521 2211 1562 Isaac,
2239 1523 2277 1554 et

153 1581 257 1613 Isaac
279 1578 417 1612 dedisti
442 1578 557 1610 Jacob
581 1580 619 1609 et
641 1577 746 1609 Esau.
771 1567 805 1594 ¹⁶
828 1577 876 1608 Et
903 1577 1107 1616 segregasti
1130 1575 1200 1608 tibi
1221 1575 1352 1614 Jacob,
1378 1575 1477 1606 Esau
1504 1575 1632 1607 autem
1657 1572 1847 1613 separasti.
1871 1573 1920 1606 Et
1940 1573 2064 1606 factus
2084 1576 2140 1606 est
2161 1574 2280 1606 Jacob

152 1633 191 1665 in
221 1632 471 1664 multitudine
500 1638 652 1669 magna.
687 1620 719 1647 17
747 1629 796 1661 Et
826 1630 969 1661 factum
1000 1630 1058 1661 est
1090 1636 1174 1660 cum
1202 1628 1375 1660 educeres
1407 1634 1531 1658 semen
1564 1627 1642 1666 eius
1671 1634 1715 1658 ex
1743 1626 1928 1665 AEgyptO,
1951 1625 2141 1658 adduxisti
2167 1634 2279 1665 super

153 1687 318 1718 montem
345 1684 441 1716 Sina.
463 1674 496 1701 ¹⁸
515 1683 563 1715 Et
588 1681 777 1714 inclinasti
801 1683 928 1721 caelos,
954 1683 992 1713 et
1024 1680 1192 1713 statuisti
1218 1684 1380 1718 terram,
1405 1681 1443 1711 et
1472 1677 1707 1710 commovisti
1732 1677 1879 1721 orbem,
1908 1680 1948 1710 et
1971 1679 2132 1710 tremere
2155 1678 2277 1710 fecisti

153 1738 312 1778 abyssos,
337 1738 374 1768 et
398 1734 629 1768 conturbasti
654 1735 843 1774 saeculum,
869 1725 902 1751 19
919 1735 958 1766 et
987 1732 1140 1765 transiit
1164 1733 1283 1771 gloria
1307 1733 1373 1763 tua
1398 1732 1522 1770 portas
1547 1732 1721 1769 quatuor,
1743 1729 1852 1768 ignia,
1879 1730 1917 1761 et
1959 1730 2210 1769 terraemotus,
2239 1732 2275 1762 et

154 1789 322 1830 spiritus,
348 1791 385 1821 et
410 1789 512 1827 gelu,
533 1789 577 1818 ut
600 1786 704 1818 dares
729 1785 859 1818 semini
885 1785 1000 1817 Jacob
1021 1786 1160 1824 legem,
1188 1786 1226 1816 et
1249 1782 1479 1822 generationi
1506 1782 1620 1814 Israel
1646 1781 1889 1820 diligentiam.
1919 1772 1957 1798 2⁰
1979 1781 2028 1812 Et
2051 1789 2127 1813 non
2151 1782 2275 1814 abstu-

153 1841 232 1875 listi
252 1841 298 1873 ab
322 1840 372 1873 eis
389 1848 451 1872 cor
471 1838 690 1878 malignum,
711 1839 755 1870 ut
775 1838 915 1870 faceret
939 1838 999 1870 lex
1021 1839 1089 1869 tua
1106 1837 1146 1868 in
1165 1837 1217 1868 eis
1238 1836 1421 1867 fructum.
1445 1825 1477 1852 21
1495 1834 1565 1866 Cor
1589 1833 1687 1866 enim
1708 1833 1919 1871 malignum
1939 1832 2110 1872 bajulans
2135 1834 2277 1873 primus

154 1893 294 1934 Adam,
322 1895 575 1931 transgressus
606 1892 645 1923 et
676 1889 797 1922 victus
826 1891 900 1930 est,
932 1890 996 1921 sed
1027 1890 1064 1921 et
1096 1896 1222 1920 omnes
1253 1888 1318 1926 (1111
1343 1887 1387 1919 de
1411 1894 1455 1918 eo
1482 1885 1564 1918 nati
1593 1887 1696 1918 sunt.
1722 1876 1759 1903 22
1776 1885 1825 1916 Et
1848 1885 1952 1916 facta
1979 1886 2036 1917 est
2055 1893 2278 1924 permanens

155 1946 372 1984 infirmitas,
403 1947 442 1977 et
474 1945 532 1975 lex
563 1950 648 1974 cum
681 1942 788 1974 corde
820 1941 965 1981 populi,
998 1949 1083 1972 cum
1114 1940 1358 1979 malignitate
1385 1937 1544 1978 radicis;
1577 1940 1614 1970 et
1646 1936 1811 1969 discessit
1836 1936 1935 1976 quod
1968 1936 2109 1968 bonum
2137 1938 2213 1978 est,
2237 1940 2279 1970 et

154 1997 292 2031 mansit
317 1997 532 2035 malignum.

208 2041 245 2069 ²3
267 2050 315 2081 Et
347 2049 580 2081 transierunt
612 2048 798 2087 tempora,
827 2047 866 2078 et
894 2045 991 2078 finiti
1021 2046 1110 2077 sunt
1138 2045 1249 2084 anni;
1275 2044 1312 2076 et
1337 2042 1524 2075 suscitasti
1551 2042 1623 2075 tibi
1656 2049 1805 2074 servum
1837 2041 1988 2073 nomine
2019 2040 2149 2074 David.
2175 2032 2211 2060 24
2231 2041 2281 2074 Et

156 2103 286 2136 dixisti
308 2102 341 2134 ei
368 2101 551 2133 {edificare
572 2099 761 2132 civitatem
787 2098 950 2130 nominis
970 2097 1038 2136 tui,
1063 2099 1101 2129 et
1127 2097 1261 2129 offerre
1281 2095 1350 2128 tibi
1373 2095 1413 2127 in
1438 2095 1563 2126 eadem
1588 2093 1679 2126 thus
1704 2095 1741 2125 et
1767 2094 1986 2125 oblationes.
2009 2083 2026 2110 ²
2063 2093 2112 2125 Et
2131 2093 2279 2126 factum

156 2158 211 2188 est
238 2156 308 2186 hoc
331 2152 436 2186 annis
461 2152 611 2192 multis,
637 2153 674 2184 et
703 2152 942 2189 deliquerunt
972 2152 1034 2188 qui
1061 2149 1287 2181 habitabant
1311 2147 1530 2187 civitatem;
1556 2137 1592 2164 26
1610 2147 1649 2177 in
1670 2146 1841 2177 omnibus
1869 2144 2048 2177 facientes
2072 2144 2168 2178 sicut
2191 2145 2281 2178 fecit

156 2208 277 2241 Adam
297 2208 336 2239 et
356 2213 481 2237 omnes
506 2203 761 2244 generationes
782 2204 881 2243 ejus3
907 2202 1114 2234 utebantur
1139 2202 1236 2233 enim
1263 2203 1301 2233 et
1324 2199 1394 2239 ipsi
1419 2199 1527 2231 corde
1551 2198 1727 2237 malignO.
1749 2189 1785 2216 ‘²7
1806 2198 1853 2230 Et
1877 2196 2072 2230 tradidisti
2089 2197 2280 2230 civit-atem

156 2262 261 2292 tuam
292 2259 331 2290 in
357 2257 526 2289 manibus
550 2256 788 2288 inimicorum
814 2258 980 2287 tuorum.
1006 2246 1043 2272 28
1060 2253 1256 2292 Numquid
1288 2253 1443 2284 meliora
1472 2251 1620 2283 faciunt
1644 2249 1709 2290 qui
1740 2249 1917 2282 habitant
1946 2250 2204 2290 Babylonem?
2232 2249 2280 2282 Et

157 2313 307 2353 propter
331 2310 400 2342 1100
425 2308 680 2342 dominabitur
707 2307 821 2340 Sion?
849 2298 886 2325 ²9
905 2307 1065 2339 Factum
1093 2308 1149 2338 est
1174 2314 1259 2337 011111
1287 2304 1469 2337 venissem
1494 2303 1585 2343 huc,
1612 2305 1651 2335 et
1671 2302 1844 2334 vidissem
1869 2301 2099 2342 impietates,
2121 2310 2280 2341 quarum

157 2372 230 2398 non
253 2365 312 2395 est
336 2370 538 2401 numerus3
571 2362 608 2393 et
633 2360 890 2399 delinquentes
923 2360 1063 2391 multos
1096 2357 1192 2390 vidit
1224 2358 1350 2389 anima
1374 2364 1474 2396 mea,
1502 2355 1571 2387 hoc
1603 2355 1799 2394 trigesimo
1823 2362 1941 2395 anno,
1970 2355 2009 2386 et
2040 2353 2195 2386 excessit
2219 2361 2282 2386 001·

157 2424 307 2454 111011111;
330 2406 367 2433 30
380 2415 554 2454 quoniam
579 2413 657 2445 vidi
681 2412 864 2452 quomodo
885 2412 1048 2444 sustines
1070 2419 1130 2443 eos
1150 2412 1354 2450 peccanteS,
1380 2410 1418 2440 et
1437 2407 1633 2448 pepercisti
1658 2407 1770 2447 impie
1794 2406 2002 2446 agentibus,
2023 2407 2062 2438 et
2086 2405 2281 2445 perdidisti

158 2469 335 2510 populum
359 2468 486 2506 tuum,
512 2467 550 2498 et
577 2464 803 2497 conservasti
833 2463 1001 2495 inimicos
1025 2465 1127 2502 tuos,
1159 2465 1197 2494 et
1221 2470 1295 2494 non
1328 2459 1555 2500 significasti.
1583 2451 1614 2478 31
1634 2459 1737 2491 Nihil
1764 2458 1916 2491 memini
1940 2458 2124 2498 quomodo
2152 2458 2283 2490 debeat

158 2519 363 2558 derelinqui
384 2518 447 2550 via
467 2518 556 2550 haec.
586 2516 778 2557 Numquid
803 2515 959 2548 meliora
985 2515 1074 2547 facit-
1095 2515 1263 2554 Babylon
1280 2521 1391 2553 quam
1411 2513 1496 2545 Sion
1512 2514 1528 2546 ¹?
1556 2505 1593 2532 32
1610 2512 1688 2543 Aut
1703 2511 1773 2545 alia
1789 2519 1880 2551 gens
1896 2510 2071 2550 cognovit
2088 2512 2125 2543 te
2143 2511 2282 2550 praeter

159 2573 301 2606 Israel?
326 2573 393 2603 aut
418 2579 501 2610 (111εο
532 2570 653 2602 tribus
683 2569 926 2601 crediderunt
955 2567 1189 2600 testamentis
1214 2566 1307 2606 tuis,
1336 2565 1431 2597 sicut
1456 2565 1598 2597 Jacob?
1633 2555 1668 2582 33
1685 2553 1852 2603 Quaru'm
1878 2570 2017 2595 merces
2041 2570 2116 2594 non
2140 2570 2281 2602 compa-

158 2626 248 2664 ruit,
269 2632 387 2663 neque
409 2623 512 2654 labor
532 2620 786 2654 fructificavit.
807 2621 1065 2653 Pertransiens
1088 2619 1186 2651 enim
1211 2617 1437 2659 pertransivi
1462 2618 1501 2649 in
1521 2617 1705 2657 gentibus,
1729 2618 1767 2648 et
1791 2615 1868 2648 vidi
1890 2615 2124 2647 abundantes
2148 2622 2228 2654 eas,
2245 2615 2283 2646 et

159 2685 234 2710 non
255 2676 502 2709 memorantes
519 2675 784 2706 mandatorum
805 2675 971 2705 tuorum.
996 2664 1031 2691 34
1049 2672 1158 2704 Nunc
1177 2679 1265 2710 ergo
1285 2670 1451 2710 pondera
1468 2669 1505 2701 in
1524 2670 1667 2701 statera
1687 2673 1832 2700 nostras
1848 2666 2076 2707 iniquitates,
2098 2668 2136 2699 et
2155 2673 2282 2698 eorum

160 2729 224 2770 qui
248 2728 420 2761 habitant
445 2727 483 2758 in
508 2727 666 2765 saeculo;
690 2731 729 2758 et
752 2733 828 2758 non
857 2724 1073 2758 invenietur
1092 2732 1229 2756 nomen
1255 2725 1385 2760 tuum,
1407 2721 1478 2754 nisi
1506 2722 1544 2753 in
1570 2721 1698 2754 Israel.
1729 2712 1765 2738 35
1782 2721 1861 2752 Aut
1885 2719 2035 2759 quando
2060 2726 2135 2750 non
2159 2713 2282 2758 peeca-

160 2784 298 2814 verunt
323 2781 361 2812 in
386 2782 587 2818 conspectu
608 2780 691 2818 tuo,
716 2778 780 2817 qui
803 2777 978 2810 habitant
1003 2777 1173 2809 terram?
1198 2777 1265 2808 aut
1289 2783 1372 2814 (111εο
1403 2782 1491 2813 gens
1515 2775 1566 2805 sic
1590 2772 1801 2805 observavit
1826 2772 2004 2804 mandata
2029 2770 2126 2803 tua?
2153 2761 2189 2789 36
2206 2770 2284 2802 Hos

161 2834 309 2874 quidem
333 2840 398 2872 per
423 2832 572 2863 nomina
596 2829 759 2862 invenies
782 2837 946 2862 servasse
967 2830 1143 2861 mandata
1164 2830 1250 2867 tua,
1269 2829 1397 2867 gentes
1419 2828 1546 2858 autem
1570 2834 1645 2857 non
1670 2825 1847 2857 invenies.

213 2886 301 2918 CAP.
329 2885 392 2916 IV.
418 2898 462 2902 -
486 2874 500 2900 1
527 2883 575 2914 Et
600 2882 791 2922 respondit
816 2881 862 2912 ad
895 2888 953 2912 me
980 2880 1151 2919 angelus,
1183 2878 1248 2918 qui
1280 2877 1412 2909 missus
1440 2878 1496 2908 est
1520 2876 1567 2907 ad
1598 2882 1674 2914 me,
1695 2874 1754 2906 cui
1778 2882 1913 2906 nomen
1936 2873 2052 2906 Uriel.
2078 2865 2096 2892 2
2113 2872 2162 2904 Et
2187 2869 2283 2903 dixit

162 2938 255 2970 mihi
283 2948 290 2970 ε
318 2937 506 2969 Excedens
532 2935 685 2967 excessit
710 2942 773 2966 cor
798 2935 907 2965 tuum
938 2933 978 2964 in
1007 2933 1147 2964 saer-ulo
1171 2931 1259 2969 hoc,
1284 2931 1322 2961 et
1346 2928 1658 2968 comprehendere
1683 2927 1822 2966 cogitas
1847 2927 1950 2958 viam
1980 2922 2169 2957 Altissimi.
2196 2913 2213 2941 3
2235 2921 2283 2953 Et

162 2991 240 3023 dixi
267 3001 274 3022 :
296 2990 366 3028 Ita,
398 2989 554 3020 Domine
577 2994 690 3018 meus.
722 2986 771 3017 Et
791 2984 983 3025 respondit
1004 2983 1106 3023 mihi,
1127 2985 1166 3016 et
1190 2982 1288 3015 dixit
1312 2991 1320 3013 :
1345 2981 1434 3013 Tres
1457 2980 1537 3012 vias
1558 2979 1689 3011 missus
1713 2987 1794 3011 sum
1822 2978 2016 3010 ostendere
2039 2977 2121 3016 tibi,
2145 2976 2183 3007 et
2206 2975 2283 3006 tres

163 3043 423 3075 similitudines
455 3047 660 3080 proponere
693 3046 817 3070 coram
849 3039 899 3069 te.
931 3029 948 3054 ⁴
971 3036 1026 3069 De
1058 3035 1192 3075 quibus
1223 3033 1314 3066 mihi
1347 3033 1376 3064 si
1408 3031 1682 3064 renuntiaveris
1715 3039 1830 3063 unam
1859 3038 1903 3063 ex
1936 3029 2011 3069 his,
2039 3030 2077 3062 et
2111 3035 2178 3066 ego
2215 3025 2284 3058 tibi

164 3094 423 3127 demonstrabo
447 3093 558 3132 viam,
583 3099 693 3131 quam
716 3090 899 3122 desideras
920 3088 1056 3127 videre,
1076 3092 1115 3120 et
1141 3087 1276 3119 docebo
1300 3088 1348 3125 te,
1369 3085 1467 3116 unde
1485 3085 1533 3116 sit
1554 3092 1617 3116 001·
1634 3082 1855 3122 malignum.
1878 3074 1894 3101 5
1911 3082 1961 3114 Et
1977 3080 2052 3113 dixi
2077 3089 2085 3112 z
2107 3079 2284 3118 Loquere,

164 3146 319 3179 Domine
343 3153 459 3177 meus.

217 3199 265 3231 Et
289 3197 385 3229 dixit
410 3197 455 3228 ad
481 3204 539 3228 me
561 3205 569 3228 :
589 3194 710 3234 Vade,
732 3195 895 3234 pondera
922 3193 1014 3225 mihi
1043 3191 1138 3231 ignis
1163 3191 1324 3230 pondus,
1352 3191 1418 3222 aut
1444 3197 1615 3221 mensura
1641 3187 1732 3234 mihi
1757 3187 1888 3219 flatum
1914 3184 2035 3223 venti,
2059 3184 2127 3214 aut
2151 3190 2285 3215 revoca

166 3250 255 3283 mihi
274 3249 370 3282 diem
392 3256 477 3288 quae
504 3247 700 3287 praeteriit.
728 3238 744 3264 ⁶
762 3247 808 3278 Et
833 3245 1015 3285 respondi,
1037 3251 1073 3277 et
1095 3244 1173 3275 dixi
1199 3253 1206 3274 :
1232 3241 1316 3280 Quis
1346 3245 1521 3274 natorum
1546 3241 1687 3280 poterit
1707 3240 1842 3278 facere,
1867 3239 1911 3270 ut
1939 3244 1996 3269 me
2016 3235 2224 3271 interroges
2240 3234 2285 3267 de

166 3303 253 3334 his?
279 3294 295 3320 ⁷
316 3302 364 3333 Et
386 3302 481 3333 dixit
502 3300 549 3331 ad
569 3307 628 3331 me
654 3309 661 3332 :
687 3300 724 3331 Si
748 3306 863 3331 essem
888 3297 1124 3336 interrogans
1144 3296 1199 3334 te,
1222 3294 1346 3326 dicens
1369 3303 1376 3326 :
1401 3292 1560 3331 Quantae
1581 3291 1832 3324 habitationes
1858 3290 1947 3322 sunt
1967 3287 2006 3320 in
2023 3288 2130 3319 corde
2155 3285 2286 3326 maris,

169 3356 237 3386 aut
258 3356 409 3393 quantae
440 3359 546 3384 venae
579 3353 667 3383 sunt
695 3351 734 3383 in
759 3349 939 3390 principio
968 3347 1107 3389 abyssi,
1132 3348 1199 3379 aut
1226 3349 1377 3386 quantae
1408 3353 1514 3378 venae
1545 3346 1633 3377 sunt
1662 3351 1773 3384 super
1797 3342 2093 3377 firmamentum,
2128 3340 2193 3371 aut
2220 3337 2285 3378 qui

168 3407 256 3437 sunt
273 3407 396 3438 exitus
422 3402 604 3444 paradisig
640 3395 656 3421 Β
682 3403 821 3435 diceres
842 3402 934 3434 mihi
960 3399 1127 3433 fortassis
1157 3409 1165 3432 :
1189 3399 1233 3430 In
1257 3397 1429 3438 abyssum
1453 3405 1528 3429 non
1545 3397 1728 3435 descendi,
1750 3400 1869 3433 neque
1889 3391 1926 3423 in
1945 3391 2135 3424 infernum
2152 3390 2285 3430 adhuc,

169 3465 285 3496 neque
303 3458 340 3489 in
358 3458 491 3489 caelum
513 3463 679 3495 unquam
705 3454 863 3488 ascendi.
886 3445 903 3472 9
917 3453 1025 3486 Nunc
1050 3456 1176 3484 autem
1195 3459 1270 3482 non
1286 3449 1516 3489 interrogavi
1537 3452 1584 3488 te,
1610 3448 1678 3480 nisi
1703 3448 1746 3479 de
1766 3446 1860 3484 igne,
1885 3444 1922 3476 et
1939 3448 2063 3482 vento,
2086 3447 2126 3475 et
2142 3441 2200 3475 die
2220 3449 2286 3482 per

170 3516 278 3547 quem
305 3509 494 3547 transisti,
519 3509 558 3540 et
581 3516 603 3539 a
629 3507 761 3547 quibus
782 3505 947 3546 separari
972 3513 1046 3537 non
1073 3507 1201 3544 potes;
1225 3505 1263 3535 et
1291 3510 1365 3534 non
1389 3499 1612 3540 respondisti
1636 3498 1728 3532 mihi
1748 3498 1792 3529 de
1819 3495 1879 3528 015.
1903 3486 1938 3512 ¹⁰
1957 3496 2006 3528 Et
2033 3494 2129 3528 dixit
2153 3494 2250 3527 mihi
2277 3502 2285 3525 :

171 3560 225 3592 Tu
254 3568 337 3599 quae
371 3563 437 3592 tua
469 3562 557 3591 sunt
584 3561 707 3592 tecum
739 3558 1029 3591 coadolescentia
1061 3564 1136 3588 non
1165 3559 1267 3595 potes
1299 3561 1538 3594 cognoscere;
1569 3543 1598 3570 11
1621 3553 1661 3584 et
1692 3547 1875 3590 quomodo
1910 3550 2048 3587 poterit
2080 3555 2145 3579 vas
2175 3548 2286 3578 tuum

170 3618 301 3651 capere
325 3610 505 3643 Altissimi
525 3611 635 3651 viam,
660 3614 697 3644 et
715 3612 790 3650 jam
810 3611 975 3642 exterius
997 3609 1174 3647 corrupto
1199 3606 1337 3639 saeculo
1356 3605 1565 3644 intelligere
1589 3601 1866 3642 corruptionem
1891 3599 2103 3632 evidentem
2127 3599 2166 3630 in
2191 3597 2286 3630 facie

171 3670 252 3695 mea
267 3662 283 3693 ἲ
