2423 3861
57 919 88 946 70
118 917 295 947 Conclusio

93 965 125 989 et
148 962 263 989 utilior-

130 1009 176 1033 tat
185 1005 224 1034 io.

102 1395 260 1423 Parabola

101 1439 231 1466 leonum
246 1459 252 1473 ‚

105 1484 252 1515 figurans

117 1531 241 1555 sortem

55 1579 172 1600 ref-'nni
199 1572 295 1600 suda.

102 2291 262 2319 Parabola

123 2335 244 2369 rineae,

77 2380 280 2407 adumbrans

120 2427 241 2451 scu-tem

112 2468 255 2497 Israelis.

97 3099 267 3129 Sermonis

65 3143 194 3171 occasio
207 3148 242 3172 et
255 3152 303 3172 ar-

79 3194 157 3219 gunl
163 3195 201 3216 81)
207 3191 287 3216 tum.

366 138 448 182 940
942 135 1016 176 ΕΖ.
1052 133 1238 186 XVIII,
1273 133 1329 175 25
1361 158 1421 164 —
1451 134 1558 189 XX,
1591 135 1632 175 4.

365 309 516 353 vivet?
543 310 705 352 Omnes
727 304 914 361 justitiae
937 303 1055 359 ejus,
1082 317 1190 358 quas
1215 302 1410 358 fecerat,
1437 316 1525 345 non
1554 303 1930 360 recordabuntur3
1956 305 2003 348 in
2032 321 2204 363 praeva-

365 369 578 412 ricatione
607 380 694 421 qua
725 363 1046 420 praevaricatus
1072 366 1158 416 est,
1187 367 1229 404 et
1254 361 1300 403 in
1325 367 1510 418 peccato
1535 375 1614 404 suo
1640 362 1755 418 quod
1781 364 2006 420 peccavit,
2024 365 2072 407 in
2096 366 2203 423 ipsis

366 428 587 471 morietur.
612 425 647 450 '25
667 425 724 466 Et
750 422 926 466 dixistis
949 439 956 466 :
981 423 1081 465 Non
1108 426 1175 464 est
1203 435 1329 476 aequa
1351 420 1424 463 via
1456 421 1662 464 Domini!
1695 421 1861 465 Audite
1888 436 2012 480 ergo,
2048 424 2203 468 domus

365 486 503 530 Israel
525 502 533 528 :
560 482 789 539 Numquid
815 481 889 525 via
913 496 1013 525 mea
1036 495 1125 524 non
1150 485 1218 523 est
1241 479 1402 536 aequa?
1426 485 1468 523 et
1493 494 1582 523 non
1604 481 1748 537 magis
1766 481 1853 524 viae
1872 488 2032 525 vestrae
2055 498 2203 540 pravae

363 545 494 588 sunt?
518 542 554 570 ²⁶
572 544 685 587 Cum
711 542 830 586 enim
858 540 1071 584 averterit
1099 555 1144 584 se
1169 540 1315 596 justus
1343 554 1370 583 a
1395 539 1574 596 justitia
1601 554 1705 596 sua,
1733 545 1776 584 et
1805 541 1966 584 fecerit
1994 541 2203 598 iniquita-

362 610 471 659 tem,
497 603 707 646 morietur
731 602 776 644 in
803 601 885 657 eis,
913 600 959 643 in
984 600 1212 656 injustitia
1237 614 1371 656 quam
1397 605 1602 656 operatus
1628 605 1694 643 est
1720 601 1945 645 morietur.
1965 600 2000 627 2⁷
2025 603 2083 644 Et
2106 617 2206 646 cum

361 662 571 706 averterit
596 677 642 705 se
671 661 834 718 impius
860 661 917 704 ab
944 660 1175 717 impietate
1201 674 1280 703 sua
1305 674 1440 715 quam
1465 664 1673 715 operatus
1703 665 1789 717 est,
1821 666 1866 704 et
1893 661 2056 704 fecerit
2088 661 2206 718 judi-

362 723 479 765 cium
501 728 545 765 et
565 721 808 778 justitiam,
835 721 929 777 ipse
954 720 1154 763 animam
1179 734 1305 762 suam
1331 718 1605 774 vivificabit3
1630 717 1666 745 ⁶28
1686 719 1971 763 considerans
1994 721 2136 776 enim,
2156 718 2209 765 ‘et

361 788 564 825 avertens
591 796 637 825 se
662 782 718 824 ab
746 780 951 823 omnibus
972 779 1287 835 iniquitatibus
1313 779 1402 822 suis
1426 793 1533 834 quas
1557 784 1762 835 operatus
1785 785 1870 836 est,
1892 780 1986 822 vita
2006 779 2140 837 vivet,
2165 787 2208 824 et

361 856 447 884 non
474 842 697 884 morietur.

419 901 455 927 ⁶²9
475 903 533 944 Et
558 901 712 944 dicunt
736 900 816 942 filii
843 900 1009 944 Israel:
1037 901 1138 943 Non
1164 904 1230 944 est
1256 914 1383 956 aequa
1408 899 1481 942 via
1506 899 1710 943 Domini!
1738 900 1967 957 Numquid
1986 900 2073 944 viae
2095 915 2208 944 meae

361 975 448 1004 non
470 966 574 1004 sunt
597 975 757 1016 aequae,
783 960 937 1002 domus
958 958 1129 1003 Israel?
1153 964 1197 1003 et
1214 974 1302 1002 non
1322 959 1466 1015 magis
1485 959 1572 1002 viae
1591 965 1751 1002 vestrae
1774 959 1959 1016 pravae?
1980 959 2018 987 3⁰
2033 959 2209 1003 Idcirco

362 1034 720 1076 unumquemque
757 1020 886 1076 juxta
923 1019 1020 1062 vias
1061 1034 1162 1062 suas
1199 1019 1434 1075 judicabo,
1475 1018 1631 1062 domus
1670 1019 1839 1076 Israel,
1881 1020 1946 1062 ait
1989 1020 2209 1063 Dominus

364 1083 496 1124 Deus.
539 1079 889 1135 Convertimini,
933 1084 975 1122 et
1016 1079 1136 1135 agite
1180 1078 1495 1135 poenitentiam
1543 1079 1599 1121 ab
1646 1079 1850 1122 omnibus
1894 1079 2209 1136 iniquitatibus

362 1140 539 1195 vestris,
559 1145 602 1183 et
628 1153 714 1182 non
742 1138 825 1182 erit
850 1138 975 1181 vobis
997 1139 1044 1180 in
1069 1139 1245 1181 ruinam
1270 1138 1495 1194 iniquitas.
1530 1137 1562 1164 3¹
1587 1138 1801 1195 Projicite
1834 1153 1859 1181 a
1893 1138 2020 1182 vobis
2055 1152 2208 1182 omnes

361 1199 752 1256 praevaricationes
778 1204 947 1241 vestras
976 1198 1022 1240 in
1053 1198 1211 1253 quibus
1244 1198 1529 1254 praevaricati
1565 1198 1690 1253 estis,
1724 1202 1767 1240 et
1800 1197 1941 1240 facite
1974 1196 2102 1240 vobis
2136 1210 2209 1239 cor

362 1274 547 1315 novum,
580 1264 623 1302 et
655 1258 861 1315 spiritum
887 1273 1076 1302 novum:
1108 1263 1152 1301 et
1177 1272 1311 1314 quare
1338 1257 1611 1313 moriemini,
1640 1257 1797 1300 domus
1830 1256 2007 1299 lsrael?
2036 1254 2073 1282 32
2098 1254 2210 1307 Quia

362 1320 462 1363 nolo
489 1324 677 1362 mortem
699 1317 949 1373 morientis,
974 1317 1084 1360 dicit
1110 1318 1328 1361 Dominus
1353 1318 1500 1373 Deus3
1527 1316 1824 1372 revertimini,
1853 1322 1897 1359 et
1922 1315 2076 1359 vivite.

421 1380 527 1424 CAP.
560 1379 685 1424 XIX.
709 1405 768 1410 —
806 1376 896 1420 ¹Et
929 1382 997 1429 tu,
1032 1392 1207 1420 assume
1237 1378 1468 1434 planctum
1499 1391 1629 1433 super
1661 1376 1885 1433 principes
1919 1376 2089 1430 Israe13
2126 1374 2144 1401 2
2168 1378 2212 1419 et

363 1440 482 1483 dices
506 1456 513 1483 :
541 1439 683 1489 Quare
708 1443 850 1481 mater
879 1443 955 1480 tua
981 1438 1126 1480 leaena
1150 1437 1267 1480 inter
1296 1437 1447 1480 leones
1482 1436 1698 1480 cubavit?
1728 1435 1774 1478 in
1801 1435 1949 1479 medio
1983 1435 2210 1478 leunculo-

363 1515 458 1542 rum
489 1497 702 1542 enutrivit
728 1497 897 1541 catulos
926 1497 1062 1541 suos‘?
1094 1498 1111 1523 3
1130 1499 1186 1540 Et
1216 1497 1372 1540 eduxit
1405 1511 1542 1539 unum
1574 1496 1628 1539 de
1661 1495 1880 1539 leunculis
1913 1495 2030 1550 suis,
2066 1500 2110 1538 et
2142 1495 2209 1538 leo

363 1560 512 1602 factus
535 1564 624 1612 est;
653 1563 697 1601 et
723 1557 883 1600 didicit
908 1571 1066 1613 capere
1090 1557 1312 1613 praedam,
1340 1556 1655 1611 hominemque
1679 1555 1922 1598 comedere.
1942 1554 1959 1580 4
1978 1556 2036 1597 Et
2057 1554 2211 1597 audie-

362 1623 464 1661 runt
493 1618 546 1661 de
580 1632 630 1661 eo
659 1622 839 1673 gentes3
867 1622 910 1660 et
940 1631 1028 1659 non
1062 1616 1229 1672 absque
1260 1615 1518 1659 vulneribus
1549 1615 1638 1657 suis
1665 1620 1877 1671 ceperunt
1904 1629 2025 1668 eum,
2058 1620 2101 1657 et
2133 1613 2209 1656 ad-

364 1678 585 1720 duxerunt
610 1692 710 1721 eum
732 1676 777 1718 in
805 1676 973 1719 catenis
999 1676 1044 1718 in
1071 1681 1235 1719 terram
1262 1674 1465 1732 AEgypti.
1493 1675 1510 1701 5
1529 1674 1635 1724 Quae
1664 1688 1764 1716 cum
1791 1674 1977 1716 vidisset
1999 1673 2211 1729 quoniam

362 1737 587 1779 infirmata
628 1742 712 1791 est,
749 1741 792 1779 et
828 1735 960 1792 periit
1000 1736 1253 1792 expectatio
1288 1735 1409 1791 ejus,
1444 1734 1549 1777 tulit
1582 1748 1720 1776 111111111
1756 1733 1809 1776 de
1844 1733 2063 1776 leunculis
2096 1732 2212 1784 suis,

363 1797 535 1840 leonem
568 1796 797 1839 constituit
827 1810 940 1838 euni.
977 1796 993 1822 0
1015 1795 1097 1846 Qui
1130 1795 1369 1838 incedebat
1403 1794 1520 1837 inter
1550 1793 1719 1847 leones,
1753 1799 1796 1836 et
1825 1793 1976 1835 factus
2011 1797 2076 1835 est
2109 1792 2207 1843 leo3

364 1865 407 1902 et
430 1858 588 1902 didicit
611 1857 811 1915 praedam
836 1871 1012 1913 capere,
1039 1861 1083 1899 et
1104 1855 1307 1899 homines
1335 1855 1570 1910 devorare3
1601 1853 1782 1897 7didicit
1798 1854 1956 1897 viduas
1979 1853 2144 1908 facere,
2167 1857 2212 1896 et

364 1920 568 1964 civitates
599 1933 747 1963 eorum
773 1918 817 1961 in
845 1918 1069 1962 desertum
1094 1917 1339 1972 adducere,
1377 1922 1419 1959 et
1446 1916 1646 1959 desolata
1674 1920 1741 1958 est
1767 1921 1884 1959 terra
1910 1921 1954 1959 et
1979 1916 2213 1972 plenitudo

364 1980 460 2036 ejus
485 1995 511 2022 a
536 1994 644 2022 voce
666 1979 837 2034 rugitus
862 1978 994 2021 illius.
1018 1978 1034 2004 8
1055 1978 1112 2019 Et
1135 1980 1439 2020 convenerunt
1464 1976 1678 2018 adversus
1706 1990 1806 2019 eum
1834 1980 1991 2031 gentes
2017 1975 2212 2031 undique

365 2040 417 2083 de
442 2038 701 2096 provinciis,
730 2043 773 2081 et
798 2038 1105 2095 expanderunt
1131 2051 1261 2093 super
1283 2050 1385 2078 eum
1410 2041 1503 2079 rete
1525 2050 1679 2090 suum3
1709 2034 1754 2076 in
1777 2034 2037 2078 vulneribus
2060 2049 2210 2077 earum

365 2105 518 2155 captus
544 2104 630 2154 est,
659 2098 676 2124 9
695 2103 737 2141 et
762 2098 977 2140 miserunt
1004 2111 1105 2140 eum
1130 2096 1176 2138 in
1204 2110 1413 2150 caveam,
1442 2094 1487 2137 in
1515 2095 1683 2138 catenis
1711 2094 1994 2138 adduxerunt
2025 2109 2125 2137 eum
2155 2094 2210 2136 ad

364 2173 514 2214 regem
546 2158 809 2215 Babylonis,
838 2157 1139 2212 miseruntque
1173 2170 1274 2198 enm
1307 2155 1354 2197 in
1385 2169 1629 2210 carcerem,
1654 2169 1709 2197 ne
1743 2154 1972 2198 audiretur
1997 2168 2085 2196 vox
2115 2153 2211 2209 ejus

365 2218 478 2260 ultra
502 2232 631 2274 super
658 2222 829 2260 montes
853 2218 1004 2260 Israel.

426 2277 459 2304 ¹0
486 2279 628 2320 Mater
660 2282 736 2320 tua
770 2277 893 2333 qnasi
927 2277 1058 2320 vinea
1090 2277 1136 2319 in
1166 2277 1383 2333 sanguine
1417 2282 1658 2333 tuosuper
1686 2290 1849 2331 aquam
1879 2275 2084 2332 plantata
2115 2279 2210 2328 est3

364 2338 537 2380 fructus
563 2337 659 2393 ejus
685 2342 730 2380 et
762 2337 944 2380 frondes
971 2336 1067 2392 ejus
1101 2342 1336 2380 creverunt
1365 2351 1419 2380 ex
1448 2335 1575 2392 aquis
1602 2335 1768 2378 multis.
1798 2334 1830 2360 11
1853 2336 1910 2377 Εῖ
1944 2335 2083 2377 factae
2109 2338 2211 2377 sunt

365 2397 403 2440 ei
430 2397 567 2452 virgae
593 2396 749 2439 solidae
775 2396 820 2439 in
854 2402 1031 2452 sceptra
1057 2396 1405 2451 dominantium,
1435 2400 1479 2439 et
1505 2395 1702 2438 exaltata
1734 2400 1800 2438 est
1825 2399 1995 2437 statura
2023 2393 2120 2450 ejus
2146 2392 2211 2435 in-

365 2463 430 2499 ter
455 2456 658 2509 frondes,
687 2461 730 2499 et
755 2456 871 2499 vidit
892 2455 1179 2499 altitudinem
1205 2470 1331 2498 suam
1356 2455 1403 2497 in
1434 2454 1723 2497 multitudine
1753 2453 1992 2510 palmitum
2019 2467 2210 2496 suorum.

369 2515 401 2541 ¹²³·
420 2517 478 2558 Et
503 2516 656 2558 evulsa
686 2520 753 2559 est
784 2515 829 2558 in
862 2516 947 2571 ira,
978 2515 1024 2558 in
1050 2520 1301 2571 terramque
1328 2514 1554 2572 projecta,
1589 2519 1633 2557 et
1665 2519 1825 2556 ventus
1859 2527 1990 2555 urens
2025 2511 2212 2554 siccavit

365 2576 563 2618 fructum
598 2575 723 2631 ejus3
763 2580 1046 2618 marcuerunt
1078 2580 1122 2618 et
1155 2575 1371 2618 arefactae
1404 2578 1508 2617 sunt
1544 2573 1682 2629 virgae
1721 2572 1890 2615 roboris
1928 2571 2027 2627 ejus
2054 2588 2062 2614 :
2093 2570 2211 2626 ignis

366 2635 559 2678 comedit
585 2649 696 2678 eam.
727 2634 760 2661 ¹3
781 2636 837 2677 Et
862 2649 978 2678 nunc
1001 2635 1330 2692 transplantata
1357 2640 1423 2677 est
1447 2633 1494 2676 in
1525 2633 1769 2688 desertum,
1795 2631 1843 2674 in
1870 2636 1986 2674 terra
2015 2631 2140 2673 invia
2167 2634 2212 2673 et

365 2694 547 2737 sitienti.
575 2694 685 2737 11Εῖ
707 2708 907 2751 egressus
933 2700 1000 2737 est
1024 2694 1141 2751 ignis
1165 2694 1220 2738 de
1237 2694 1365 2750 virga
1391 2707 1615 2736 ramorum
1638 2691 1760 2748 ejus,
1788 2690 1862 2747 qui
1888 2691 2089 2733 fructum
2116 2690 2210 2746 ejus

366 2754 583 2809 comedit3
612 2758 655 2797 et
677 2768 764 2796 non
790 2753 881 2796 fuit
903 2753 950 2796 in
977 2768 1027 2797 ea
1053 2754 1180 2810 virga
1205 2753 1356 2810 fortis,
1380 2757 1606 2811 sceptrum
1632 2750 1976 2795 dominantium.
1998 2749 2210 2793 Planctus

366 2818 451 2869 est,
475 2817 519 2856 et
544 2813 626 2857 erit
651 2812 697 2855 in
723 2813 967 2870 planctum.

711 2959 733 3012 ξ
764 2957 872 3000 VII.
908 2982 964 2989 —
997 2957 1184 3000 Israelis
1218 2956 1508 3013 inyratituck,
1542 2955 1632 2998 Dea·
1655 2953 1872 3010 fidelitas.

427 3092 534 3135 CAP.
565 3094 665 3136 XX.
691 3120 750 3127 —
774 3093 784 3119 ¹
807 3096 864 3137 Et
895 3095 1070 3138 factum
1103 3100 1170 3138 est
1201 3095 1248 3138 in
1277 3110 1393 3139 anno
1424 3094 1634 3151 septimo,
1669 3092 1714 3135 in
1746 3091 1921 3148 quinto,
1956 3091 2002 3134 in
2037 3092 2210 3135 decima

368 3151 553 3208 mensis,
580 3157 798 3195 venerunt
824 3154 905 3196 viri
933 3154 987 3197 de
1016 3154 1263 3198 senioribus
1286 3154 1426 3198 Israel
1452 3159 1502 3197 ut
1525 3154 1851 3207 interrogarent
1880 3151 2143 3205 Dominum,
2168 3156 2212 3194 et

368 3211 578 3255 sederunt
603 3226 751 3254 coram
781 3227 864 3255 me.
887 3212 905 3238 ‘2
927 3215 984 3256 Et
1013 3214 1164 3256 factus
1193 3218 1260 3257 est
1287 3228 1428 3257 sermo
1455 3211 1638 3257 Domini
1667 3211 1723 3254 ad
1754 3226 1845 3267 me,
1877 3211 2029 3254 dicens
2054 3226 2062 3253 :
2089 3211 2107 3238 3
2125 3210 2211 3254 Fili

369 3271 582 3327 hominis,
610 3271 786 3327 loquere
813 3273 1057 3316 senioribus
1086 3273 1247 3329 Israel,
1276 3278 1319 3316 et
1343 3273 1463 3317 dices
1488 3272 1545 3316 ad
1567 3285 1638 3315 eos
1663 3288 1671 3315 :
1700 3271 1813 3314 Haee
1853 3271 1963 3314 dicit
1993 3270 2212 3313 Dominus

373 3331 522 3374 Deus:
550 3330 776 3386 Numquid
806 3331 862 3373 ad
892 3331 1258 3387 interrogandum
1288 3347 1358 3376 me
1383 3347 1461 3376 vos
1486 3330 1702 3376 venistis?
1730 3331 1847 3374 Vivo
1878 3345 1958 3387 ego
1993 3331 2096 3385 quia
2123 3344 2210 3372 non

372 3390 644 3445 respondebo
675 3390 821 3446 vobis,
856 3391 920 3433 ait
954 3392 1171 3434 Dominus
1211 3394 1343 3436 Deus.
1377 3392 1394 3418 ⁴
1421 3391 1464 3436 si
1497 3390 1672 3447 judicas
1707 3404 1801 3446 eos,
1837 3390 1875 3433 si
1914 3388 2113 3446 judicas,
2147 3388 2209 3432 fili

372 3448 582 3504 hominis,
606 3449 958 3494 abominationes
984 3455 1162 3507 patrum
1188 3466 1339 3494 eorum
1363 3450 1544 3494 ostende
1570 3449 1644 3492 eis.

375 3621 429 3691 35ss
445 3621 508 3649 rnf.
526 3622 701 3658 XXXIII,
718 3625 762 3651 20.
777 3638 812 3642 —
832 3623 880 3656 30]
900 3621 1021 3650 Matth.
1042 3622 1114 3656 111,
1132 3624 1158 3650 2.
1186 3622 1265 3650 Luc.
1286 3621 1359 3656 111,
1383 3623 1408 3649 3.
1427 3635 1463 3640 —
1487 3621 1535 3654 32]
1555 3620 1632 3653 Sup,
1653 3623 1695 3649 23.
1721 3621 1785 3649 Inf.
1805 3621 1962 3649 XXXIII
1975 3641 1982 3653 ,
2003 3624 2048 3649 11.
2067 3621 2102 3649 11
2121 3620 2203 3648 Petr-

440 3685 444 3690 .
459 3667 484 3692 9.
