<?xml version="1.0" encoding="UTF-8"?>
<!DOCTYPE html PUBLIC "-//W3C//DTD XHTML 1.0 Transitional//EN"
    "http://www.w3.org/TR/xhtml1/DTD/xhtml1-transitional.dtd">
<html xmlns="http://www.w3.org/1999/xhtml" xml:lang="en" lang="en">
 <head>
  <title>
</title>
<meta http-equiv="Content-Type" content="text/html;charset=utf-8" />
  <meta name='ocr-system' content='tesseract 3.04.00' />
  <meta name='ocr-capabilities' content='ocr_page ocr_carea ocr_par ocr_line ocrx_word'/>
</head>
<body>
  <div class='ocr_page' id='page_1' title='image "./bibliasacrajuxta00fill_0842.png"; bbox 0 0 2423 3861; ppageno 0'>
   <div class='ocr_carea' id='block_1_1' title="bbox 155 2027 268 2056">
    <p class='ocr_par' dir='ltr' id='par_1_1' title="bbox 155 2027 268 2056">
     <span class='ocr_line' id='line_1_1' title="bbox 155 2027 268 2056; baseline 0 0"><span class='ocrx_word' id='word_1_1' title='bbox 155 2027 268 2056; x_wconf 68' lang='lat' dir='ltr'>mades</span> 
     </span>
    </p>
   </div>
   <div class='ocr_carea' id='block_1_2' title="bbox 93 2071 328 2108">
    <p class='ocr_par' dir='ltr' id='par_1_2' title="bbox 93 2071 328 2108">
     <span class='ocr_line' id='line_1_2' title="bbox 93 2071 328 2108; baseline 0 -8"><span class='ocrx_word' id='word_1_2' title='bbox 93 2071 302 2105; x_wconf 58' lang='lat' dir='ltr'>Asc-amorum</span> <span class='ocrx_word' id='word_1_3' title='bbox 320 2094 328 2108; x_wconf 91' lang='lat'>,</span> 
     </span>
    </p>
   </div>
   <div class='ocr_carea' id='block_1_3' title="bbox 167 2123 258 2145">
    <p class='ocr_par' dir='ltr' id='par_1_3' title="bbox 167 2123 258 2145">
     <span class='ocr_line' id='line_1_3' title="bbox 167 2123 258 2145; baseline 0 0"><span class='ocrx_word' id='word_1_4' title='bbox 167 2123 258 2145; x_wconf 66' lang='lat' dir='ltr'>mors</span> 
     </span>
    </p>
   </div>
   <div class='ocr_carea' id='block_1_4' title="bbox 93 2160 330 2191">
    <p class='ocr_par' dir='ltr' id='par_1_4' title="bbox 93 2160 330 2191">
     <span class='ocr_line' id='line_1_4' title="bbox 93 2160 330 2191; baseline -0.008 0"><span class='ocrx_word' id='word_1_5' title='bbox 93 2160 330 2191; x_wconf 62' lang='lat' dir='ltr'>&amp;machel-ib.</span> 
     </span>
    </p>
   </div>
   <div class='ocr_carea' id='block_1_5' title="bbox 116 2596 312 2802">
    <p class='ocr_par' dir='ltr' id='par_1_5' title="bbox 116 2596 312 2802">
     <span class='ocr_line' id='line_1_5' title="bbox 138 2596 296 2625; baseline -0.006 0"><span class='ocrx_word' id='word_1_6' title='bbox 138 2596 296 2625; x_wconf 72' lang='lat' dir='ltr'>Ezechias</span> 
     </span>
     <span class='ocr_line' id='line_1_6' title="bbox 145 2644 285 2674; baseline 0.007 -6"><span class='ocrx_word' id='word_1_7' title='bbox 145 2644 285 2674; x_wconf 67' lang='lat' dir='ltr'>:agrotat</span> 
     </span>
     <span class='ocr_line' id='line_1_7' title="bbox 160 2688 268 2718; baseline 0.009 -6"><span class='ocrx_word' id='word_1_8' title='bbox 160 2688 195 2713; x_wconf 73' lang='lat' dir='ltr'>et</span> <span class='ocrx_word' id='word_1_9' title='bbox 211 2692 268 2718; x_wconf 81' lang='lat' dir='ltr'>per</span> 
     </span>
     <span class='ocr_line' id='line_1_8' title="bbox 116 2729 312 2758; baseline 0.005 -2"><span class='ocrx_word' id='word_1_10' title='bbox 116 2729 312 2758; x_wconf 67' lang='lat' dir='ltr'>miraculum</span> 
     </span>
     <span class='ocr_line' id='line_1_9' title="bbox 139 2777 289 2802; baseline 0 -1"><span class='ocrx_word' id='word_1_11' title='bbox 139 2777 289 2802; x_wconf 67' lang='lat' dir='ltr'>sanatur.</span> 
     </span>
    </p>
   </div>
   <div class='ocr_carea' id='block_1_6' title="bbox 399 72 1761 126">
    <p class='ocr_par' dir='ltr' id='par_1_6' title="bbox 399 72 1761 126">
     <span class='ocr_line' id='line_1_10' title="bbox 399 72 1761 126; baseline -0.004 -7"><span class='ocrx_word' id='word_1_12' title='bbox 399 78 481 119; x_wconf 70' lang='lat'>824</span> <span class='ocrx_word' id='word_1_13' title='bbox 858 73 1200 123; x_wconf 66' lang='lat' dir='ltr'>1s.XXXVJI,</span> <span class='ocrx_word' id='word_1_14' title='bbox 1235 72 1290 113; x_wconf 71' lang='lat'>22</span> <span class='ocrx_word' id='word_1_15' title='bbox 1322 98 1382 105; x_wconf 92' lang='lat'>--</span> <span class='ocrx_word' id='word_1_16' title='bbox 1413 72 1686 126; x_wconf 70' lang='lat' dir='ltr'>XXXVIII,</span> <span class='ocrx_word' id='word_1_17' title='bbox 1722 72 1761 114; x_wconf 80' lang='grc'>8.</span> 
     </span>
    </p>
   </div>
   <div class='ocr_carea' id='block_1_7' title="bbox 2165 177 2228 184">
    <p class='ocr_par' dir='ltr' id='par_1_7' title="bbox 2165 177 2228 184">
     <span class='ocr_line' id='line_1_11' title="bbox 2165 177 2228 184; baseline 0.016 -1"><span class='ocrx_word' id='word_1_18' title='bbox 2165 177 2228 184; x_wconf 54' lang='grc'>-4</span> 
     </span>
    </p>
   </div>
   <div class='ocr_carea' id='block_1_8' title="bbox 404 185 558 189">
    <p class='ocr_par' dir='ltr' id='par_1_8' title="bbox 404 185 558 189">
     <span class='ocr_line' id='line_1_12' title="bbox 404 185 558 189; baseline 0 0"><span class='ocrx_word' id='word_1_19' title='bbox 404 185 558 189; x_wconf 95' lang='lat' dir='ltr'> </span> 
     </span>
    </p>
   </div>
   <div class='ocr_carea' id='block_1_9' title="bbox 393 240 2238 2433">
    <p class='ocr_par' dir='ltr' id='par_1_9' title="bbox 393 240 2238 2433">
     <span class='ocr_line' id='line_1_13' title="bbox 397 240 2223 297; baseline -0.004 -6"><span class='ocrx_word' id='word_1_20' title='bbox 397 248 542 290; x_wconf 80' lang='lat' dir='ltr'>minus</span> <span class='ocrx_word' id='word_1_21' title='bbox 568 248 687 290; x_wconf 83' lang='lat' dir='ltr'>Deus</span> <span class='ocrx_word' id='word_1_22' title='bbox 714 243 851 288; x_wconf 84' lang='lat' dir='ltr'>Israel</span> <span class='ocrx_word' id='word_1_23' title='bbox 884 259 894 286; x_wconf 74' lang='grc' dir='ltr'>ε</span> <span class='ocrx_word' id='word_1_24' title='bbox 919 243 1001 285; x_wconf 83' lang='lat' dir='ltr'>Pro</span> <span class='ocrx_word' id='word_1_25' title='bbox 1035 242 1192 297; x_wconf 89' lang='lat' dir='ltr'>quibus</span> <span class='ocrx_word' id='word_1_26' title='bbox 1221 240 1386 296; x_wconf 80' lang='lat' dir='ltr'>rogasti</span> <span class='ocrx_word' id='word_1_27' title='bbox 1420 254 1490 283; x_wconf 90' lang='lat' dir='ltr'>me</span> <span class='ocrx_word' id='word_1_28' title='bbox 1523 241 1577 283; x_wconf 89' lang='lat' dir='ltr'>de</span> <span class='ocrx_word' id='word_1_29' title='bbox 1610 241 1928 296; x_wconf 82' lang='lat' dir='ltr'>Sennacherib,</span> <span class='ocrx_word' id='word_1_30' title='bbox 1959 256 2063 297; x_wconf 85' lang='lat' dir='ltr'>rege</span> <span class='ocrx_word' id='word_1_31' title='bbox 2087 243 2223 296; x_wconf 73' lang='lat' dir='ltr'>Assy-</span> 
     </span>
     <span class='ocr_line' id='line_1_14' title="bbox 395 298 2040 356; baseline -0.002 -7"><span class='ocrx_word' id='word_1_32' title='bbox 395 306 582 351; x_wconf 81' lang='lat' dir='ltr'>riorum:</span> <span class='ocrx_word' id='word_1_33' title='bbox 612 305 648 331; x_wconf 67' lang='lat'>*22</span> <span class='ocrx_word' id='word_1_34' title='bbox 672 306 755 346; x_wconf 86' lang='lat' dir='ltr'>hoc</span> <span class='ocrx_word' id='word_1_35' title='bbox 775 307 843 346; x_wconf 89' lang='lat' dir='ltr'>est</span> <span class='ocrx_word' id='word_1_36' title='bbox 865 301 1051 343; x_wconf 84' lang='lat' dir='ltr'>verbum</span> <span class='ocrx_word' id='word_1_37' title='bbox 1072 300 1188 356; x_wconf 90' lang='lat' dir='ltr'>quod</span> <span class='ocrx_word' id='word_1_38' title='bbox 1214 299 1387 342; x_wconf 87' lang='lat' dir='ltr'>locutus</span> <span class='ocrx_word' id='word_1_39' title='bbox 1411 304 1479 342; x_wconf 85' lang='lat' dir='ltr'>est</span> <span class='ocrx_word' id='word_1_40' title='bbox 1505 298 1723 341; x_wconf 85' lang='lat' dir='ltr'>Dominus</span> <span class='ocrx_word' id='word_1_41' title='bbox 1747 313 1878 355; x_wconf 90' lang='lat' dir='ltr'>super</span> <span class='ocrx_word' id='word_1_42' title='bbox 1898 314 2000 343; x_wconf 91' lang='lat' dir='ltr'>eum</span> <span class='ocrx_word' id='word_1_43' title='bbox 2029 318 2040 345; x_wconf 72' lang='grc' dir='ltr'>ε</span> 
     </span>
     <span class='ocr_line' id='line_1_15' title="bbox 457 356 2225 421; baseline -0.003 -13"><span class='ocrx_word' id='word_1_44' title='bbox 457 356 670 421; x_wconf 78' lang='lat' dir='ltr'>Despexit</span> <span class='ocrx_word' id='word_1_45' title='bbox 702 368 745 404; x_wconf 87' lang='lat' dir='ltr'>te</span> <span class='ocrx_word' id='word_1_46' title='bbox 774 365 818 404; x_wconf 90' lang='lat' dir='ltr'>et</span> <span class='ocrx_word' id='word_1_47' title='bbox 853 358 1147 402; x_wconf 77' lang='lat' dir='ltr'>subsannavit</span> <span class='ocrx_word' id='word_1_48' title='bbox 1174 365 1238 413; x_wconf 85' lang='lat' dir='ltr'>te,</span> <span class='ocrx_word' id='word_1_49' title='bbox 1270 358 1397 414; x_wconf 87' lang='lat' dir='ltr'>virgo</span> <span class='ocrx_word' id='word_1_50' title='bbox 1422 358 1514 400; x_wconf 89' lang='lat' dir='ltr'>filia</span> <span class='ocrx_word' id='word_1_51' title='bbox 1541 358 1672 412; x_wconf 81' lang='lat' dir='ltr'>Sion3</span> <span class='ocrx_word' id='word_1_52' title='bbox 1701 362 1801 414; x_wconf 88' lang='lat' dir='ltr'>post</span> <span class='ocrx_word' id='word_1_53' title='bbox 1828 362 1873 400; x_wconf 86' lang='lat' dir='ltr'>te</span> <span class='ocrx_word' id='word_1_54' title='bbox 1904 364 2039 415; x_wconf 80' lang='lat' dir='ltr'>caput-</span> <span class='ocrx_word' id='word_1_55' title='bbox 2063 359 2225 413; x_wconf 82' lang='lat' dir='ltr'>movit,</span> 
     </span>
     <span class='ocr_line' id='line_1_16' title="bbox 398 416 2225 476; baseline -0.003 -9"><span class='ocrx_word' id='word_1_56' title='bbox 398 424 487 467; x_wconf 81' lang='lat' dir='ltr'>filia</span> <span class='ocrx_word' id='word_1_57' title='bbox 508 421 769 465; x_wconf 73' lang='lat' dir='ltr'>Jerusalem.</span> <span class='ocrx_word' id='word_1_58' title='bbox 797 418 834 446; x_wconf 76' lang='lat'>‘23</span> <span class='ocrx_word' id='word_1_59' title='bbox 848 419 929 462; x_wconf 83' lang='lat' dir='ltr'>Cui</span> <span class='ocrx_word' id='word_1_60' title='bbox 951 417 1261 476; x_wconf 79' lang='lat' dir='ltr'>exprobrasti?</span> <span class='ocrx_word' id='word_1_61' title='bbox 1287 423 1331 460; x_wconf 88' lang='lat' dir='ltr'>et</span> <span class='ocrx_word' id='word_1_62' title='bbox 1352 431 1481 473; x_wconf 90' lang='lat' dir='ltr'>quem</span> <span class='ocrx_word' id='word_1_63' title='bbox 1503 416 1857 473; x_wconf 80' lang='lat' dir='ltr'>blasphemasti?</span> <span class='ocrx_word' id='word_1_64' title='bbox 1884 422 1928 459; x_wconf 88' lang='lat' dir='ltr'>et</span> <span class='ocrx_word' id='word_1_65' title='bbox 1945 431 2075 474; x_wconf 88' lang='lat' dir='ltr'>super</span> <span class='ocrx_word' id='word_1_66' title='bbox 2095 432 2225 474; x_wconf 89' lang='lat' dir='ltr'>quem</span> 
     </span>
     <span class='ocr_line' id='line_1_17' title="bbox 396 475 2227 534; baseline -0.003 -9"><span class='ocrx_word' id='word_1_67' title='bbox 396 481 602 526; x_wconf 81' lang='lat' dir='ltr'>exaltasti</span> <span class='ocrx_word' id='word_1_68' title='bbox 627 493 804 534; x_wconf 78' lang='lat' dir='ltr'>vocem,</span> <span class='ocrx_word' id='word_1_69' title='bbox 836 483 879 521; x_wconf 86' lang='lat' dir='ltr'>et</span> <span class='ocrx_word' id='word_1_70' title='bbox 911 477 1069 521; x_wconf 70' lang='lat' dir='ltr'>levasti</span> <span class='ocrx_word' id='word_1_71' title='bbox 1099 476 1385 525; x_wconf 81' lang='lat' dir='ltr'>altitudinem</span> <span class='ocrx_word' id='word_1_72' title='bbox 1416 476 1644 519; x_wconf 89' lang='lat' dir='ltr'>oculorum</span> <span class='ocrx_word' id='word_1_73' title='bbox 1673 475 1882 518; x_wconf 82' lang='lat' dir='ltr'>tuorum?</span> <span class='ocrx_word' id='word_1_74' title='bbox 1916 476 1989 519; x_wconf 91' lang='lat' dir='ltr'>Ad</span> <span class='ocrx_word' id='word_1_75' title='bbox 2012 476 2227 520; x_wconf 81' lang='lat' dir='ltr'>Sanctum</span> 
     </span>
     <span class='ocr_line' id='line_1_18' title="bbox 397 534 2228 592; baseline -0.003 -9"><span class='ocrx_word' id='word_1_76' title='bbox 397 540 546 584; x_wconf 87' lang='lat' dir='ltr'>Israel.</span> <span class='ocrx_word' id='word_1_77' title='bbox 574 538 610 564; x_wconf 70' lang='lat'>&#39;24</span> <span class='ocrx_word' id='word_1_78' title='bbox 632 539 686 581; x_wconf 90' lang='lat' dir='ltr'>In</span> <span class='ocrx_word' id='word_1_79' title='bbox 718 552 853 580; x_wconf 88' lang='lat' dir='ltr'>manu</span> <span class='ocrx_word' id='word_1_80' title='bbox 878 550 1105 580; x_wconf 89' lang='lat' dir='ltr'>servorum</span> <span class='ocrx_word' id='word_1_81' title='bbox 1134 541 1310 579; x_wconf 88' lang='lat' dir='ltr'>tuorum</span> <span class='ocrx_word' id='word_1_82' title='bbox 1334 535 1610 592; x_wconf 82' lang='lat' dir='ltr'>exprobrasti</span> <span class='ocrx_word' id='word_1_83' title='bbox 1642 535 1856 590; x_wconf 90' lang='lat' dir='ltr'>Domino,</span> <span class='ocrx_word' id='word_1_84' title='bbox 1879 540 1924 578; x_wconf 88' lang='lat' dir='ltr'>et</span> <span class='ocrx_word' id='word_1_85' title='bbox 1952 534 2104 578; x_wconf 83' lang='lat' dir='ltr'>dixisti</span> <span class='ocrx_word' id='word_1_86' title='bbox 2136 552 2146 580; x_wconf 92' lang='lat'><strong>:</strong></span> <span class='ocrx_word' id='word_1_87' title='bbox 2172 536 2228 578; x_wconf 87' lang='lat' dir='ltr'>In</span> 
     </span>
     <span class='ocr_line' id='line_1_19' title="bbox 396 594 2225 653; baseline -0.002 -12"><span class='ocrx_word' id='word_1_88' title='bbox 396 597 681 642; x_wconf 81' lang='lat' dir='ltr'>multitudine</span> <span class='ocrx_word' id='word_1_89' title='bbox 713 596 1029 653; x_wconf 86' lang='lat' dir='ltr'>quadrigarum</span> <span class='ocrx_word' id='word_1_90' title='bbox 1069 610 1269 639; x_wconf 87' lang='lat' dir='ltr'>mearum</span> <span class='ocrx_word' id='word_1_91' title='bbox 1309 609 1391 650; x_wconf 85' lang='lat' dir='ltr'>ego</span> <span class='ocrx_word' id='word_1_92' title='bbox 1427 594 1608 638; x_wconf 86' lang='lat' dir='ltr'>ascendi</span> <span class='ocrx_word' id='word_1_93' title='bbox 1657 594 1944 638; x_wconf 85' lang='lat' dir='ltr'>altitudinem</span> <span class='ocrx_word' id='word_1_94' title='bbox 1988 594 2225 644; x_wconf 77' lang='lat' dir='ltr'>montium,</span> 
     </span>
     <span class='ocr_line' id='line_1_20' title="bbox 395 653 2227 714; baseline -0.002 -14"><span class='ocrx_word' id='word_1_95' title='bbox 395 659 503 714; x_wconf 82' lang='lat' dir='ltr'>juga</span> <span class='ocrx_word' id='word_1_96' title='bbox 525 657 710 711; x_wconf 80' lang='lat' dir='ltr'>Libani3</span> <span class='ocrx_word' id='word_1_97' title='bbox 736 661 780 699; x_wconf 89' lang='lat' dir='ltr'>et</span> <span class='ocrx_word' id='word_1_98' title='bbox 799 655 1028 698; x_wconf 81' lang='lat' dir='ltr'>succidam</span> <span class='ocrx_word' id='word_1_99' title='bbox 1050 654 1479 707; x_wconf 16' lang='lat' dir='ltr'>excelsalcedrorum</span> <span class='ocrx_word' id='word_1_100' title='bbox 1500 654 1617 710; x_wconf 79' lang='lat' dir='ltr'>ejus,</span> <span class='ocrx_word' id='word_1_101' title='bbox 1644 658 1699 697; x_wconf 49' lang='lat' dir='ltr'>et*</span> <span class='ocrx_word' id='word_1_102' title='bbox 1713 653 1878 697; x_wconf 88' lang='lat' dir='ltr'>electas</span> <span class='ocrx_word' id='word_1_103' title='bbox 1903 653 2072 697; x_wconf 85' lang='lat' dir='ltr'>abietes</span> <span class='ocrx_word' id='word_1_104' title='bbox 2088 653 2227 709; x_wconf 70' lang='lat' dir='ltr'>illiue,</span> 
     </span>
     <span class='ocr_line' id='line_1_21' title="bbox 394 711 2228 770; baseline -0.002 -11"><span class='ocrx_word' id='word_1_105' title='bbox 394 724 438 760; x_wconf 83' lang='lat' dir='ltr'>et</span> <span class='ocrx_word' id='word_1_106' title='bbox 461 716 653 759; x_wconf 85' lang='lat' dir='ltr'>introibo</span> <span class='ocrx_word' id='word_1_107' title='bbox 677 714 960 758; x_wconf 84' lang='lat' dir='ltr'>altitudinem</span> <span class='ocrx_word' id='word_1_108' title='bbox 988 713 1258 757; x_wconf 82' lang='lat' dir='ltr'>summitatis</span> <span class='ocrx_word' id='word_1_109' title='bbox 1281 714 1389 770; x_wconf 82' lang='lat' dir='ltr'>ejus,</span> <span class='ocrx_word' id='word_1_110' title='bbox 1416 714 1582 756; x_wconf 90' lang='lat' dir='ltr'>saltum</span> <span class='ocrx_word' id='word_1_111' title='bbox 1603 712 1784 765; x_wconf 80' lang='lat' dir='ltr'>carmeli</span> <span class='ocrx_word' id='word_1_112' title='bbox 1807 712 1918 768; x_wconf 73' lang='lat' dir='ltr'>ejus</span> <span class='ocrx_word' id='word_1_113' title='bbox 1946 711 1983 739; x_wconf 67' lang='lat'>²5</span> <span class='ocrx_word' id='word_1_114' title='bbox 1997 713 2093 768; x_wconf 84' lang='lat' dir='ltr'>Ego</span> <span class='ocrx_word' id='word_1_115' title='bbox 2115 712 2228 768; x_wconf 73' lang='lat' dir='ltr'>fodi,</span> 
     </span>
     <span class='ocr_line' id='line_1_22' title="bbox 396 772 2228 830; baseline -0.002 -12"><span class='ocrx_word' id='word_1_116' title='bbox 396 782 438 818; x_wconf 83' lang='lat' dir='ltr'>et</span> <span class='ocrx_word' id='word_1_117' title='bbox 470 775 563 818; x_wconf 90' lang='lat' dir='ltr'>bibi</span> <span class='ocrx_word' id='word_1_118' title='bbox 591 788 776 830; x_wconf 90' lang='lat' dir='ltr'>aquam,</span> <span class='ocrx_word' id='word_1_119' title='bbox 813 779 857 817; x_wconf 82' lang='lat' dir='ltr'>et</span> <span class='ocrx_word' id='word_1_120' title='bbox 893 774 1117 817; x_wconf 83' lang='lat' dir='ltr'>exsiccavi</span> <span class='ocrx_word' id='word_1_121' title='bbox 1152 773 1343 829; x_wconf 80' lang='lat' dir='ltr'>vestigio</span> <span class='ocrx_word' id='word_1_122' title='bbox 1376 773 1500 830; x_wconf 82' lang='lat' dir='ltr'>pedis</span> <span class='ocrx_word' id='word_1_123' title='bbox 1538 772 1624 816; x_wconf 88' lang='lat' dir='ltr'>mei</span> <span class='ocrx_word' id='word_1_124' title='bbox 1656 786 1808 816; x_wconf 89' lang='lat' dir='ltr'>omnes</span> <span class='ocrx_word' id='word_1_125' title='bbox 1848 772 1967 815; x_wconf 78' lang='lat' dir='ltr'>rivos</span> <span class='ocrx_word' id='word_1_126' title='bbox 1998 786 2228 828; x_wconf 84' lang='lat' dir='ltr'>aggerum.</span> 
     </span>
     <span class='ocr_line' id='line_1_23' title="bbox 395 831 2228 890; baseline -0.002 -13"><span class='ocrx_word' id='word_1_127' title='bbox 395 834 431 860; x_wconf 74' lang='lat'>&#39;²⁶</span> <span class='ocrx_word' id='word_1_128' title='bbox 456 834 683 890; x_wconf 85' lang='lat' dir='ltr'>Numquid</span> <span class='ocrx_word' id='word_1_129' title='bbox 713 847 802 876; x_wconf 88' lang='lat' dir='ltr'>non</span> <span class='ocrx_word' id='word_1_130' title='bbox 833 833 998 876; x_wconf 84' lang='lat' dir='ltr'>audisti</span> <span class='ocrx_word' id='word_1_131' title='bbox 1031 847 1129 889; x_wconf 87' lang='lat' dir='ltr'>quae</span> <span class='ocrx_word' id='word_1_132' title='bbox 1163 832 1270 875; x_wconf 88' lang='lat' dir='ltr'>olim</span> <span class='ocrx_word' id='word_1_133' title='bbox 1302 833 1490 876; x_wconf 73' lang='lat' dir='ltr'>fecerim</span> <span class='ocrx_word' id='word_1_134' title='bbox 1523 832 1596 874; x_wconf 86' lang='lat' dir='ltr'>ei?</span> <span class='ocrx_word' id='word_1_135' title='bbox 1633 833 1702 875; x_wconf 84' lang='lat' dir='ltr'>Ex</span> <span class='ocrx_word' id='word_1_136' title='bbox 1734 831 1890 875; x_wconf 88' lang='lat' dir='ltr'>diebus</span> <span class='ocrx_word' id='word_1_137' title='bbox 1919 831 2115 886; x_wconf 87' lang='lat' dir='ltr'>antiquis</span> <span class='ocrx_word' id='word_1_138' title='bbox 2146 845 2228 887; x_wconf 85' lang='lat' dir='ltr'>ego</span> 
     </span>
     <span class='ocr_line' id='line_1_24' title="bbox 395 889 2230 951; baseline -0.002 -15"><span class='ocrx_word' id='word_1_139' title='bbox 395 893 612 951; x_wconf 84' lang='lat' dir='ltr'>plasmavi</span> <span class='ocrx_word' id='word_1_140' title='bbox 636 893 772 947; x_wconf 85' lang='lat' dir='ltr'>illud;</span> <span class='ocrx_word' id='word_1_141' title='bbox 801 898 844 936; x_wconf 87' lang='lat' dir='ltr'>et</span> <span class='ocrx_word' id='word_1_142' title='bbox 868 907 987 935; x_wconf 88' lang='lat' dir='ltr'>nunc</span> <span class='ocrx_word' id='word_1_143' title='bbox 1007 892 1197 948; x_wconf 83' lang='lat' dir='ltr'>adduxi,</span> <span class='ocrx_word' id='word_1_144' title='bbox 1224 898 1268 936; x_wconf 87' lang='lat' dir='ltr'>et</span> <span class='ocrx_word' id='word_1_145' title='bbox 1293 893 1467 935; x_wconf 77' lang='lat' dir='ltr'>factum</span> <span class='ocrx_word' id='word_1_146' title='bbox 1500 898 1566 935; x_wconf 87' lang='lat' dir='ltr'>est</span> <span class='ocrx_word' id='word_1_147' title='bbox 1590 892 1637 934; x_wconf 91' lang='lat' dir='ltr'>in</span> <span class='ocrx_word' id='word_1_148' title='bbox 1669 890 2017 934; x_wconf 87' lang='lat' dir='ltr'>eradicationem</span> <span class='ocrx_word' id='word_1_149' title='bbox 2049 889 2230 934; x_wconf 88' lang='lat' dir='ltr'>collium</span> 
     </span>
     <span class='ocr_line' id='line_1_25' title="bbox 393 949 2229 1010; baseline -0.002 -15"><span class='ocrx_word' id='word_1_150' title='bbox 393 952 813 1010; x_wconf 83' lang='lat' dir='ltr'>compugnantium,</span> <span class='ocrx_word' id='word_1_151' title='bbox 839 958 884 995; x_wconf 88' lang='lat' dir='ltr'>et</span> <span class='ocrx_word' id='word_1_152' title='bbox 909 952 1144 995; x_wconf 78' lang='lat' dir='ltr'>civitatum</span> <span class='ocrx_word' id='word_1_153' title='bbox 1166 951 1452 994; x_wconf 87' lang='lat' dir='ltr'>munitarum.</span> <span class='ocrx_word' id='word_1_154' title='bbox 1479 950 1514 978; x_wconf 67' lang='lat'>‘27</span> <span class='ocrx_word' id='word_1_155' title='bbox 1542 950 1831 993; x_wconf 88' lang='lat' dir='ltr'>Habitatores</span> <span class='ocrx_word' id='word_1_156' title='bbox 1856 964 2008 992; x_wconf 90' lang='lat' dir='ltr'>earum</span> <span class='ocrx_word' id='word_1_157' title='bbox 2030 949 2229 993; x_wconf 80' lang='lat' dir='ltr'>breviata</span> 
     </span>
     <span class='ocr_line' id='line_1_26' title="bbox 395 1009 2229 1066; baseline -0.002 -12"><span class='ocrx_word' id='word_1_158' title='bbox 395 1027 530 1055; x_wconf 85' lang='lat' dir='ltr'>manu</span> <span class='ocrx_word' id='word_1_159' title='bbox 555 1016 934 1066; x_wconf 83' lang='lat' dir='ltr'>contremuerunt,</span> <span class='ocrx_word' id='word_1_160' title='bbox 960 1016 1005 1054; x_wconf 90' lang='lat' dir='ltr'>et</span> <span class='ocrx_word' id='word_1_161' title='bbox 1036 1011 1214 1054; x_wconf 73' lang='lat' dir='ltr'>confusi</span> <span class='ocrx_word' id='word_1_162' title='bbox 1242 1015 1358 1054; x_wconf 85' lang='lat' dir='ltr'>sunt.</span> <span class='ocrx_word' id='word_1_163' title='bbox 1394 1011 1523 1053; x_wconf 85' lang='lat' dir='ltr'>Facti</span> <span class='ocrx_word' id='word_1_164' title='bbox 1560 1015 1663 1053; x_wconf 88' lang='lat' dir='ltr'>sunt</span> <span class='ocrx_word' id='word_1_165' title='bbox 1694 1010 1809 1052; x_wconf 88' lang='lat' dir='ltr'>sicut</span> <span class='ocrx_word' id='word_1_166' title='bbox 1836 1009 2012 1052; x_wconf 78' lang='lat' dir='ltr'>foenum</span> <span class='ocrx_word' id='word_1_167' title='bbox 2043 1009 2160 1065; x_wconf 76' lang='lat' dir='ltr'>agri,</span> <span class='ocrx_word' id='word_1_168' title='bbox 2185 1014 2229 1052; x_wconf 85' lang='lat' dir='ltr'>et</span> 
     </span>
     <span class='ocr_line' id='line_1_27' title="bbox 394 1070 2229 1128; baseline -0.002 -14"><span class='ocrx_word' id='word_1_169' title='bbox 394 1085 576 1127; x_wconf 77' lang='lat' dir='ltr'>gramen</span> <span class='ocrx_word' id='word_1_170' title='bbox 602 1085 800 1128; x_wconf 83' lang='lat' dir='ltr'>pascuae,</span> <span class='ocrx_word' id='word_1_171' title='bbox 829 1076 872 1113; x_wconf 88' lang='lat' dir='ltr'>et</span> <span class='ocrx_word' id='word_1_172' title='bbox 895 1071 1034 1114; x_wconf 85' lang='lat' dir='ltr'>herba</span> <span class='ocrx_word' id='word_1_173' title='bbox 1059 1076 1300 1126; x_wconf 84' lang='lat' dir='ltr'>tectorum,</span> <span class='ocrx_word' id='word_1_174' title='bbox 1323 1085 1421 1126; x_wconf 79' lang='lat' dir='ltr'>quae</span> <span class='ocrx_word' id='word_1_175' title='bbox 1441 1070 1614 1113; x_wconf 80' lang='lat' dir='ltr'>exaruit</span> <span class='ocrx_word' id='word_1_176' title='bbox 1631 1074 1873 1125; x_wconf 83' lang='lat' dir='ltr'>antequam</span> <span class='ocrx_word' id='word_1_177' title='bbox 1899 1073 2229 1112; x_wconf 81' lang='lat' dir='ltr'>maturesceret.</span> 
     </span>
     <span class='ocr_line' id='line_1_28' title="bbox 395 1127 2230 1186; baseline -0.002 -13"><span class='ocrx_word' id='word_1_178' title='bbox 395 1131 430 1157; x_wconf 62' lang='lat'>“⁸3</span> <span class='ocrx_word' id='word_1_179' title='bbox 454 1130 793 1173; x_wconf 86' lang='lat' dir='ltr'>Habitationem</span> <span class='ocrx_word' id='word_1_180' title='bbox 819 1136 964 1186; x_wconf 67' lang='lat' dir='ltr'>tuam,</span> <span class='ocrx_word' id='word_1_181' title='bbox 991 1135 1034 1173; x_wconf 88' lang='lat' dir='ltr'>et</span> <span class='ocrx_word' id='word_1_182' title='bbox 1057 1144 1282 1185; x_wconf 87' lang='lat' dir='ltr'>egressum</span> <span class='ocrx_word' id='word_1_183' title='bbox 1304 1134 1451 1184; x_wconf 85' lang='lat' dir='ltr'>tuum,</span> <span class='ocrx_word' id='word_1_184' title='bbox 1477 1135 1522 1172; x_wconf 90' lang='lat' dir='ltr'>et</span> <span class='ocrx_word' id='word_1_185' title='bbox 1545 1128 1779 1172; x_wconf 89' lang='lat' dir='ltr'>introitum</span> <span class='ocrx_word' id='word_1_186' title='bbox 1800 1133 1927 1170; x_wconf 90' lang='lat' dir='ltr'>tuum</span> <span class='ocrx_word' id='word_1_187' title='bbox 1953 1127 2163 1184; x_wconf 74' lang='lat' dir='ltr'>cognovi,</span> <span class='ocrx_word' id='word_1_188' title='bbox 2186 1132 2230 1170; x_wconf 88' lang='lat' dir='ltr'>et</span> 
     </span>
     <span class='ocr_line' id='line_1_29' title="bbox 394 1187 2231 1244; baseline -0.002 -12"><span class='ocrx_word' id='word_1_189' title='bbox 394 1190 612 1232; x_wconf 88' lang='lat' dir='ltr'>insaniam</span> <span class='ocrx_word' id='word_1_190' title='bbox 641 1196 773 1232; x_wconf 56' lang='lat' dir='ltr'>‘tuam</span> <span class='ocrx_word' id='word_1_191' title='bbox 806 1195 960 1233; x_wconf 84' lang='lat' dir='ltr'>contra</span> <span class='ocrx_word' id='word_1_192' title='bbox 989 1204 1072 1232; x_wconf 87' lang='lat' dir='ltr'>me.</span> <span class='ocrx_word' id='word_1_193' title='bbox 1107 1189 1144 1215; x_wconf 74' lang='lat'>&#39;²9</span> <span class='ocrx_word' id='word_1_194' title='bbox 1169 1191 1281 1233; x_wconf 85' lang='lat' dir='ltr'>Cum</span> <span class='ocrx_word' id='word_1_195' title='bbox 1316 1190 1486 1233; x_wconf 74' lang='lat' dir='ltr'>fureres</span> <span class='ocrx_word' id='word_1_196' title='bbox 1516 1189 1753 1232; x_wconf 88' lang='lat' dir='ltr'>adversum</span> <span class='ocrx_word' id='word_1_197' title='bbox 1789 1202 1881 1243; x_wconf 84' lang='lat' dir='ltr'>me,</span> <span class='ocrx_word' id='word_1_198' title='bbox 1914 1187 2121 1244; x_wconf 85' lang='lat' dir='ltr'>superbia</span> <span class='ocrx_word' id='word_1_199' title='bbox 2150 1192 2231 1230; x_wconf 75' lang='lat' dir='ltr'>tua</span> 
     </span>
     <span class='ocr_line' id='line_1_30' title="bbox 394 1246 2238 1304; baseline -0.003 -12"><span class='ocrx_word' id='word_1_200' title='bbox 394 1249 594 1292; x_wconf 78' lang='lat' dir='ltr'>ascendit</span> <span class='ocrx_word' id='word_1_201' title='bbox 617 1249 665 1292; x_wconf 89' lang='lat' dir='ltr'>in</span> <span class='ocrx_word' id='word_1_202' title='bbox 688 1263 816 1292; x_wconf 84' lang='lat' dir='ltr'>aures</span> <span class='ocrx_word' id='word_1_203' title='bbox 841 1263 977 1294; x_wconf 89' lang='lat' dir='ltr'>meas.</span> <span class='ocrx_word' id='word_1_204' title='bbox 1002 1249 1173 1292; x_wconf 89' lang='lat' dir='ltr'>Ponam</span> <span class='ocrx_word' id='word_1_205' title='bbox 1197 1262 1303 1304; x_wconf 89' lang='lat' dir='ltr'>ergo</span> <span class='ocrx_word' id='word_1_206' title='bbox 1329 1248 1546 1292; x_wconf 87' lang='lat' dir='ltr'>circulum</span> <span class='ocrx_word' id='word_1_207' title='bbox 1566 1248 1614 1290; x_wconf 92' lang='lat' dir='ltr'>in</span> <span class='ocrx_word' id='word_1_208' title='bbox 1639 1247 1821 1290; x_wconf 86' lang='lat' dir='ltr'>naribus</span> <span class='ocrx_word' id='word_1_209' title='bbox 1847 1246 1955 1301; x_wconf 87' lang='lat' dir='ltr'>tuis,</span> <span class='ocrx_word' id='word_1_210' title='bbox 1984 1252 2028 1290; x_wconf 91' lang='lat' dir='ltr'>et</span> <span class='ocrx_word' id='word_1_211' title='bbox 2051 1247 2238 1289; x_wconf 72' lang='lat' dir='ltr'>frenum</span> 
     </span>
     <span class='ocr_line' id='line_1_31' title="bbox 396 1307 1776 1365; baseline 0.001 -15"><span class='ocrx_word' id='word_1_212' title='bbox 396 1309 438 1351; x_wconf 88' lang='lat' dir='ltr'>in</span> <span class='ocrx_word' id='word_1_213' title='bbox 464 1308 594 1351; x_wconf 85' lang='lat' dir='ltr'>labiis</span> <span class='ocrx_word' id='word_1_214' title='bbox 619 1308 729 1364; x_wconf 86' lang='lat' dir='ltr'>tuis,</span> <span class='ocrx_word' id='word_1_215' title='bbox 756 1313 799 1351; x_wconf 84' lang='lat' dir='ltr'>et</span> <span class='ocrx_word' id='word_1_216' title='bbox 823 1309 1033 1352; x_wconf 87' lang='lat' dir='ltr'>reducam</span> <span class='ocrx_word' id='word_1_217' title='bbox 1058 1314 1102 1352; x_wconf 87' lang='lat' dir='ltr'>te</span> <span class='ocrx_word' id='word_1_218' title='bbox 1122 1309 1170 1351; x_wconf 85' lang='lat' dir='ltr'>in</span> <span class='ocrx_word' id='word_1_219' title='bbox 1194 1308 1315 1351; x_wconf 86' lang='lat' dir='ltr'>viam</span> <span class='ocrx_word' id='word_1_220' title='bbox 1341 1323 1417 1365; x_wconf 88' lang='lat' dir='ltr'>per</span> <span class='ocrx_word' id='word_1_221' title='bbox 1441 1322 1575 1363; x_wconf 87' lang='lat' dir='ltr'>quam</span> <span class='ocrx_word' id='word_1_222' title='bbox 1602 1307 1776 1352; x_wconf 76' lang='lat' dir='ltr'>venisti.</span> 
     </span>
     <span class='ocr_line' id='line_1_32' title="bbox 453 1367 2232 1424; baseline -0.002 -13"><span class='ocrx_word' id='word_1_223' title='bbox 453 1367 490 1394; x_wconf 80' lang='lat'>3⁰</span> <span class='ocrx_word' id='word_1_224' title='bbox 513 1368 614 1411; x_wconf 86' lang='lat' dir='ltr'>Tibi</span> <span class='ocrx_word' id='word_1_225' title='bbox 636 1373 787 1411; x_wconf 84' lang='lat' dir='ltr'>autem</span> <span class='ocrx_word' id='word_1_226' title='bbox 811 1368 894 1412; x_wconf 91' lang='lat' dir='ltr'>hoc</span> <span class='ocrx_word' id='word_1_227' title='bbox 919 1369 1003 1412; x_wconf 88' lang='lat' dir='ltr'>erit</span> <span class='ocrx_word' id='word_1_228' title='bbox 1027 1368 1205 1424; x_wconf 87' lang='lat' dir='ltr'>signum</span> <span class='ocrx_word' id='word_1_229' title='bbox 1234 1383 1244 1411; x_wconf 92' lang='lat'>:</span> <span class='ocrx_word' id='word_1_230' title='bbox 1268 1367 1460 1411; x_wconf 87' lang='lat' dir='ltr'>Comede</span> <span class='ocrx_word' id='word_1_231' title='bbox 1486 1367 1570 1410; x_wconf 87' lang='lat' dir='ltr'>hoc</span> <span class='ocrx_word' id='word_1_232' title='bbox 1594 1381 1711 1410; x_wconf 89' lang='lat' dir='ltr'>anno</span> <span class='ocrx_word' id='word_1_233' title='bbox 1736 1381 1837 1422; x_wconf 84' lang='lat' dir='ltr'>quae</span> <span class='ocrx_word' id='word_1_234' title='bbox 1862 1372 2019 1423; x_wconf 88' lang='lat' dir='ltr'>sponte</span> <span class='ocrx_word' id='word_1_235' title='bbox 2044 1379 2232 1408; x_wconf 82' lang='lat' dir='ltr'>nascun-</span> 
     </span>
     <span class='ocr_line' id='line_1_33' title="bbox 394 1424 2233 1484; baseline -0.001 -15"><span class='ocrx_word' id='word_1_236' title='bbox 394 1434 484 1483; x_wconf 85' lang='lat' dir='ltr'>tur,</span> <span class='ocrx_word' id='word_1_237' title='bbox 507 1432 550 1471; x_wconf 89' lang='lat' dir='ltr'>et</span> <span class='ocrx_word' id='word_1_238' title='bbox 574 1427 621 1469; x_wconf 91' lang='lat' dir='ltr'>in</span> <span class='ocrx_word' id='word_1_239' title='bbox 646 1442 762 1470; x_wconf 86' lang='lat' dir='ltr'>anno</span> <span class='ocrx_word' id='word_1_240' title='bbox 782 1428 978 1471; x_wconf 81' lang='lat' dir='ltr'>secundo</span> <span class='ocrx_word' id='word_1_241' title='bbox 1002 1428 1145 1484; x_wconf 85' lang='lat' dir='ltr'>pomis</span> <span class='ocrx_word' id='word_1_242' title='bbox 1170 1441 1371 1482; x_wconf 83' lang='lat' dir='ltr'>vescere3</span> <span class='ocrx_word' id='word_1_243' title='bbox 1398 1427 1446 1469; x_wconf 89' lang='lat' dir='ltr'>in</span> <span class='ocrx_word' id='word_1_244' title='bbox 1473 1441 1591 1470; x_wconf 89' lang='lat' dir='ltr'>anno</span> <span class='ocrx_word' id='word_1_245' title='bbox 1617 1435 1768 1470; x_wconf 86' lang='lat' dir='ltr'>autem</span> <span class='ocrx_word' id='word_1_246' title='bbox 1793 1426 1925 1469; x_wconf 87' lang='lat' dir='ltr'>tertio</span> <span class='ocrx_word' id='word_1_247' title='bbox 1945 1424 2164 1469; x_wconf 87' lang='lat' dir='ltr'>seminate</span> <span class='ocrx_word' id='word_1_248' title='bbox 2188 1432 2233 1467; x_wconf 79' lang='lat' dir='ltr'>et</span> 
     </span>
     <span class='ocr_line' id='line_1_34' title="bbox 395 1483 2233 1544; baseline -0.002 -15"><span class='ocrx_word' id='word_1_249' title='bbox 395 1486 568 1541; x_wconf 87' lang='lat' dir='ltr'>metite,</span> <span class='ocrx_word' id='word_1_250' title='bbox 596 1492 640 1530; x_wconf 90' lang='lat' dir='ltr'>et</span> <span class='ocrx_word' id='word_1_251' title='bbox 664 1487 865 1544; x_wconf 74' lang='lat' dir='ltr'>plantate</span> <span class='ocrx_word' id='word_1_252' title='bbox 891 1487 1065 1542; x_wconf 75' lang='lat' dir='ltr'>vineas,</span> <span class='ocrx_word' id='word_1_253' title='bbox 1091 1492 1135 1530; x_wconf 88' lang='lat' dir='ltr'>et</span> <span class='ocrx_word' id='word_1_254' title='bbox 1168 1486 1389 1530; x_wconf 86' lang='lat' dir='ltr'>comedite</span> <span class='ocrx_word' id='word_1_255' title='bbox 1425 1486 1625 1529; x_wconf 76' lang='lat' dir='ltr'>fructum</span> <span class='ocrx_word' id='word_1_256' title='bbox 1657 1500 1823 1529; x_wconf 89' lang='lat' dir='ltr'>earum.</span> <span class='ocrx_word' id='word_1_257' title='bbox 1855 1485 1888 1511; x_wconf 82' lang='lat'>3¹</span> <span class='ocrx_word' id='word_1_258' title='bbox 1921 1487 1978 1528; x_wconf 87' lang='lat' dir='ltr'>Et</span> <span class='ocrx_word' id='word_1_259' title='bbox 2010 1484 2158 1528; x_wconf 82' lang='lat' dir='ltr'>mittet</span> <span class='ocrx_word' id='word_1_260' title='bbox 2185 1483 2233 1526; x_wconf 91' lang='lat' dir='ltr'>id</span> 
     </span>
     <span class='ocr_line' id='line_1_35' title="bbox 395 1543 2232 1602; baseline -0.001 -15"><span class='ocrx_word' id='word_1_261' title='bbox 395 1545 510 1602; x_wconf 81' lang='lat' dir='ltr'>quod</span> <span class='ocrx_word' id='word_1_262' title='bbox 543 1545 766 1588; x_wconf 85' lang='lat' dir='ltr'>salvatum</span> <span class='ocrx_word' id='word_1_263' title='bbox 806 1547 944 1589; x_wconf 76' lang='lat' dir='ltr'>fuerit</span> <span class='ocrx_word' id='word_1_264' title='bbox 981 1547 1035 1589; x_wconf 91' lang='lat' dir='ltr'>de</span> <span class='ocrx_word' id='word_1_265' title='bbox 1074 1547 1204 1589; x_wconf 90' lang='lat' dir='ltr'>domo</span> <span class='ocrx_word' id='word_1_266' title='bbox 1245 1545 1387 1599; x_wconf 78' lang='lat' dir='ltr'>Juda,</span> <span class='ocrx_word' id='word_1_267' title='bbox 1421 1552 1466 1589; x_wconf 86' lang='lat' dir='ltr'>et</span> <span class='ocrx_word' id='word_1_268' title='bbox 1497 1545 1615 1601; x_wconf 90' lang='lat' dir='ltr'>quod</span> <span class='ocrx_word' id='word_1_269' title='bbox 1651 1545 1872 1600; x_wconf 86' lang='lat' dir='ltr'>reliquum</span> <span class='ocrx_word' id='word_1_270' title='bbox 1907 1550 1994 1600; x_wconf 88' lang='lat' dir='ltr'>est,</span> <span class='ocrx_word' id='word_1_271' title='bbox 2035 1543 2232 1586; x_wconf 84' lang='lat' dir='ltr'>radicem</span> 
     </span>
     <span class='ocr_line' id='line_1_36' title="bbox 395 1601 2231 1660; baseline -0.002 -12"><span class='ocrx_word' id='word_1_272' title='bbox 395 1606 619 1660; x_wconf 87' lang='lat' dir='ltr'>deorsum,</span> <span class='ocrx_word' id='word_1_273' title='bbox 643 1611 687 1648; x_wconf 84' lang='lat' dir='ltr'>et</span> <span class='ocrx_word' id='word_1_274' title='bbox 711 1605 854 1648; x_wconf 76' lang='lat' dir='ltr'>faciet</span> <span class='ocrx_word' id='word_1_275' title='bbox 881 1606 1081 1648; x_wconf 72' lang='lat' dir='ltr'>fructum</span> <span class='ocrx_word' id='word_1_276' title='bbox 1110 1620 1310 1659; x_wconf 88' lang='lat' dir='ltr'>sursum;</span> <span class='ocrx_word' id='word_1_277' title='bbox 1345 1604 1383 1631; x_wconf 72' lang='lat'>32</span> <span class='ocrx_word' id='word_1_278' title='bbox 1412 1605 1516 1660; x_wconf 90' lang='lat' dir='ltr'>quia</span> <span class='ocrx_word' id='word_1_279' title='bbox 1548 1604 1603 1647; x_wconf 90' lang='lat' dir='ltr'>de</span> <span class='ocrx_word' id='word_1_280' title='bbox 1633 1604 1881 1647; x_wconf 78' lang='lat' dir='ltr'>Jerusalem</span> <span class='ocrx_word' id='word_1_281' title='bbox 1913 1603 2101 1649; x_wconf 75' lang='lat' dir='ltr'>exibunt</span> <span class='ocrx_word' id='word_1_282' title='bbox 2130 1601 2231 1646; x_wconf 84' lang='lat' dir='ltr'>reli-</span> 
     </span>
     <span class='ocr_line' id='line_1_37' title="bbox 396 1661 2231 1720; baseline -0.001 -14"><span class='ocrx_word' id='word_1_283' title='bbox 396 1664 532 1720; x_wconf 79' lang='lat' dir='ltr'>quiae,</span> <span class='ocrx_word' id='word_1_284' title='bbox 557 1670 603 1707; x_wconf 88' lang='lat' dir='ltr'>et</span> <span class='ocrx_word' id='word_1_285' title='bbox 627 1664 816 1708; x_wconf 80' lang='lat' dir='ltr'>salvatio</span> <span class='ocrx_word' id='word_1_286' title='bbox 838 1664 893 1708; x_wconf 91' lang='lat' dir='ltr'>de</span> <span class='ocrx_word' id='word_1_287' title='bbox 918 1670 1068 1708; x_wconf 90' lang='lat' dir='ltr'>monte</span> <span class='ocrx_word' id='word_1_288' title='bbox 1088 1664 1193 1708; x_wconf 85' lang='lat' dir='ltr'>Sion</span> <span class='ocrx_word' id='word_1_289' title='bbox 1223 1681 1232 1708; x_wconf 80' lang='lat' dir='ltr'><strong><em>z</em></strong></span> <span class='ocrx_word' id='word_1_290' title='bbox 1253 1665 1374 1707; x_wconf 89' lang='lat' dir='ltr'>zelus</span> <span class='ocrx_word' id='word_1_291' title='bbox 1401 1663 1581 1707; x_wconf 85' lang='lat' dir='ltr'>Domini</span> <span class='ocrx_word' id='word_1_292' title='bbox 1615 1663 1890 1706; x_wconf 73' lang='lat' dir='ltr'>exercituum</span> <span class='ocrx_word' id='word_1_293' title='bbox 1923 1662 2065 1706; x_wconf 74' lang='lat' dir='ltr'>faciet.</span> <span class='ocrx_word' id='word_1_294' title='bbox 2096 1661 2231 1705; x_wconf 83' lang='lat' dir='ltr'>istud.</span> 
     </span>
     <span class='ocr_line' id='line_1_38' title="bbox 454 1721 2231 1781; baseline -0.002 -15"><span class='ocrx_word' id='word_1_295' title='bbox 454 1723 492 1750; x_wconf 79' lang='lat'>33</span> <span class='ocrx_word' id='word_1_296' title='bbox 506 1725 743 1781; x_wconf 86' lang='lat' dir='ltr'>Propterea</span> <span class='ocrx_word' id='word_1_297' title='bbox 761 1723 857 1767; x_wconf 85' lang='lat' dir='ltr'>haec</span> <span class='ocrx_word' id='word_1_298' title='bbox 879 1724 989 1767; x_wconf 88' lang='lat' dir='ltr'>dicit</span> <span class='ocrx_word' id='word_1_299' title='bbox 1012 1724 1229 1767; x_wconf 87' lang='lat' dir='ltr'>Dominus</span> <span class='ocrx_word' id='word_1_300' title='bbox 1249 1724 1303 1767; x_wconf 91' lang='lat' dir='ltr'>de</span> <span class='ocrx_word' id='word_1_301' title='bbox 1319 1729 1431 1779; x_wconf 80' lang='lat' dir='ltr'>rege&#39;</span> <span class='ocrx_word' id='word_1_302' title='bbox 1448 1723 1734 1780; x_wconf 69' lang='lat' dir='ltr'>Assyriorum</span> <span class='ocrx_word' id='word_1_303' title='bbox 1757 1740 1765 1768; x_wconf 94' lang='grc'>,·</span> <span class='ocrx_word' id='word_1_304' title='bbox 1794 1723 1893 1766; x_wconf 80' lang='lat' dir='ltr'>Non</span> <span class='ocrx_word' id='word_1_305' title='bbox 1911 1721 2098 1765; x_wconf 84' lang='lat' dir='ltr'>intrabit</span> <span class='ocrx_word' id='word_1_306' title='bbox 2124 1721 2231 1764; x_wconf 83' lang='lat' dir='ltr'>civi-</span> 
     </span>
     <span class='ocr_line' id='line_1_39' title="bbox 396 1781 2232 1840; baseline -0.002 -14"><span class='ocrx_word' id='word_1_307' title='bbox 396 1788 530 1826; x_wconf 83' lang='lat' dir='ltr'>tat-cm</span> <span class='ocrx_word' id='word_1_308' title='bbox 557 1783 692 1835; x_wconf 85' lang='lat' dir='ltr'>hanc,</span> <span class='ocrx_word' id='word_1_309' title='bbox 713 1790 755 1826; x_wconf 86' lang='lat' dir='ltr'>et</span> <span class='ocrx_word' id='word_1_310' title='bbox 777 1797 863 1826; x_wconf 86' lang='lat' dir='ltr'>non</span> <span class='ocrx_word' id='word_1_311' title='bbox 888 1783 1028 1839; x_wconf 79' lang='lat' dir='ltr'>jaciet</span> <span class='ocrx_word' id='word_1_312' title='bbox 1051 1783 1115 1825; x_wconf 91' lang='lat' dir='ltr'>ibi</span> <span class='ocrx_word' id='word_1_313' title='bbox 1139 1783 1374 1840; x_wconf 81' lang='lat' dir='ltr'>sagittam,</span> <span class='ocrx_word' id='word_1_314' title='bbox 1397 1787 1441 1826; x_wconf 84' lang='lat' dir='ltr'>et</span> <span class='ocrx_word' id='word_1_315' title='bbox 1465 1796 1551 1825; x_wconf 87' lang='lat' dir='ltr'>non</span> <span class='ocrx_word' id='word_1_316' title='bbox 1575 1782 1812 1838; x_wconf 80' lang='lat' dir='ltr'>occupabit</span> <span class='ocrx_word' id='word_1_317' title='bbox 1836 1797 1935 1825; x_wconf 86' lang='lat' dir='ltr'>eam</span> <span class='ocrx_word' id='word_1_318' title='bbox 1961 1781 2162 1837; x_wconf 78' lang='lat' dir='ltr'>clypeus,</span> <span class='ocrx_word' id='word_1_319' title='bbox 2190 1786 2232 1822; x_wconf 80' lang='lat' dir='ltr'>et</span> 
     </span>
     <span class='ocr_line' id='line_1_40' title="bbox 396 1841 2232 1899; baseline -0.001 -15"><span class='ocrx_word' id='word_1_320' title='bbox 396 1857 484 1886; x_wconf 88' lang='lat' dir='ltr'>non</span> <span class='ocrx_word' id='word_1_321' title='bbox 509 1842 658 1886; x_wconf 86' lang='lat' dir='ltr'>mittet</span> <span class='ocrx_word' id='word_1_322' title='bbox 680 1843 727 1885; x_wconf 87' lang='lat' dir='ltr'>in</span> <span class='ocrx_word' id='word_1_323' title='bbox 750 1842 936 1885; x_wconf 84' lang='lat' dir='ltr'>circuitu</span> <span class='ocrx_word' id='word_1_324' title='bbox 962 1843 1058 1899; x_wconf 80' lang='lat' dir='ltr'>ejus</span> <span class='ocrx_word' id='word_1_325' title='bbox 1083 1857 1307 1898; x_wconf 83' lang='lat' dir='ltr'>aggerem.</span> <span class='ocrx_word' id='word_1_326' title='bbox 1334 1842 1370 1868; x_wconf 72' lang='lat'>3&#39;*</span> <span class='ocrx_word' id='word_1_327' title='bbox 1389 1843 1443 1884; x_wconf 88' lang='lat' dir='ltr'>In</span> <span class='ocrx_word' id='word_1_328' title='bbox 1465 1841 1539 1884; x_wconf 86' lang='lat' dir='ltr'>via</span> <span class='ocrx_word' id='word_1_329' title='bbox 1562 1856 1648 1897; x_wconf 88' lang='lat' dir='ltr'>qua</span> <span class='ocrx_word' id='word_1_330' title='bbox 1671 1841 1805 1896; x_wconf 70' lang='lat' dir='ltr'>venit,</span> <span class='ocrx_word' id='word_1_331' title='bbox 1833 1856 1910 1898; x_wconf 86' lang='lat' dir='ltr'>per</span> <span class='ocrx_word' id='word_1_332' title='bbox 1927 1855 2025 1884; x_wconf 87' lang='lat' dir='ltr'>eam</span> <span class='ocrx_word' id='word_1_333' title='bbox 2043 1845 2232 1883; x_wconf 82' lang='lat' dir='ltr'>reverte-</span> 
     </span>
     <span class='ocr_line' id='line_1_41' title="bbox 397 1898 2232 1958; baseline -0.002 -13"><span class='ocrx_word' id='word_1_334' title='bbox 397 1910 479 1958; x_wconf 84' lang='lat' dir='ltr'>tur,</span> <span class='ocrx_word' id='word_1_335' title='bbox 501 1907 544 1945; x_wconf 90' lang='lat' dir='ltr'>et</span> <span class='ocrx_word' id='word_1_336' title='bbox 561 1901 791 1945; x_wconf 84' lang='lat' dir='ltr'>civitatem</span> <span class='ocrx_word' id='word_1_337' title='bbox 812 1903 928 1945; x_wconf 85' lang='lat' dir='ltr'>hanc</span> <span class='ocrx_word' id='word_1_338' title='bbox 945 1917 1032 1945; x_wconf 85' lang='lat' dir='ltr'>non</span> <span class='ocrx_word' id='word_1_339' title='bbox 1051 1901 1338 1958; x_wconf 73' lang='lat' dir='ltr'>ingiedietur,</span> <span class='ocrx_word' id='word_1_340' title='bbox 1359 1901 1468 1944; x_wconf 87' lang='lat' dir='ltr'>dicit</span> <span class='ocrx_word' id='word_1_341' title='bbox 1489 1901 1718 1943; x_wconf 87' lang='lat' dir='ltr'>Dominus.</span> <span class='ocrx_word' id='word_1_342' title='bbox 1745 1900 1782 1926; x_wconf 73' lang='lat'>³⁵</span> <span class='ocrx_word' id='word_1_343' title='bbox 1798 1901 1855 1942; x_wconf 85' lang='lat' dir='ltr'>Et</span> <span class='ocrx_word' id='word_1_344' title='bbox 1873 1904 2104 1956; x_wconf 83' lang='lat' dir='ltr'>protegam</span> <span class='ocrx_word' id='word_1_345' title='bbox 2121 1898 2232 1941; x_wconf 77' lang='lat' dir='ltr'>civi-</span> 
     </span>
     <span class='ocr_line' id='line_1_42' title="bbox 398 1959 2229 2018; baseline -0.002 -14"><span class='ocrx_word' id='word_1_346' title='bbox 398 1968 536 2005; x_wconf 84' lang='lat' dir='ltr'>tatem</span> <span class='ocrx_word' id='word_1_347' title='bbox 553 1961 698 2018; x_wconf 88' lang='lat' dir='ltr'>istam,</span> <span class='ocrx_word' id='word_1_348' title='bbox 719 1967 767 2003; x_wconf 88' lang='lat' dir='ltr'>ut</span> <span class='ocrx_word' id='word_1_349' title='bbox 788 1962 957 2004; x_wconf 85' lang='lat' dir='ltr'>salvem</span> <span class='ocrx_word' id='word_1_350' title='bbox 984 1976 1081 2004; x_wconf 89' lang='lat' dir='ltr'>eam</span> <span class='ocrx_word' id='word_1_351' title='bbox 1103 1966 1280 2017; x_wconf 86' lang='lat' dir='ltr'>propter</span> <span class='ocrx_word' id='word_1_352' title='bbox 1304 1975 1389 2015; x_wconf 87' lang='lat' dir='ltr'>me,</span> <span class='ocrx_word' id='word_1_353' title='bbox 1415 1966 1460 2003; x_wconf 87' lang='lat' dir='ltr'>et</span> <span class='ocrx_word' id='word_1_354' title='bbox 1486 1965 1663 2016; x_wconf 81' lang='lat' dir='ltr'>propter</span> <span class='ocrx_word' id='word_1_355' title='bbox 1686 1959 1847 2014; x_wconf 72' lang='lat' dir='ltr'>David,</span> <span class='ocrx_word' id='word_1_356' title='bbox 1866 1973 2043 2002; x_wconf 77' lang='lat' dir='ltr'>servum</span> <span class='ocrx_word' id='word_1_357' title='bbox 2069 1972 2229 2001; x_wconf 84' lang='lat' dir='ltr'>meum.</span> 
     </span>
     <span class='ocr_line' id='line_1_43' title="bbox 455 2017 2233 2077; baseline -0.002 -13"><span class='ocrx_word' id='word_1_358' title='bbox 455 2021 492 2048; x_wconf 74' lang='lat'>3⁶</span> <span class='ocrx_word' id='word_1_359' title='bbox 523 2022 736 2077; x_wconf 79' lang='lat' dir='ltr'>Egressus</span> <span class='ocrx_word' id='word_1_360' title='bbox 773 2027 838 2064; x_wconf 84' lang='lat' dir='ltr'>est</span> <span class='ocrx_word' id='word_1_361' title='bbox 870 2026 1019 2064; x_wconf 87' lang='lat' dir='ltr'>autem</span> <span class='ocrx_word' id='word_1_362' title='bbox 1052 2020 1238 2076; x_wconf 87' lang='lat' dir='ltr'>angelus</span> <span class='ocrx_word' id='word_1_363' title='bbox 1270 2019 1471 2075; x_wconf 76' lang='lat' dir='ltr'>Domini,</span> <span class='ocrx_word' id='word_1_364' title='bbox 1507 2024 1550 2062; x_wconf 88' lang='lat' dir='ltr'>et</span> <span class='ocrx_word' id='word_1_365' title='bbox 1581 2019 1797 2075; x_wconf 84' lang='lat' dir='ltr'>percussit</span> <span class='ocrx_word' id='word_1_366' title='bbox 1826 2018 1872 2060; x_wconf 91' lang='lat' dir='ltr'>in</span> <span class='ocrx_word' id='word_1_367' title='bbox 1907 2018 2063 2061; x_wconf 90' lang='lat' dir='ltr'>castris</span> <span class='ocrx_word' id='word_1_368' title='bbox 2095 2017 2233 2074; x_wconf 78' lang='lat' dir='ltr'>Assy-</span> 
     </span>
     <span class='ocr_line' id='line_1_44' title="bbox 396 2078 2233 2135; baseline -0.002 -12"><span class='ocrx_word' id='word_1_369' title='bbox 396 2081 561 2124; x_wconf 89' lang='lat' dir='ltr'>riorum</span> <span class='ocrx_word' id='word_1_370' title='bbox 594 2086 773 2123; x_wconf 88' lang='lat' dir='ltr'>centum</span> <span class='ocrx_word' id='word_1_371' title='bbox 805 2080 1033 2135; x_wconf 87' lang='lat' dir='ltr'>octoginta</span> <span class='ocrx_word' id='word_1_372' title='bbox 1058 2080 1251 2135; x_wconf 88' lang='lat' dir='ltr'>quinque</span> <span class='ocrx_word' id='word_1_373' title='bbox 1280 2078 1437 2121; x_wconf 83' lang='lat' dir='ltr'>millia.</span> <span class='ocrx_word' id='word_1_374' title='bbox 1469 2079 1528 2121; x_wconf 86' lang='lat' dir='ltr'>Et</span> <span class='ocrx_word' id='word_1_375' title='bbox 1565 2082 1849 2122; x_wconf 85' lang='lat' dir='ltr'>surrexerunt</span> <span class='ocrx_word' id='word_1_376' title='bbox 1879 2092 2031 2133; x_wconf 81' lang='lat' dir='ltr'>mane,</span> <span class='ocrx_word' id='word_1_377' title='bbox 2059 2081 2106 2120; x_wconf 79' lang='lat' dir='ltr'>et</span> <span class='ocrx_word' id='word_1_378' title='bbox 2129 2090 2233 2121; x_wconf 81' lang='lat' dir='ltr'>eece</span> 
     </span>
     <span class='ocr_line' id='line_1_45' title="bbox 397 2137 2234 2194; baseline -0.002 -11"><span class='ocrx_word' id='word_1_379' title='bbox 397 2154 549 2183; x_wconf 89' lang='lat' dir='ltr'>omnes</span> <span class='ocrx_word' id='word_1_380' title='bbox 575 2139 793 2183; x_wconf 85' lang='lat' dir='ltr'>cadavera</span> <span class='ocrx_word' id='word_1_381' title='bbox 823 2145 1109 2184; x_wconf 87' lang='lat' dir='ltr'>mortuorum.</span> <span class='ocrx_word' id='word_1_382' title='bbox 1140 2138 1176 2165; x_wconf 79' lang='lat'>37</span> <span class='ocrx_word' id='word_1_383' title='bbox 1212 2140 1270 2181; x_wconf 87' lang='lat' dir='ltr'>Et-</span> <span class='ocrx_word' id='word_1_384' title='bbox 1298 2153 1501 2194; x_wconf 74' lang='lat' dir='ltr'>egressus</span> <span class='ocrx_word' id='word_1_385' title='bbox 1523 2143 1610 2193; x_wconf 87' lang='lat' dir='ltr'>est,</span> <span class='ocrx_word' id='word_1_386' title='bbox 1641 2143 1686 2181; x_wconf 92' lang='lat' dir='ltr'>et</span> <span class='ocrx_word' id='word_1_387' title='bbox 1710 2137 1843 2192; x_wconf 85' lang='lat' dir='ltr'>abiit,</span> <span class='ocrx_word' id='word_1_388' title='bbox 1872 2142 1915 2180; x_wconf 89' lang='lat' dir='ltr'>et</span> <span class='ocrx_word' id='word_1_389' title='bbox 1943 2150 2142 2180; x_wconf 84' lang='lat' dir='ltr'>reversus</span> <span class='ocrx_word' id='word_1_390' title='bbox 2164 2143 2234 2180; x_wconf 81' lang='lat' dir='ltr'>est</span> 
     </span>
     <span class='ocr_line' id='line_1_46' title="bbox 397 2196 2231 2255; baseline -0.003 -12"><span class='ocrx_word' id='word_1_391' title='bbox 397 2199 718 2254; x_wconf 80' lang='lat' dir='ltr'>Sennacherib,</span> <span class='ocrx_word' id='word_1_392' title='bbox 743 2213 822 2243; x_wconf 80' lang='lat' dir='ltr'>rex</span> <span class='ocrx_word' id='word_1_393' title='bbox 846 2199 1151 2255; x_wconf 86' lang='lat' dir='ltr'>Assyriorum,</span> <span class='ocrx_word' id='word_1_394' title='bbox 1189 2204 1232 2241; x_wconf 86' lang='lat' dir='ltr'>et</span> <span class='ocrx_word' id='word_1_395' title='bbox 1256 2198 1481 2240; x_wconf 69' lang='lat' dir='ltr'>habitavit</span> <span class='ocrx_word' id='word_1_396' title='bbox 1512 2197 1558 2240; x_wconf 90' lang='lat' dir='ltr'>in</span> <span class='ocrx_word' id='word_1_397' title='bbox 1594 2197 1771 2240; x_wconf 85' lang='lat' dir='ltr'>Ninive.</span> <span class='ocrx_word' id='word_1_398' title='bbox 1794 2196 1831 2223; x_wconf 77' lang='lat'>38</span> <span class='ocrx_word' id='word_1_399' title='bbox 1863 2198 1920 2240; x_wconf 87' lang='lat' dir='ltr'>Et</span> <span class='ocrx_word' id='word_1_400' title='bbox 1944 2197 2120 2239; x_wconf 79' lang='lat' dir='ltr'>factum</span> <span class='ocrx_word' id='word_1_401' title='bbox 2142 2201 2231 2251; x_wconf 80' lang='lat' dir='ltr'>est,</span> 
     </span>
     <span class='ocr_line' id='line_1_47' title="bbox 398 2256 2235 2315; baseline -0.002 -14"><span class='ocrx_word' id='word_1_402' title='bbox 398 2273 496 2302; x_wconf 73' lang='lat' dir='ltr'>ceum</span> <span class='ocrx_word' id='word_1_403' title='bbox 530 2259 734 2302; x_wconf 85' lang='lat' dir='ltr'>adoraret</span> <span class='ocrx_word' id='word_1_404' title='bbox 766 2258 815 2301; x_wconf 90' lang='lat' dir='ltr'>in</span> <span class='ocrx_word' id='word_1_405' title='bbox 849 2258 1016 2315; x_wconf 88' lang='lat' dir='ltr'>templo</span> <span class='ocrx_word' id='word_1_406' title='bbox 1046 2258 1246 2302; x_wconf 86' lang='lat' dir='ltr'>Nesroch</span> <span class='ocrx_word' id='word_1_407' title='bbox 1277 2257 1411 2301; x_wconf 86' lang='lat' dir='ltr'>deum</span> <span class='ocrx_word' id='word_1_408' title='bbox 1447 2272 1599 2312; x_wconf 85' lang='lat' dir='ltr'>suum,</span> <span class='ocrx_word' id='word_1_409' title='bbox 1632 2256 1932 2300; x_wconf 85' lang='lat' dir='ltr'>Adramelech</span> <span class='ocrx_word' id='word_1_410' title='bbox 1965 2261 2009 2299; x_wconf 87' lang='lat' dir='ltr'>et</span> <span class='ocrx_word' id='word_1_411' title='bbox 2037 2256 2235 2308; x_wconf 62' lang='lat' dir='ltr'>sarasary</span> 
     </span>
     <span class='ocr_line' id='line_1_48' title="bbox 398 2315 2234 2375; baseline -0.002 -15"><span class='ocrx_word' id='word_1_412' title='bbox 398 2318 475 2361; x_wconf 73' lang='lat' dir='ltr'>filii</span> <span class='ocrx_word' id='word_1_413' title='bbox 507 2317 626 2374; x_wconf 79' lang='lat' dir='ltr'>ejus,</span> <span class='ocrx_word' id='word_1_414' title='bbox 660 2324 970 2375; x_wconf 83' lang='lat' dir='ltr'>percusserunt</span> <span class='ocrx_word' id='word_1_415' title='bbox 1001 2332 1102 2362; x_wconf 90' lang='lat' dir='ltr'>eum</span> <span class='ocrx_word' id='word_1_416' title='bbox 1131 2317 1304 2373; x_wconf 81' lang='lat' dir='ltr'>gladio,</span> <span class='ocrx_word' id='word_1_417' title='bbox 1339 2317 1642 2372; x_wconf 74' lang='lat' dir='ltr'>fugeruntque</span> <span class='ocrx_word' id='word_1_418' title='bbox 1678 2315 1727 2357; x_wconf 86' lang='lat' dir='ltr'>in</span> <span class='ocrx_word' id='word_1_419' title='bbox 1766 2322 1926 2358; x_wconf 84' lang='lat' dir='ltr'>terram</span> <span class='ocrx_word' id='word_1_420' title='bbox 1959 2315 2149 2367; x_wconf 76' lang='lat' dir='ltr'>Ararat;</span> <span class='ocrx_word' id='word_1_421' title='bbox 2190 2321 2234 2357; x_wconf 83' lang='lat' dir='ltr'>et</span> 
     </span>
     <span class='ocr_line' id='line_1_49' title="bbox 397 2377 1414 2433; baseline 0 -14"><span class='ocrx_word' id='word_1_422' title='bbox 397 2378 601 2433; x_wconf 75' lang='lat' dir='ltr'>regnavit</span> <span class='ocrx_word' id='word_1_423' title='bbox 623 2377 941 2431; x_wconf 74' lang='lat' dir='ltr'>Asai-haddon,</span> <span class='ocrx_word' id='word_1_424' title='bbox 964 2377 1081 2420; x_wconf 89' lang='lat' dir='ltr'>filius</span> <span class='ocrx_word' id='word_1_425' title='bbox 1107 2378 1224 2433; x_wconf 81' lang='lat' dir='ltr'>ejus,</span> <span class='ocrx_word' id='word_1_426' title='bbox 1251 2391 1328 2433; x_wconf 89' lang='lat' dir='ltr'>pro</span> <span class='ocrx_word' id='word_1_427' title='bbox 1352 2390 1414 2419; x_wconf 91' lang='lat' dir='ltr'>eo.</span> 
     </span>
    </p>
   </div>
   <div class='ocr_carea' id='block_1_10' title="bbox 598 2483 2031 2541">
    <p class='ocr_par' dir='ltr' id='par_1_10' title="bbox 598 2483 2031 2541">
     <span class='ocr_line' id='line_1_50' title="bbox 598 2483 2031 2541; baseline -0.003 -12"><span class='ocrx_word' id='word_1_428' title='bbox 598 2490 620 2541; x_wconf 65' lang='grc' dir='ltr'>ξ</span> <span class='ocrx_word' id='word_1_429' title='bbox 645 2487 707 2530; x_wconf 89' lang='grc' dir='ltr'>Π.</span> <span class='ocrx_word' id='word_1_430' title='bbox 733 2513 791 2517; x_wconf 88' lang='grc'>-</span> <span class='ocrx_word' id='word_1_431' title='bbox 816 2486 1074 2541; x_wconf 51' lang='grc' dir='ltr'><em>ᾸΕφὉίαίίο</em></span> <span class='ocrx_word' id='word_1_432' title='bbox 1101 2486 1324 2539; x_wconf 70' lang='lat' dir='ltr'>Ezechiae,</span> <span class='ocrx_word' id='word_1_433' title='bbox 1353 2486 1511 2541; x_wconf 68' lang='lat' dir='ltr'>Zeyatio</span> <span class='ocrx_word' id='word_1_434' title='bbox 1533 2484 1774 2527; x_wconf 61' lang='lat' dir='ltr'>chrodffl‘le</span> <span class='ocrx_word' id='word_1_435' title='bbox 1804 2483 2031 2525; x_wconf 72' lang='lat' dir='ltr'>Baladcm.</span> 
     </span>
    </p>
   </div>
   <div class='ocr_carea' id='block_1_11' title="bbox 398 2576 2232 3468">
    <p class='ocr_par' dir='ltr' id='par_1_11' title="bbox 398 2576 2232 3468">
     <span class='ocr_line' id='line_1_51' title="bbox 457 2576 2232 2636; baseline -0.005 -9"><span class='ocrx_word' id='word_1_436' title='bbox 457 2583 564 2627; x_wconf 80' lang='lat' dir='ltr'>CAP.</span> <span class='ocrx_word' id='word_1_437' title='bbox 602 2582 872 2625; x_wconf 85' lang='lat' dir='ltr'>XXXVIII.</span> <span class='ocrx_word' id='word_1_438' title='bbox 910 2608 968 2614; x_wconf 90' lang='lat'><strong>—</strong></span> <span class='ocrx_word' id='word_1_439' title='bbox 1010 2581 1019 2607; x_wconf 86' lang='lat'><strong>¹</strong></span> <span class='ocrx_word' id='word_1_440' title='bbox 1052 2582 1108 2624; x_wconf 88' lang='lat' dir='ltr'>In</span> <span class='ocrx_word' id='word_1_441' title='bbox 1143 2581 1298 2624; x_wconf 89' lang='lat' dir='ltr'>diebus</span> <span class='ocrx_word' id='word_1_442' title='bbox 1333 2580 1424 2623; x_wconf 88' lang='lat' dir='ltr'>illis</span> <span class='ocrx_word' id='word_1_443' title='bbox 1464 2579 1702 2636; x_wconf 74' lang='lat' dir='ltr'>aegrotavit</span> <span class='ocrx_word' id='word_1_444' title='bbox 1744 2577 1957 2621; x_wconf 74' lang='lat' dir='ltr'>Ezechias</span> <span class='ocrx_word' id='word_1_445' title='bbox 2002 2591 2137 2632; x_wconf 84' lang='lat' dir='ltr'>usque</span> <span class='ocrx_word' id='word_1_446' title='bbox 2175 2576 2232 2618; x_wconf 84' lang='lat' dir='ltr'>ad</span> 
     </span>
     <span class='ocr_line' id='line_1_52' title="bbox 399 2635 2231 2696; baseline -0.004 -12"><span class='ocrx_word' id='word_1_447' title='bbox 399 2647 613 2695; x_wconf 79' lang='lat' dir='ltr'>mortem3</span> <span class='ocrx_word' id='word_1_448' title='bbox 640 2647 684 2685; x_wconf 85' lang='lat' dir='ltr'>et</span> <span class='ocrx_word' id='word_1_449' title='bbox 709 2641 910 2684; x_wconf 84' lang='lat' dir='ltr'>introivit</span> <span class='ocrx_word' id='word_1_450' title='bbox 932 2641 989 2684; x_wconf 87' lang='lat' dir='ltr'>ad</span> <span class='ocrx_word' id='word_1_451' title='bbox 1012 2655 1112 2684; x_wconf 90' lang='lat' dir='ltr'>eum</span> <span class='ocrx_word' id='word_1_452' title='bbox 1137 2640 1300 2696; x_wconf 85' lang='lat' dir='ltr'>Isaias,</span> <span class='ocrx_word' id='word_1_453' title='bbox 1331 2640 1448 2682; x_wconf 79' lang='lat' dir='ltr'>filius</span> <span class='ocrx_word' id='word_1_454' title='bbox 1470 2640 1628 2694; x_wconf 72' lang='lat' dir='ltr'>Amos,</span> <span class='ocrx_word' id='word_1_455' title='bbox 1662 2639 1898 2695; x_wconf 34' lang='lat' dir='ltr'>]‘›ro1.›heta,</span> <span class='ocrx_word' id='word_1_456' title='bbox 1931 2642 1973 2679; x_wconf 86' lang='lat' dir='ltr'>et</span> <span class='ocrx_word' id='word_1_457' title='bbox 2005 2635 2120 2678; x_wconf 77' lang='lat' dir='ltr'>&lt;lixit</span> <span class='ocrx_word' id='word_1_458' title='bbox 2148 2635 2189 2678; x_wconf 85' lang='lat' dir='ltr'>ei</span> <span class='ocrx_word' id='word_1_459' title='bbox 2223 2650 2231 2677; x_wconf 90' lang='lat'><strong>:</strong></span> 
     </span>
     <span class='ocr_line' id='line_1_53' title="bbox 402 2694 2229 2757; baseline -0.004 -13"><span class='ocrx_word' id='word_1_460' title='bbox 402 2703 513 2745; x_wconf 75' lang='lat' dir='ltr'>Haec</span> <span class='ocrx_word' id='word_1_461' title='bbox 536 2702 646 2744; x_wconf 89' lang='lat' dir='ltr'>dicit</span> <span class='ocrx_word' id='word_1_462' title='bbox 669 2701 886 2744; x_wconf 88' lang='lat' dir='ltr'>Dominus</span> <span class='ocrx_word' id='word_1_463' title='bbox 920 2718 928 2746; x_wconf 80' lang='lat' dir='ltr'><em>z</em></span> <span class='ocrx_word' id='word_1_464' title='bbox 954 2701 1149 2757; x_wconf 84' lang='lat' dir='ltr'>Dispone</span> <span class='ocrx_word' id='word_1_465' title='bbox 1172 2699 1323 2743; x_wconf 91' lang='lat' dir='ltr'>domui</span> <span class='ocrx_word' id='word_1_466' title='bbox 1345 2704 1448 2754; x_wconf 77' lang='lat' dir='ltr'>tuae,</span> <span class='ocrx_word' id='word_1_467' title='bbox 1475 2699 1578 2755; x_wconf 87' lang='lat' dir='ltr'>quia</span> <span class='ocrx_word' id='word_1_468' title='bbox 1603 2697 1802 2740; x_wconf 86' lang='lat' dir='ltr'>morieris</span> <span class='ocrx_word' id='word_1_469' title='bbox 1828 2702 1888 2752; x_wconf 85' lang='lat' dir='ltr'>tu,</span> <span class='ocrx_word' id='word_1_470' title='bbox 1912 2701 1957 2738; x_wconf 89' lang='lat' dir='ltr'>ct</span> <span class='ocrx_word' id='word_1_471' title='bbox 1978 2709 2065 2738; x_wconf 89' lang='grc'>11011</span> <span class='ocrx_word' id='word_1_472' title='bbox 2080 2694 2229 2737; x_wconf 58' lang='lat' dir='ltr'>vives.</span> 
     </span>
     <span class='ocr_line' id='line_1_54' title="bbox 398 2753 2230 2816; baseline -0.005 -12"><span class='ocrx_word' id='word_1_473' title='bbox 398 2760 416 2786; x_wconf 66' lang='lat'>²</span> <span class='ocrx_word' id='word_1_474' title='bbox 435 2762 493 2804; x_wconf 85' lang='lat' dir='ltr'>Et</span> <span class='ocrx_word' id='word_1_475' title='bbox 514 2761 734 2804; x_wconf 85' lang='lat' dir='ltr'>convertit</span> <span class='ocrx_word' id='word_1_476' title='bbox 760 2760 974 2804; x_wconf 85' lang='lat' dir='ltr'>Ezechias</span> <span class='ocrx_word' id='word_1_477' title='bbox 996 2759 1162 2803; x_wconf 71' lang='lat' dir='ltr'>faciem</span> <span class='ocrx_word' id='word_1_478' title='bbox 1185 2773 1313 2802; x_wconf 90' lang='lat' dir='ltr'>suam</span> <span class='ocrx_word' id='word_1_479' title='bbox 1330 2759 1386 2801; x_wconf 86' lang='lat' dir='ltr'>ad</span> <span class='ocrx_word' id='word_1_480' title='bbox 1413 2758 1645 2816; x_wconf 85' lang='lat' dir='ltr'>parietem,</span> <span class='ocrx_word' id='word_1_481' title='bbox 1664 2762 1710 2800; x_wconf 89' lang='lat' dir='ltr'>et</span> <span class='ocrx_word' id='word_1_482' title='bbox 1728 2755 1874 2799; x_wconf 86' lang='lat' dir='ltr'>oravit</span> <span class='ocrx_word' id='word_1_483' title='bbox 1898 2754 1955 2797; x_wconf 89' lang='lat' dir='ltr'>ad</span> <span class='ocrx_word' id='word_1_484' title='bbox 1975 2753 2230 2802; x_wconf 84' lang='lat' dir='ltr'>Dominum,</span> 
     </span>
     <span class='ocr_line' id='line_1_55' title="bbox 399 2812 2230 2876; baseline -0.005 -13"><span class='ocrx_word' id='word_1_485' title='bbox 399 2820 416 2845; x_wconf 67' lang='lat'>3</span> <span class='ocrx_word' id='word_1_486' title='bbox 434 2825 477 2863; x_wconf 86' lang='lat' dir='ltr'>et</span> <span class='ocrx_word' id='word_1_487' title='bbox 502 2820 617 2863; x_wconf 78' lang='lat' dir='ltr'>dixit</span> <span class='ocrx_word' id='word_1_488' title='bbox 649 2837 658 2864; x_wconf 91' lang='lat'>:</span> <span class='ocrx_word' id='word_1_489' title='bbox 693 2820 907 2876; x_wconf 87' lang='lat' dir='ltr'>Obsecro,</span> <span class='ocrx_word' id='word_1_490' title='bbox 940 2819 1154 2875; x_wconf 89' lang='lat' dir='ltr'>Domine,</span> <span class='ocrx_word' id='word_1_491' title='bbox 1187 2823 1433 2874; x_wconf 79' lang='lat' dir='ltr'>mementO,</span> <span class='ocrx_word' id='word_1_492' title='bbox 1460 2831 1633 2873; x_wconf 78' lang='lat' dir='ltr'>quaeSO,</span> <span class='ocrx_word' id='word_1_493' title='bbox 1660 2815 1880 2872; x_wconf 85' lang='lat' dir='ltr'>quomodo</span> <span class='ocrx_word' id='word_1_494' title='bbox 1906 2812 2230 2856; x_wconf 77' lang='lat' dir='ltr'>ambulaverim</span> 
     </span>
     <span class='ocr_line' id='line_1_56' title="bbox 401 2871 2231 2934; baseline -0.004 -12"><span class='ocrx_word' id='word_1_495' title='bbox 401 2894 548 2922; x_wconf 81' lang='lat' dir='ltr'>coram</span> <span class='ocrx_word' id='word_1_496' title='bbox 573 2884 617 2923; x_wconf 90' lang='lat' dir='ltr'>te</span> <span class='ocrx_word' id='word_1_497' title='bbox 641 2880 688 2922; x_wconf 91' lang='lat' dir='ltr'>in</span> <span class='ocrx_word' id='word_1_498' title='bbox 717 2879 905 2923; x_wconf 81' lang='lat' dir='ltr'>veritate</span> <span class='ocrx_word' id='word_1_499' title='bbox 931 2884 975 2923; x_wconf 92' lang='lat' dir='ltr'>et</span> <span class='ocrx_word' id='word_1_500' title='bbox 1002 2879 1048 2921; x_wconf 91' lang='lat' dir='ltr'>in</span> <span class='ocrx_word' id='word_1_501' title='bbox 1083 2878 1212 2921; x_wconf 91' lang='lat' dir='ltr'>corde</span> <span class='ocrx_word' id='word_1_502' title='bbox 1240 2878 1460 2934; x_wconf 73' lang='lat' dir='ltr'>perfecto,</span> <span class='ocrx_word' id='word_1_503' title='bbox 1496 2882 1538 2920; x_wconf 89' lang='lat' dir='ltr'>et</span> <span class='ocrx_word' id='word_1_504' title='bbox 1569 2875 1684 2932; x_wconf 86' lang='lat' dir='ltr'>quod</span> <span class='ocrx_word' id='word_1_505' title='bbox 1718 2875 1883 2917; x_wconf 87' lang='lat' dir='ltr'>bonum</span> <span class='ocrx_word' id='word_1_506' title='bbox 1913 2878 1978 2915; x_wconf 86' lang='lat' dir='ltr'>est</span> <span class='ocrx_word' id='word_1_507' title='bbox 2012 2872 2056 2914; x_wconf 91' lang='lat' dir='ltr'>in</span> <span class='ocrx_word' id='word_1_508' title='bbox 2090 2871 2231 2915; x_wconf 82' lang='lat' dir='ltr'>oculis</span> 
     </span>
     <span class='ocr_line' id='line_1_57' title="bbox 400 2931 2229 2992; baseline -0.005 -11"><span class='ocrx_word' id='word_1_509' title='bbox 400 2938 487 2981; x_wconf 81' lang='lat' dir='ltr'>tuis</span> <span class='ocrx_word' id='word_1_510' title='bbox 516 2939 716 2981; x_wconf 75' lang='lat' dir='ltr'>fecerim.</span> <span class='ocrx_word' id='word_1_511' title='bbox 752 2940 809 2981; x_wconf 88' lang='lat' dir='ltr'>Et</span> <span class='ocrx_word' id='word_1_512' title='bbox 841 2938 965 2982; x_wconf 88' lang='lat' dir='ltr'>flevit</span> <span class='ocrx_word' id='word_1_513' title='bbox 999 2937 1212 2981; x_wconf 86' lang='lat' dir='ltr'>Ezechias</span> <span class='ocrx_word' id='word_1_514' title='bbox 1245 2936 1353 2980; x_wconf 87' lang='lat' dir='ltr'>fietu</span> <span class='ocrx_word' id='word_1_515' title='bbox 1387 2950 1564 2992; x_wconf 79' lang='lat' dir='ltr'>magno,</span> <span class='ocrx_word' id='word_1_516' title='bbox 1599 2935 1615 2961; x_wconf 73' lang='lat'>4</span> <span class='ocrx_word' id='word_1_517' title='bbox 1646 2936 1704 2978; x_wconf 87' lang='lat' dir='ltr'>Et</span> <span class='ocrx_word' id='word_1_518' title='bbox 1739 2934 1915 2976; x_wconf 69' lang='lat' dir='ltr'>factum</span> <span class='ocrx_word' id='word_1_519' title='bbox 1949 2938 2013 2975; x_wconf 84' lang='lat' dir='ltr'>est</span> <span class='ocrx_word' id='word_1_520' title='bbox 2046 2931 2229 2974; x_wconf 82' lang='lat' dir='ltr'>verbum</span> 
     </span>
     <span class='ocr_line' id='line_1_58' title="bbox 403 2991 2231 3053; baseline -0.005 -12"><span class='ocrx_word' id='word_1_521' title='bbox 403 2997 583 3041; x_wconf 87' lang='lat' dir='ltr'>Domini</span> <span class='ocrx_word' id='word_1_522' title='bbox 608 2997 665 3040; x_wconf 86' lang='lat' dir='ltr'>ad</span> <span class='ocrx_word' id='word_1_523' title='bbox 687 2997 874 3053; x_wconf 83' lang='lat' dir='ltr'>Isaiam,</span> <span class='ocrx_word' id='word_1_524' title='bbox 902 2998 1053 3041; x_wconf 89' lang='lat' dir='ltr'>dicens</span> <span class='ocrx_word' id='word_1_525' title='bbox 1079 2997 1287 3053; x_wconf 83' lang='lat' dir='ltr'>:5Vade,</span> <span class='ocrx_word' id='word_1_526' title='bbox 1316 3002 1359 3040; x_wconf 90' lang='lat' dir='ltr'>et</span> <span class='ocrx_word' id='word_1_527' title='bbox 1385 2996 1456 3038; x_wconf 90' lang='lat' dir='ltr'>dic</span> <span class='ocrx_word' id='word_1_528' title='bbox 1480 2995 1685 3038; x_wconf 59' lang='lat' dir='ltr'>Ezechiae</span> <span class='ocrx_word' id='word_1_529' title='bbox 1707 3010 1717 3037; x_wconf 81' lang='lat' dir='ltr'>t</span> <span class='ocrx_word' id='word_1_530' title='bbox 1738 2993 1850 3035; x_wconf 79' lang='lat' dir='ltr'>Haee</span> <span class='ocrx_word' id='word_1_531' title='bbox 1875 2991 1985 3034; x_wconf 75' lang='lat' dir='ltr'>dicit</span> <span class='ocrx_word' id='word_1_532' title='bbox 2013 2991 2231 3034; x_wconf 76' lang='lat' dir='ltr'>Dominus</span> 
     </span>
     <span class='ocr_line' id='line_1_59' title="bbox 403 3051 2229 3113; baseline -0.004 -14"><span class='ocrx_word' id='word_1_533' title='bbox 403 3057 522 3100; x_wconf 90' lang='lat' dir='ltr'>Deus</span> <span class='ocrx_word' id='word_1_534' title='bbox 549 3056 718 3112; x_wconf 79' lang='lat' dir='ltr'>David,</span> <span class='ocrx_word' id='word_1_535' title='bbox 746 3057 883 3113; x_wconf 86' lang='lat' dir='ltr'>patris</span> <span class='ocrx_word' id='word_1_536' title='bbox 907 3058 969 3099; x_wconf 84' lang='lat' dir='ltr'>tui</span> <span class='ocrx_word' id='word_1_537' title='bbox 1001 3074 1008 3100; x_wconf 92' lang='lat'>:</span> <span class='ocrx_word' id='word_1_538' title='bbox 1034 3056 1203 3100; x_wconf 82' lang='lat' dir='ltr'>Audivi</span> <span class='ocrx_word' id='word_1_539' title='bbox 1227 3056 1473 3101; x_wconf 79' lang='lat' dir='ltr'>orationem</span> <span class='ocrx_word' id='word_1_540' title='bbox 1495 3060 1639 3108; x_wconf 84' lang='lat' dir='ltr'>tuam,</span> <span class='ocrx_word' id='word_1_541' title='bbox 1665 3058 1707 3096; x_wconf 89' lang='lat' dir='ltr'>et</span> <span class='ocrx_word' id='word_1_542' title='bbox 1736 3051 1825 3094; x_wconf 78' lang='lat' dir='ltr'>vidi</span> <span class='ocrx_word' id='word_1_543' title='bbox 1856 3051 2076 3106; x_wconf 64' lang='lat' dir='ltr'>lacrymas</span> <span class='ocrx_word' id='word_1_544' title='bbox 2099 3055 2229 3103; x_wconf 86' lang='lat' dir='ltr'>tuas;</span> 
     </span>
     <span class='ocr_line' id='line_1_60' title="bbox 404 3108 2230 3173; baseline -0.005 -14"><span class='ocrx_word' id='word_1_545' title='bbox 404 3129 504 3159; x_wconf 88' lang='lat' dir='ltr'>ecce</span> <span class='ocrx_word' id='word_1_546' title='bbox 533 3129 614 3171; x_wconf 89' lang='lat' dir='ltr'>ego</span> <span class='ocrx_word' id='word_1_547' title='bbox 639 3115 854 3171; x_wconf 85' lang='lat' dir='ltr'>adjiciam</span> <span class='ocrx_word' id='word_1_548' title='bbox 881 3131 1010 3173; x_wconf 76' lang='lat' dir='ltr'>super</span> <span class='ocrx_word' id='word_1_549' title='bbox 1035 3116 1128 3159; x_wconf 88' lang='lat' dir='ltr'>dies</span> <span class='ocrx_word' id='word_1_550' title='bbox 1154 3122 1252 3159; x_wconf 86' lang='lat' dir='ltr'>tuos</span> <span class='ocrx_word' id='word_1_551' title='bbox 1277 3114 1533 3171; x_wconf 87' lang='lat' dir='ltr'>quindecim</span> <span class='ocrx_word' id='word_1_552' title='bbox 1562 3126 1731 3166; x_wconf 82' lang='lat' dir='ltr'>annos3</span> <span class='ocrx_word' id='word_1_553' title='bbox 1764 3111 1784 3136; x_wconf 71' lang='lat'><strong>⁶</strong></span> <span class='ocrx_word' id='word_1_554' title='bbox 1801 3116 1844 3154; x_wconf 87' lang='lat' dir='ltr'>et</span> <span class='ocrx_word' id='word_1_555' title='bbox 1874 3110 1928 3153; x_wconf 87' lang='lat' dir='ltr'>de</span> <span class='ocrx_word' id='word_1_556' title='bbox 1954 3124 2087 3152; x_wconf 77' lang='lat' dir='ltr'>manu</span> <span class='ocrx_word' id='word_1_557' title='bbox 2114 3108 2230 3164; x_wconf 80' lang='lat' dir='ltr'>regis</span> 
     </span>
     <span class='ocr_line' id='line_1_61' title="bbox 401 3169 2230 3231; baseline -0.005 -12"><span class='ocrx_word' id='word_1_558' title='bbox 401 3175 685 3231; x_wconf 79' lang='lat' dir='ltr'>Assyriorum</span> <span class='ocrx_word' id='word_1_559' title='bbox 706 3189 858 3217; x_wconf 83' lang='lat' dir='ltr'>eruam</span> <span class='ocrx_word' id='word_1_560' title='bbox 884 3182 938 3226; x_wconf 78' lang='lat' dir='ltr'>te,</span> <span class='ocrx_word' id='word_1_561' title='bbox 967 3182 1008 3218; x_wconf 88' lang='lat' dir='ltr'>et</span> <span class='ocrx_word' id='word_1_562' title='bbox 1032 3175 1261 3218; x_wconf 84' lang='lat' dir='ltr'>civitatem</span> <span class='ocrx_word' id='word_1_563' title='bbox 1282 3174 1429 3230; x_wconf 87' lang='lat' dir='ltr'>istam,</span> <span class='ocrx_word' id='word_1_564' title='bbox 1453 3179 1496 3217; x_wconf 88' lang='lat' dir='ltr'>et</span> <span class='ocrx_word' id='word_1_565' title='bbox 1521 3178 1752 3230; x_wconf 84' lang='lat' dir='ltr'>protegam</span> <span class='ocrx_word' id='word_1_566' title='bbox 1777 3184 1887 3213; x_wconf 83' lang='lat' dir='ltr'>eam.</span> <span class='ocrx_word' id='word_1_567' title='bbox 1918 3169 1932 3195; x_wconf 65' lang='grc' dir='ltr'><strong>ἵ</strong></span> <span class='ocrx_word' id='word_1_568' title='bbox 1956 3170 2053 3212; x_wconf 88' lang='lat' dir='ltr'>Hoc</span> <span class='ocrx_word' id='word_1_569' title='bbox 2079 3174 2230 3220; x_wconf 79' lang='lat' dir='ltr'>autem</span> 
     </span>
     <span class='ocr_line' id='line_1_62' title="bbox 401 3227 2230 3290; baseline -0.003 -14"><span class='ocrx_word' id='word_1_570' title='bbox 401 3233 486 3276; x_wconf 87' lang='lat' dir='ltr'>tibi</span> <span class='ocrx_word' id='word_1_571' title='bbox 526 3233 608 3277; x_wconf 89' lang='lat' dir='ltr'>erit</span> <span class='ocrx_word' id='word_1_572' title='bbox 647 3234 826 3290; x_wconf 73' lang='lat' dir='ltr'>signum</span> <span class='ocrx_word' id='word_1_573' title='bbox 862 3249 888 3275; x_wconf 85' lang='lat' dir='ltr'>a</span> <span class='ocrx_word' id='word_1_574' title='bbox 928 3234 1136 3290; x_wconf 85' lang='lat' dir='ltr'>Domino,</span> <span class='ocrx_word' id='word_1_575' title='bbox 1180 3234 1282 3290; x_wconf 89' lang='lat' dir='ltr'>quia</span> <span class='ocrx_word' id='word_1_576' title='bbox 1319 3233 1474 3277; x_wconf 74' lang='lat' dir='ltr'>faciet</span> <span class='ocrx_word' id='word_1_577' title='bbox 1504 3231 1719 3275; x_wconf 86' lang='lat' dir='ltr'>Dominus</span> <span class='ocrx_word' id='word_1_578' title='bbox 1758 3230 1943 3272; x_wconf 77' lang='lat' dir='ltr'>verbum</span> <span class='ocrx_word' id='word_1_579' title='bbox 1984 3229 2067 3271; x_wconf 89' lang='lat' dir='ltr'>hoc</span> <span class='ocrx_word' id='word_1_580' title='bbox 2116 3227 2230 3283; x_wconf 81' lang='lat' dir='ltr'>quod</span> 
     </span>
     <span class='ocr_line' id='line_1_63' title="bbox 404 3288 2230 3347; baseline -0.004 -11"><span class='ocrx_word' id='word_1_581' title='bbox 404 3294 576 3336; x_wconf 85' lang='lat' dir='ltr'>locutus</span> <span class='ocrx_word' id='word_1_582' title='bbox 616 3301 682 3337; x_wconf 89' lang='lat' dir='ltr'>est</span> <span class='ocrx_word' id='word_1_583' title='bbox 726 3310 733 3337; x_wconf 91' lang='lat'><strong>:</strong></span> <span class='ocrx_word' id='word_1_584' title='bbox 779 3294 795 3318; x_wconf 61' lang='grc' dir='ltr'>ὃ</span> <span class='ocrx_word' id='word_1_585' title='bbox 829 3294 940 3335; x_wconf 74' lang='lat' dir='ltr'>Ecce</span> <span class='ocrx_word' id='word_1_586' title='bbox 981 3308 1061 3347; x_wconf 80' lang='lat' dir='ltr'>ego</span> <span class='ocrx_word' id='word_1_587' title='bbox 1103 3293 1262 3336; x_wconf 67' lang='lat' dir='ltr'>reverti</span> <span class='ocrx_word' id='word_1_588' title='bbox 1304 3293 1473 3335; x_wconf 74' lang='lat' dir='ltr'>faciam</span> <span class='ocrx_word' id='word_1_589' title='bbox 1514 3290 1717 3333; x_wconf 72' lang='lat' dir='ltr'>umbmm</span> <span class='ocrx_word' id='word_1_590' title='bbox 1756 3288 1973 3331; x_wconf 82' lang='lat' dir='ltr'>linearum</span> <span class='ocrx_word' id='word_1_591' title='bbox 2011 3293 2087 3344; x_wconf 86' lang='lat' dir='ltr'>per</span> <span class='ocrx_word' id='word_1_592' title='bbox 2120 3301 2230 3342; x_wconf 82' lang='lat' dir='ltr'>quas</span> 
     </span>
     <span class='ocr_line' id='line_1_64' title="bbox 405 3345 2230 3407; baseline -0.004 -12"><span class='ocrx_word' id='word_1_593' title='bbox 405 3353 691 3396; x_wconf 83' lang='lat' dir='ltr'>descenderat</span> <span class='ocrx_word' id='word_1_594' title='bbox 728 3353 772 3395; x_wconf 88' lang='lat' dir='ltr'>in</span> <span class='ocrx_word' id='word_1_595' title='bbox 814 3352 1040 3407; x_wconf 78' lang='lat' dir='ltr'>horologio</span> <span class='ocrx_word' id='word_1_596' title='bbox 1086 3353 1236 3395; x_wconf 83' lang='lat' dir='ltr'>Achaz</span> <span class='ocrx_word' id='word_1_597' title='bbox 1276 3353 1322 3395; x_wconf 86' lang='lat' dir='ltr'>in</span> <span class='ocrx_word' id='word_1_598' title='bbox 1363 3352 1473 3406; x_wconf 87' lang='lat' dir='ltr'>sole,</span> <span class='ocrx_word' id='word_1_599' title='bbox 1512 3355 1748 3394; x_wconf 80' lang='lat' dir='ltr'>retrorsum</span> <span class='ocrx_word' id='word_1_600' title='bbox 1790 3348 1944 3390; x_wconf 85' lang='lat' dir='ltr'>decem</span> <span class='ocrx_word' id='word_1_601' title='bbox 1986 3345 2129 3389; x_wconf 78' lang='lat' dir='ltr'>lineis.</span> <span class='ocrx_word' id='word_1_602' title='bbox 2173 3346 2230 3388; x_wconf 80' lang='lat' dir='ltr'>Et</span> 
     </span>
     <span class='ocr_line' id='line_1_65' title="bbox 404 3407 1843 3468; baseline -0.003 -15"><span class='ocrx_word' id='word_1_603' title='bbox 404 3425 600 3454; x_wconf 70' lang='lat' dir='ltr'>reversus</span> <span class='ocrx_word' id='word_1_604' title='bbox 626 3417 692 3455; x_wconf 78' lang='lat' dir='ltr'>est</span> <span class='ocrx_word' id='word_1_605' title='bbox 712 3412 775 3454; x_wconf 80' lang='lat' dir='ltr'>sol</span> <span class='ocrx_word' id='word_1_606' title='bbox 798 3411 950 3454; x_wconf 73' lang='lat' dir='ltr'>decem</span> <span class='ocrx_word' id='word_1_607' title='bbox 976 3411 1104 3454; x_wconf 88' lang='lat' dir='ltr'>lineis</span> <span class='ocrx_word' id='word_1_608' title='bbox 1130 3426 1206 3468; x_wconf 87' lang='lat' dir='ltr'>per</span> <span class='ocrx_word' id='word_1_609' title='bbox 1230 3412 1393 3465; x_wconf 73' lang='lat' dir='ltr'>gradus</span> <span class='ocrx_word' id='word_1_610' title='bbox 1415 3424 1522 3466; x_wconf 68' lang='lat' dir='ltr'>(pios</span> <span class='ocrx_word' id='word_1_611' title='bbox 1543 3407 1843 3452; x_wconf 69' lang='lat' dir='ltr'>descenderat.</span> 
     </span>
    </p>
   </div>
   <div class='ocr_carea' id='block_1_12' title="bbox 402 3499 504 3504">
    <p class='ocr_par' dir='ltr' id='par_1_12' title="bbox 402 3499 504 3504">
     <span class='ocr_line' id='line_1_66' title="bbox 402 3499 504 3504; baseline 0 0"><span class='ocrx_word' id='word_1_612' title='bbox 402 3499 504 3504; x_wconf 95' lang='lat' dir='ltr'> </span> 
     </span>
    </p>
   </div>
   <div class='ocr_carea' id='block_1_13' title="bbox 701 3500 847 3505">
    <p class='ocr_par' dir='ltr' id='par_1_13' title="bbox 701 3500 847 3505">
     <span class='ocr_line' id='line_1_67' title="bbox 701 3500 847 3505; baseline 0 0"><span class='ocrx_word' id='word_1_613' title='bbox 701 3500 847 3505; x_wconf 95' lang='lat' dir='ltr'> </span> 
     </span>
    </p>
   </div>
   <div class='ocr_carea' id='block_1_14' title="bbox 405 3535 2226 3619">
    <p class='ocr_par' dir='ltr' id='par_1_14' title="bbox 405 3522 2226 3619">
     <span class='ocr_line' id='line_1_68' title="bbox 405 3535 2226 3575; baseline -0.004 -6"><span class='ocrx_word' id='word_1_614' title='bbox 405 3544 453 3574; x_wconf 66' lang='grc'>30]</span> <span class='ocrx_word' id='word_1_615' title='bbox 472 3542 514 3568; x_wconf 69' lang='lat' dir='ltr'>IV</span> <span class='ocrx_word' id='word_1_616' title='bbox 541 3544 620 3575; x_wconf 53' lang='lat' dir='ltr'>ling.</span> <span class='ocrx_word' id='word_1_617' title='bbox 647 3544 748 3572; x_wconf 80' lang='lat' dir='ltr'>XIX,</span> <span class='ocrx_word' id='word_1_618' title='bbox 769 3547 813 3570; x_wconf 68' lang='lat'>2251.</span> <span class='ocrx_word' id='word_1_619' title='bbox 843 3543 919 3570; x_wconf 68' lang='lat' dir='ltr'>Tor».</span> <span class='ocrx_word' id='word_1_620' title='bbox 948 3543 973 3569; x_wconf 80' lang='grc' dir='ltr'>Ῐ,</span> <span class='ocrx_word' id='word_1_621' title='bbox 998 3545 1040 3569; x_wconf 75' lang='lat'>21.</span> <span class='ocrx_word' id='word_1_622' title='bbox 1073 3541 1173 3569; x_wconf 65' lang='lat' dir='ltr'>lis-eli.</span> <span class='ocrx_word' id='word_1_623' title='bbox 1201 3542 1366 3573; x_wconf 65' lang='lat' dir='ltr'>XLVHI,</span> <span class='ocrx_word' id='word_1_624' title='bbox 1392 3545 1437 3568; x_wconf 73' lang='lat'>2¹4.</span> <span class='ocrx_word' id='word_1_625' title='bbox 1468 3541 1482 3567; x_wconf 87' lang='grc' dir='ltr'>Ι</span> <span class='ocrx_word' id='word_1_626' title='bbox 1502 3539 1607 3567; x_wconf 67' lang='lat' dir='ltr'>Maeli.</span> <span class='ocrx_word' id='word_1_627' title='bbox 1633 3539 1719 3572; x_wconf 74' lang='lat' dir='ltr'>VII,</span> <span class='ocrx_word' id='word_1_628' title='bbox 1743 3538 1787 3564; x_wconf 69' lang='lat'>41.</span> <span class='ocrx_word' id='word_1_629' title='bbox 1815 3537 1848 3563; x_wconf 93' lang='lat' dir='ltr'>lI</span> <span class='ocrx_word' id='word_1_630' title='bbox 1876 3535 1982 3563; x_wconf 79' lang='lat' dir='ltr'>Mach.</span> <span class='ocrx_word' id='word_1_631' title='bbox 2001 3535 2107 3571; x_wconf 74' lang='lat' dir='ltr'>VIII,</span> <span class='ocrx_word' id='word_1_632' title='bbox 2126 3537 2169 3563; x_wconf 66' lang='lat'>15⁴.</span> <span class='ocrx_word' id='word_1_633' title='bbox 2188 3544 2226 3554; x_wconf 80' lang='lat'>-·</span> 
     </span>
     <span class='ocr_line' id='line_1_69' title="bbox 406 3583 1653 3619; baseline 0 -8"><span class='ocrx_word' id='word_1_634' title='bbox 406 3585 434 3616; x_wconf 83' lang='lat'>1]</span> <span class='ocrx_word' id='word_1_635' title='bbox 462 3585 505 3611; x_wconf 84' lang='lat' dir='ltr'>IV</span> <span class='ocrx_word' id='word_1_636' title='bbox 534 3586 614 3618; x_wconf 55' lang='lat' dir='ltr'>Rea.</span> <span class='ocrx_word' id='word_1_637' title='bbox 642 3587 715 3613; x_wconf 76' lang='lat' dir='ltr'>XX.</span> <span class='ocrx_word' id='word_1_638' title='bbox 743 3589 765 3614; x_wconf 94' lang='lat' dir='ltr'>l.</span> <span class='ocrx_word' id='word_1_639' title='bbox 800 3587 832 3613; x_wconf 82' lang='lat'>11</span> <span class='ocrx_word' id='word_1_640' title='bbox 859 3586 929 3613; x_wconf 77' lang='lat' dir='ltr'>Par.</span> <span class='ocrx_word' id='word_1_641' title='bbox 959 3585 1105 3619; x_wconf 73' lang='lat' dir='ltr'>XXXII,</span> <span class='ocrx_word' id='word_1_642' title='bbox 1130 3587 1173 3612; x_wconf 75' lang='lat'>24.</span> <span class='ocrx_word' id='word_1_643' title='bbox 1193 3599 1227 3603; x_wconf 88' lang='lat'>—</span> <span class='ocrx_word' id='word_1_644' title='bbox 1245 3587 1273 3618; x_wconf 41' lang='lat' dir='ltr'>a]</span> <span class='ocrx_word' id='word_1_645' title='bbox 1301 3584 1401 3611; x_wconf 53' lang='lat' dir='ltr'>herli.</span> <span class='ocrx_word' id='word_1_646' title='bbox 1431 3583 1653 3612; x_wconf 76' lang='lat' dir='ltr'>XLV111.26.</span> 
     </span>
    </p>
   </div>
  </div>
 </body>
</html>
