2423 3861
409 99 495 144 544
594 97 605 109 *
1022 102 1110 144 Jon
1142 102 1247 156 XL,
1282 103 1307 144 7
1341 128 1399 145 -,-
1430 102 1561 157 XLI,
1595 104 1635 146 6.

705 276 749 314 et
770 271 1013 327 respiciens
1039 286 1216 315 omnem
1242 278 1527 329 arrogantem
1549 272 1751 318 humilia.

604 329 619 356 7
642 330 828 387 Respice
854 336 1037 373 cunctos
1059 331 1290 388 superbos,
1314 338 1356 375 et
1382 331 1610 375 confunde
1637 345 1731 386 eos,

704 395 748 432 et
773 395 950 433 contere
974 390 1136 446 impios
1158 390 1205 433 in
1229 391 1327 435 loco
1353 405 1444 434 suo.

605 448 622 475 ⁸
640 448 877 492 Absconde
903 463 977 493 eos
1000 449 1047 491 in
1073 449 1254 506 pulvere
1276 451 1431 504 simul,

703 513 746 551 et
771 508 914 551 facies
936 522 1088 551 eorum
1115 509 1323 566 demerge
1347 510 1392 552 in
1416 510 1611 554 foveam.
1649 528 1653 530 *

604 566 621 593 9
639 568 697 610 Et
722 581 803 623 ego
827 567 1069 612 confitebor

703 627 818 682 quod
844 627 1017 671 salvare
1042 634 1086 672 te
1111 628 1248 685 possit
1273 629 1457 673 dextera
1482 635 1573 674 tua.

128 705 314 734 ssehemoth
586 685 622 712 1⁰
639 687 755 729 Ecce
776 685 1017 730 behemoth
1043 701 1175 743 quem
1200 687 1290 731 feci
1316 693 1475 742 tecum,

112 748 328 778 describitur.
702 746 879 788 foenum
905 746 1030 802 quasi
1055 747 1134 790 bos
1157 747 1373 791 comedet.

585 804 618 830 11
639 804 873 848 Fortitudo
896 805 993 862 ejus
1017 806 1064 849 in
1090 806 1255 849 lumbis
1277 806 1395 863 ejus,

546 868 548 871 ’
703 869 746 907 et
766 864 907 907 virtus
932 865 1053 908 illius
1078 865 1124 908 in
1146 865 1360 910 umbilico
1382 867 1548 911 ventris
1570 867 1681 924 ejus,

584 922 620 950 19
639 923 826 979 Stringit
851 925 1040 967 caudam
1066 938 1193 967 suam
1214 925 1339 980 quasi
1362 926 1568 981 cedrum3

702 983 827 1026 nervi
853 984 1160 1028 testiculorum
1187 984 1284 1040 ejus
1309 985 1509 1041 perplexi
1536 992 1651 1029 sunt.

586 1042 622 1069 13
641 1043 750 1087 Ossa
776 1042 872 1099 ejus
898 1043 1021 1085 velut
1047 1043 1208 1086 fistulae
1237 1043 1357 1099 aeris,

703 1102 917 1157 cartilago
943 1101 1063 1145 illius
1090 1102 1214 1158 quasi
1241 1102 1424 1146 laminae
1461 1105 1633 1149 ferreae.

585 1159 620 1186 14
639 1161 742 1217 Ipse
769 1167 833 1203 est
858 1161 1128 1218 principium
1148 1161 1326 1206 viarum
1351 1162 1461 1218 Dei;
1696 1209 1699 1211 Α

702 1220 776 1275 qui
801 1220 915 1263 fecit
941 1235 1044 1263 eum
1069 1221 1317 1278 applicabit
1342 1221 1545 1278 gladium
1573 1224 1683 1280 ejus.

584 1278 619 1305 15
639 1279 758 1322 Huic
784 1285 956 1323 montes
977 1280 1138 1323 herbas
1165 1281 1342 1337 ferunt,

701 1353 854 1383 omnes
875 1339 1031 1383 bestiae
1057 1339 1153 1395 agri
1175 1340 1332 1384 ludent
1355 1341 1432 1384 ibi.
1450 1385 1456 1392 ,

584 1398 619 1425 16
637 1398 727 1442 Sub
754 1399 911 1442 umbra
938 1399 1121 1455 dormit,
1150 1400 1195 1442 in
1218 1406 1388 1444 secreto
1409 1400 1572 1443 calami

702 1462 745 1501 et
769 1458 816 1501 in
842 1459 950 1502 locis
977 1459 1280 1504 humentibus.

583 1516 616 1542 ¹⁷
637 1518 882 1573 Protegunt
903 1518 1072 1561 umbrae
1094 1519 1301 1562 umbram
1327 1520 1450 1576 eJ'us;

701 1577 1042 1620 circumdabunt
1067 1593 1169 1622 eum
1193 1579 1352 1622 salices
1377 1581 1598 1625 torrentis.

583 1636 618 1662 18
638 1638 754 1679 Ecce
777 1636 1035 1680 absorbebit
1059 1637 1268 1693 fluvium,
1292 1644 1334 1681 et
1359 1652 1449 1681 non
1469 1640 1727 1689 mirabitur,

701 1701 745 1739 et
769 1696 906 1739 habet
930 1696 1142 1740 fiduciam
1167 1698 1283 1753 quod
1305 1697 1466 1741 influat
1488 1699 1697 1742 Jordanis
1716 1699 1769 1747 ,in
1791 1713 1837 1743 os
1864 1700 1974 1756 ejus.

583 1754 618 1781 19
636 1744 857 1799 In⁴oculis
879 1756 977 1812 ejus
1003 1756 1129 1812 quasi
1154 1757 1288 1801 hamo
1314 1757 1463 1813 capiet
1485 1772 1607 1812 eum,

701 1820 745 1858 et
765 1815 812 1858 in
838 1815 1023 1858 sudibus
1048 1816 1297 1872 perforabit
1320 1830 1450 1859 nares
1472 1817 1582 1872 ejus.

122 1880 314 1929 Descriptio
582 1872 619 1899 ‘2⁰
636 1875 709 1916 An
732 1874 963 1917 extrahere
986 1875 1150 1931 poteris
1175 1875 1406 1918 leviathau
1433 1877 1584 1931 hamo,

124 1926 307 1954 leviathan.
701 1938 745 1976 et
766 1933 875 1978 fune
896 1934 1060 1990 ligabis
1082 1934 1286 1991 linguam
1309 1934 1438 1990 ejus?

583 1991 616 2017 91
636 1992 866 2049 Numquid
891 2007 1029 2049 pones
1055 1993 1271 2037 circulum
1295 1994 1342 2037 in
1363 1995 1545 2038 naribus
1571 1996 1688 2051 ejus,

701 2057 778 2094 aut
804 2053 978 2096 armilla
1003 2053 1253 2110 perforabis
1278 2054 1512 2096 maxillam
1539 2054 1668 2110 ejus?

582 2109 620 2136 99
637 2111 866 2167 Numquid
894 2112 1216 2169 multiplicabit
1239 2113 1297 2156 ad
1323 2119 1367 2157 te
1391 2128 1563 2170 preces,

702 2176 779 2214 aut
803 2171 1006 2227 loquetur
1031 2172 1113 2215 tibi
1140 2172 1323 2216 mollia?

582 2227 619 2256 93
639 2230 867 2287 Numquid
890 2231 1025 2275 feriet
1050 2237 1199 2275 tecum
1225 2238 1428 2289 pactum,

701 2295 744 2333 et
767 2291 959 2347 accipies
983 2306 1084 2334 eum
1110 2306 1286 2334 servum
1309 2292 1666 2349 sempiternum?

582 2346 618 2374 24
635 2349 864 2406 Numquid
889 2350 1052 2394 illudes
1077 2351 1118 2395 ei
1143 2351 1269 2407 quasi
1295 2352 1391 2407 avi,

699 2413 778 2452 aut
802 2409 965 2466 ligabis
988 2425 1089 2454 eum
1114 2410 1292 2454 ancillis
1314 2411 1434 2455 tuis?

581 2466 618 2494 95
635 2468 883 2512 Concident
907 2484 1011 2512 eum
1034 2470 1205 2513 amici?

700 2527 905 2572 divident
925 2528 1054 2572 illum
1075 2529 1405 2584 negotiatores?

583 2586 619 2613 ²3
635 2587 862 2643 Numquid
887 2588 1096 2644 implebis
1123 2604 1312 2644 sagenas
1335 2589 1450 2646 pelle
1474 2589 1592 2646 ejus,

701 2653 743 2690 et
767 2648 1052 2703 gurgustium
1076 2648 1267 2704 piscium
1293 2649 1440 2705 capite
1463 2648 1614 2693 illius?

580 2704 615 2731 97
635 2707 755 2749 Pone
777 2715 916 2763 super
935 2721 1037 2750 eum
1062 2722 1245 2751 manum
1267 2713 1417 2762 tuam3

700 2773 924 2810 memento
946 2767 1075 2821 belli,
1100 2781 1183 2810 nec
1208 2767 1326 2810 ultra
1351 2767 1492 2811 addas
1517 2767 1650 2824 loqui.

580 2823 616 2850 98
635 2825 751 2868 Ecce
777 2840 876 2881 spes
903 2825 1000 2881 ejus
1026 2826 1318 2870 frustrabitur
1343 2841 1470 2883 eum,

699 2890 743 2927 et.
768 2885 1025 2928 videntibus
1052 2886 1225 2929 cunctis
1250 2887 1620 2943 praecipitabitur.

460 2943 569 2986 CAP.
595 2944 718 2987 XLI.
743 2968 802 2976 ——-
824 2943 837 2969 1
861 2945 962 2987 Non
988 2946 1114 3000 quasi
1141 2945 1331 2989 crudelis
1356 2947 1582 2990 suscitabo
1609 2960 1734 2999 eum:

700 3003 796 3059 quis
822 3004 938 3046 enim
961 3004 1164 3048 resistere
1190 3010 1337 3061 potest
1362 3005 1507 3048 vultui
1532 3004 1662 3048 meo?

599 3061 617 3087 9
634 3062 739 3112 Qujs
763 3067 869 3106 ante
895 3062 1020 3106 dedit
1044 3064 1175 3119 mihi,
1198 3069 1248 3107 ut
1271 3064 1458 3108 reddam
1484 3065 1554 3108 ei?

699 3122 863 3165 Omnia
889 3137 986 3177 quae
1013 3123 1094 3165 sub
1122 3123 1231 3166 caelo
1257 3129 1381 3178 sunt,
1406 3138 1506 3166 mea
1530 3129 1646 3167 sunt.

600 3179 618 3206 3
634 3180 733 3223 Non
759 3195 939 3236 parcam
966 3182 1026 3236 ei,
1053 3188 1097 3225 et
1122 3182 1269 3226 verbis
1296 3183 1571 3239 potentibus,

700 3244 743 3282 et
767 3240 824 3282 ad
847 3240 1178 3297 deprecandum
1201 3242 1470 3298 compositis.

598 3297 616 3324 4
633 3298 739 3348 Quis
760 3299 978 3342 revelabit
1002 3300 1172 3343 faciem
1191 3300 1444 3343 indumenti
1466 3302 1562 3357 ejus
1582 3302 1602 3346 ?

701 3362 744 3400 et
768 3357 812 3399 in
836 3359 1033 3401 medium
1059 3360 1144 3403 oris
1169 3360 1269 3415 ejus
1294 3360 1391 3416 quis
1416 3360 1631 3405 intrabit?

600 3417 617 3443 ⁵
637 3417 792 3460 Portas
818 3417 965 3459 vultus
993 3419 1088 3473 ejus
1115 3419 1211 3474 quis
1236 3418 1436 3475 aperiet?

701 3476 784 3519 Per
808 3490 968 3531 gyrum
993 3477 1195 3520 dentium
1223 3479 1320 3534 ejus
1341 3477 1550 3522 formido.

601 3536 619 3562 6
636 3536 804 3591 Corpus
826 3534 948 3578 illius
973 3537 1098 3590 quasi
1126 3543 1252 3580 scuta
1276 3537 1452 3591 fusilia,

700 3599 982 3651 compactum
1007 3596 1272 3650 squamis'se
1298 3597 1616 3652 prementibus.
