<?xml version="1.0" encoding="UTF-8"?>
<!DOCTYPE html PUBLIC "-//W3C//DTD XHTML 1.0 Transitional//EN"
    "http://www.w3.org/TR/xhtml1/DTD/xhtml1-transitional.dtd">
<html xmlns="http://www.w3.org/1999/xhtml" xml:lang="en" lang="en">
 <head>
  <title>
</title>
<meta http-equiv="Content-Type" content="text/html;charset=utf-8" />
  <meta name='ocr-system' content='tesseract 3.04.00' />
  <meta name='ocr-capabilities' content='ocr_page ocr_carea ocr_par ocr_line ocrx_word'/>
</head>
<body>
  <div class='ocr_page' id='page_1' title='image "./bibliasacrajuxta00fill_0092.png"; bbox 0 0 2456 3861; ppageno 0'>
   <div class='ocr_carea' id='block_1_1' title="bbox 160 736 363 769">
    <p class='ocr_par' dir='ltr' id='par_1_1' title="bbox 160 736 363 769">
     <span class='ocr_line' id='line_1_1' title="bbox 160 736 363 769; baseline -0.005 -5"><span class='ocrx_word' id='word_1_1' title='bbox 160 736 276 764; x_wconf 87' lang='lat' dir='ltr'>Mensa</span> <span class='ocrx_word' id='word_1_2' title='bbox 305 744 363 769; x_wconf 75' lang='lat' dir='ltr'>pro</span> 
     </span>
    </p>
   </div>
   <div class='ocr_carea' id='block_1_2' title="bbox 142 779 382 813">
    <p class='ocr_par' dir='ltr' id='par_1_2' title="bbox 142 779 382 813">
     <span class='ocr_line' id='line_1_2' title="bbox 142 779 382 813; baseline -0.004 -5"><span class='ocrx_word' id='word_1_3' title='bbox 142 779 284 813; x_wconf 74' lang='lat' dir='ltr'>panibus</span> <span class='ocrx_word' id='word_1_4' title='bbox 311 787 382 812; x_wconf 70' lang='lat' dir='ltr'>pro-</span> 
     </span>
    </p>
   </div>
   <div class='ocr_carea' id='block_1_3' title="bbox 165 824 355 858">
    <p class='ocr_par' dir='ltr' id='par_1_3' title="bbox 165 824 355 858">
     <span class='ocr_line' id='line_1_3' title="bbox 165 824 355 858; baseline 0.005 -5"><span class='ocrx_word' id='word_1_5' title='bbox 165 824 355 858; x_wconf 73' lang='lat' dir='ltr'><strong>positionis.</strong></span> 
     </span>
    </p>
   </div>
   <div class='ocr_carea' id='block_1_4' title="bbox 183 1450 337 1523">
    <p class='ocr_par' dir='ltr' id='par_1_4' title="bbox 183 1450 337 1523">
     <span class='ocr_line' id='line_1_4' title="bbox 183 1450 337 1478; baseline 0.006 -1"><span class='ocrx_word' id='word_1_6' title='bbox 183 1450 337 1478; x_wconf 85' lang='lat' dir='ltr'>Candela-</span> 
     </span>
     <span class='ocr_line' id='line_1_5' title="bbox 207 1496 313 1523; baseline 0.009 -1"><span class='ocrx_word' id='word_1_7' title='bbox 207 1496 313 1523; x_wconf 77' lang='lat' dir='ltr'>bruni.</span> 
     </span>
    </p>
   </div>
   <div class='ocr_carea' id='block_1_5' title="bbox 153 2331 372 2404">
    <p class='ocr_par' dir='ltr' id='par_1_5' title="bbox 153 2331 372 2404">
     <span class='ocr_line' id='line_1_6' title="bbox 189 2331 334 2360; baseline 0 0"><span class='ocrx_word' id='word_1_8' title='bbox 189 2331 334 2360; x_wconf 82' lang='lat' dir='ltr'>Cortinae</span> 
     </span>
     <span class='ocr_line' id='line_1_7' title="bbox 153 2375 372 2404; baseline -0.005 0"><span class='ocrx_word' id='word_1_9' title='bbox 153 2375 372 2404; x_wconf 75' lang='lat' dir='ltr'>tabernaculi.</span> 
     </span>
    </p>
   </div>
   <div class='ocr_carea' id='block_1_6' title="bbox 451 138 1746 194">
    <p class='ocr_par' dir='ltr' id='par_1_6' title="bbox 451 138 1746 194">
     <span class='ocr_line' id='line_1_8' title="bbox 451 138 1746 194; baseline -0.002 -11"><span class='ocrx_word' id='word_1_10' title='bbox 451 139 505 183; x_wconf 86' lang='lat'>76</span> <span class='ocrx_word' id='word_1_11' title='bbox 990 139 1072 180; x_wconf 78' lang='lat' dir='ltr'>Ex.</span> <span class='ocrx_word' id='word_1_12' title='bbox 1106 139 1250 193; x_wconf 83' lang='lat' dir='ltr'>XXV,</span> <span class='ocrx_word' id='word_1_13' title='bbox 1288 138 1342 181; x_wconf 86' lang='lat'>19</span> <span class='ocrx_word' id='word_1_14' title='bbox 1374 165 1432 170; x_wconf 83' lang='lat'><em>-</em></span> <span class='ocrx_word' id='word_1_15' title='bbox 1463 139 1642 194; x_wconf 77' lang='lat' dir='ltr'>xxvi,</span> <span class='ocrx_word' id='word_1_16' title='bbox 1679 140 1746 182; x_wconf 86' lang='lat'>13.</span> 
     </span>
    </p>
   </div>
   <div class='ocr_carea' id='block_1_7' title="bbox 445 308 2289 3561">
    <p class='ocr_par' dir='ltr' id='par_1_7' title="bbox 447 308 2285 718">
     <span class='ocr_line' id='line_1_9' title="bbox 449 308 2284 366; baseline 0.001 -13"><span class='ocrx_word' id='word_1_17' title='bbox 449 323 604 353; x_wconf 89' lang='lat' dir='ltr'>aureos</span> <span class='ocrx_word' id='word_1_18' title='bbox 626 314 670 352; x_wconf 87' lang='lat' dir='ltr'>et</span> <span class='ocrx_word' id='word_1_19' title='bbox 690 308 959 366; x_wconf 78' lang='lat' dir='ltr'>productiles</span> <span class='ocrx_word' id='word_1_20' title='bbox 984 308 1146 363; x_wconf 76' lang='lat' dir='ltr'>facies,</span> <span class='ocrx_word' id='word_1_21' title='bbox 1175 322 1229 350; x_wconf 84' lang='lat' dir='ltr'>ex</span> <span class='ocrx_word' id='word_1_22' title='bbox 1254 314 1440 362; x_wconf 89' lang='lat' dir='ltr'>utraque</span> <span class='ocrx_word' id='word_1_23' title='bbox 1465 314 1591 364; x_wconf 88' lang='lat' dir='ltr'>parte</span> <span class='ocrx_word' id='word_1_24' title='bbox 1619 308 1797 351; x_wconf 89' lang='grc'><strong>0130311.</strong></span> <span class='ocrx_word' id='word_1_25' title='bbox 1833 309 1869 335; x_wconf 82' lang='lat'>¹9</span> <span class='ocrx_word' id='word_1_26' title='bbox 1891 309 2066 354; x_wconf 84' lang='lat' dir='ltr'>Cherub</span> <span class='ocrx_word' id='word_1_27' title='bbox 2091 325 2204 355; x_wconf 90' lang='lat' dir='ltr'>unus</span> <span class='ocrx_word' id='word_1_28' title='bbox 2226 312 2284 355; x_wconf 88' lang='lat' dir='ltr'>sit</span> 
     </span>
     <span class='ocr_line' id='line_1_10' title="bbox 449 365 2285 426; baseline 0.002 -15"><span class='ocrx_word' id='word_1_29' title='bbox 449 368 492 411; x_wconf 91' lang='lat' dir='ltr'>in</span> <span class='ocrx_word' id='word_1_30' title='bbox 528 369 667 412; x_wconf 88' lang='lat' dir='ltr'>latere</span> <span class='ocrx_word' id='word_1_31' title='bbox 701 382 807 423; x_wconf 90' lang='lat' dir='ltr'>uno,</span> <span class='ocrx_word' id='word_1_32' title='bbox 837 374 879 410; x_wconf 93' lang='lat' dir='ltr'>et</span> <span class='ocrx_word' id='word_1_33' title='bbox 912 367 1024 409; x_wconf 87' lang='lat' dir='ltr'>alter</span> <span class='ocrx_word' id='word_1_34' title='bbox 1055 367 1102 408; x_wconf 91' lang='lat' dir='ltr'>in</span> <span class='ocrx_word' id='word_1_35' title='bbox 1135 366 1288 409; x_wconf 69' lang='grc' dir='ltr'><strong>31101ηο</strong></span> <span class='ocrx_word' id='word_1_36' title='bbox 1324 365 1360 392; x_wconf 77' lang='grc'><strong>’30</strong></span> <span class='ocrx_word' id='word_1_37' title='bbox 1384 367 1631 421; x_wconf 87' lang='lat' dir='ltr'>Utrumque</span> <span class='ocrx_word' id='word_1_38' title='bbox 1657 367 1773 409; x_wconf 89' lang='lat' dir='ltr'>latus</span> <span class='ocrx_word' id='word_1_39' title='bbox 1806 368 2102 424; x_wconf 88' lang='lat' dir='ltr'>propitiatorii</span> <span class='ocrx_word' id='word_1_40' title='bbox 2128 375 2285 426; x_wconf 84' lang='lat' dir='ltr'>tegant</span> 
     </span>
     <span class='ocr_line' id='line_1_11' title="bbox 450 425 2283 495; baseline 0.001 -24"><span class='ocrx_word' id='word_1_41' title='bbox 450 428 752 495; x_wconf 77' lang='lat' dir='ltr'>expandentes</span> <span class='ocrx_word' id='word_1_42' title='bbox 778 427 892 481; x_wconf 80' lang='lat' dir='ltr'>alas,</span> <span class='ocrx_word' id='word_1_43' title='bbox 917 431 960 468; x_wconf 91' lang='lat' dir='ltr'>et</span> <span class='ocrx_word' id='word_1_44' title='bbox 990 426 1235 492; x_wconf 88' lang='lat' dir='ltr'>operientes</span> <span class='ocrx_word' id='word_1_45' title='bbox 1262 425 1508 480; x_wconf 86' lang='lat' dir='ltr'>oraculum,</span> <span class='ocrx_word' id='word_1_46' title='bbox 1533 425 1858 493; x_wconf 81' lang='lat' dir='ltr'>lespiciantque</span> <span class='ocrx_word' id='word_1_47' title='bbox 1890 441 1936 470; x_wconf 91' lang='lat' dir='ltr'>se</span> <span class='ocrx_word' id='word_1_48' title='bbox 1966 434 2119 472; x_wconf 89' lang='lat' dir='ltr'>mutuo</span> <span class='ocrx_word' id='word_1_49' title='bbox 2143 430 2283 473; x_wconf 83' lang='lat' dir='ltr'>versis</span> 
     </span>
     <span class='ocr_line' id='line_1_12' title="bbox 448 484 2283 543; baseline 0.001 -13"><span class='ocrx_word' id='word_1_50' title='bbox 448 487 681 530; x_wconf 86' lang='lat' dir='ltr'>vultibus</span> <span class='ocrx_word' id='word_1_51' title='bbox 671 501 716 529; x_wconf 86' lang='grc'>111</span> <span class='ocrx_word' id='word_1_52' title='bbox 749 485 1103 542; x_wconf 85' lang='lat' dir='ltr'>propitiatorium</span> <span class='ocrx_word' id='word_1_53' title='bbox 1136 498 1221 540; x_wconf 90' lang='lat' dir='ltr'>quo</span> <span class='ocrx_word' id='word_1_54' title='bbox 1247 484 1485 540; x_wconf 85' lang='lat' dir='ltr'>operienda</span> <span class='ocrx_word' id='word_1_55' title='bbox 1519 489 1584 527; x_wconf 88' lang='lat' dir='ltr'>est</span> <span class='ocrx_word' id='word_1_56' title='bbox 1609 499 1731 538; x_wconf 91' lang='lat' dir='ltr'>arca,</span> <span class='ocrx_word' id='word_1_57' title='bbox 1762 484 1830 511; x_wconf 64' lang='lat'>2¹</span> <span class='ocrx_word' id='word_1_58' title='bbox 1819 500 1865 528; x_wconf 88' lang='lat' dir='ltr'>m</span> <span class='ocrx_word' id='word_1_59' title='bbox 1892 500 1978 542; x_wconf 89' lang='lat' dir='ltr'>qua</span> <span class='ocrx_word' id='word_1_60' title='bbox 1997 501 2134 543; x_wconf 89' lang='lat' dir='ltr'>pones</span> <span class='ocrx_word' id='word_1_61' title='bbox 2159 489 2283 532; x_wconf 89' lang='lat' dir='ltr'>testi-</span> 
     </span>
     <span class='ocr_line' id='line_1_13' title="bbox 448 542 2283 615; baseline 0.001 -26"><span class='ocrx_word' id='word_1_62' title='bbox 448 546 647 589; x_wconf 89' lang='lat' dir='ltr'>monium</span> <span class='ocrx_word' id='word_1_63' title='bbox 673 544 789 600; x_wconf 92' lang='lat' dir='ltr'>quod</span> <span class='ocrx_word' id='word_1_64' title='bbox 817 543 932 586; x_wconf 85' lang='lat' dir='ltr'>dabo</span> <span class='ocrx_word' id='word_1_65' title='bbox 957 542 1122 587; x_wconf 81' lang='grc'><strong>11111.”3“3</strong></span> <span class='ocrx_word' id='word_1_66' title='bbox 1143 543 1256 586; x_wconf 91' lang='lat' dir='ltr'>Inde</span> <span class='ocrx_word' id='word_1_67' title='bbox 1281 543 1562 599; x_wconf 83' lang='lat' dir='ltr'>p1aecipiam,</span> <span class='ocrx_word' id='word_1_68' title='bbox 1587 549 1630 587; x_wconf 88' lang='lat' dir='ltr'>et</span> <span class='ocrx_word' id='word_1_69' title='bbox 1656 543 1808 600; x_wconf 90' lang='lat' dir='ltr'>loquar</span> <span class='ocrx_word' id='word_1_70' title='bbox 1828 545 1885 588; x_wconf 89' lang='lat' dir='ltr'>ad</span> <span class='ocrx_word' id='word_1_71' title='bbox 1911 550 1955 588; x_wconf 93' lang='lat' dir='ltr'>te</span> <span class='ocrx_word' id='word_1_72' title='bbox 1981 560 2113 602; x_wconf 90' lang='lat' dir='ltr'>supra</span> <span class='ocrx_word' id='word_1_73' title='bbox 2137 548 2283 615; x_wconf 82' lang='lat' dir='ltr'>propi-</span> 
     </span>
     <span class='ocr_line' id='line_1_14' title="bbox 447 603 2282 660; baseline 0.001 -13"><span class='ocrx_word' id='word_1_74' title='bbox 447 605 694 659; x_wconf 87' lang='lat' dir='ltr'>tiatorium,</span> <span class='ocrx_word' id='word_1_75' title='bbox 726 617 777 646; x_wconf 86' lang='lat' dir='ltr'>ac</span> <span class='ocrx_word' id='word_1_76' title='bbox 804 603 858 646; x_wconf 91' lang='lat' dir='ltr'>de</span> <span class='ocrx_word' id='word_1_77' title='bbox 891 603 1036 645; x_wconf 90' lang='lat' dir='ltr'>medio</span> <span class='ocrx_word' id='word_1_78' title='bbox 1058 603 1244 646; x_wconf 89' lang='lat' dir='ltr'>duorum</span> <span class='ocrx_word' id='word_1_79' title='bbox 1274 603 1534 658; x_wconf 80' lang='lat' dir='ltr'>Cherubim,</span> <span class='ocrx_word' id='word_1_80' title='bbox 1562 603 1635 659; x_wconf 90' lang='lat' dir='ltr'>qui</span> <span class='ocrx_word' id='word_1_81' title='bbox 1667 608 1795 646; x_wconf 90' lang='lat' dir='ltr'>erunt</span> <span class='ocrx_word' id='word_1_82' title='bbox 1827 618 1956 660; x_wconf 90' lang='lat' dir='ltr'>super</span> <span class='ocrx_word' id='word_1_83' title='bbox 1985 618 2136 647; x_wconf 91' lang='grc'><strong>3103111</strong></span> <span class='ocrx_word' id='word_1_84' title='bbox 2160 607 2282 649; x_wconf 90' lang='lat' dir='ltr'>testi-</span> 
     </span>
     <span class='ocr_line' id='line_1_15' title="bbox 448 638 1629 718; baseline -0.002 -12"><span class='ocrx_word' id='word_1_85' title='bbox 448 664 605 718; x_wconf 92' lang='lat' dir='ltr'>monii,</span> <span class='ocrx_word' id='word_1_86' title='bbox 634 667 795 705; x_wconf 90' lang='lat' dir='ltr'>cuncta</span> <span class='ocrx_word' id='word_1_87' title='bbox 816 676 914 718; x_wconf 79' lang='lat' dir='ltr'>quae</span> <span class='ocrx_word' id='word_1_88' title='bbox 941 662 1164 705; x_wconf 84' lang='lat' dir='ltr'>mandabo</span> <span class='ocrx_word' id='word_1_89' title='bbox 1184 676 1261 718; x_wconf 88' lang='lat' dir='ltr'>per</span> <span class='ocrx_word' id='word_1_90' title='bbox 1282 668 1326 705; x_wconf 90' lang='lat' dir='ltr'>te</span> <span class='ocrx_word' id='word_1_91' title='bbox 1351 661 1454 704; x_wconf 87' lang='lat' dir='ltr'>filiis</span> <span class='ocrx_word' id='word_1_92' title='bbox 1477 638 1629 706; x_wconf 73' lang='grc'><strong>151301.</strong></span> 
     </span>
    </p>

    <p class='ocr_par' dir='ltr' id='par_1_8' title="bbox 445 699 2286 1427">
     <span class='ocr_line' id='line_1_16' title="bbox 507 699 2283 777; baseline 0.001 -12"><span class='ocrx_word' id='word_1_93' title='bbox 507 722 543 748; x_wconf 77' lang='grc'>33</span> <span class='ocrx_word' id='word_1_94' title='bbox 569 699 725 765; x_wconf 84' lang='lat' dir='ltr'>Facies</span> <span class='ocrx_word' id='word_1_95' title='bbox 751 726 795 764; x_wconf 88' lang='lat' dir='ltr'>et</span> <span class='ocrx_word' id='word_1_96' title='bbox 823 736 1024 764; x_wconf 88' lang='lat' dir='ltr'>mensam</span> <span class='ocrx_word' id='word_1_97' title='bbox 1051 722 1104 765; x_wconf 90' lang='lat' dir='ltr'>de</span> <span class='ocrx_word' id='word_1_98' title='bbox 1133 721 1268 777; x_wconf 86' lang='lat' dir='ltr'>lignis</span> <span class='ocrx_word' id='word_1_99' title='bbox 1301 721 1452 777; x_wconf 87' lang='lat' dir='ltr'>setim,</span> <span class='ocrx_word' id='word_1_100' title='bbox 1475 720 1716 765; x_wconf 78' lang='lat' dir='ltr'>habentem</span> <span class='ocrx_word' id='word_1_101' title='bbox 1747 722 1855 765; x_wconf 92' lang='lat' dir='ltr'>duos</span> <span class='ocrx_word' id='word_1_102' title='bbox 1889 723 2062 766; x_wconf 86' lang='lat' dir='ltr'>cubitos</span> <span class='ocrx_word' id='word_1_103' title='bbox 2090 723 2164 766; x_wconf 91' lang='grc'><strong>1011</strong></span> <span class='ocrx_word' id='word_1_104' title='bbox 2199 723 2283 767; x_wconf 88' lang='lat' dir='ltr'>itu-</span> 
     </span>
     <span class='ocr_line' id='line_1_17' title="bbox 448 780 2285 837; baseline 0.001 -13"><span class='ocrx_word' id='word_1_105' title='bbox 448 782 576 837; x_wconf 90' lang='lat' dir='ltr'>dinis,</span> <span class='ocrx_word' id='word_1_106' title='bbox 597 787 641 824; x_wconf 92' lang='lat' dir='ltr'>et</span> <span class='ocrx_word' id='word_1_107' title='bbox 664 781 710 823; x_wconf 90' lang='lat' dir='ltr'>in</span> <span class='ocrx_word' id='word_1_108' title='bbox 736 781 974 824; x_wconf 90' lang='lat' dir='ltr'>latitudine</span> <span class='ocrx_word' id='word_1_109' title='bbox 993 781 1206 836; x_wconf 87' lang='lat' dir='ltr'>cubitum,</span> <span class='ocrx_word' id='word_1_110' title='bbox 1227 786 1271 824; x_wconf 91' lang='lat' dir='ltr'>et</span> <span class='ocrx_word' id='word_1_111' title='bbox 1292 781 1336 823; x_wconf 89' lang='lat' dir='ltr'>in</span> <span class='ocrx_word' id='word_1_112' title='bbox 1355 780 1593 823; x_wconf 77' lang='lat' dir='ltr'>altitudine</span> <span class='ocrx_word' id='word_1_113' title='bbox 1616 781 1816 824; x_wconf 89' lang='lat' dir='ltr'>cubitum</span> <span class='ocrx_word' id='word_1_114' title='bbox 1833 797 1886 825; x_wconf 90' lang='grc'>30</span> <span class='ocrx_word' id='word_1_115' title='bbox 1904 782 2147 828; x_wconf 88' lang='lat' dir='ltr'>semissem.</span> <span class='ocrx_word' id='word_1_116' title='bbox 2191 782 2208 808; x_wconf 57' lang='lat' dir='ltr'>s*</span> <span class='ocrx_word' id='word_1_117' title='bbox 2227 783 2285 826; x_wconf 90' lang='lat' dir='ltr'>Et</span> 
     </span>
     <span class='ocr_line' id='line_1_18' title="bbox 446 840 2284 898; baseline 0.001 -15"><span class='ocrx_word' id='word_1_118' title='bbox 446 841 672 883; x_wconf 86' lang='lat' dir='ltr'>inaurabis</span> <span class='ocrx_word' id='word_1_119' title='bbox 706 854 804 883; x_wconf 90' lang='lat' dir='ltr'>eam</span> <span class='ocrx_word' id='word_1_120' title='bbox 833 855 939 883; x_wconf 89' lang='lat' dir='ltr'>auro</span> <span class='ocrx_word' id='word_1_121' title='bbox 969 840 1232 897; x_wconf 88' lang='lat' dir='ltr'>purissimo·</span> <span class='ocrx_word' id='word_1_122' title='bbox 1264 840 1492 895; x_wconf 75' lang='lat' dir='ltr'>faciesque</span> <span class='ocrx_word' id='word_1_123' title='bbox 1520 840 1587 882; x_wconf 93' lang='lat' dir='ltr'>illi</span> <span class='ocrx_word' id='word_1_124' title='bbox 1622 840 1792 884; x_wconf 91' lang='lat' dir='ltr'>labium</span> <span class='ocrx_word' id='word_1_125' title='bbox 1821 856 2003 884; x_wconf 89' lang='lat' dir='ltr'>aureum</span> <span class='ocrx_word' id='word_1_126' title='bbox 2028 856 2105 898; x_wconf 92' lang='lat' dir='ltr'>per</span> <span class='ocrx_word' id='word_1_127' title='bbox 2129 841 2284 884; x_wconf 89' lang='lat' dir='ltr'>circui-</span> 
     </span>
     <span class='ocr_line' id='line_1_19' title="bbox 447 899 2286 957; baseline 0.001 -15"><span class='ocrx_word' id='word_1_128' title='bbox 447 905 562 956; x_wconf 91' lang='lat' dir='ltr'>tum,</span> <span class='ocrx_word' id='word_1_129' title='bbox 586 899 623 926; x_wconf 74' lang='lat'>&#39;25</span> <span class='ocrx_word' id='word_1_130' title='bbox 645 905 689 943; x_wconf 91' lang='lat' dir='ltr'>et</span> <span class='ocrx_word' id='word_1_131' title='bbox 712 899 797 956; x_wconf 91' lang='lat' dir='ltr'>ipsi</span> <span class='ocrx_word' id='word_1_132' title='bbox 823 899 943 942; x_wconf 89' lang='lat' dir='ltr'>labio</span> <span class='ocrx_word' id='word_1_133' title='bbox 965 914 1172 942; x_wconf 88' lang='lat' dir='ltr'>coronam</span> <span class='ocrx_word' id='word_1_134' title='bbox 1194 899 1491 942; x_wconf 78' lang='lat' dir='ltr'>interrasilem</span> <span class='ocrx_word' id='word_1_135' title='bbox 1512 899 1652 942; x_wconf 89' lang='lat' dir='ltr'>altam</span> <span class='ocrx_word' id='word_1_136' title='bbox 1674 905 1861 955; x_wconf 89' lang='lat' dir='ltr'>quatuor</span> <span class='ocrx_word' id='word_1_137' title='bbox 1883 901 2062 957; x_wconf 74' lang='lat' dir='ltr'>digitis,</span> <span class='ocrx_word' id='word_1_138' title='bbox 2091 906 2135 944; x_wconf 90' lang='lat' dir='ltr'>et</span> <span class='ocrx_word' id='word_1_139' title='bbox 2156 915 2286 957; x_wconf 89' lang='lat' dir='ltr'>super</span> 
     </span>
     <span class='ocr_line' id='line_1_20' title="bbox 445 957 2284 1017; baseline 0.001 -16"><span class='ocrx_word' id='word_1_140' title='bbox 445 959 592 1014; x_wconf 88' lang='lat' dir='ltr'>illam,</span> <span class='ocrx_word' id='word_1_141' title='bbox 611 959 799 1002; x_wconf 89' lang='lat' dir='ltr'>alteram</span> <span class='ocrx_word' id='word_1_142' title='bbox 822 973 1028 1002; x_wconf 89' lang='lat' dir='ltr'>coronam</span> <span class='ocrx_word' id='word_1_143' title='bbox 1053 959 1293 1002; x_wconf 89' lang='lat' dir='ltr'>aureolam</span> <span class='ocrx_word' id='word_1_144' title='bbox 1321 957 1357 985; x_wconf 70' lang='grc'><strong>’36</strong></span> <span class='ocrx_word' id='word_1_145' title='bbox 1375 959 1570 1010; x_wconf 85' lang='lat' dir='ltr'>Quatuor</span> <span class='ocrx_word' id='word_1_146' title='bbox 1594 973 1766 1015; x_wconf 91' lang='lat' dir='ltr'>quoque</span> <span class='ocrx_word' id='word_1_147' title='bbox 1785 960 1972 1003; x_wconf 80' lang='lat' dir='ltr'>circulos</span> <span class='ocrx_word' id='word_1_148' title='bbox 1996 975 2150 1003; x_wconf 88' lang='lat' dir='ltr'>aureos</span> <span class='ocrx_word' id='word_1_149' title='bbox 2171 975 2284 1017; x_wconf 80' lang='lat' dir='ltr'>prae—</span> 
     </span>
     <span class='ocr_line' id='line_1_21' title="bbox 446 995 2284 1076; baseline 0.001 -15"><span class='ocrx_word' id='word_1_150' title='bbox 446 995 645 1075; x_wconf 80' lang='lat' dir='ltr'>parabis,</span> <span class='ocrx_word' id='word_1_151' title='bbox 680 1024 724 1061; x_wconf 88' lang='lat' dir='ltr'>et</span> <span class='ocrx_word' id='word_1_152' title='bbox 760 1033 896 1075; x_wconf 88' lang='lat' dir='ltr'>pones</span> <span class='ocrx_word' id='word_1_153' title='bbox 931 1033 1003 1061; x_wconf 91' lang='grc'>005</span> <span class='ocrx_word' id='word_1_154' title='bbox 1035 1018 1081 1060; x_wconf 92' lang='grc'>111</span> <span class='ocrx_word' id='word_1_155' title='bbox 1121 1023 1240 1073; x_wconf 91' lang='lat' dir='ltr'>quat</span> <span class='ocrx_word' id='word_1_156' title='bbox 1235 1033 1308 1061; x_wconf 86' lang='lat'>101</span> <span class='ocrx_word' id='word_1_157' title='bbox 1340 1018 1517 1074; x_wconf 84' lang='lat' dir='ltr'>angulis</span> <span class='ocrx_word' id='word_1_158' title='bbox 1548 1018 1750 1074; x_wconf 81' lang='lat' dir='ltr'>ejusdem</span> <span class='ocrx_word' id='word_1_159' title='bbox 1780 1034 1946 1062; x_wconf 87' lang='lat' dir='ltr'>mensae</span> <span class='ocrx_word' id='word_1_160' title='bbox 1976 1034 2053 1076; x_wconf 89' lang='lat' dir='ltr'>per</span> <span class='ocrx_word' id='word_1_161' title='bbox 2085 1020 2284 1076; x_wconf 87' lang='lat' dir='ltr'>singulos</span> 
     </span>
     <span class='ocr_line' id='line_1_22' title="bbox 446 1077 2282 1146; baseline 0.001 -25"><span class='ocrx_word' id='word_1_162' title='bbox 446 1078 593 1134; x_wconf 74' lang='lat' dir='ltr'>pedes</span> <span class='ocrx_word' id='word_1_163' title='bbox 617 1077 652 1104; x_wconf 76' lang='grc'>’37</span> <span class='ocrx_word' id='word_1_164' title='bbox 677 1078 834 1122; x_wconf 85' lang='lat' dir='ltr'>Subter</span> <span class='ocrx_word' id='word_1_165' title='bbox 856 1092 1063 1120; x_wconf 88' lang='lat' dir='ltr'>coronam</span> <span class='ocrx_word' id='word_1_166' title='bbox 1087 1083 1214 1120; x_wconf 88' lang='lat' dir='ltr'>erunt</span> <span class='ocrx_word' id='word_1_167' title='bbox 1241 1077 1393 1120; x_wconf 87' lang='grc'><strong>0110311</strong></span> <span class='ocrx_word' id='word_1_168' title='bbox 1418 1077 1560 1133; x_wconf 80' lang='lat' dir='ltr'>aurei,</span> <span class='ocrx_word' id='word_1_169' title='bbox 1584 1083 1633 1120; x_wconf 90' lang='lat' dir='ltr'>ut</span> <span class='ocrx_word' id='word_1_170' title='bbox 1658 1078 1894 1121; x_wconf 79' lang='lat' dir='ltr'>mittantur</span> <span class='ocrx_word' id='word_1_171' title='bbox 1916 1084 2066 1121; x_wconf 82' lang='lat' dir='ltr'>vectes</span> <span class='ocrx_word' id='word_1_172' title='bbox 2091 1093 2168 1146; x_wconf 79' lang='lat' dir='ltr'>per</span> <span class='ocrx_word' id='word_1_173' title='bbox 2190 1094 2282 1136; x_wconf 92' lang='lat' dir='ltr'>eos,</span> 
     </span>
     <span class='ocr_line' id='line_1_23' title="bbox 447 1136 2284 1194; baseline 0.001 -14"><span class='ocrx_word' id='word_1_174' title='bbox 447 1142 490 1180; x_wconf 91' lang='lat' dir='ltr'>et</span> <span class='ocrx_word' id='word_1_175' title='bbox 511 1138 650 1194; x_wconf 86' lang='lat' dir='ltr'>possit</span> <span class='ocrx_word' id='word_1_176' title='bbox 676 1152 828 1180; x_wconf 90' lang='lat' dir='ltr'>mensa</span> <span class='ocrx_word' id='word_1_177' title='bbox 854 1137 1033 1193; x_wconf 88' lang='lat' dir='ltr'>portari.</span> <span class='ocrx_word' id='word_1_178' title='bbox 1068 1136 1104 1163; x_wconf 78' lang='grc'>33</span> <span class='ocrx_word' id='word_1_179' title='bbox 1131 1139 1252 1193; x_wconf 86' lang='lat' dir='ltr'>lpsos</span> <span class='ocrx_word' id='word_1_180' title='bbox 1275 1151 1446 1192; x_wconf 85' lang='lat' dir='ltr'>quoque</span> <span class='ocrx_word' id='word_1_181' title='bbox 1469 1142 1616 1180; x_wconf 85' lang='lat' dir='ltr'>vectes</span> <span class='ocrx_word' id='word_1_182' title='bbox 1649 1137 1791 1180; x_wconf 74' lang='lat' dir='ltr'>facies</span> <span class='ocrx_word' id='word_1_183' title='bbox 1814 1138 1868 1181; x_wconf 90' lang='lat' dir='ltr'>de</span> <span class='ocrx_word' id='word_1_184' title='bbox 1900 1137 2036 1193; x_wconf 91' lang='lat' dir='ltr'>lignis</span> <span class='ocrx_word' id='word_1_185' title='bbox 2061 1138 2213 1194; x_wconf 88' lang='lat' dir='ltr'>setim,</span> <span class='ocrx_word' id='word_1_186' title='bbox 2241 1145 2284 1182; x_wconf 88' lang='lat' dir='ltr'>et</span> 
     </span>
     <span class='ocr_line' id='line_1_24' title="bbox 447 1195 2284 1254; baseline 0.001 -15"><span class='ocrx_word' id='word_1_187' title='bbox 447 1197 744 1239; x_wconf 86' lang='lat' dir='ltr'>circumdabis</span> <span class='ocrx_word' id='word_1_188' title='bbox 769 1210 876 1238; x_wconf 90' lang='lat' dir='ltr'>auro</span> <span class='ocrx_word' id='word_1_189' title='bbox 897 1196 953 1238; x_wconf 89' lang='lat' dir='ltr'>ad</span> <span class='ocrx_word' id='word_1_190' title='bbox 983 1196 1319 1239; x_wconf 85' lang='lat' dir='ltr'>subvehendam</span> <span class='ocrx_word' id='word_1_191' title='bbox 1353 1210 1566 1241; x_wconf 87' lang='lat' dir='ltr'>mensam.</span> <span class='ocrx_word' id='word_1_192' title='bbox 1603 1195 1639 1222; x_wconf 79' lang='grc'><strong>’39</strong></span> <span class='ocrx_word' id='word_1_193' title='bbox 1662 1197 1847 1240; x_wconf 90' lang='lat' dir='ltr'>Parabis</span> <span class='ocrx_word' id='word_1_194' title='bbox 1877 1203 1921 1240; x_wconf 89' lang='lat' dir='ltr'>et</span> <span class='ocrx_word' id='word_1_195' title='bbox 1949 1197 2206 1254; x_wconf 87' lang='lat' dir='ltr'>acetabula,</span> <span class='ocrx_word' id='word_1_196' title='bbox 2231 1212 2284 1241; x_wconf 87' lang='grc'>30</span> 
     </span>
     <span class='ocr_line' id='line_1_25' title="bbox 446 1255 2285 1313; baseline 0.001 -16"><span class='ocrx_word' id='word_1_197' title='bbox 446 1256 639 1312; x_wconf 87' lang='lat' dir='ltr'>phialas,</span> <span class='ocrx_word' id='word_1_198' title='bbox 674 1255 920 1310; x_wconf 87' lang='lat' dir='ltr'>thuribula,</span> <span class='ocrx_word' id='word_1_199' title='bbox 964 1260 1008 1298; x_wconf 91' lang='lat' dir='ltr'>et</span> <span class='ocrx_word' id='word_1_200' title='bbox 1044 1257 1248 1311; x_wconf 76' lang='lat' dir='ltr'>cyathos,</span> <span class='ocrx_word' id='word_1_201' title='bbox 1283 1255 1328 1297; x_wconf 89' lang='lat' dir='ltr'>in</span> <span class='ocrx_word' id='word_1_202' title='bbox 1366 1255 1524 1311; x_wconf 89' lang='lat' dir='ltr'>quibus</span> <span class='ocrx_word' id='word_1_203' title='bbox 1558 1256 1787 1299; x_wconf 83' lang='lat' dir='ltr'>offerenda</span> <span class='ocrx_word' id='word_1_204' title='bbox 1821 1262 1924 1299; x_wconf 88' lang='lat' dir='ltr'>sunt</span> <span class='ocrx_word' id='word_1_205' title='bbox 1960 1256 2198 1313; x_wconf 87' lang='lat' dir='ltr'>libamina,</span> <span class='ocrx_word' id='word_1_206' title='bbox 2230 1271 2285 1300; x_wconf 81' lang='lat' dir='ltr'>ex</span> 
     </span>
     <span class='ocr_line' id='line_1_26' title="bbox 447 1314 2284 1372; baseline 0.001 -15"><span class='ocrx_word' id='word_1_207' title='bbox 447 1330 550 1357; x_wconf 83' lang='lat' dir='ltr'>auro</span> <span class='ocrx_word' id='word_1_208' title='bbox 572 1315 820 1371; x_wconf 89' lang='lat' dir='ltr'>purissimo.</span> <span class='ocrx_word' id='word_1_209' title='bbox 840 1314 878 1341; x_wconf 84' lang='lat'>3⁰</span> <span class='ocrx_word' id='word_1_210' title='bbox 894 1315 950 1357; x_wconf 88' lang='lat' dir='ltr'>Et</span> <span class='ocrx_word' id='word_1_211' title='bbox 964 1329 1099 1371; x_wconf 89' lang='lat' dir='ltr'>pones</span> <span class='ocrx_word' id='word_1_212' title='bbox 1122 1330 1250 1371; x_wconf 89' lang='lat' dir='ltr'>super</span> <span class='ocrx_word' id='word_1_213' title='bbox 1269 1329 1470 1357; x_wconf 85' lang='lat' dir='ltr'>mensam</span> <span class='ocrx_word' id='word_1_214' title='bbox 1492 1329 1627 1371; x_wconf 88' lang='lat' dir='ltr'>panes</span> <span class='ocrx_word' id='word_1_215' title='bbox 1650 1315 1962 1372; x_wconf 87' lang='lat' dir='ltr'>propositionis</span> <span class='ocrx_word' id='word_1_216' title='bbox 1980 1315 2026 1358; x_wconf 88' lang='lat' dir='ltr'>in</span> <span class='ocrx_word' id='word_1_217' title='bbox 2045 1321 2284 1372; x_wconf 87' lang='lat' dir='ltr'>conspectu</span> 
     </span>
     <span class='ocr_line' id='line_1_27' title="bbox 447 1388 756 1427; baseline 0.003 -12"><span class='ocrx_word' id='word_1_218' title='bbox 447 1388 544 1416; x_wconf 92' lang='lat' dir='ltr'>meo</span> <span class='ocrx_word' id='word_1_219' title='bbox 570 1389 756 1427; x_wconf 83' lang='lat' dir='ltr'>semper.</span> 
     </span>
    </p>

    <p class='ocr_par' dir='ltr' id='par_1_9' title="bbox 445 1429 2289 2318">
     <span class='ocr_line' id='line_1_28' title="bbox 505 1429 2289 1487; baseline -0.003 -9"><span class='ocrx_word' id='word_1_220' title='bbox 505 1433 538 1459; x_wconf 86' lang='lat'>3¹</span> <span class='ocrx_word' id='word_1_221' title='bbox 554 1429 710 1478; x_wconf 80' lang='lat' dir='ltr'>Facies</span> <span class='ocrx_word' id='word_1_222' title='bbox 739 1438 782 1478; x_wconf 91' lang='lat' dir='ltr'>et</span> <span class='ocrx_word' id='word_1_223' title='bbox 809 1432 1131 1476; x_wconf 88' lang='lat' dir='ltr'>candelabrum</span> <span class='ocrx_word' id='word_1_224' title='bbox 1162 1430 1330 1475; x_wconf 88' lang='lat' dir='ltr'>ductile</span> <span class='ocrx_word' id='word_1_225' title='bbox 1355 1430 1410 1473; x_wconf 91' lang='lat' dir='ltr'>de</span> <span class='ocrx_word' id='word_1_226' title='bbox 1439 1445 1545 1474; x_wconf 90' lang='lat' dir='ltr'>auro</span> <span class='ocrx_word' id='word_1_227' title='bbox 1572 1429 1887 1486; x_wconf 89' lang='lat' dir='ltr'>mundissimo,</span> <span class='ocrx_word' id='word_1_228' title='bbox 1911 1430 2073 1474; x_wconf 89' lang='lat' dir='ltr'>hastile</span> <span class='ocrx_word' id='word_1_229' title='bbox 2099 1430 2217 1487; x_wconf 82' lang='lat' dir='ltr'>ejuS,</span> <span class='ocrx_word' id='word_1_230' title='bbox 2244 1433 2289 1473; x_wconf 85' lang='lat' dir='ltr'>et</span> 
     </span>
     <span class='ocr_line' id='line_1_29' title="bbox 447 1465 2284 1548; baseline -0.002 -13"><span class='ocrx_word' id='word_1_231' title='bbox 447 1492 641 1536; x_wconf 87' lang='lat' dir='ltr'>calamos</span> <span class='ocrx_word' id='word_1_232' title='bbox 653 1492 891 1548; x_wconf 84' lang='lat' dir='ltr'>,scyphos,</span> <span class='ocrx_word' id='word_1_233' title='bbox 912 1496 955 1534; x_wconf 89' lang='lat' dir='ltr'>et</span> <span class='ocrx_word' id='word_1_234' title='bbox 977 1491 1242 1547; x_wconf 81' lang='lat' dir='ltr'>sphaerulas,</span> <span class='ocrx_word' id='word_1_235' title='bbox 1263 1505 1315 1532; x_wconf 89' lang='lat' dir='ltr'>ac</span> <span class='ocrx_word' id='word_1_236' title='bbox 1333 1490 1426 1532; x_wconf 88' lang='grc'><strong>11113</strong></span> <span class='ocrx_word' id='word_1_237' title='bbox 1451 1504 1505 1532; x_wconf 82' lang='lat' dir='ltr'>ex</span> <span class='ocrx_word' id='word_1_238' title='bbox 1525 1490 1622 1546; x_wconf 84' lang='lat' dir='ltr'>ipso</span> <span class='ocrx_word' id='word_1_239' title='bbox 1640 1465 1940 1546; x_wconf 87' lang='lat' dir='ltr'>procedentia.</span> <span class='ocrx_word' id='word_1_240' title='bbox 1963 1489 2000 1517; x_wconf 73' lang='grc'>33</span> <span class='ocrx_word' id='word_1_241' title='bbox 2019 1491 2104 1534; x_wconf 80' lang='lat' dir='ltr'>Sex</span> <span class='ocrx_word' id='word_1_242' title='bbox 2122 1490 2284 1533; x_wconf 87' lang='lat' dir='ltr'>calami</span> 
     </span>
     <span class='ocr_line' id='line_1_30' title="bbox 447 1549 2284 1608; baseline -0.002 -14"><span class='ocrx_word' id='word_1_243' title='bbox 447 1551 729 1608; x_wconf 86' lang='lat' dir='ltr'>egredientur</span> <span class='ocrx_word' id='word_1_244' title='bbox 761 1550 815 1593; x_wconf 91' lang='lat' dir='ltr'>de</span> <span class='ocrx_word' id='word_1_245' title='bbox 848 1549 1081 1606; x_wconf 86' lang='lat' dir='ltr'>lateribus,</span> <span class='ocrx_word' id='word_1_246' title='bbox 1117 1554 1204 1592; x_wconf 87' lang='grc'><strong>1105</strong></span> <span class='ocrx_word' id='word_1_247' title='bbox 1239 1564 1292 1592; x_wconf 83' lang='lat' dir='ltr'>ex</span> <span class='ocrx_word' id='word_1_248' title='bbox 1321 1563 1408 1592; x_wconf 92' lang='lat' dir='ltr'>uno</span> <span class='ocrx_word' id='word_1_249' title='bbox 1444 1549 1601 1604; x_wconf 85' lang='lat' dir='ltr'>late1·,e</span> <span class='ocrx_word' id='word_1_250' title='bbox 1638 1554 1681 1591; x_wconf 90' lang='lat' dir='ltr'>et</span> <span class='ocrx_word' id='word_1_251' title='bbox 1713 1554 1801 1592; x_wconf 88' lang='grc'><strong>1105</strong></span> <span class='ocrx_word' id='word_1_252' title='bbox 1835 1563 1887 1592; x_wconf 87' lang='lat' dir='ltr'>ex</span> <span class='ocrx_word' id='word_1_253' title='bbox 1921 1549 2075 1593; x_wconf 88' lang='lat' dir='ltr'>altero.</span> <span class='ocrx_word' id='word_1_254' title='bbox 2113 1549 2150 1575; x_wconf 85' lang='grc'>33</span> <span class='ocrx_word' id='word_1_255' title='bbox 2178 1549 2284 1592; x_wconf 89' lang='lat' dir='ltr'>Tres</span> 
     </span>
     <span class='ocr_line' id='line_1_31' title="bbox 445 1586 2285 1667; baseline -0.002 -14"><span class='ocrx_word' id='word_1_256' title='bbox 445 1626 522 1667; x_wconf 71' lang='grc'>50)</span> <span class='ocrx_word' id='word_1_257' title='bbox 525 1610 600 1667; x_wconf 90' lang='lat' dir='ltr'>phi</span> <span class='ocrx_word' id='word_1_258' title='bbox 623 1609 746 1666; x_wconf 86' lang='lat' dir='ltr'>quasi</span> <span class='ocrx_word' id='word_1_259' title='bbox 772 1609 819 1652; x_wconf 93' lang='lat' dir='ltr'>in</span> <span class='ocrx_word' id='word_1_260' title='bbox 841 1609 966 1652; x_wconf 92' lang='lat' dir='ltr'>nucis</span> <span class='ocrx_word' id='word_1_261' title='bbox 989 1586 1170 1652; x_wconf 87' lang='lat' dir='ltr'>modum</span> <span class='ocrx_word' id='word_1_262' title='bbox 1191 1623 1268 1665; x_wconf 80' lang='lat' dir='ltr'>pei</span> <span class='ocrx_word' id='word_1_263' title='bbox 1290 1608 1485 1651; x_wconf 88' lang='lat' dir='ltr'>calamos</span> <span class='ocrx_word' id='word_1_264' title='bbox 1506 1607 1724 1663; x_wconf 88' lang='lat' dir='ltr'>singulos,</span> <span class='ocrx_word' id='word_1_265' title='bbox 1748 1608 2059 1664; x_wconf 82' lang='lat' dir='ltr'>sphaelulaque</span> <span class='ocrx_word' id='word_1_266' title='bbox 2086 1608 2218 1651; x_wconf 91' lang='lat' dir='ltr'>simul</span> <span class='ocrx_word' id='word_1_267' title='bbox 2240 1614 2285 1650; x_wconf 90' lang='lat' dir='ltr'>et</span> 
     </span>
     <span class='ocr_line' id='line_1_32' title="bbox 446 1667 2284 1735; baseline -0.002 -23"><span class='ocrx_word' id='word_1_268' title='bbox 446 1670 620 1724; x_wconf 74' lang='lat' dir='ltr'>lilium,</span> <span class='ocrx_word' id='word_1_269' title='bbox 656 1674 699 1712; x_wconf 88' lang='lat' dir='ltr'>et</span> <span class='ocrx_word' id='word_1_270' title='bbox 730 1674 818 1712; x_wconf 89' lang='lat' dir='ltr'>tres</span> <span class='ocrx_word' id='word_1_271' title='bbox 852 1668 1057 1711; x_wconf 85' lang='lat' dir='ltr'>similiter</span> <span class='ocrx_word' id='word_1_272' title='bbox 1091 1668 1246 1735; x_wconf 84' lang='lat' dir='ltr'>scyphi</span> <span class='ocrx_word' id='word_1_273' title='bbox 1279 1667 1420 1710; x_wconf 89' lang='lat' dir='ltr'>instar</span> <span class='ocrx_word' id='word_1_274' title='bbox 1453 1667 1578 1709; x_wconf 89' lang='lat' dir='ltr'>nucis</span> <span class='ocrx_word' id='word_1_275' title='bbox 1608 1667 1655 1709; x_wconf 91' lang='lat' dir='ltr'>in</span> <span class='ocrx_word' id='word_1_276' title='bbox 1685 1667 1858 1710; x_wconf 89' lang='grc'><strong>03131110</strong></span> <span class='ocrx_word' id='word_1_277' title='bbox 1891 1668 2051 1724; x_wconf 76' lang='lat' dir='ltr'>altero,</span> <span class='ocrx_word' id='word_1_278' title='bbox 2087 1668 2284 1724; x_wconf 79' lang='lat' dir='ltr'>sphaeru-</span> 
     </span>
     <span class='ocr_line' id='line_1_33' title="bbox 445 1726 2285 1785; baseline -0.002 -14"><span class='ocrx_word' id='word_1_279' title='bbox 445 1729 574 1785; x_wconf 90' lang='lat' dir='ltr'>laque</span> <span class='ocrx_word' id='word_1_280' title='bbox 599 1728 732 1771; x_wconf 90' lang='lat' dir='ltr'>simul</span> <span class='ocrx_word' id='word_1_281' title='bbox 758 1733 801 1771; x_wconf 87' lang='lat' dir='ltr'>et</span> <span class='ocrx_word' id='word_1_282' title='bbox 825 1727 970 1770; x_wconf 86' lang='lat' dir='ltr'>lilium</span> <span class='ocrx_word' id='word_1_283' title='bbox 991 1745 999 1783; x_wconf 76' lang='lat'><em>3</em></span> <span class='ocrx_word' id='word_1_284' title='bbox 1023 1728 1106 1770; x_wconf 90' lang='lat' dir='ltr'>hoc</span> <span class='ocrx_word' id='word_1_285' title='bbox 1132 1727 1215 1770; x_wconf 89' lang='lat' dir='ltr'>erit</span> <span class='ocrx_word' id='word_1_286' title='bbox 1237 1741 1345 1783; x_wconf 89' lang='lat' dir='ltr'>opus</span> <span class='ocrx_word' id='word_1_287' title='bbox 1370 1741 1448 1770; x_wconf 82' lang='lat' dir='ltr'>sex</span> <span class='ocrx_word' id='word_1_288' title='bbox 1473 1726 1768 1779; x_wconf 87' lang='lat' dir='ltr'>calamorum,</span> <span class='ocrx_word' id='word_1_289' title='bbox 1788 1727 1861 1782; x_wconf 89' lang='lat' dir='ltr'>qui</span> <span class='ocrx_word' id='word_1_290' title='bbox 1887 1726 2160 1784; x_wconf 89' lang='lat' dir='ltr'>producendi</span> <span class='ocrx_word' id='word_1_291' title='bbox 2183 1732 2285 1769; x_wconf 87' lang='lat' dir='ltr'>sunt</span> 
     </span>
     <span class='ocr_line' id='line_1_34' title="bbox 446 1785 2284 1843; baseline -0.001 -13"><span class='ocrx_word' id='word_1_292' title='bbox 446 1789 500 1831; x_wconf 91' lang='lat' dir='ltr'>de</span> <span class='ocrx_word' id='word_1_293' title='bbox 532 1787 712 1842; x_wconf 81' lang='lat' dir='ltr'>hastili3</span> <span class='ocrx_word' id='word_1_294' title='bbox 747 1787 783 1813; x_wconf 72' lang='lat'>34</span> <span class='ocrx_word' id='word_1_295' title='bbox 808 1787 854 1829; x_wconf 90' lang='lat' dir='ltr'>in</span> <span class='ocrx_word' id='word_1_296' title='bbox 887 1787 983 1843; x_wconf 91' lang='lat' dir='ltr'>ipso</span> <span class='ocrx_word' id='word_1_297' title='bbox 1020 1793 1170 1829; x_wconf 89' lang='lat' dir='ltr'>autem</span> <span class='ocrx_word' id='word_1_298' title='bbox 1206 1786 1473 1829; x_wconf 90' lang='lat' dir='ltr'>candelabro</span> <span class='ocrx_word' id='word_1_299' title='bbox 1508 1791 1636 1828; x_wconf 90' lang='lat' dir='ltr'>erunt</span> <span class='ocrx_word' id='word_1_300' title='bbox 1668 1791 1855 1841; x_wconf 91' lang='lat' dir='ltr'>quatuor</span> <span class='ocrx_word' id='word_1_301' title='bbox 1887 1786 2043 1843; x_wconf 72' lang='lat' dir='ltr'>scyphi</span> <span class='ocrx_word' id='word_1_302' title='bbox 2076 1786 2122 1828; x_wconf 91' lang='lat' dir='ltr'>in</span> <span class='ocrx_word' id='word_1_303' title='bbox 2159 1785 2284 1828; x_wconf 87' lang='lat' dir='ltr'>nucis</span> 
     </span>
     <span class='ocr_line' id='line_1_35' title="bbox 446 1844 2285 1903; baseline -0.001 -14"><span class='ocrx_word' id='word_1_304' title='bbox 446 1848 647 1903; x_wconf 90' lang='lat' dir='ltr'>modum,</span> <span class='ocrx_word' id='word_1_305' title='bbox 683 1846 1005 1903; x_wconf 72' lang='lat' dir='ltr'>sphaerulaeque</span> <span class='ocrx_word' id='word_1_306' title='bbox 1041 1861 1119 1902; x_wconf 91' lang='lat' dir='ltr'>per</span> <span class='ocrx_word' id='word_1_307' title='bbox 1155 1846 1373 1902; x_wconf 84' lang='lat' dir='ltr'>singulos,</span> <span class='ocrx_word' id='word_1_308' title='bbox 1410 1850 1453 1888; x_wconf 91' lang='lat' dir='ltr'>et</span> <span class='ocrx_word' id='word_1_309' title='bbox 1488 1845 1598 1888; x_wconf 90' lang='lat' dir='ltr'>lilia.</span> <span class='ocrx_word' id='word_1_310' title='bbox 1636 1844 1673 1872; x_wconf 76' lang='lat'>35</span> <span class='ocrx_word' id='word_1_311' title='bbox 1708 1845 1950 1901; x_wconf 83' lang='lat' dir='ltr'>Sphaerulae</span> <span class='ocrx_word' id='word_1_312' title='bbox 1993 1845 2073 1888; x_wconf 92' lang='lat' dir='ltr'>sub</span> <span class='ocrx_word' id='word_1_313' title='bbox 2115 1845 2285 1888; x_wconf 90' lang='lat' dir='ltr'>duobus</span> 
     </span>
     <span class='ocr_line' id='line_1_36' title="bbox 446 1904 2280 1962; baseline -0.001 -13"><span class='ocrx_word' id='word_1_314' title='bbox 446 1907 631 1949; x_wconf 89' lang='lat' dir='ltr'>calamis</span> <span class='ocrx_word' id='word_1_315' title='bbox 666 1921 744 1962; x_wconf 89' lang='lat' dir='ltr'>per</span> <span class='ocrx_word' id='word_1_316' title='bbox 780 1905 866 1948; x_wconf 89' lang='lat' dir='ltr'>tria</span> <span class='ocrx_word' id='word_1_317' title='bbox 898 1906 1015 1961; x_wconf 88' lang='lat' dir='ltr'>loca,</span> <span class='ocrx_word' id='word_1_318' title='bbox 1050 1906 1124 1961; x_wconf 88' lang='lat' dir='ltr'>qui</span> <span class='ocrx_word' id='word_1_319' title='bbox 1154 1905 1287 1948; x_wconf 89' lang='lat' dir='ltr'>simul</span> <span class='ocrx_word' id='word_1_320' title='bbox 1324 1919 1402 1948; x_wconf 84' lang='lat' dir='ltr'>sex</span> <span class='ocrx_word' id='word_1_321' title='bbox 1434 1904 1566 1960; x_wconf 89' lang='lat' dir='ltr'>fiunt,</span> <span class='ocrx_word' id='word_1_322' title='bbox 1598 1905 1886 1960; x_wconf 86' lang='lat' dir='ltr'>procedentes</span> <span class='ocrx_word' id='word_1_323' title='bbox 1916 1904 1969 1948; x_wconf 92' lang='lat' dir='ltr'>de</span> <span class='ocrx_word' id='word_1_324' title='bbox 1998 1904 2151 1947; x_wconf 68' lang='lat' dir='ltr'>hastili</span> <span class='ocrx_word' id='word_1_325' title='bbox 2179 1919 2280 1948; x_wconf 91' lang='lat' dir='ltr'>uno.</span> 
     </span>
     <span class='ocr_line' id='line_1_37' title="bbox 446 1963 2285 2022; baseline -0.001 -14"><span class='ocrx_word' id='word_1_326' title='bbox 446 1966 483 1992; x_wconf 75' lang='grc'>36</span> <span class='ocrx_word' id='word_1_327' title='bbox 505 1967 563 2008; x_wconf 88' lang='lat' dir='ltr'>Et</span> <span class='ocrx_word' id='word_1_328' title='bbox 588 1965 823 2022; x_wconf 73' lang='lat' dir='ltr'>sphaerulae</span> <span class='ocrx_word' id='word_1_329' title='bbox 845 1965 983 2021; x_wconf 88' lang='lat' dir='ltr'>igitur</span> <span class='ocrx_word' id='word_1_330' title='bbox 1013 1970 1056 2008; x_wconf 92' lang='lat' dir='ltr'>et</span> <span class='ocrx_word' id='word_1_331' title='bbox 1085 1965 1247 2008; x_wconf 87' lang='lat' dir='ltr'>calami</span> <span class='ocrx_word' id='word_1_332' title='bbox 1272 1979 1327 2008; x_wconf 84' lang='lat' dir='ltr'>ex</span> <span class='ocrx_word' id='word_1_333' title='bbox 1352 1965 1448 2021; x_wconf 87' lang='lat' dir='ltr'>ipso</span> <span class='ocrx_word' id='word_1_334' title='bbox 1478 1969 1625 2020; x_wconf 88' lang='lat' dir='ltr'>erunt,</span> <span class='ocrx_word' id='word_1_335' title='bbox 1652 1964 1860 2007; x_wconf 82' lang='lat' dir='ltr'>universa</span> <span class='ocrx_word' id='word_1_336' title='bbox 1889 1963 2076 2007; x_wconf 90' lang='lat' dir='ltr'>ductilia</span> <span class='ocrx_word' id='word_1_337' title='bbox 2105 1964 2159 2007; x_wconf 91' lang='lat' dir='ltr'>de</span> <span class='ocrx_word' id='word_1_338' title='bbox 2179 1978 2285 2007; x_wconf 89' lang='lat' dir='ltr'>auro</span> 
     </span>
     <span class='ocr_line' id='line_1_38' title="bbox 447 2023 2283 2082; baseline -0.001 -15"><span class='ocrx_word' id='word_1_339' title='bbox 447 2025 694 2082; x_wconf 82' lang='lat' dir='ltr'>purissime.</span> <span class='ocrx_word' id='word_1_340' title='bbox 722 2024 756 2051; x_wconf 82' lang='lat'>3⁷</span> <span class='ocrx_word' id='word_1_341' title='bbox 782 2025 937 2067; x_wconf 83' lang='lat' dir='ltr'>Facies</span> <span class='ocrx_word' id='word_1_342' title='bbox 961 2030 1004 2068; x_wconf 90' lang='lat' dir='ltr'>et</span> <span class='ocrx_word' id='word_1_343' title='bbox 1025 2024 1227 2067; x_wconf 88' lang='lat' dir='ltr'>lucernas</span> <span class='ocrx_word' id='word_1_344' title='bbox 1253 2029 1445 2081; x_wconf 87' lang='lat' dir='ltr'>septem,</span> <span class='ocrx_word' id='word_1_345' title='bbox 1469 2028 1514 2067; x_wconf 91' lang='lat' dir='ltr'>et</span> <span class='ocrx_word' id='word_1_346' title='bbox 1538 2038 1674 2080; x_wconf 90' lang='lat' dir='ltr'>pones</span> <span class='ocrx_word' id='word_1_347' title='bbox 1697 2038 1770 2067; x_wconf 90' lang='lat' dir='ltr'>eas</span> <span class='ocrx_word' id='word_1_348' title='bbox 1792 2038 1922 2080; x_wconf 91' lang='lat' dir='ltr'>super</span> <span class='ocrx_word' id='word_1_349' title='bbox 1944 2023 2283 2079; x_wconf 89' lang='lat' dir='ltr'>candelabrum,</span> 
     </span>
     <span class='ocr_line' id='line_1_39' title="bbox 446 2083 2286 2140; baseline -0.001 -13"><span class='ocrx_word' id='word_1_350' title='bbox 446 2089 496 2127; x_wconf 91' lang='lat' dir='ltr'>ut</span> <span class='ocrx_word' id='word_1_351' title='bbox 520 2084 700 2127; x_wconf 90' lang='lat' dir='ltr'>luceant</span> <span class='ocrx_word' id='word_1_352' title='bbox 729 2099 784 2127; x_wconf 80' lang='lat' dir='ltr'>ex</span> <span class='ocrx_word' id='word_1_353' title='bbox 811 2084 1010 2127; x_wconf 90' lang='lat' dir='ltr'>adverso.</span> <span class='ocrx_word' id='word_1_354' title='bbox 1041 2084 1077 2110; x_wconf 78' lang='grc'>33</span> <span class='ocrx_word' id='word_1_355' title='bbox 1104 2084 1394 2126; x_wconf 88' lang='lat' dir='ltr'>Emunctoria</span> <span class='ocrx_word' id='word_1_356' title='bbox 1424 2097 1615 2140; x_wconf 85' lang='grc'><strong>01100110,</strong></span> <span class='ocrx_word' id='word_1_357' title='bbox 1643 2088 1687 2126; x_wconf 90' lang='lat' dir='ltr'>et</span> <span class='ocrx_word' id='word_1_358' title='bbox 1715 2083 1790 2125; x_wconf 88' lang='lat' dir='ltr'>ubi</span> <span class='ocrx_word' id='word_1_359' title='bbox 1821 2098 1919 2139; x_wconf 88' lang='lat' dir='ltr'>quae</span> <span class='ocrx_word' id='word_1_360' title='bbox 1946 2088 2154 2126; x_wconf 83' lang='lat' dir='ltr'>emuncta</span> <span class='ocrx_word' id='word_1_361' title='bbox 2183 2088 2286 2125; x_wconf 92' lang='lat' dir='ltr'>sunt</span> 
     </span>
     <span class='ocr_line' id='line_1_40' title="bbox 447 2142 2286 2200; baseline -0.001 -14"><span class='ocrx_word' id='word_1_362' title='bbox 447 2144 778 2200; x_wconf 81' lang='lat' dir='ltr'>extinguantur,</span> <span class='ocrx_word' id='word_1_363' title='bbox 809 2143 919 2186; x_wconf 89' lang='lat' dir='ltr'>fiant</span> <span class='ocrx_word' id='word_1_364' title='bbox 952 2144 1005 2187; x_wconf 91' lang='lat' dir='ltr'>de</span> <span class='ocrx_word' id='word_1_365' title='bbox 1038 2158 1145 2186; x_wconf 91' lang='lat' dir='ltr'>auro</span> <span class='ocrx_word' id='word_1_366' title='bbox 1177 2143 1426 2200; x_wconf 88' lang='lat' dir='ltr'>purissimo.</span> <span class='ocrx_word' id='word_1_367' title='bbox 1462 2142 1499 2169; x_wconf 78' lang='lat'>39</span> <span class='ocrx_word' id='word_1_368' title='bbox 1525 2143 1667 2186; x_wconf 90' lang='lat' dir='ltr'>Omne</span> <span class='ocrx_word' id='word_1_369' title='bbox 1695 2143 1867 2199; x_wconf 90' lang='lat' dir='ltr'>pondus</span> <span class='ocrx_word' id='word_1_370' title='bbox 1901 2142 2158 2185; x_wconf 85' lang='lat' dir='ltr'>candelabri</span> <span class='ocrx_word' id='word_1_371' title='bbox 2184 2156 2286 2185; x_wconf 89' lang='lat' dir='ltr'>cum</span> 
     </span>
     <span class='ocr_line' id='line_1_41' title="bbox 447 2201 2284 2258; baseline -0.001 -13"><span class='ocrx_word' id='word_1_372' title='bbox 447 2203 663 2246; x_wconf 84' lang='lat' dir='ltr'>universis</span> <span class='ocrx_word' id='word_1_373' title='bbox 693 2203 811 2245; x_wconf 90' lang='lat' dir='ltr'>vasis</span> <span class='ocrx_word' id='word_1_374' title='bbox 844 2203 934 2246; x_wconf 92' lang='lat' dir='ltr'>suis</span> <span class='ocrx_word' id='word_1_375' title='bbox 966 2203 1151 2246; x_wconf 88' lang='lat' dir='ltr'>habebit</span> <span class='ocrx_word' id='word_1_376' title='bbox 1183 2203 1403 2245; x_wconf 89' lang='lat' dir='ltr'>talentum</span> <span class='ocrx_word' id='word_1_377' title='bbox 1440 2202 1534 2245; x_wconf 90' lang='lat' dir='ltr'>auri</span> <span class='ocrx_word' id='word_1_378' title='bbox 1568 2202 1806 2258; x_wconf 86' lang='lat' dir='ltr'>purissimi.</span> <span class='ocrx_word' id='word_1_379' title='bbox 1841 2201 1878 2228; x_wconf 72' lang='lat'>40</span> <span class='ocrx_word' id='word_1_380' title='bbox 1903 2201 2101 2258; x_wconf 88' lang='lat' dir='ltr'>Inspice,</span> <span class='ocrx_word' id='word_1_381' title='bbox 2133 2205 2177 2244; x_wconf 89' lang='lat' dir='ltr'>et</span> <span class='ocrx_word' id='word_1_382' title='bbox 2209 2201 2284 2244; x_wconf 76' lang='lat' dir='ltr'>sac</span> 
     </span>
     <span class='ocr_line' id='line_1_42' title="bbox 447 2262 1861 2318; baseline 0.001 -14"><span class='ocrx_word' id='word_1_383' title='bbox 447 2262 691 2305; x_wconf 90' lang='lat' dir='ltr'>secundum</span> <span class='ocrx_word' id='word_1_384' title='bbox 717 2262 945 2318; x_wconf 80' lang='lat' dir='ltr'>exemplar</span> <span class='ocrx_word' id='word_1_385' title='bbox 970 2262 1085 2318; x_wconf 88' lang='lat' dir='ltr'>quod</span> <span class='ocrx_word' id='word_1_386' title='bbox 1107 2262 1189 2304; x_wconf 87' lang='lat' dir='ltr'>tibi</span> <span class='ocrx_word' id='word_1_387' title='bbox 1215 2262 1262 2304; x_wconf 91' lang='lat' dir='ltr'>in</span> <span class='ocrx_word' id='word_1_388' title='bbox 1287 2267 1438 2305; x_wconf 89' lang='lat' dir='ltr'>monte</span> <span class='ocrx_word' id='word_1_389' title='bbox 1460 2266 1756 2304; x_wconf 85' lang='lat' dir='ltr'>monstratum</span> <span class='ocrx_word' id='word_1_390' title='bbox 1783 2267 1861 2306; x_wconf 90' lang='lat' dir='ltr'>est.</span> 
     </span>
    </p>

    <p class='ocr_par' dir='ltr' id='par_1_10' title="bbox 447 2320 2288 3561">
     <span class='ocr_line' id='line_1_43' title="bbox 508 2320 2286 2366; baseline -0.002 -1"><span class='ocrx_word' id='word_1_391' title='bbox 508 2322 614 2366; x_wconf 84' lang='lat' dir='ltr'>CAP.</span> <span class='ocrx_word' id='word_1_392' title='bbox 645 2323 816 2365; x_wconf 87' lang='lat' dir='ltr'>XXVI.</span> <span class='ocrx_word' id='word_1_393' title='bbox 840 2348 896 2354; x_wconf 95' lang='lat'>—-</span> <span class='ocrx_word' id='word_1_394' title='bbox 930 2321 943 2347; x_wconf 84' lang='lat'><strong>¹</strong></span> <span class='ocrx_word' id='word_1_395' title='bbox 971 2321 1329 2365; x_wconf 85' lang='lat' dir='ltr'>Tabernaculum</span> <span class='ocrx_word' id='word_1_396' title='bbox 1365 2335 1468 2364; x_wconf 88' lang='lat' dir='ltr'>vero</span> <span class='ocrx_word' id='word_1_397' title='bbox 1504 2321 1568 2364; x_wconf 88' lang='lat' dir='ltr'>ita</span> <span class='ocrx_word' id='word_1_398' title='bbox 1613 2320 1768 2364; x_wconf 76' lang='lat' dir='ltr'>facies.</span> <span class='ocrx_word' id='word_1_399' title='bbox 1805 2323 1972 2365; x_wconf 91' lang='lat' dir='ltr'>Decem</span> <span class='ocrx_word' id='word_1_400' title='bbox 2006 2320 2198 2364; x_wconf 88' lang='lat' dir='ltr'>cortinas</span> <span class='ocrx_word' id='word_1_401' title='bbox 2231 2320 2286 2363; x_wconf 90' lang='lat' dir='ltr'>de</span> 
     </span>
     <span class='ocr_line' id='line_1_44' title="bbox 447 2379 2286 2437; baseline -0.001 -14"><span class='ocrx_word' id='word_1_402' title='bbox 447 2381 579 2437; x_wconf 88' lang='lat' dir='ltr'>bysso</span> <span class='ocrx_word' id='word_1_403' title='bbox 611 2386 795 2436; x_wconf 88' lang='lat' dir='ltr'>retorta,</span> <span class='ocrx_word' id='word_1_404' title='bbox 831 2386 875 2424; x_wconf 90' lang='lat' dir='ltr'>et</span> <span class='ocrx_word' id='word_1_405' title='bbox 909 2381 1173 2437; x_wconf 88' lang='lat' dir='ltr'>hyacintho,</span> <span class='ocrx_word' id='word_1_406' title='bbox 1208 2395 1260 2423; x_wconf 91' lang='lat' dir='ltr'>ac</span> <span class='ocrx_word' id='word_1_407' title='bbox 1296 2395 1509 2437; x_wconf 85' lang='lat' dir='ltr'>purpura,</span> <span class='ocrx_word' id='word_1_408' title='bbox 1545 2394 1762 2436; x_wconf 89' lang='lat' dir='ltr'>coccoque</span> <span class='ocrx_word' id='word_1_409' title='bbox 1798 2380 1867 2424; x_wconf 92' lang='lat' dir='ltr'>bis</span> <span class='ocrx_word' id='word_1_410' title='bbox 1899 2381 2060 2435; x_wconf 91' lang='lat' dir='ltr'>tincto,</span> <span class='ocrx_word' id='word_1_411' title='bbox 2092 2379 2286 2422; x_wconf 86' lang='lat' dir='ltr'>variatas</span> 
     </span>
     <span class='ocr_line' id='line_1_45' title="bbox 449 2438 2285 2496; baseline -0.001 -13"><span class='ocrx_word' id='word_1_412' title='bbox 449 2454 578 2496; x_wconf 91' lang='lat' dir='ltr'>opere</span> <span class='ocrx_word' id='word_1_413' title='bbox 612 2439 851 2496; x_wconf 89' lang='lat' dir='ltr'>plumario,</span> <span class='ocrx_word' id='word_1_414' title='bbox 878 2440 1036 2484; x_wconf 78' lang='lat' dir='ltr'>facies.</span> <span class='ocrx_word' id='word_1_415' title='bbox 1069 2439 1086 2466; x_wconf 71' lang='grc'><strong>3</strong></span> <span class='ocrx_word' id='word_1_416' title='bbox 1109 2440 1364 2496; x_wconf 87' lang='lat' dir='ltr'>Longitudo</span> <span class='ocrx_word' id='word_1_417' title='bbox 1398 2440 1581 2482; x_wconf 83' lang='lat' dir='ltr'>cortinae</span> <span class='ocrx_word' id='word_1_418' title='bbox 1615 2439 1745 2482; x_wconf 89' lang='lat' dir='ltr'>unius</span> <span class='ocrx_word' id='word_1_419' title='bbox 1777 2440 1963 2483; x_wconf 90' lang='lat' dir='ltr'>habebit</span> <span class='ocrx_word' id='word_1_420' title='bbox 1991 2438 2155 2495; x_wconf 86' lang='lat' dir='ltr'>viginti</span> <span class='ocrx_word' id='word_1_421' title='bbox 2187 2444 2285 2482; x_wconf 92' lang='lat' dir='ltr'>octo</span> 
     </span>
     <span class='ocr_line' id='line_1_46' title="bbox 449 2497 2287 2555; baseline -0.001 -14"><span class='ocrx_word' id='word_1_422' title='bbox 449 2499 649 2554; x_wconf 85' lang='lat' dir='ltr'>cubitos3</span> <span class='ocrx_word' id='word_1_423' title='bbox 674 2499 884 2555; x_wconf 89' lang='lat' dir='ltr'>latitudo,</span> <span class='ocrx_word' id='word_1_424' title='bbox 908 2505 1094 2555; x_wconf 89' lang='lat' dir='ltr'>quatuor</span> <span class='ocrx_word' id='word_1_425' title='bbox 1123 2499 1372 2543; x_wconf 89' lang='lat' dir='ltr'>cubitorum</span> <span class='ocrx_word' id='word_1_426' title='bbox 1404 2499 1499 2542; x_wconf 90' lang='lat' dir='ltr'>erit.</span> <span class='ocrx_word' id='word_1_427' title='bbox 1524 2499 1667 2543; x_wconf 85' lang='lat' dir='ltr'>Unius</span> <span class='ocrx_word' id='word_1_428' title='bbox 1698 2513 1914 2542; x_wconf 88' lang='lat' dir='ltr'>mensurae</span> <span class='ocrx_word' id='word_1_429' title='bbox 1944 2499 2052 2542; x_wconf 89' lang='lat' dir='ltr'>fient</span> <span class='ocrx_word' id='word_1_430' title='bbox 2080 2497 2287 2541; x_wconf 88' lang='lat' dir='ltr'>universa</span> 
     </span>
     <span class='ocr_line' id='line_1_47' title="bbox 449 2558 2287 2615; baseline -0.001 -14"><span class='ocrx_word' id='word_1_431' title='bbox 449 2559 652 2602; x_wconf 90' lang='lat' dir='ltr'>tentoria.</span> <span class='ocrx_word' id='word_1_432' title='bbox 683 2559 701 2585; x_wconf 83' lang='lat'><strong>3</strong></span> <span class='ocrx_word' id='word_1_433' title='bbox 722 2559 923 2615; x_wconf 84' lang='lat' dir='ltr'>Quinque</span> <span class='ocrx_word' id='word_1_434' title='bbox 953 2559 1137 2602; x_wconf 67' lang='lat' dir='ltr'>cortinae</span> <span class='ocrx_word' id='word_1_435' title='bbox 1166 2559 1251 2602; x_wconf 87' lang='lat' dir='ltr'>sibi</span> <span class='ocrx_word' id='word_1_436' title='bbox 1281 2559 1526 2615; x_wconf 83' lang='lat' dir='ltr'>jungentur</span> <span class='ocrx_word' id='word_1_437' title='bbox 1555 2563 1727 2614; x_wconf 89' lang='lat' dir='ltr'>mutuo,</span> <span class='ocrx_word' id='word_1_438' title='bbox 1751 2563 1795 2601; x_wconf 88' lang='lat' dir='ltr'>et</span> <span class='ocrx_word' id='word_1_439' title='bbox 1823 2558 1925 2601; x_wconf 81' lang='lat' dir='ltr'>aliae</span> <span class='ocrx_word' id='word_1_440' title='bbox 1955 2558 2148 2614; x_wconf 89' lang='lat' dir='ltr'>quinque</span> <span class='ocrx_word' id='word_1_441' title='bbox 2169 2571 2287 2600; x_wconf 83' lang='lat' dir='ltr'>nexu</span> 
     </span>
     <span class='ocr_line' id='line_1_48' title="bbox 449 2616 2286 2675; baseline 0 -15"><span class='ocrx_word' id='word_1_442' title='bbox 449 2618 584 2660; x_wconf 85' lang='lat' dir='ltr'>simili</span> <span class='ocrx_word' id='word_1_443' title='bbox 616 2619 913 2662; x_wconf 75' lang='lat' dir='ltr'>cohaerebunt.</span> <span class='ocrx_word' id='word_1_444' title='bbox 945 2618 961 2645; x_wconf 71' lang='lat'>4</span> <span class='ocrx_word' id='word_1_445' title='bbox 983 2619 1178 2662; x_wconf 89' lang='lat' dir='ltr'>Ansulas</span> <span class='ocrx_word' id='word_1_446' title='bbox 1206 2617 1522 2675; x_wconf 86' lang='lat' dir='ltr'>hyacinthinas</span> <span class='ocrx_word' id='word_1_447' title='bbox 1550 2618 1595 2660; x_wconf 89' lang='lat' dir='ltr'>in</span> <span class='ocrx_word' id='word_1_448' title='bbox 1626 2617 1839 2661; x_wconf 89' lang='lat' dir='ltr'>lateribus</span> <span class='ocrx_word' id='word_1_449' title='bbox 1867 2632 1920 2660; x_wconf 90' lang='lat' dir='ltr'>ac</span> <span class='ocrx_word' id='word_1_450' title='bbox 1953 2616 2286 2660; x_wconf 86' lang='lat' dir='ltr'>summitatibus</span> 
     </span>
     <span class='ocr_line' id='line_1_49' title="bbox 449 2676 2287 2734; baseline -0.001 -15"><span class='ocrx_word' id='word_1_451' title='bbox 449 2677 591 2720; x_wconf 77' lang='lat' dir='ltr'>facies</span> <span class='ocrx_word' id='word_1_452' title='bbox 622 2678 911 2734; x_wconf 88' lang='lat' dir='ltr'>cortinarum,</span> <span class='ocrx_word' id='word_1_453' title='bbox 943 2683 992 2721; x_wconf 92' lang='lat' dir='ltr'>ut</span> <span class='ocrx_word' id='word_1_454' title='bbox 1020 2678 1191 2734; x_wconf 89' lang='lat' dir='ltr'>possint</span> <span class='ocrx_word' id='word_1_455' title='bbox 1219 2677 1414 2720; x_wconf 86' lang='lat' dir='ltr'>invicem</span> <span class='ocrx_word' id='word_1_456' title='bbox 1448 2677 1658 2734; x_wconf 89' lang='lat' dir='ltr'>copulari.</span> <span class='ocrx_word' id='word_1_457' title='bbox 1691 2677 1707 2703; x_wconf 82' lang='lat'>5</span> <span class='ocrx_word' id='word_1_458' title='bbox 1730 2677 2074 2733; x_wconf 86' lang='lat' dir='ltr'>Quinquagenas</span> <span class='ocrx_word' id='word_1_459' title='bbox 2107 2676 2287 2718; x_wconf 88' lang='lat' dir='ltr'>ansulas</span> 
     </span>
     <span class='ocr_line' id='line_1_50' title="bbox 451 2737 2288 2794; baseline -0.001 -16"><span class='ocrx_word' id='word_1_460' title='bbox 451 2737 620 2779; x_wconf 87' lang='lat' dir='ltr'>cortina</span> <span class='ocrx_word' id='word_1_461' title='bbox 657 2737 842 2780; x_wconf 89' lang='lat' dir='ltr'>habebit</span> <span class='ocrx_word' id='word_1_462' title='bbox 877 2737 923 2779; x_wconf 91' lang='grc'>111</span> <span class='ocrx_word' id='word_1_463' title='bbox 964 2743 1148 2793; x_wconf 87' lang='lat' dir='ltr'>utraque</span> <span class='ocrx_word' id='word_1_464' title='bbox 1184 2743 1331 2794; x_wconf 90' lang='lat' dir='ltr'>parte,</span> <span class='ocrx_word' id='word_1_465' title='bbox 1369 2737 1433 2780; x_wconf 88' lang='lat' dir='ltr'>ita</span> <span class='ocrx_word' id='word_1_466' title='bbox 1469 2737 1677 2792; x_wconf 87' lang='lat' dir='ltr'>insertas,</span> <span class='ocrx_word' id='word_1_467' title='bbox 1711 2741 1761 2779; x_wconf 90' lang='lat' dir='ltr'>ut</span> <span class='ocrx_word' id='word_1_468' title='bbox 1797 2751 1905 2779; x_wconf 88' lang='lat' dir='ltr'>ansa</span> <span class='ocrx_word' id='word_1_469' title='bbox 1942 2741 2094 2778; x_wconf 84' lang='lat' dir='ltr'>contra</span> <span class='ocrx_word' id='word_1_470' title='bbox 2131 2749 2288 2778; x_wconf 88' lang='lat' dir='ltr'>ansam</span> 
     </span>
     <span class='ocr_line' id='line_1_51' title="bbox 450 2794 2287 2853; baseline 0 -16"><span class='ocrx_word' id='word_1_471' title='bbox 450 2795 623 2852; x_wconf 88' lang='lat' dir='ltr'>veniat,</span> <span class='ocrx_word' id='word_1_472' title='bbox 658 2802 701 2840; x_wconf 91' lang='lat' dir='ltr'>et</span> <span class='ocrx_word' id='word_1_473' title='bbox 732 2797 873 2839; x_wconf 87' lang='lat' dir='ltr'>altera</span> <span class='ocrx_word' id='word_1_474' title='bbox 906 2797 1033 2840; x_wconf 89' lang='lat' dir='ltr'>alteri</span> <span class='ocrx_word' id='word_1_475' title='bbox 1066 2796 1206 2853; x_wconf 90' lang='lat' dir='ltr'>possit</span> <span class='ocrx_word' id='word_1_476' title='bbox 1237 2796 1395 2853; x_wconf 90' lang='lat' dir='ltr'>aptari.</span> <span class='ocrx_word' id='word_1_477' title='bbox 1429 2796 1447 2823; x_wconf 74' lang='grc'><strong>6</strong></span> <span class='ocrx_word' id='word_1_478' title='bbox 1477 2796 1634 2839; x_wconf 87' lang='lat' dir='ltr'>Facies</span> <span class='ocrx_word' id='word_1_479' title='bbox 1668 2800 1712 2839; x_wconf 91' lang='lat' dir='ltr'>et</span> <span class='ocrx_word' id='word_1_480' title='bbox 1743 2795 2068 2851; x_wconf 88' lang='lat' dir='ltr'>quinquaginta</span> <span class='ocrx_word' id='word_1_481' title='bbox 2101 2794 2287 2837; x_wconf 87' lang='lat' dir='ltr'>circulos</span> 
     </span>
     <span class='ocr_line' id='line_1_52' title="bbox 450 2853 2285 2912; baseline -0.001 -15"><span class='ocrx_word' id='word_1_482' title='bbox 450 2869 605 2898; x_wconf 88' lang='lat' dir='ltr'>aureos</span> <span class='ocrx_word' id='word_1_483' title='bbox 627 2855 785 2911; x_wconf 90' lang='lat' dir='ltr'>quibus</span> <span class='ocrx_word' id='word_1_484' title='bbox 807 2856 1077 2899; x_wconf 87' lang='lat' dir='ltr'>cortinarum</span> <span class='ocrx_word' id='word_1_485' title='bbox 1094 2856 1195 2899; x_wconf 86' lang='lat' dir='ltr'>vela</span> <span class='ocrx_word' id='word_1_486' title='bbox 1215 2855 1447 2912; x_wconf 80' lang='lat' dir='ltr'>jungenda</span> <span class='ocrx_word' id='word_1_487' title='bbox 1469 2860 1584 2910; x_wconf 87' lang='lat' dir='ltr'>sunt,</span> <span class='ocrx_word' id='word_1_488' title='bbox 1607 2861 1655 2898; x_wconf 91' lang='lat' dir='ltr'>ut</span> <span class='ocrx_word' id='word_1_489' title='bbox 1677 2869 1813 2897; x_wconf 90' lang='grc'><strong>3113111</strong></span> <span class='ocrx_word' id='word_1_490' title='bbox 1835 2853 2173 2897; x_wconf 88' lang='lat' dir='ltr'>tabernaculum</span> <span class='ocrx_word' id='word_1_491' title='bbox 2194 2853 2285 2896; x_wconf 88' lang='lat' dir='ltr'>fiat.</span> 
     </span>
     <span class='ocr_line' id='line_1_53' title="bbox 452 2912 2286 2971; baseline 0 -15"><span class='ocrx_word' id='word_1_492' title='bbox 452 2913 467 2940; x_wconf 91' lang='grc'><strong>7</strong></span> <span class='ocrx_word' id='word_1_493' title='bbox 499 2914 656 2957; x_wconf 89' lang='lat' dir='ltr'>Facies</span> <span class='ocrx_word' id='word_1_494' title='bbox 690 2920 734 2957; x_wconf 91' lang='lat' dir='ltr'>et</span> <span class='ocrx_word' id='word_1_495' title='bbox 766 2929 874 2971; x_wconf 86' lang='lat' dir='ltr'>saga</span> <span class='ocrx_word' id='word_1_496' title='bbox 908 2915 1086 2958; x_wconf 89' lang='lat' dir='ltr'>cilicina</span> <span class='ocrx_word' id='word_1_497' title='bbox 1121 2915 1350 2970; x_wconf 90' lang='lat' dir='ltr'>undecim,</span> <span class='ocrx_word' id='word_1_498' title='bbox 1381 2914 1438 2957; x_wconf 90' lang='lat' dir='ltr'>ad</span> <span class='ocrx_word' id='word_1_499' title='bbox 1473 2914 1759 2970; x_wconf 88' lang='lat' dir='ltr'>operiendum</span> <span class='ocrx_word' id='word_1_500' title='bbox 1793 2918 1960 2956; x_wconf 88' lang='lat' dir='ltr'>tectum</span> <span class='ocrx_word' id='word_1_501' title='bbox 1994 2912 2286 2956; x_wconf 85' lang='lat' dir='ltr'>tabernaculi.</span> 
     </span>
     <span class='ocr_line' id='line_1_54' title="bbox 452 2972 2283 3030; baseline -0.001 -14"><span class='ocrx_word' id='word_1_502' title='bbox 452 2973 469 3000; x_wconf 77' lang='lat'>8</span> <span class='ocrx_word' id='word_1_503' title='bbox 499 2974 753 3029; x_wconf 87' lang='lat' dir='ltr'>Longitudo</span> <span class='ocrx_word' id='word_1_504' title='bbox 786 2974 881 3030; x_wconf 86' lang='lat' dir='ltr'>sagi</span> <span class='ocrx_word' id='word_1_505' title='bbox 915 2974 1044 3017; x_wconf 91' lang='lat' dir='ltr'>unius</span> <span class='ocrx_word' id='word_1_506' title='bbox 1076 2974 1262 3017; x_wconf 89' lang='lat' dir='ltr'>habebit</span> <span class='ocrx_word' id='word_1_507' title='bbox 1294 2974 1481 3030; x_wconf 85' lang='lat' dir='ltr'>triginta</span> <span class='ocrx_word' id='word_1_508' title='bbox 1515 2973 1716 3028; x_wconf 83' lang='lat' dir='ltr'>cubit0s;</span> <span class='ocrx_word' id='word_1_509' title='bbox 1753 2977 1797 3016; x_wconf 91' lang='lat' dir='ltr'>et</span> <span class='ocrx_word' id='word_1_510' title='bbox 1825 2972 2036 3028; x_wconf 88' lang='lat' dir='ltr'>latitudo,</span> <span class='ocrx_word' id='word_1_511' title='bbox 2068 2976 2283 3028; x_wconf 88' lang='lat' dir='ltr'>quatuor:</span> 
     </span>
     <span class='ocr_line' id='line_1_55' title="bbox 455 3032 2285 3099; baseline -0.001 -25"><span class='ocrx_word' id='word_1_512' title='bbox 455 3046 582 3088; x_wconf 85' lang='lat' dir='ltr'>aequa</span> <span class='ocrx_word' id='word_1_513' title='bbox 603 3032 685 3075; x_wconf 90' lang='lat' dir='ltr'>erit</span> <span class='ocrx_word' id='word_1_514' title='bbox 707 3047 912 3076; x_wconf 88' lang='lat' dir='ltr'>mensura</span> <span class='ocrx_word' id='word_1_515' title='bbox 935 3048 1143 3089; x_wconf 86' lang='lat' dir='ltr'>sagorum</span> <span class='ocrx_word' id='word_1_516' title='bbox 1166 3033 1378 3076; x_wconf 90' lang='lat' dir='ltr'>omnium.</span> <span class='ocrx_word' id='word_1_517' title='bbox 1401 3032 1418 3058; x_wconf 87' lang='lat'>9</span> <span class='ocrx_word' id='word_1_518' title='bbox 1438 3033 1474 3075; x_wconf 80' lang='lat' dir='ltr'>E</span> <span class='ocrx_word' id='word_1_519' title='bbox 1497 3032 1655 3088; x_wconf 88' lang='lat' dir='ltr'>quibus</span> <span class='ocrx_word' id='word_1_520' title='bbox 1677 3032 1869 3088; x_wconf 90' lang='lat' dir='ltr'>quinque</span> <span class='ocrx_word' id='word_1_521' title='bbox 1893 3032 2056 3099; x_wconf 80' lang='lat' dir='ltr'>junges</span> <span class='ocrx_word' id='word_1_522' title='bbox 2077 3045 2285 3086; x_wconf 90' lang='lat' dir='ltr'>seorsum,</span> 
     </span>
     <span class='ocr_line' id='line_1_56' title="bbox 453 3089 2285 3149; baseline -0.001 -14"><span class='ocrx_word' id='word_1_523' title='bbox 453 3096 497 3135; x_wconf 90' lang='lat' dir='ltr'>et</span> <span class='ocrx_word' id='word_1_524' title='bbox 517 3105 595 3134; x_wconf 82' lang='lat' dir='ltr'>sex</span> <span class='ocrx_word' id='word_1_525' title='bbox 616 3091 699 3133; x_wconf 88' lang='lat' dir='ltr'>sibi</span> <span class='ocrx_word' id='word_1_526' title='bbox 724 3097 877 3134; x_wconf 88' lang='lat' dir='ltr'>mutuo</span> <span class='ocrx_word' id='word_1_527' title='bbox 900 3092 1148 3149; x_wconf 87' lang='lat' dir='ltr'>copulabis,</span> <span class='ocrx_word' id='word_1_528' title='bbox 1171 3092 1235 3135; x_wconf 89' lang='lat' dir='ltr'>ita</span> <span class='ocrx_word' id='word_1_529' title='bbox 1257 3098 1306 3135; x_wconf 88' lang='lat' dir='ltr'>ut</span> <span class='ocrx_word' id='word_1_530' title='bbox 1327 3098 1502 3135; x_wconf 85' lang='lat' dir='ltr'>sextum</span> <span class='ocrx_word' id='word_1_531' title='bbox 1524 3106 1681 3147; x_wconf 87' lang='lat' dir='ltr'>sagum</span> <span class='ocrx_word' id='word_1_532' title='bbox 1702 3091 1748 3134; x_wconf 89' lang='lat' dir='ltr'>in</span> <span class='ocrx_word' id='word_1_533' title='bbox 1770 3091 1919 3134; x_wconf 80' lang='lat' dir='ltr'>fronte</span> <span class='ocrx_word' id='word_1_534' title='bbox 1942 3090 2048 3134; x_wconf 89' lang='lat' dir='ltr'>tecti</span> <span class='ocrx_word' id='word_1_535' title='bbox 2071 3089 2285 3146; x_wconf 76' lang='lat' dir='ltr'>duplices,</span> 
     </span>
     <span class='ocr_line' id='line_1_57' title="bbox 454 3148 2286 3207; baseline -0.001 -14"><span class='ocrx_word' id='word_1_536' title='bbox 454 3150 490 3177; x_wconf 82' lang='lat'>1⁰</span> <span class='ocrx_word' id='word_1_537' title='bbox 512 3150 668 3193; x_wconf 86' lang='lat' dir='ltr'>Facies</span> <span class='ocrx_word' id='word_1_538' title='bbox 691 3156 735 3193; x_wconf 88' lang='lat' dir='ltr'>et</span> <span class='ocrx_word' id='word_1_539' title='bbox 756 3151 1082 3207; x_wconf 87' lang='lat' dir='ltr'>quinquaginta</span> <span class='ocrx_word' id='word_1_540' title='bbox 1103 3166 1233 3194; x_wconf 84' lang='lat' dir='ltr'>ansas</span> <span class='ocrx_word' id='word_1_541' title='bbox 1254 3151 1301 3194; x_wconf 91' lang='lat' dir='ltr'>in</span> <span class='ocrx_word' id='word_1_542' title='bbox 1325 3165 1397 3194; x_wconf 88' lang='lat' dir='ltr'>ora</span> <span class='ocrx_word' id='word_1_543' title='bbox 1420 3150 1516 3207; x_wconf 89' lang='lat' dir='ltr'>sagi</span> <span class='ocrx_word' id='word_1_544' title='bbox 1540 3151 1689 3207; x_wconf 91' lang='lat' dir='ltr'>unius,</span> <span class='ocrx_word' id='word_1_545' title='bbox 1713 3155 1762 3193; x_wconf 88' lang='lat' dir='ltr'>ut</span> <span class='ocrx_word' id='word_1_546' title='bbox 1784 3149 1999 3206; x_wconf 78' lang='lat' dir='ltr'>conjungi</span> <span class='ocrx_word' id='word_1_547' title='bbox 2023 3163 2125 3192; x_wconf 89' lang='lat' dir='ltr'>cum</span> <span class='ocrx_word' id='word_1_548' title='bbox 2146 3148 2286 3192; x_wconf 88' lang='lat' dir='ltr'>altero</span> 
     </span>
     <span class='ocr_line' id='line_1_58' title="bbox 453 3208 2286 3266; baseline -0.001 -14"><span class='ocrx_word' id='word_1_549' title='bbox 453 3214 614 3266; x_wconf 89' lang='lat' dir='ltr'>queat,</span> <span class='ocrx_word' id='word_1_550' title='bbox 646 3214 690 3252; x_wconf 90' lang='lat' dir='ltr'>et</span> <span class='ocrx_word' id='word_1_551' title='bbox 719 3210 1044 3266; x_wconf 87' lang='lat' dir='ltr'>quinquaginta</span> <span class='ocrx_word' id='word_1_552' title='bbox 1071 3225 1201 3254; x_wconf 87' lang='grc'><strong>311535</strong></span> <span class='ocrx_word' id='word_1_553' title='bbox 1229 3210 1275 3253; x_wconf 88' lang='lat' dir='ltr'>in</span> <span class='ocrx_word' id='word_1_554' title='bbox 1306 3225 1381 3253; x_wconf 88' lang='grc'>013</span> <span class='ocrx_word' id='word_1_555' title='bbox 1413 3210 1509 3266; x_wconf 88' lang='lat' dir='ltr'>sagi</span> <span class='ocrx_word' id='word_1_556' title='bbox 1538 3210 1739 3265; x_wconf 90' lang='lat' dir='ltr'>alterius,</span> <span class='ocrx_word' id='word_1_557' title='bbox 1770 3214 1819 3252; x_wconf 84' lang='lat' dir='ltr'>ut</span> <span class='ocrx_word' id='word_1_558' title='bbox 1848 3223 1949 3252; x_wconf 91' lang='lat' dir='ltr'>cum</span> <span class='ocrx_word' id='word_1_559' title='bbox 1981 3208 2121 3251; x_wconf 87' lang='lat' dir='ltr'>altero</span> <span class='ocrx_word' id='word_1_560' title='bbox 2155 3221 2286 3264; x_wconf 91' lang='lat' dir='ltr'>copu-</span> 
     </span>
     <span class='ocr_line' id='line_1_59' title="bbox 453 3244 2288 3336; baseline -0.002 -24"><span class='ocrx_word' id='word_1_561' title='bbox 453 3268 580 3312; x_wconf 89' lang='lat' dir='ltr'>letur.</span> <span class='ocrx_word' id='word_1_562' title='bbox 605 3245 637 3294; x_wconf 77' lang='lat'>¹¹</span> <span class='ocrx_word' id='word_1_563' title='bbox 663 3268 819 3312; x_wconf 89' lang='lat' dir='ltr'>Facies</span> <span class='ocrx_word' id='word_1_564' title='bbox 842 3274 885 3311; x_wconf 88' lang='lat' dir='ltr'>et</span> <span class='ocrx_word' id='word_1_565' title='bbox 906 3269 1231 3336; x_wconf 87' lang='lat' dir='ltr'>quinquaginta</span> <span class='ocrx_word' id='word_1_566' title='bbox 1252 3269 1449 3312; x_wconf 88' lang='lat' dir='ltr'>fibulas</span> <span class='ocrx_word' id='word_1_567' title='bbox 1436 3283 1601 3324; x_wconf 80' lang='lat' dir='ltr'>aeneas,</span> <span class='ocrx_word' id='word_1_568' title='bbox 1624 3244 1782 3325; x_wconf 73' lang='lat' dir='ltr'>quibhs</span> <span class='ocrx_word' id='word_1_569' title='bbox 1804 3268 2052 3324; x_wconf 81' lang='lat' dir='ltr'>jungantur</span> <span class='ocrx_word' id='word_1_570' title='bbox 2073 3281 2216 3323; x_wconf 83' lang='grc'><strong>311530,</strong></span> <span class='ocrx_word' id='word_1_571' title='bbox 2238 3271 2288 3310; x_wconf 89' lang='lat' dir='ltr'>ut</span> 
     </span>
     <span class='ocr_line' id='line_1_60' title="bbox 453 3325 2288 3384; baseline -0.001 -14"><span class='ocrx_word' id='word_1_572' title='bbox 453 3342 590 3371; x_wconf 89' lang='lat' dir='ltr'>unum</span> <span class='ocrx_word' id='word_1_573' title='bbox 619 3342 674 3371; x_wconf 84' lang='lat' dir='ltr'>ex</span> <span class='ocrx_word' id='word_1_574' title='bbox 703 3327 906 3370; x_wconf 90' lang='lat' dir='ltr'>omnibus</span> <span class='ocrx_word' id='word_1_575' title='bbox 935 3328 1259 3384; x_wconf 85' lang='lat' dir='ltr'>operimentum</span> <span class='ocrx_word' id='word_1_576' title='bbox 1288 3329 1379 3372; x_wconf 89' lang='lat' dir='ltr'>fiat.</span> <span class='ocrx_word' id='word_1_577' title='bbox 1414 3327 1446 3354; x_wconf 78' lang='lat'>¹²</span> <span class='ocrx_word' id='word_1_578' title='bbox 1468 3328 1592 3380; x_wconf 86' lang='lat' dir='ltr'>Quod</span> <span class='ocrx_word' id='word_1_579' title='bbox 1622 3332 1772 3371; x_wconf 88' lang='lat' dir='ltr'>autem</span> <span class='ocrx_word' id='word_1_580' title='bbox 1802 3325 2103 3384; x_wconf 70' lang='lat' dir='ltr'>superfuerit</span> <span class='ocrx_word' id='word_1_581' title='bbox 2091 3340 2138 3368; x_wconf 89' lang='grc'>111</span> <span class='ocrx_word' id='word_1_582' title='bbox 2168 3327 2288 3381; x_wconf 87' lang='lat' dir='ltr'>sagis</span> 
     </span>
     <span class='ocr_line' id='line_1_61' title="bbox 453 3384 2288 3443; baseline -0.001 -14"><span class='ocrx_word' id='word_1_583' title='bbox 453 3400 552 3442; x_wconf 88' lang='lat' dir='ltr'>quae</span> <span class='ocrx_word' id='word_1_584' title='bbox 574 3391 787 3443; x_wconf 90' lang='lat' dir='ltr'>parantur</span> <span class='ocrx_word' id='word_1_585' title='bbox 807 3391 945 3443; x_wconf 86' lang='lat' dir='ltr'>tecto,</span> <span class='ocrx_word' id='word_1_586' title='bbox 968 3387 1014 3429; x_wconf 91' lang='lat' dir='ltr'>id</span> <span class='ocrx_word' id='word_1_587' title='bbox 1037 3393 1121 3443; x_wconf 88' lang='lat' dir='ltr'>est,</span> <span class='ocrx_word' id='word_1_588' title='bbox 1145 3402 1282 3430; x_wconf 88' lang='lat' dir='ltr'>unum</span> <span class='ocrx_word' id='word_1_589' title='bbox 1304 3402 1463 3443; x_wconf 86' lang='lat' dir='ltr'>sagum</span> <span class='ocrx_word' id='word_1_590' title='bbox 1492 3387 1608 3443; x_wconf 91' lang='lat' dir='ltr'>quod</span> <span class='ocrx_word' id='word_1_591' title='bbox 1638 3386 1830 3443; x_wconf 88' lang='lat' dir='ltr'>amplius</span> <span class='ocrx_word' id='word_1_592' title='bbox 1853 3391 1939 3441; x_wconf 86' lang='lat' dir='ltr'>est,</span> <span class='ocrx_word' id='word_1_593' title='bbox 1963 3399 2018 3428; x_wconf 80' lang='lat' dir='ltr'>ex</span> <span class='ocrx_word' id='word_1_594' title='bbox 2046 3384 2288 3428; x_wconf 89' lang='lat' dir='ltr'>medietate</span> 
     </span>
     <span class='ocr_line' id='line_1_62' title="bbox 454 3443 2286 3513; baseline -0.001 -25"><span class='ocrx_word' id='word_1_595' title='bbox 454 3445 550 3501; x_wconf 81' lang='lat' dir='ltr'>ejus</span> <span class='ocrx_word' id='word_1_596' title='bbox 572 3446 741 3502; x_wconf 89' lang='lat' dir='ltr'>operies</span> <span class='ocrx_word' id='word_1_597' title='bbox 769 3446 1010 3513; x_wconf 88' lang='lat' dir='ltr'>posteriora</span> <span class='ocrx_word' id='word_1_598' title='bbox 1031 3446 1322 3490; x_wconf 88' lang='lat' dir='ltr'>tabernaculi.</span> <span class='ocrx_word' id='word_1_599' title='bbox 1354 3446 1389 3473; x_wconf 83' lang='lat'>¹3</span> <span class='ocrx_word' id='word_1_600' title='bbox 1411 3447 1470 3489; x_wconf 89' lang='lat' dir='ltr'>Et</span> <span class='ocrx_word' id='word_1_601' title='bbox 1491 3446 1668 3490; x_wconf 90' lang='lat' dir='ltr'>cubitus</span> <span class='ocrx_word' id='word_1_602' title='bbox 1697 3460 1752 3489; x_wconf 83' lang='lat' dir='ltr'>ex</span> <span class='ocrx_word' id='word_1_603' title='bbox 1781 3460 1868 3488; x_wconf 90' lang='lat' dir='ltr'>una</span> <span class='ocrx_word' id='word_1_604' title='bbox 1898 3449 2023 3501; x_wconf 88' lang='lat' dir='ltr'>parte</span> <span class='ocrx_word' id='word_1_605' title='bbox 2052 3443 2286 3500; x_wconf 87' lang='lat' dir='ltr'>pendebit,</span> 
     </span>
     <span class='ocr_line' id='line_1_63' title="bbox 454 3502 2288 3561; baseline -0.001 -14"><span class='ocrx_word' id='word_1_606' title='bbox 454 3509 499 3547; x_wconf 89' lang='lat' dir='ltr'>et</span> <span class='ocrx_word' id='word_1_607' title='bbox 525 3504 638 3547; x_wconf 89' lang='lat' dir='ltr'>alter</span> <span class='ocrx_word' id='word_1_608' title='bbox 666 3519 721 3547; x_wconf 87' lang='lat' dir='ltr'>ex</span> <span class='ocrx_word' id='word_1_609' title='bbox 749 3505 909 3561; x_wconf 90' lang='lat' dir='ltr'>altera,</span> <span class='ocrx_word' id='word_1_610' title='bbox 934 3504 1008 3561; x_wconf 91' lang='lat' dir='ltr'>qui</span> <span class='ocrx_word' id='word_1_611' title='bbox 1038 3504 1136 3561; x_wconf 89' lang='lat' dir='ltr'>plus</span> <span class='ocrx_word' id='word_1_612' title='bbox 1168 3511 1233 3548; x_wconf 89' lang='lat' dir='ltr'>est</span> <span class='ocrx_word' id='word_1_613' title='bbox 1261 3505 1307 3547; x_wconf 92' lang='lat' dir='ltr'>in</span> <span class='ocrx_word' id='word_1_614' title='bbox 1337 3519 1544 3561; x_wconf 85' lang='lat' dir='ltr'>sagorum</span> <span class='ocrx_word' id='word_1_615' title='bbox 1574 3504 1874 3561; x_wconf 86' lang='lat' dir='ltr'>longitudine,</span> <span class='ocrx_word' id='word_1_616' title='bbox 1906 3507 2141 3558; x_wconf 89' lang='lat' dir='ltr'>utrumque</span> <span class='ocrx_word' id='word_1_617' title='bbox 2169 3502 2288 3546; x_wconf 84' lang='lat' dir='ltr'>latus</span> 
     </span>
    </p>
   </div>
   <div class='ocr_carea' id='block_1_8' title="bbox 454 3648 1020 3684">
    <p class='ocr_par' dir='ltr' id='par_1_11' title="bbox 454 3648 1020 3684">
     <span class='ocr_line' id='line_1_64' title="bbox 454 3648 1020 3684; baseline 0.004 -8"><span class='ocrx_word' id='word_1_618' title='bbox 454 3648 504 3681; x_wconf 63' lang='grc' dir='ltr'>ιο]</span> <span class='ocrx_word' id='word_1_619' title='bbox 517 3648 618 3676; x_wconf 75' lang='lat' dir='ltr'>Hebr.</span> <span class='ocrx_word' id='word_1_620' title='bbox 633 3648 729 3684; x_wconf 85' lang='lat' dir='ltr'>vm,</span> <span class='ocrx_word' id='word_1_621' title='bbox 742 3651 768 3677; x_wconf 84' lang='lat'>5.</span> <span class='ocrx_word' id='word_1_622' title='bbox 790 3649 864 3676; x_wconf 74' lang='lat' dir='ltr'>Act.</span> <span class='ocrx_word' id='word_1_623' title='bbox 883 3649 960 3684; x_wconf 79' lang='lat' dir='ltr'>vn,</span> <span class='ocrx_word' id='word_1_624' title='bbox 977 3651 1020 3678; x_wconf 78' lang='lat'>44.</span> 
     </span>
    </p>
   </div>
  </div>
 </body>
</html>
