2423 3861
156 426 292 456 Israelis

165 471 284 500 ardens

120 514 271 550 precatio
287 514 327 542 ad

165 560 280 587 Deum.

164 820 286 850 Divina

100 864 273 899 responsio
306 868 340 892 et

125 915 313 944 promissio.

99 1424 178 1454 Sion
192 1424 341 1454 consola-

117 1468 222 1504 bitur,
246 1467 321 1502 ejus

98 1514 216 1543 hostes
232 1511 341 1541 humi-

127 1557 313 1587 liabuntur.

129 2445 241 2475 Gloria
254 2445 315 2474 Dei

148 2488 293 2523 requirit

107 2533 343 2564 liberationem

175 2577 267 2608 Sion.

139 3147 311 3176 Liberatio

163 3191 233 3220 haec
257 3191 290 3220 in

119 3238 330 3264 antecessum

125 3278 336 3308 describitur.

411 122 495 163 836
1036 119 1096 161 Is.
1133 120 1216 173 LI,
1250 120 1275 162 9
1308 145 1368 149 —
1399 118 1510 172 LII,
1549 119 1613 161 10.

411 305 484 334 eos
516 291 701 343 vermis,
734 297 775 332 et
809 288 923 330 sicut
948 288 1117 343 lanam,
1146 287 1208 329 sic
1235 287 1466 330 devorabit
1492 301 1565 329 eos
1588 287 1734 330 tinea:
1758 287 1876 329 salus
1901 294 2052 331 autem
2077 303 2174 331 mea
2196 287 2241 330 in

409 349 727 406 sempiternum
750 347 851 401 erit,
878 351 922 389 et
946 346 1120 402 justit-ia
1145 360 1243 388 mea
1261 346 1308 388 in
1334 345 1642 401 generationes
1668 345 2020 400 generationum.

470 410 487 435 9
512 409 756 462 Consurge,
784 420 1019 461 consurge,
1049 405 1232 448 induere
1265 404 1601 459 fortitudinem,
1635 404 1868 447 brachium
1902 405 2108 450 Domini!
2142 421 2244 449 con-

409 481 539 523 surge
575 466 689 508 sicut
720 465 765 506 in
800 464 954 507 diebus
987 464 1202 520 antiquis,
1239 464 1286 506 in
1319 464 1681 520 generationibus
1706 463 1983 507 saeculorum.
2018 465 2243 521 Numquid

409 542 494 569 11011
521 531 568 567 tu
593 523 846 580 percussisti
879 524 1138 580 superbum,
1173 523 1417 566 vulnerasti
1453 522 1724 566 draconem?
1755 521 1791 548 ¹⁰
1816 523 2045 578 Numquid
2077 539 2166 567 non
2197 530 2244 566 tu

408 583 584 628 siccasti
611 597 753 638 mare,
777 598 939 639 aquam
968 583 1118 638 abyssi
1144 583 1444 637 vehementis;
1481 582 1555 638 qui
1588 582 1776 638 posuisti
1809 582 2083 638 profundum
2111 583 2244 626 maris

408 645 550 698 riam,
585 647 634 684 ut
667 642 908 685 transirent
941 642 1151 685 liberati?
1186 641 1220 667 1¹
1252 643 1311 684 Et
1343 657 1460 684 nunc
1491 641 1564 697 qui
1597 641 1817 698 redempti
1850 646 1954 684 sunt
1979 656 2005 684 a
2030 642 2240 699 Domino,

408 707 709 757 revertentur,
745 707 789 744 et
817 702 999 745 venient
1031 701 1076 744 111
1108 702 1213 745 Sion
1250 701 1506 756 laudantes,
1541 706 1585 743 et
1622 700 1783 743 laetitia
1816 701 2086 757 sempiterna
2119 715 2249 758 super

407 762 556 818 capita
581 775 753 817 eorum,
780 761 995 817 gaudium
1021 765 1065 804 et
1089 761 1298 804 laetitiam
1320 761 1562 815 tenebunt3
1590 760 1738 816 fugiet.
1763 760 1887 802 dolor
1911 765 1956 803 et
1980 759 2186 816 gemitus.

469 820 501 846 ¹⁴2
527 822 648 877 Ego,
679 835 762 876 ego
786 821 881 877 ipse
911 820 1172 864 consolabor
1201 834 1292 863 vos.
1329 820 1433 871 Quis
1466 824 1535 875 tu,
1563 825 1612 862 ut
1644 819 1824 863 timeres
1850 819 1906 862 ab
1928 819 2108 863 homine
2133 834 2247 863 mor-

407 880 507 936 tali,
531 886 575 923 et
599 895 626 923 a
647 880 738 923 filio
756 880 949 923 hominis
975 879 1049 936 qui
1074 880 1201 936 quasi
1226 880 1403 922 foenum
1428 879 1493 922 ita
1517 878 1720 922 arescet?
1753 878 1788 905 13
1814 880 1871 921 Et
1898 878 2062 922 oblitus
2087 893 2133 922 es
2159 879 2247 922 Do-

406 940 536 994 mini,
563 939 749 982 factoris
771 939 857 996 tui,
882 939 956 996 qui
982 939 1173 982 tetendit
1199 938 1332 982 caelos
1367 944 1410 981 et
1443 938 1655 981 fundarit
1687 943 1876 993 terram,
1913 943 1958 981 et
1993 938 2248 982 formidasti

404 999 571 1056 jugiter
604 1004 699 1042 tota
735 998 806 1042 die
838 1014 864 1042 a
894 999 1014 1042 facie
1050 999 1213 1041 furoris
1248 998 1343 1054 ejus
1377 998 1451 1054 qui
1481 1004 1525 1041 te
1556 997 1820 1053 tribulabat,
1856 1003 1899 1040 et
1932 1003 2167 1054 paraverat
2191 998 2249 1041 ad

405 1059 694 1116 perdendum.
722 1058 815 1102 Ubi
846 1073 963 1101 nunc
998 1064 1063 1101 est
1099 1058 1223 1101 furor
1251 1056 1543 1100 tribulantis?
1579 1057 1613 1083 ¹⁴
1640 1057 1738 1100 Cito
1771 1057 1922 1100 veniet
1955 1057 2162 1113 gradiens
2192 1058 2249 1100 ad

405 1118 719 1175 aperiendum3
748 1123 793 1161 et
817 1133 904 1162 non
930 1118 1169 1160 interficiet
1194 1131 1332 1173 usque
1357 1117 1413 1160 ad
1434 1116 1806 1172 internecionem,
1826 1131 1908 1160 nec
1928 1117 2104 1160 deficiet
2121 1117 2248 1174 panis

406 1179 516 1234 ejus.
544 1177 580 1204 15
606 1177 703 1234 Ego
725 1182 876 1220 autem
901 1192 998 1220 sum
1026 1177 1244 1220 Dominus
1272 1178 1392 1220 Deus
1417 1181 1538 1233 tuus,
1564 1176 1638 1232 qui
1664 1177 1878 1219 conturbo
1897 1191 2039 1232 mare,
2063 1181 2108 1220 et
2130 1176 2248 1219 intu-

405 1241 608 1280 mescunt
633 1236 793 1280 fluctus
819 1237 942 1293 ejus,
973 1237 1191 1279 Dominus
1217 1236 1496 1279 exercituum
1521 1250 1683 1279 nomen
1709 1250 1871 1279 meum.
1899 1235 1936 1262 ¹6
1955 1235 2087 1279 Posui
2113 1236 2248 1279 verba

405 1311 504 1340 mea
528 1296 575 1339 in
601 1311 674 1340 ore
696 1301 793 1352 tuo,
828 1301 872 1340 et
904 1296 950 1338 in
983 1296 1140 1339 umbra
1178 1310 1335 1339 manus
1366 1310 1478 1339 meae
1508 1295 1682 1352 protexi
1707 1300 1771 1352 te,
1805 1300 1855 1338 ut
1886 1295 2062 1352 plantes
2093 1295 2249 1351 caelos,

407 1362 449 1399 et
469 1356 632 1399 fundes
658 1362 843 1411 terram,
866 1361 911 1399 et
936 1355 1060 1399 dicas
1085 1355 1142 1398 ad
1170 1355 1274 1399 Sion
1307 1372 1315 1399 :
1344 1355 1539 1412 Populus
1565 1369 1688 1398 meus
1714 1370 1759 1398 es
1782 1360 1844 1398 tu.

468 1416 499 1442 ¹⁷
527 1416 735 1471 Elevare,
760 1415 956 1471 elevare,
984 1429 1219 1471 consurge,
1248 1415 1519 1471 Jerusalem,
1541 1430 1638 1470 quae
1657 1414 1811 1457 bibisti
1840 1414 1894 1458 de
1912 1430 2049 1458 manu
2068 1415 2249 1458 Domini

407 1475 593 1519 calicem
629 1475 707 1518 irae
741 1475 862 1531 ejus,
902 1489 1040 1531 usque
1076 1474 1133 1517 ad
1167 1474 1362 1518 fundum
1400 1474 1553 1518 calicis
1591 1474 1758 1531 soporis
1791 1474 1968 1530 bibisti,
2007 1479 2051 1518 et
2086 1473 2250 1531 potasti

406 1550 542 1591 usque
573 1535 631 1577 ad
666 1535 816 1578 faeces.
855 1534 891 1561 18
917 1535 1018 1577 Non
1052 1538 1119 1577 est
1157 1533 1230 1589 qui
1261 1538 1480 1577 sustentet
1513 1548 1632 1589 eam,
1668 1548 1723 1577 ex
1760 1533 1966 1577 omnibus
2001 1533 2105 1577 filiis
2143 1547 2250 1590 quos

406 1595 584 1651 genuit3
603 1599 646 1638 et
667 1609 755 1638 non
775 1599 841 1637 est
860 1593 934 1650 qui
952 1593 1259 1650 apprehendat
1273 1608 1456 1635 manum
1474 1593 1584 1649 ejus,
1606 1607 1660 1636 ex
1679 1593 1885 1636 omnibus
1899 1593 2003 1636 filiis
2022 1607 2129 1649 quos
2145 1607 2248 1637 enu-

407 1654 544 1697 trivit.
576 1653 612 1679 19
646 1655 745 1697 Duo
778 1658 880 1696 sunt
910 1667 1007 1709 quae
1041 1657 1325 1696 occurrerunt
1357 1652 1473 1708 tibi3
1509 1652 1606 1708 quis
1641 1651 1977 1695 contristabitur
2009 1667 2140 1709 super
2171 1652 2245 1696 te?

407 1713 627 1769 Vastitas,
655 1717 698 1756 et
724 1713 951 1768 contritio,
979 1717 1023 1756 et
1046 1712 1213 1768 fames,
1240 1716 1284 1755 et
1309 1711 1510 1768 gladius3
1539 1711 1636 1768 quis
1664 1711 1965 1759 consolabitur
1991 1711 2063 1756 te?
2087 1710 2125 1738 2⁰
2143 1710 2248 1755 Filii

405 1773 470 1815 tui
503 1772 692 1829 projecti
722 1778 844 1828 sunt,
877 1772 1150 1815 dormierunt
1181 1771 1229 1814 111
1262 1771 1408 1828 capite
1441 1771 1641 1814 omnium
1675 1771 1849 1814 viarum
1879 1771 1996 1814 sicut
2018 1785 2127 1828 oryx
2151 1771 2248 1814 illa-

407 1837 614 1888 queatus3
643 1831 763 1889 pleni
787 1831 1098 1887 indignatione
1125 1830 1327 1886 Domini,
1354 1830 1658 1886 increpatione
1682 1831 1765 1873 Dei
1785 1829 1863 1873 tui.
1891 1829 1924 1855 ‘²¹
1949 1830 2124 1873 Idcirco
2146 1829 2251 1873 audi

406 1892 514 1947 hoc,
541 1891 833 1948 paupercula,
862 1896 905 1934 et
931 1891 1051 1934 ebria
1078 1905 1165 1933 non
1191 1905 1218 1932 a
1247 1890 1364 1932 vino.
1389 1888 1426 1914 ΞΩ
1452 1891 1566 1932 Haec
1593 1889 1702 1932 dicit
1730 1889 1980 1932 dominator
2004 1894 2125 1946 tuus,
2162 1890 2248 1932 Do-

406 1951 552 1994 minus
586 1956 630 1994 et
656 1952 775 1994 Deus
805 1956 925 2006 tuus,
962 1950 1035 2006 qui
1067 1950 1288 2007 pugnabit
1318 1964 1395 2006 pro
1429 1949 1591 2006 populo
1618 1962 1695 1991 suo
1730 1965 1738 1992 :
1770 1949 1886 1991 Ecce
1919 1948 2001 1991 tuli
2028 1949 2082 1993 de
2115 1963 2251 1991 manu

407 2017 482 2052 tua
508 2010 694 2054 calicem
719 2010 907 2067 soporis,
935 2010 1128 2053 fundum
1155 2009 1307 2052 calicis
1343 2008 1668 2064 indignationis
1699 2022 1834 2063 meae3
1862 2022 1953 2051 non
1986 2008 2174 2065 adjicies
2204 2013 2251 2051 ut

406 2069 534 2112 bibas
557 2069 687 2112 illum
712 2069 840 2113 ultra.
864 2068 901 2095 ‘23
927 2071 985 2112 Et
1021 2083 1185 2126 ponam
1215 2068 1341 2111 illum
1370 2068 1418 2110 in
1450 2082 1586 2110 manu
1620 2082 1771 2111 eorum
1802 2067 1876 2123 qui
1906 2072 1950 2111 te
1986 2067 2250 2111 humiliave-

406 2134 527 2185 runt,
551 2134 595 2172 et
620 2128 827 2172 dixerunt
848 2128 1012 2171 animae
1038 2133 1128 2171 tuae
1162 2145 1170 2172 :
1194 2128 1457 2182 Incurvare,
1486 2132 1535 2169 ut
1568 2132 1846 2170 transeamus
1867 2144 1876 2183 3
1912 2131 1957 2170 et
1981 2126 2169 2184 posuisti
2202 2131 2250 2169 ut

406 2193 569 2231 terram
595 2202 751 2245 corpus
775 2193 922 2243 tuum,
946 2192 990 2231 et
1015 2188 1139 2243 quasi
1166 2187 1287 2229 viam
1312 2186 1658 2230 transeuntibus.

668 2313 689 2366 ξ
714 2311 795 2352 IV.
819 2337 878 2342 —
901 2310 1022 2352 AZice
1034 2310 1343 2366 prcedictiones
1368 2309 1419 2352 (Ze
1447 2310 1702 2353 liberatione
1724 2310 1990 2353 Jerusalem.

467 2426 572 2470 CAP.
601 2427 705 2470 LII.
730 2452 790 2460 —-
814 2426 827 2452 1
856 2427 1102 2482 Consurge,
1128 2439 1364 2481 consurge,
1391 2424 1576 2468 induere
1605 2425 1872 2468 fortitudine
1902 2430 1999 2481 tua,
2026 2425 2150 2469 Sion!
2183 2425 2250 2468 111-

409 2485 541 2529 (111010
565 2485 843 2529 vestimentis
869 2484 1023 2542 gloriae
1049 2491 1159 2541 tuae,
1187 2484 1458 2540 Jerusalem,
1487 2484 1645 2527 civitas
1675 2485 1847 2540 Sancti,
1881 2485 1985 2540 quia
2018 2498 2108 2527 non
2134 2484 2246 2541 adji-

409 2545 496 2588 ciet
517 2544 632 2588 ultra
658 2550 706 2587 ut
738 2549 1014 2602 pertranseat
1046 2559 1122 2601 per
1155 2549 1199 2588 te
1231 2543 1568 2587 incircumcisus
1601 2549 1646 2587 et
1680 2544 1951 2587 immundus.
1980 2542 1998 2569 2
2030 2545 2250 2587 Excutere

409 2604 463 2647 de
487 2604 688 2661 pulvere,
716 2619 956 2660 consurge,
983 2604 1108 2659 sede,
1144 2603 1413 2647 Jerusalem!
1445 2603 1568 2646 solve
1597 2603 1778 2645 vincula
1811 2603 1914 2646 colli
1948 2603 2034 2659 tui,
2070 2603 2247 2659 captiva

408 2663 501 2706 filia
535 2664 662 2718 Sion,
702 2664 720 2690 3
752 2664 854 2720 quia
883 2664 980 2706 haec
1011 2663 1120 2706 dicit.
1151 2662 1368 2706 Dominus
1402 2679 1410 2706 ε
1438 2662 1588 2706 Gratis
1625 2662 1869 2706 venundati
1908 2661 2038 2718 estis,
2076 2668 2120 2705 et
2156 2662 2249 2705 sine

409 2728 593 2779 argento
633 2723 928 2767 redimemini.
951 2720 1096 2772 ⁴Quia
1125 2723 1223 2765 haec
1272 2721 1382 2764 dicit
1427 2721 1644 2764 Dominus
1687 2723 1807 2765 Deus
1839 2738 1849 2766 ;
1898 2722 1953 2764 111
1997 2721 2248 2778 AEgyptum

410 2782 639 2826 descendit
664 2782 852 2839 populus
877 2797 1000 2825 meus
1023 2783 1068 2824 111
1087 2781 1325 2838 principiO,
1346 2786 1395 2824 ut
1417 2781 1597 2824 colonus
1616 2786 1731 2825 esset
1750 2781 1833 2837 ibi,
1859 2786 1903 2824 et
1920 2781 2060 2824 Assur
2083 2780 2249 2836 absque

409 2841 500 2884 ulla
527 2856 660 2885 causa
687 2841 986 2885 calumniatus
1017 2846 1082 2884 est
1116 2855 1230 2884 eum.
1258 2841 1276 2867 5
1303 2841 1362 2883 Et
1388 2854 1505 2883 nunc
1532 2841 1637 2896 quid
1664 2840 1774 2882 mihi
1808 2844 1874 2883 est
1903 2840 1996 2896 hic,
2026 2839 2135 2882 dicit
2162 2841 2247 2883 Do-

411 2900 576 2956 minus,
596 2901 806 2957 quoniam
827 2901 1005 2944 ablatus
1027 2904 1093 2944 est
1115 2900 1303 2957 populus
1323 2914 1446 2943 meus
1462 2899 1632 2956 gratis?
1655 2899 1965 2943 Dominatores
1984 2898 2081 2954 ejus
2099 2898 2250 2955 inique

410 2965 571 3015 agunt,
603 2960 712 3003 dicit
747 2960 985 3017 Dominus,
1017 2965 1061 3004 et
1098 2959 1266 3016 jugiter
1297 2964 1392 3003 tota
1422 2959 1494 3002 die
1526 2973 1686 3003 nomen
1717 2972 1865 3001 meum
1898 2957 2245 3014 blasphematur.

411 3018 429 3044 ⁶
454 3019 637 3075 Propter
661 3020 744 3062 hoc
769 3020 879 3063 sciet
904 3020 1092 3077 populus
1118 3033 1241 3062 meus
1266 3033 1428 3062 nomen
1451 3033 1598 3062 meum
1617 3018 1663 3060 in
1691 3017 1761 3060 die
1781 3016 1861 3059 illa
1887 3032 1898 3061 ε
1925 3016 2025 3073 quia
2044 3031 2125 3072 ego
2155 3017 2249 3073 ipsc

411 3077 485 3133 qui
511 3077 740 3134 loquebar,
767 3093 868 3122 ecce
889 3079 1059 3122 adsum.

471 3136 486 3162 7
511 3137 652 3187 Quam
677 3138 850 3193 pulchri
876 3153 1005 3194 super
1026 3144 1198 3182 montes
1221 3139 1354 3195 pedes
1381 3137 1688 3181 annuntiantis
1709 3141 1752 3179 et
1773 3135 2059 3193 praedicantis
2077 3149 2245 3192 pacem,

411 3196 721 3239 annuntiantis
746 3197 930 3252 bonum,
954 3198 1241 3253 praedicantis
1266 3198 1477 3253 salutem,
1502 3196 1689 3240 dicentis
1716 3195 1819 3239 Sion
1849 3212 1857 3239 ε
1887 3195 2111 3251 Regnabit
2130 3195 2248 3237 Deus

412 3256 533 3299 tuus!
560 3256 577 3282 8
602 3256 704 3299 Vox
729 3256 1056 3312 speculatorum
1081 3262 1285 3300 tuorum:
1313 3257 1574 3301 levaverunt
1606 3269 1779 3310 vocem,
1816 3255 1950 3297 simul
1978 3253 2243 3308 laudabunt,

414 3315 516 3370 quia
538 3314 664 3358 oculo
689 3314 746 3358 ad
765 3315 942 3358 oculum
959 3315 1176 3358 videbunt
1201 3330 1301 3359 cum
1320 3315 1586 3360 converterit
1608 3314 1825 3357 Dominus
1853 3314 1971 3358 Sion.
1995 3312 2013 3339 ⁰
2031 3311 2245 3367 Gaudete,

415 3379 457 3416 et
489 3374 668 3417 laudate
700 3374 857 3429 simul,
892 3374 1065 3417 deserta
1102 3375 1371 3431 Jerusalem,
1406 3375 1507 3430 quia
1541 3373 1793 3416 consolatus
1823 3379 1888 3417 est
1921 3372 2139 3416 Dominus
2171 3385 2246 3427 po-

414 3433 566 3488 pulum
592 3447 741 3489 suum,
768 3432 956 3476 redemit
977 3433 1237 3476 Jerusalem.
1267 3434 1302 3460 ‘¹⁰
1325 3433 1506 3477 Paravit
1528 3431 1746 3475 Dominus
1772 3432 2003 3476 brachium
2042 3436 2245 3475 sanctum

418 3590 465 3622 10]
484 3591 543 3617 Ex.
562 3591 653 3625 XIV,
670 3593 714 3618 21.
732 3606 768 3611 -
784 3591 832 3624 16]
851 3591 927 3623 sup.
947 3591 1071 3625 XLIX,
1086 3593 1111 3618 2.
1125 3605 1161 3610 —
1175 3592 1220 3624 19]
1241 3591 1317 3623 sup.
1337 3591 1477 3625 XLV11‚
1494 3593 1520 3618 9.
1535 3604 1570 3608 —-
1583 3590 1612 3622 4]
1631 3590 1708 3617 Gen.
1724 3589 1853 3624 XLVI,
1869 3592 1895 3618 6.
1910 3604 1945 3609 —
1957 3589 1987 3623 5]
2007 3589 2060 3617 ΕΖ.
2078 3587 2243 3624 XXXVI,

418 3635 461 3661 20.
485 3634 579 3661 Rom.
600 3636 652 3669 ΙΙ,
669 3637 712 3662 24.
731 3650 766 3654 —-
785 3635 812 3668 7]
831 3634 913 3662 Nali.
934 3635 966 3669 Ι,
989 3637 1031 3662 15.
1054 3635 1148 3662 Rom.
1167 3634 1215 3669 X,
1238 3637 1280 3662 15.
1302 3649 1338 3652 —
1360 3635 1407 3667 10]
1427 3634 1478 3661 Ps.
1500 3634 1634 3666 XCVII,
1651 3636 1676 3661 3.
