2423 3861
685 113 827 156 Pnov.
863 112 932 167 ΙΙ,
967 113 994 156 8
1023 138 1083 146 —
1115 112 1212 166 ΙΙΙ,
1249 113 1314 156 10.

385 290 428 328 et
450 289 652 341 proteget
677 283 928 339 gradientes
951 282 1224 338 simpliciter,

283 343 301 370 ⁸
321 358 502 386 servans
528 343 706 387 semitas
729 342 938 398 justithe,

383 409 426 446 et
453 403 546 445 vias
572 408 823 445 sanctorum
850 401 1116 445 custodiens.

282 461 300 488 9
320 462 444 504 Tunc
471 462 694 516 intelliges
718 460 959 516 justitiam,
988 465 1031 503 et
1056 460 1296 515 judicium,

382 528 424 565 et
452 521 707 576 aequitatem
719 519 728 574 ',
756 524 800 562 et
825 533 1002 562 omnem
1024 519 1230 562 semitam
1256 519 1432 562 bonam.

266 579 302 606 ¹0
323 581 364 624 Si
391 580 623 623 intraverit
648 578 866 635 sapientia
890 592 963 620 cor
989 583 1134 631 tuum,

383 645 425 683 ct
450 639 637 682 scientia
662 637 823 680 animae
852 642 940 679 tuae
967 636 1203 693 placuerit,

264 698 294 724 ¹¹
315 699 549 742 consilium
572 697 791 740 custodiet
817 702 879 752 te,

381 765 424 801 ct
446 757 679 815 prudentia
705 755 901 799 servabit
927 760 994 809 te3

267 815 299 842 ¹'-'
321 822 368 859 ut
390 817 553 860 eruaris
579 831 605 859 a
629 816 702 858 via
729 815 869 870 mala,

381 884 424 919 et
445 877 501 918 ab
524 875 700 919 homine
725 874 798 931 qui
825 888 1030 932 perversa
1056 873 1269 929 loquitur3

267 934 299 960 ¹³³
320 936 391 991 qui
415 936 669 991 relinquunt
694 934 778 978 iter
801 938 992 988 rectum,

379 1001 421 1038 et.
447 994 681 1037 ambulant
709 1008 786 1050 per
811 993 905 1036 vias
932 992 1207 1045 tenebrosam

269 1053 386 1109 1-'1qui
415 1054 624 1097 lactantur
645 1067 746 1096 cum
772 1051 1101 1105 malefecerint,

381 1119 423 1156 et.
449 1113 653 1155 exultant
677 1113 722 1155 in
744 1112 873 1156 rebus
900 1111 1127 1169 pessimis,

266 1172 297 1199 ¹5
317 1186 501 1228 qnorum
529 1172 614 1215 viae
641 1186 859 1229 perversae
882 1176 1005 1227 sunt,

379 1239 421 1275 et
446 1231 639 1275 infames
663 1246 838 1287 gressus
862 1245 1025 1275 eorum.

264 1290 296 1316 ¹⁰
320 1292 381 1334 Ut
407 1291 571 1334 eruaris
595 1305 622 1334 a
648 1291 831 1334 muliere
856 1291 1024 1345 aliena,

377 1356 419 1393 et
445 1350 502 1392 ab
523 1355 734 1393 extranea
760 1364 859 1405 quae
882 1349 1026 1392 mollit
1048 1363 1270 1393 sermones
1298 1363 1418 1405 suos,

264 1408 294 1434 ¹⁷
318 1416 359 1452 et
386 1409 781 1464 relinquit·ducem
806 1408 1054 1465 pubertatis
1079 1422 1193 1462 suae,

323 1468 355 1494 ¹⁸
378 1477 420 1511 et
446 1468 565 1524 pacti
588 1467 672 1511 Dei
697 1467 764 1510 sui
787 1467 926 1510 oblita
952 1473 1031 1511 est.

318 1527 543 1569 Inclinata
564 1532 632 1570 est
656 1526 775 1570 enim
799 1527 857 1569 ad
879 1532 1065 1569 mortem
1094 1527 1249 1569 domus
1272 1526 1391 1582 ejus,

375 1591 418 1628 et
443 1586 499 1628 ad
521 1586 687 1629 inferos
713 1585 886 1628 semitae
911 1585 1064 1642 ipsius.

258 1643 294 1670 ¹9
316 1646 480 1689 Omnes
507 1645 579 1701 qui
605 1644 917 1700 ingrediuntur
940 1644 997 1687 ad
1025 1659 1124 1687 eam
1149 1659 1238 1687 non
1263 1649 1552 1701 revertentur,

374 1719 455 1748 neo
481 1704 817 1761 apprehendent
842 1704 1024 1747 semitas
1050 1704 1171 1747 vitae.

258 1762 295 1789 2⁰
317 1764 378 1807 Ut
401 1764 603 1807 ambules
628 1764 675 1806 in
701 1762 774 1806 via
795 1763 933 1820 bona,

375 1829 418 1866 et
445 1823 579 1867 calles
601 1823 821 1879 justorum
843 1823 1090 1867 custodias:

257 1881 290 1908 2¹
314 1883 387 1938 qui
414 1882 532 1925 enim
558 1882 667 1926 recti
693 1887 796 1925 sunt
822 1883 1091 1925 habitabunt
1116 1883 1162 1925 in
1185 1888 1321 1938 terra,

377 1948 419 1985 et
441 1942 665 1999 simplices
692 1942 1017 1998 permanebunt
1036 1942 1082 1984 in
1109 1957 1185 1997 ea;

255 1999 292 2026 ‘²2
312 2001 438 2057 impii
465 2016 568 2045 vero
594 2001 649 2045 de
674 2007 789 2044 terra
814 2001 1074 2057 perdentur,

375 2067 418 2103 et
444 2060 518 2116 qui
542 2061 692 2116 inique
717 2065 857 2116 agunt
881 2061 1143 2104 auferentur
1167 2075 1223 2104 ex
1247 2076 1313 2105 ea.

353 2184 375 2237 ξ
408 2182 496 2224 ΠΙ.
529 2208 589 2214 -
621 2182 789 2225 Merces
819 2183 1058 2238 maym'fi'ca
1091 2189 1353 2226 sectatorum
1385 2182 1638 2239 Sapientiae.

138 2300 242 2344 CAP.
270 2300 359 2342 III.
386 2326 443 2331 -—
473 2299 482 2325 ¹
506 2299 592 2345 Fili
619 2299 701 2355 mi,
725 2314 780 2343 ne
808 2299 1082 2342 obliviscaris
1109 2299 1220 2355 legis
1246 2314 1377 2355 meae,

375 2365 418 2402 et
445 2364 666 2415 praecepta
691 2373 790 2402 mea
817 2373 890 2402 cor
914 2364 1040 2401 tuum
1066 2358 1314 2412 custodiat,

276 2416 293 2443 '2
312 2417 641 2474 longitudinem
667 2417 786 2461 enim
813 2418 1003 2472 dierum,
1031 2422 1076 2461 et
1096 2431 1235 2460 annos
1261 2418 1392 2474 vitae,

375 2484 419 2520 et
444 2491 599 2534 pacem
621 2482 846 2533 apponent
870 2477 966 2520 tibi.

276 2534 294 2563 3
312 2536 615 2579 Misericordia
642 2542 685 2579 et
710 2537 874 2579 veritas
900 2542 944 2579 te
969 2550 1055 2579 non
1083 2536 1315 2590 deserant3

377 2595 605 2638 circumda
631 2610 704 2639 eas
731 2595 899 2651 gutturi
927 2601 1022 2649 tuo,

377 2662 419 2698 et
443 2655 641 2698 describe
662 2655 707 2697 in
731 2654 895 2697 tabulis
918 2655 1060 2698 cordis
1082 2655 1173 2709 tni3

277 2714 295 2741 4
314 2720 357 2758 et
382 2714 581 2757 invenies
608 2714 820 2771 gratiam,
845 2720 888 2757 et
914 2714 1196 2771 disciplinam
1218 2714 1403 2771 bonam,

378 2788 526 2816 coram
554 2775 648 2817 Deo
674 2779 717 2817 et
741 2773 1009 2817 hominibus.

278 2833 296 2859 5
318 2833 449 2876 Habe
474 2833 684 2876 fiduciam
705 2833 752 2875 in
776 2833 968 2876 Domino
990 2847 1045 2876 ex
1066 2838 1158 2877 toto
1183 2833 1313 2876 eorde
1338 2838 1434 2889 tuo,

377 2900 420 2936 et
445 2908 500 2937 ne
524 2893 729 2936 innitaris
755 2892 1002 2950 prudenti-ee
1025 2899 1128 2937 tuae.

278 2951 296 2978 ⁶
316 2953 369 2995 In
397 2953 600 2996 omnibus
625 2953 707 2995 viis
735 2953 820 2995 tuis
847 2952 994 3007 cogita
1015 2952 1162 3010 illum,

378 3018 422 3056 et
445 3013 540 3070 ipse
561 3013 723 3068 diriget
749 3026 922 3068 gressus
949 3016 1060 3057 tuos,

283 3070 298 3097 ⁷
320 3071 387 3115 Ne
413 3073 472 3116 sis
497 3073 673 3130 sapiens
699 3071 817 3128 apud
845 3071 1152 3128 temetipsum3

379 3132 486 3176 time
509 3133 672 3187 Deum,
697 3137 740 3175 et
761 3130 915 3174 recede
937 3145 963 3172 a·
989 3131 1131 3175 malo:

278 3190 295 3218 8
315 3192 483 3234 sanitas
510 3192 672 3248 quippe
698 3191 779 3235 erit
806 3190 1018 3233 umbilico
1043 3195 1138 3246 tuo,

377 3257 419 3294 et
447 3250 647 3306 irrigatio
674 3251 838 3294 ossium
864 3255 1052 3292 tuorum.

279 3309 297 3336 9
318 3311 500 3353 Honora
529 3311 771 3353 Dominum
794 3311 846 3353 de
872 3314 947 3352 tua
969 3309 1239 3366 substantia,

377 3375 422 3413 et
447 3370 500 3413 de
527 3370 733 3426 primitiis
760 3369 956 3413 onmium
983 3370 1166 3426 frugum
1191 3375 1367 3413 tuarum
1393 3369 1449 3414 da
1470 3368 1538 3427 ei;

261 3428 297 3455 ¹⁰
317 3435 360 3473 et
384 3429 687 3486 implebuntur
708 3429 861 3473 horrea
888 3435 964 3471 tua
988 3429 1240 3485 saturitate,

378 3495 422 3532 et
443 3489 547 3532 vino
570 3488 808 3532 toreularia
833 3494 909 3531 tua
933 3487 1257 3532 redundabunt.

83 3640 130 3669 22]
156 3638 233 3670 soh,
250 3637 390 3672 XVIII,
416 3640 460 3666 17.
480 3652 517 3657 ——-
546 3638 574 3671 7]
595 3638 689 3665 Rom.
708 3637 788 3669 XII,
807 3637 850 3663 16.
868 3648 903 3654 —
919 3635 948 3668 9]
967 3634 1045 3662 Tob.
1064 3634 1118 3668 IV,
1138 3636 1163 3662 Τ.
1187 3634 1267 3662 Luc.
1287 3634 1377 3667 xlv,
1397 3635 1440 3662 13.

1831 112 1915 155 603

2015 581 2173 616 negativa
2189 606 2193 609 .

2041 1766 2167 1798 iterum

2025 1810 2185 1845 positiva.

2017 2306 2134 2340 sapien
2140 2306 2185 2335 t-is

2010 2350 2193 2378 relationes

2011 2394 2052 2423 ad
2073 2396 2190 2423 Deum.
