2423 3861
1024 136 1046 177 7
1081 161 1139 166 —
1177 134 1351 187 mn,
1386 134 1424 173 11.
1925 130 2008 173 843

185 310 316 357 mini:
342 309 533 351 Ministri
556 307 637 351 Dei
661 306 811 360 nostri,
833 306 942 347 dice}
957 320 1003 347 ur
1024 305 1171 359 vobis,
1193 303 1504 347 fortitudinem
1527 302 1724 358 gentium
1752 302 2005 358 comedetis,

184 375 228 413 et
252 369 295 411 in
310 360 464 422 gloria.
485 381 637 410 earum
662 364 939 421 superbietis.
971 364 986 389 ⁷
1007 365 1088 406 Pro
1115 363 1378 407 confusione
1405 368 1549 405 vestra
1576 360 1741 417 duplici
1765 366 1807 402 et
1830 360 2005 414 rubore,

182 427 432 471 laudabunt
464 431 634 484 partem
665 439 816 476 suumg
851 431 1025 479 proptor
1056 424 1136 465 lioc
1164 423 1211 465 in
1238 428 1351 464 terra.
1373 436 1451 463 sua
1475 420 1670 476 duplicia
1696 418 2004 475 possidebunt,

181 486 341 530 laetitia
363 485 631 543 sempiterna
649 483 731 526 erit
753 483 829 525 eis.
856 484 873 505 ⁸
891 483 1001 533 Quia
1029 496 1110 537 ego
1135 481 1352 523 Dominus
1379 479 1569 535 diligens
1594 478 1827 534 judicium,
1848 483 1891 521 et
1909 478 2006 521 odio

180 546 349 590 habens
371 545 573 601 rapinam
594 543 640 585 in
666 542 951 593 holocausto3
978 547 1021 584 ct
1047 541 1160 583 dabo
1183 553 1292 596 opus
1318 553 1467 582 eorum
1494 538 1536 579 in
1566 537 1764 591 veritate,
1789 542 1833 579 et
1857 536 2006 579 foedus

181 611 442 662 perpetuum
474 603 635 646 feriam
669 601 745 644 eis.
776 602 792 626 ‘³
821 603 875 643 Et
905 601 1046 644 scient
1077 600 1123 642 in
1153 598 1359 654 gentibus
1384 611 1533 640 semen
1561 611 1730 650 eorum,
1762 602 1805 640 ct
1827 610 2006 651 germen

181 678 330 707 eorum
357 663 401 706 in
424 661 568 705 medio
591 660 850 718 populorum
874 678 882 714 ;
911 674 1061 703 omues
1083 658 1155 714 qni
1180 657 1371 701 viderint
1389 670 1461 699 cos
1485 660 1750 709 cognoscent
1776 655 1886 699 illos.
1907 654 2008 710 quia

182 722 252 764 [sti
276 728 380 766 sunt
401 735 552 765 semen
579 720 648 763 cui
675 720 904 763 benedixit
929 718 1158 762 Dominus.

245 782 278 807 ¹⁰
302 780 513 825 Gaudens
541 779 746 835 gaudebo
776 779 822 822 in
847 778 1058 832 Domino,
1083 782 1126 820 et
1148 775 1369 820 exultabit
1394 775 1543 817 anima
1569 789 1663 816 nica
1696 774 1738 815 in
1778 776 1865 815 1.)οο
1890 789 2008 830 mec,

181 841 283 896 quia
315 839 462 882 induit
494 853 564 882 me
598 838 875 882 vestimentis
909 837 1086 891 salutis,
1120 841 1164 879 et
1196 835 1458 878 indumento
1491 833 1677 890 justitiae
1717 833 2010 877 circumdedit

180 914 264 954 me,
291 898 414 954 quasi
436 912 649 954 sponsum
671 898 928 941 decoratum
951 910 1123 951 corona,
1151 900 1194 938 et
1220 893 1343 950 quasi
1371 907 1579 950 sponsam
1610 897 1810 934 ornatam
1835 892 2007 935 monili-

181 958 261 1000 bus
288 958 390 1001 suis.
416 956 448 983 1¹
468 957 593 1000 Sicut
618 957 737 1000 enim
764 962 878 1000 terra
900 955 1071 1013 profert
1093 968 1270 1010 germen
1300 967 1449 1007 suum,
1479 957 1521 995 et
1542 951 1659 994 sicut
1681 951 1833 993 hortus
1859 966 2008 995 semen

179 1031 307 1060 suum
333 1016 568 1072 germinat,
592 1016 654 1058 sic
680 1017 896 1058 Dominus
921 1015 1039 1056 Deus
1062 1012 1331 1067 germinabit-
1351 1011 1573 1067 justitiam
1597 1014 1640 1052 et
1662 1009 1839 1051 laudem
1863 1024 2009 1052 coram

179 1075 395 1118 universis
417 1075 638 1130 gentibus,

647 1178 670 1233 ξ
699 1177 751 1219 V.
774 1203 833 1207 —
858 1176 993 1218 Scelus
1019 1177 1205 1231 expetita
1231 1181 1270 1218 et
1294 1176 1539 1230 impetrata.

238 1286 345 1329 CAP.
376 1286 524 1327 LXII.
554 1311 613 1318 —
645 1284 654 1310 ¹
684 1285 866 1340 Propter
901 1284 1004 1328 Sion
1037 1297 1124 1326 non
1149 1283 1332 1338 tacebo,
1361 1288 1405 1325 et
1430 1286 1608 1338 propter
1642 1280 1892 1324 Jerusalem
1924 1293 2010 1323 non·

177 1344 424 1399 quiescam,
455 1343 595 1386 donec
625 1343 880 1398 egrediatur
903 1348 953 1385 ut
981 1342 1190 1399 splendor
1213 1342 1362 1398 justus
1388 1342 1507 1397 ejus,
1536 1345 1579 1383 et
1608 1339 1804 1382 salvator
1833 1339 1930 1395 ejus
1962 1343 2012 1381 ut

179 1403 350 1459 lampas
383 1402 666 1445 accendatur.
701 1401 719 1427 ⁹2
744 1403 802 1444 Et
831 1402 1049 1445 videbunt
1080 1406 1233 1457 gentes
1265 1401 1435 1457 justum
1461 1405 1611 1455 tuum,
1639 1404 1683 1442 et
1709 1398 1858 1442 cuncti
1883 1412 2010 1454 reges

177 1462 398 1517 inclytum
443 1466 600 1515 tuum;
651 1465 694 1504 et
734 1461 967 1502 vocabitur
1011 1460 1093 1502 tibi
1139 1474 1299 1503 nomen
1337 1474 1524 1511 novum,
1572 1458 1686 1514 quod
1735 1472 1782 1501 os
1829 1457 2009 1501 Domini

177 1520 439 1576 nominabit.
467 1519 485 1545 3
503 1520 560 1561 Et
586 1519 670 1562 eris
696 1533 857 1562 corona
879 1519 1034 1574 gloriae
1055 1519 1102 1560 in
1125 1534 1260 1562 manu
1285 1518 1486 1573 Domini,
1514 1523 1558 1560 et
1580 1517 1786 1560 diadema
1813 1517 1937 1572 regni
1963 1517 2009 1558 in

177 1593 312 1620 manu
336 1578 418 1621 Dei
439 1578 520 1620 tui.
542 1577 560 1603 4
577 1578 677 1620 Non
699 1578 928 1620 vocaberis
954 1578 1072 1620 ultra
1097 1577 1332 1633 derelicta,
1354 1582 1397 1621 et
1426 1582 1541 1620 terra
1571 1582 1646 1618 tua
1669 1591 1757 1618 non
1781 1575 2010 1619 vocabitur

176 1637 369 1693 amplius
395 1636 618 1691 desolata,
643 1637 720 1680 sed
742 1637 971 1680 vocaberis
995 1636 1214 1679 Voluntas
1239 1651 1338 1679 ine-a
1361 1636 1409 1678 in
1431 1650 1502 1691 ea,
1524 1640 1567 1678 et
1588 1640 1704 1677 terra
1729 1640 1806 1677 tua
1831 1634 2010 1677 inhabi-

176 1703 291 1749 tata,
311 1696 415 1751 quia
441 1695 711 1752 complacuit
733 1695 925 1738 Domino
947 1696 993 1737 in
1020 1701 1088 1750 te,
1117 1700 1161 1739 et
1186 1701 1300 1739 terra
1326 1702 1403 1738 tua
1424 1693 1762 1737 inhabitabitur.
1783 1693 1800 1719 5
1820 1693 2007 1736 Habita-

177 1755 244 1798 bit
264 1756 385 1798 enim
412 1755 590 1811 juvenis
619 1769 722 1798 cum
750 1754 945 1810 virgine,
980 1760 1024 1798 et
1049 1755 1319 1798 habitabunt
1351 1754 1398 1796 in
1427 1759 1471 1797 te
1496 1754 1576 1796 filii
1602 1752 1695 1807 tui,
1725 1759 1769 1796 et
1798 1752 2009 1808 gaudebit

176 1828 365 1870 sponsus
387 1828 518 1871 super
538 1828 768 1871 sponsam,
791 1820 836 1857 et
860 1814 1074 1869 gaudebit
1095 1828 1226 1870 super
1246 1820 1290 1857 te
1313 1815 1432 1857 Deus
1455 1818 1570 1856 tuus.
1858 1853 1862 1861 ,

236 1874 254 1900 ς’
280 1874 417 1929 Super
449 1887 596 1916 muros
632 1878 752 1928 tuos,
792 1873 1061 1928 Jerusalem,
1101 1873 1312 1916 constitui
1351 1873 1583 1927 custodes,
1618 1879 1711 1916 tota
1742 1873 1812 1916 die
1841 1877 1885 1914 et
1918 1875 2012 1914 tota

177 1936 308 1973 noete
330 1930 377 1972 in
401 1935 663 1986 perpetuum
686 1943 776 1972 non
793 1929 1020 1972 tacebunt.
1040 1930 1122 1979 Qui
1144 1930 1483 1973 reminiscimini
1511 1930 1711 1986 Domini,
1730 1944 1785 1973 110
1810 1929 2006 1982 taceatis,

179 1987 248 2032 ⁷et
269 2002 324 2032 ne
345 1987 459 2032 detis
479 1988 710 2031 silentium
730 1988 783 2043 ei,
804 1988 946 2031 donec
967 1988 1168 2032 stabiliat
1187 1996 1231 2033 et
1248 1990 1388 2033 donec
1411 1994 1547 2046 ponat
1565 1989 1814 2032 Jerusalem
1832 1989 2011 2032 laudem

175 2047 221 2088 in
244 2052 372 2090 terrae
399 2047 416 2073 8
430 2047 610 2090 <Iuravit
628 2047 846 2091 Dominus
867 2048 914 2090 in
937 2047 1116 2091 dextera
1136 2063 1227 2103 sua,
1251 2053 1295 2091 et
1314 2048 1362 2090 in
1378 2048 1560 2091 brachio
1583 2048 1860 2090 fortitudinis
1883 2062 1975 2099 suae
2001 2065 2009 2091 :

176 2105 222 2149 Si
255 2105 414 2150 dedero
452 2106 651 2149 triticum
687 2111 816 2149 tuum
848 2107 963 2149 ultra
994 2107 1144 2150 cibum
1176 2107 1370 2150 inimicis
1403 2107 1523 2161 tuis,
1557 2112 1601 2150 et
1633 2106 1671 2149 si
1703 2106 1899 2150 biberint
1931 2107 2008 2149 filii

175 2163 311 2207 alieni
329 2165 484 2207 vinum
505 2170 631 2208 tuum
648 2165 694 2208 in
717 2180 802 2221 quo
819 2165 1047 2209 laborasti.
1061 2166 1078 2191 9
1092 2167 1203 2217 Quia
1221 2167 1297 2222 qni
1323 2172 1596 2224 congregant
1617 2166 1743 2221 illud,
1763 2166 2008 2221 comedent,

178 2229 222 2266 et
246 2223 495 2266 laudabunt
520 2224 789 2279 Dominum;
817 2230 862 2267 et
887 2225 959 2280 qui
984 2231 1263 2281 comportant
1288 2225 1420 2280 illud,
1447 2225 1603 2268 bibent
1627 2225 1673 2267 in
1695 2225 1818 2267 atriis
1844 2225 2010 2268 sanctis

147 2331 150 2338 ¹
178 2297 300 2326 meis.
1237 2314 1241 2319 .

242 2341 274 2367 ¹⁰
293 2342 510 2396 Transito,
538 2343 724 2386 transite
748 2358 826 2400 per
850 2350 1012 2400 portas,
1041 2351 1287 2401 praeparato
1310 2345 1431 2387 viam
1452 2345 1629 2401 populo,
1657 2344 1841 2401 planum
1870 2344 2011 2387 facite

177 2401 274 2453 iter,
313 2401 465 2456 eligite
505 2401 697 2458 lapides,
737 2407 780 2445 et
820 2403 992 2446 elevate
1030 2403 1208 2458 signum
1245 2404 1301 2446 ad
1337 2404 1538 2460 populos.
1576 2403 1610 2429 11
1643 2405 1759 2448 Ecce
1794 2403 2010 2447 Dominus

177 2459 383 2502 auditum
408 2460 519 2503 fecit
543 2461 589 2502 in
616 2461 825 2504 extremis
855 2466 983 2505 terrae
1021 2478 1029 2506 :
1059 2463 1205 2505 Dicite
1234 2464 1339 2505 filiae
1371 2463 1473 2507 Sion
1503 2479 1512 2506 :
1539 2464 1655 2506 Ecce
1680 2463 1885 2507 Salvator
1909 2467 2011 2505 tuus

178 2519 333 2574 venit‘,
360 2534 462 2562 ecce
488 2534 656 2564 merces
679 2521 776 2577 ejus
806 2535 906 2563 cum
935 2535 1006 2577 eo,
1036 2527 1080 2565 et
1101 2536 1211 2578 opus
1235 2522 1332 2577 ejus
1359 2536 1509 2565 coram
1532 2522 1624 2565 illo.
1651 2521 1688 2548 ‘1⁸²
1706 2524 1762 2566 Et
1789 2522 2012 2566 vocabunt

178 2592 252 2621 eos
285 2579 472 2635 populus
503 2584 704 2633 sanctus,
738 2579 959 2636 redempti
986 2595 1012 2623 a
1046 2581 1263 2637 Domino;
1304 2586 1350 2623 tu
1381 2586 1532 2624 autem
1563 2582 1790 2624 vocaberis
1826 2580 2012 2636 quaesita

180 2637 358 2695 civitas,
385 2643 430 2681 et
454 2653 542 2681 non
569 2639 793 2682 derelicta.

693 2750 715 2802 ς’
740 2748 779 2790 V
785 2748 821 2790 I.
845 2774 903 2780 ——
936 2748 1054 2791 Ultio
1078 2749 1131 2792 de
1156 2749 1351 2793 hostibus
1376 2749 1496 2793 Sion.

238 2855 344 2899 CAR
373 2855 547 2898 LXIII.
571 2880 630 2888 —
659 2855 668 2881 ¹
689 2855 793 2905 Quis
820 2860 887 2899 est
913 2855 1018 2911 iste,
1041 2857 1113 2913 qni
1137 2858 1260 2901 venit
1283 2857 1336 2901 de
1366 2857 1528 2913 Edom,
1556 2858 1708 2900 tinctis
1737 2857 1933 2901 vestibus
1959 2856 2013 2900 de

181 2913 354 2956 Bosra‘?
386 2913 468 2957 iste
497 2914 719 2958 formosus
749 2914 794 2956 in
828 2915 940 2958 stola
970 2930 1070 2972 sua,
1097 2916 1306 2972 gradiens
1335 2917 1382 2959 in
1412 2917 1699 2960 multitudine
1733 2915 2012 2960 fortitudinis

180 2987 285 3016 suae.
329 2975 424 3029 Ego
464 2973 539 3030 qui
578 2974 731 3030 loquor
767 2973 1009 3030 justitiam,
1057 2981 1100 3018 et
1138 2979 1448 3033 ‚propugnatm-
1491 2991 1591 3019 sum
1631 2976 1687 3019 ad
1729 2975 2010 3019 salvandum.

181 3031 199 3057 '²
215 3032 358 3083 Quare
387 3047 491 3089 ergo
517 3034 700 3076 rubrum
723 3038 788 3077 est
809 3033 1122 3078 indumentum
1145 3041 1292 3092 tuum,
1325 3041 1368 3079 et
1390 3036 1658 3080 vestimenta
1678 3040 1756 3078 tua
1784 3035 1898 3078 sicut
1924 3035 2012 3077 cal-

181 3091 380 3134 cantium
401 3092 448 3135 in
470 3092 716 3136 torculari?
743 3092 760 3119 3
777 3093 990 3146 Torcular
1016 3094 1185 3137 calcavi
1211 3095 1342 3151 solus,
1369 3101 1412 3138 et
1434 3095 1488 3138 de
1513 3095 1723 3151 gentibus
1744 3109 1833 3138 non
1858 3098 1926 3137 est
1946 3094 2012 3136 vir

180 3165 382 3206 mecum3
419 3151 589 3195 calcavi
627 3167 699 3196 eos
732 3153 779 3195 in
812 3152 962 3196 furore
996 3167 1114 3210 meo,
1156 3158 1199 3198 et
1233 3155 1490 3198 conculcavi
1525 3169 1596 3198 eos¹
1630 3154 1674 3196 111
1707 3154 1774 3196 ira
1806 3168 1932 3206 mea3
1969 3160 2010 3195 ct

179 3224 385 3267 aspersus
409 3216 475 3254 est
499 3211 681 3268 sanguis
713 3227 863 3256 eorum
894 3226 1024 3268 super
1049 3213 1316 3257 vestimenta
1349 3228 1467 3269 mea,
1499 3220 1543 3258 et
1568 3214 1716 3256 omnia
1748 3213 2012 3256 indumenta

182 3283 282 3313 mea
302 3270 549 3326 inquinavi.
586 3271 603 3298 4
630 3271 737 3314 Dies
771 3272 889 3315 enim
923 3271 1106 3315 ultionis
1134 3272 1179 3315 in
1213 3273 1343 3317 corde
1381 3288 1500 3329 meo,
1526 3287 1668 3316 annus
1692 3270 2011 3328 redemptionis

182 3342 292 3372 meze
326 3330 463 3373 venit.
494 3331 510 3357 5
529 3331 856 3388 Cir-cumspexi,
891 3336 935 3374 et
969 3345 1053 3373 non
1084 3337 1178 3375 erat
1201 3333 1467 3387 auxiliator;
1500 3332 1707 3388 quaesivi,
1738 3337 1781 3374 et
1806 3345 1893 3374 non
1922 3329 2014 3372 fuit

183 3389 256 3444 qui
281 3389 546 3445 adjuvarem
573 3396 616 3434 et
641 3391 835 3433 salvavit
865 3390 973 3432 mihi
997 3390 1229 3434 brachium
1250 3406 1421 3446 meum,
1450 3398 1493 3435 et
1521 3391 1772 3447 indignatio
1794 3405 1893 3433 mea
1914 3389 2011 3445 ipsa

183 3447 398 3498 auxiliata
432 3455 498 3491 est
530 3449 655 3493 mihi.
691 3452 708 3475 ὅ
734 3451 791 3492 Et
827 3449 1084 3493 conculcavi
1114 3451 1298 3508 populos
1323 3452 1368 3493 in
1398 3451 1547 3494 furore
1577 3465 1695 3506 meo,
1722 3454 1766 3493 et
1790 3447 2009 3492 inebriavi

183 3519 258 3548 eos
278 3506 325 3549 in
345 3507 654 3564 indignatione
682 3523 800 3564 mea,
829 3514 872 3551 et
895 3508 1066 3551 detraxi
1085 3508 1132 3551 in
1154 3515 1315 3553 terrani
1340 3510 1547 3552 virtutem
1571 3523 1734 3552 eorum.

188 3639 229 3667 62,
243 3637 291 3669 10]
310 3637 387 3668 SUD.
410 3637 802 3672 LV11,14.—11·{7,21‹·n.
825 3638 924 3671 1X‚1›.
948 3638 1267 3671 ]·i:1rt11.XX1‚5.-—
1283 3641 1311 3672 2)
1332 3639 1545 3671 A1›1›‹*,X1X.
1566 3641 1607 3665 1:22
1621 3654 1647 3656 -—
1663 3640 1787 3671 4301111.
1809 3638 1966 3669 XXXIV,
1983 3641 2009 3667 ὃ.

2116 778 2279 808 Gaudium

2124 823 2249 852 Christi
2262 843 2269 858 ,

2077 868 2156 896 talia
2167 875 2318 901 1110311111]-
2363 887 2372 897 .

2131 911 2262 941 tiantis.

2136 1293 2261 1321 Servus

2132 1335 2266 1365 Domini

2093 1381 2252 1414 implorat
2267 1383 2302 1409 et

2076 1425 2231 1460 depingit
2269 1432 2320 1454 sa—

2091 1471 2197 1498 lutem
2216 1468 2306 1498 Sion.

2123 1882 2281 1911 Hortatio

2110 1926 2152 1954 ad
2173 1926 2265 1955 cives
2277 1947 2284 1961 ,

2132 1973 2172 1999 ut
2196 1971 2261 2004 ipsi

2106 2015 2292 2048 postulent.

2081 2356 2118 2382 [n
2132 2353 2326 2387 propinquo·

2172 2401 2225 2427 est·

2103 2442 2300 2476 redemptio.

2149 2864 2253 2892 Edem

2097 2908 2248 2937 calcatus
2266 2907 2301 2936 in

2112 2951 2285 2980 torculari.
