2456 3861
142 1203 147 1210 ·
188 1194 293 1238 CAP.

166 3644 212 3678 17]
232 3636 328 3672 Ρ1ο1·.

631 138 718 181 Jon
752 136 910 191 xvir,
947 136 999 178 12
1032 160 1091 165 —
1120 131 1307 186 xvm,
1342 129 1410 172 20.

415 307 703 366 cogitationes
726 320 835 349 nieae
862 304 1087 361 dissipatae
1109 306 1231 358 sunt,

413 371 662 424 torquentes
688 379 761 408 cor
786 378 957 415 111011111,

303 428 334 455 ¹⁹²
352 429 538 471 Noctem
560 429 784 469 verterunt
808 423 853 464 in
881 422 1018 476 diem,

415 493 459 530 et
482 498 651 529 rursum
678 487 777 539 post
801 481 1004 524 tenebras
1029 494 1154 536 spero
1179 478 1336 521 lucem.

301 547 334 573 ¹3
351 546 394 590 Si
417 545 683 592 sustinuero,
712 541 913 584 infernus
939 539 1092 581 domus
1118 551 1215 580 mea
1240 541 1332 590 est3

418 610 462 648 et
485 603 530 646 in
553 600 743 645 tenebris
769 598 903 642 stravi
931 597 1140 640 lectulum
1164 609 1324 638 meum.

304 663 335 690 11
356 661 582 706 Putredini
605 659 697 703 dixi
728 676 736 703 :
766 659 897 701 Pater
923 670 1044 699 meus
1067 669 1111 697 es
1131 671 1139 707 3

418 722 559 764 Mater
584 733 700 774 mea,
728 723 771 761 et
795 730 914 760 soror
936 729 1054 766 mea,
1080 712 1316 756 vermibus.

307 782 339 808 ¹5
358 781 445 825 Ubi
469 786 534 824 est
558 792 660 834 ergo
686 790 802 819 nunc
828 772 1098 832 praestolatio
1124 785 1222 814 mea
1237 771 1258 813 ἶ)

421 845 464 884 et
488 836 750 895 patientiam
775 848 919 877 meam
942 832 1037 888 quis
1063 828 1347 873 considerat?

307 900 340 926 ¹⁶
358 901 410 942 In
437 895 833 954 profundissimum
858 892 1083 935 infernum
1109 887 1378 932 descendent
1404 884 1551 929 omnia
1572 897 1683 927 mea.

424 958 615 999 Putasne
641 953 796 997 saltem
824 952 884 994 ibi
911 951 994 994 erit
1014 949 1184 1005 requies
1207 945 1349 990 mihi?

730 1077 752 1130 ξ
777 1074 867 1117 ΙΙΙ.
893 1098 952 1106 —
976 1072 1126 1117 Sermo
1152 1068 1349 1113 Baldad.

321 1194 500 1237 XVIII.
523 1218 580 1225 --
604 1192 615 1219 ¹
635 1189 921 1248 Respondens
943 1193 1092 1232 autem
1119 1183 1291 1229 Baldad
1317 1182 1513 1238 Suhites,
1541 1179 1686 1224 dixit:

328 1253 345 1279 ‘²
364 1254 514 1308 Usque
534 1252 590 1295 ad
613 1265 742 1307 quem
764 1250 897 1293 finem
919 1247 1054 1291 verba
1075 1241 1336 1302 jactabitis?

425 1310 673 1367 Intelligite
699 1309 838 1366 prius,
862 1312 906 1351 et
930 1307 993 1350 sic
1018 1306 1261 1361 loquamur.

331 1371 348 1398 3
365 1371 507 1422 Quare
531 1368 723 1426 reputati
749 1381 899 1411 sumus
922 1371 972 1409 ut
996 1365 1218 1420 jumenta,

428 1434 471 1473 et
495 1428 744 1472 sorduimus
770 1440 918 1469 coram
942 1423 1101 1467 vobis?

328 1489 346 1516 1
363 1487 445 1540 Qui
471 1487 618 1545 perdis
640 1485 837 1529 animam
862 1489 985 1526 tuam
1009 1482 1055 1525 in
1080 1481 1230 1524 furore
1251 1484 1347 1536 tuo,

427 1546 643 1603 numquid
667 1548 844 1602 propter
864 1548 908 1586 te
930 1541 1257 1595 derelinquetur
1280 1543 1417 1593 terra,

429 1611 473 1650 et
494 1604 818 1649 transferentur
841 1615 972 1658 rupes
998 1600 1051 1643 de
1072 1598 1168 1642 loco
1190 1597 1301 1641 suo?

331 1667 348 1694 ⁵
364 1666 523 1710 Nonne
545 1664 623 1707 lux
643 1662 770 1719 impii
793 1661 1089 1716 extinguetur,

429 1738 511 1768 nee
537 1720 789 1780 splendebit
809 1719 992 1763 flamma
1011 1717 1129 1774 ignis
1151 1716 1281 1772 ejus?

330 1785 350 1812 6
367 1786 466 1828 Lux
487 1781 821 1827 obtenebrescet
843 1779 891 1822 in
915 1775 1202 1821 tabernaculo
1223 1775 1342 1818 illius
1362 1792 1371 1831 3

433 1848 477 1887 et
496 1843 678 1885 lucerna
703 1854 801 1896 quae
827 1852 956 1895 super
982 1851 1082 1880 eum
1109 1840 1175 1878 est
1197 1835 1492 1890 extinguetur.

335 1903 350 1929 '¹
369 1902 671 1946 Arctabuntur
692 1912 864 1956 gressus
887 1896 1061 1940 virtutis
1085 1895 1204 1951 ejus,

435 1965 478 2004 et
502 1958 801 2017 praecipitabit
826 1972 926 2001 eum
944 1954 1179 1999 consilium
1204 1967 1345 1997 suum.

338 2020 354 2048 8
373 2019 568 2064 Immisit
589 2018 708 2062 enim
732 2017 779 2059 in
803 2022 894 2060 rete
920 2015 1055 2072 pedes
1076 2027 1197 2068 suos,

438 2084 482 2122 et
501 2078 548 2120 in
570 2076 756 2120 maculis
779 2076 876 2133 ejus
896 2074 1111 2118 ambulat.

340 2139 357 2165 9
374 2136 615 2182 Tenebitur
638 2135 792 2192 planta
813 2135 933 2178 illius
956 2134 1134 2189 laqueo,

439 2202 484 2240 et
508 2195 766 2239 exardescet
788 2198 940 2237 contra
966 2207 1066 2236 eum
1088 2190 1198 2235 sitis.

322 2256 357 2284 10
375 2254 651 2300 Abscondita
677 2257 743 2296 est
766 2252 814 2295 in
835 2257 952 2296 terra
971 2251 1130 2308 pedica
1156 2250 1272 2306 ejus,

440 2320 484 2359 et
505 2312 712 2370 decipula
734 2311 854 2354 illius
879 2324 1008 2367 super
1032 2308 1251 2354 semitam.

324 2375 357 2402 ¹¹
378 2373 587 2429 Undique
609 2370 837 2415 terrebunt
858 2384 959 2414 eum
979 2367 1263 2422 formidines,

383 2460 385 2463 -
414 2459 415 2462 =
441 2437 486 2477 et
508 2431 739 2476 involvent
763 2429 898 2487 pedes
919 2428 1029 2485 ejus.

326 2492 361 2521 ¹2
378 2495 646 2537 Attenuetur
670 2490 793 2533 fame
813 2488 946 2532 robur
971 2488 1089 2544 ejus,

443 2557 487 2596 et
510 2550 660 2594 inedia
685 2548 870 2591 invadat
891 2553 1034 2590 costas
1058 2546 1191 2590 illius.

328 2612 363 2639 13
380 2613 574 2656 Devoret
597 2607 975 2666 pulchritudinem
998 2605 1110 2648 cutis
1137 2606 1254 2662 ejus,

446 2674 676 2713 consumat
697 2666 878 2710 brachia
900 2665 1020 2708 illius
1045 2663 1344 2721 primogenita
1366 2675 1492 2705 mors.

330 2728 364 2756 ¹4
382 2729 615 2773 Avellatur
638 2727 691 2770 de
717 2725 1003 2769 tabernaculo
1030 2738 1106 2767 suo
1132 2723 1294 2766 fidncia
1318 2721 1443 2777 ejus3

444 2794 487 2832 et
508 2787 651 2831 calcet
672 2800 801 2842 super
822 2799 945 2839 eum,
968 2783 1091 2839 quasi
1112 2797 1210 2837 rex,
1236 2780 1455 2823 interitus.

330 2848 365 2875 ¹5
383 2847 603 2891 Habitent
627 2846 673 2889 in
699 2843 986 2888 tabernaculo
1011 2842 1131 2884 illius
1156 2840 1263 2884 socii
1285 2839 1382 2895 ejus
1404 2838 1477 2894 qui
1503 2852 1590 2880 non
1613 2840 1707 2893 est3

446 2910 705 2963 aspergatur
724 2904 772 2947 in
793 2901 1079 2946 tabernaculo
1100 2901 1196 2956 ejus
1219 2899 1412 2955 sulphur.

334 2965 369 2992 16
383 2967 598 3010 Deorsum
622 2963 794 3007 radices
820 2962 915 3018 ejus
939 2961 1162 3004 siccentur
1182 2977 1190 3014 ;

449 3039 622 3069 8111811111
643 3027 794 3066 autern
818 3025 1032 3064 atteratur
1053 3018 1205 3062 messis
1232 3018 1340 3074 ejus.

334 3084 367 3111 ¹⁷
385 3083 602 3128 Memoria
625 3082 746 3125 illius
767 3085 920 3138 pereat
941 3079 994 3123 de
1021 3084 1156 3132 terra,
1198 3094 1200 3096 ·

450 3149 493 3187 et
513 3157 601 3186 non
628 3141 872 3185 celebretur
894 3152 1053 3182 nomen
1075 3137 1171 3193 ejus
1192 3136 1238 3179 111
1262 3135 1436 3192 plateis.

337 3202 371 3230 ¹8
389 3201 598 3259 Expellet
620 3215 720 3245 eum
743 3200 796 3243 de
818 3199 916 3242 luce
938 3198 982 3240 in
1005 3196 1229 3251 tenebras,

452 3261 572 3308 etde
598 3260 701 3304 orbe
722 3259 962 3302 transferet
983 3271 1097 3300 eum.

336 3319 371 3347 ¹9
389 3322 490 3365 Non
512 3320 593 3364 erit
615 3334 764 3363 semen
790 3319 907 3374 ejus,
931 3330 1070 3371 neque
1090 3315 1322 3372 progenies
1343 3314 1388 3356 111
1411 3312 1574 3370 populo
1594 3323 1691 3367 suc,

453 3394 535 3423 nec
556 3379 661 3423 ullae
682 3378 879 3434 reliquiae
905 3376 949 3418 in
972 3374 1226 3430 regionibus
1251 3373 1362 3429 ejus.

338 3439 375 3466 ‘²¹³
392 3440 446 3483 In
472 3439 543 3482 die
568 3438 663 3494 ejus
686 3437 925 3493 stupebunt
947 3433 1196 3488 novissimi,

455 3504 499 3542 et
520 3497 684 3555 primos
709 3495 890 3539 invadet
915 3494 1076 3536 horror.

347 3643 394 3678 11,
411 3645 455 3671 22.

1850 121 1931 167 521

2053 1182 2236 1212 Exordium

2067 1229 2108 1256 ab
2124 1227 2223 1255 irato.

2030 1661 2120 1694 Lege
2129 1657 2272 1693 stabili,

2064 1702 2240 1736 impiorum

2031 1747 2129 1786 ruina
2159 1745 2274 1774 multi-

2069 1793 2146 1825 plex
2172 1793 2235 1819 est.
