2423 3861
469 152 554 196 748
1017 151 1168 191 anm.
1203 149 1301 202 XV,
1340 149 1393 191 10
1424 175 1484 179 —
1515 149 1648 203 XVI,
1686 149 1751 191 13.

706 322 739 346 10
761 322 967 375 quoniam
995 334 1021 360 a
1045 320 1138 361 Deo
1164 318 1368 374 profecta
1394 322 1460 360 est
1486 316 1718 373 sapientia.

702 378 944 435 Sapientiae
971 378 1088 420 enim
1117 377 1199 420 Dei
1225 377 1392 419 astabit
1418 376 1534 432 laus,

761 444 805 481 et
828 438 874 480 in
902 452 973 480 ore
999 437 1119 479 fideli
1141 436 1411 490 abundabit,

760 503 803 540 et
831 497 1094 540 Dominator
1120 496 1245 538 dabit
1271 510 1369 538 eam
1393 495 1478 543 illi..⁴

157 567 309 603 Homini,
330 574 396 595 non
643 556 675 582 '¹¹
700 557 801 599 Non
828 557 991 599 dixeris
1015 573 1023 600 :
1051 557 1134 598 Per
1162 557 1306 598 Deum
1332 555 1481 609 abest3

156 614 397 683 ”ssjfj'fccffa
761 631 858 672 quae
886 616 1004 659 enim
1028 615 1120 658 odit
1146 630 1201 658 ne
1226 615 1401 659 feceris.

165 665 191 684 ω
210 664 340 729 ζζῇἰξῃ
366 664 385 684 a
641 674 676 701 ¹2
699 677 799 719 Non
823 676 945 719 dicas
966 691 974 718 :
998 675 1083 718 Ille
1108 689 1179 718 me
1204 674 1497 730 implanavit3

758 750 846 778 non
870 736 988 778 enim
1014 734 1251 778 necessarii
1278 739 1381 776 sunt
1403 733 1443 777 ei
1473 733 1675 776 homines
1699 733 1840 791 impii.

642 794 678 821 13
700 796 841 838 Omne
864 800 1225 838 execramentum
1254 794 1410 836 erroris
1437 793 1531 835 odit
1554 793 1794 849 Dominus,

758 860 802 897 ct
827 869 915 897 non
938 855 1021 898 erit
1045 854 1239 897 amabile
1265 853 1528 897 timentibus
1551 867 1666 896 eum.

640 914 676 940 ¹4
699 916 820 958 Deus
842 915 898 957 ab
921 914 1048 956 initio
1072 913 1303 956 constituit
1328 912 1576 967 hominem,

759 979 804 1017 et
824 974 1003 1029 reliquit
1027 974 1156 1016 illum
1181 973 1227 1015 in
1253 987 1389 1015 manu
1413 972 1588 1015 consilii
1614 972 1695 1018 sui.

701 1033 735 1059 15
757 1033 942 1089 Adjecit
963 1033 1178 1075 mandata
1200 1038 1244 1075 et
1269 1038 1494 1088 praecepta
1519 1046 1612 1075 sua.

640 1092 676 1118 ‘¹0
696 1093 741 1135 Si
767 1093 957 1135 volueris
985 1092 1197 1135 mandata
1219 1106 1415 1148 servare,
1444 1093 1773 1135 conservabunt
1797 1097 1862 1148 te,

757 1158 801 1195 et
825 1152 872 1194 in
898 1158 1161 1209 perpetuum
1184 1152 1317 1195 fidem
1343 1151 1559 1208 placitam
1583 1151 1747 1195 facere.

641 1211 672 1237 ¹7
696 1212 916 1269 Apposuit
943 1212 1024 1254 tibi
1050 1226 1214 1267 aquam
1240 1217 1284 1254 et
1307 1211 1483 1267 ignem,

756 1272 812 1314 ad
840 1271 957 1327 quod
982 1271 1174 1315 volueris
1196 1271 1372 1328 porrige
1397 1286 1581 1314 manum
1607 1276 1744 1314 tuam.

639 1330 674 1356 18
696 1332 814 1374 Ante
840 1332 1066 1374 hominem
1092 1332 1187 1374 vita
1213 1336 1256 1374 et
1281 1344 1418 1387 mors,
1446 1331 1613 1373 bonum
1639 1336 1683 1374 et
1710 1331 1909 1375 malum:

756 1391 872 1447 quod
899 1391 1117 1448 placuerit
1143 1391 1181 1434 ei
1210 1391 1390 1433 dabitur
1413 1391 1479 1433 illi
1500 1407 1508 1445 ς

638 1449 673 1476 19
696 1452 905 1505 quoniam
932 1451 1073 1494 multa
1099 1451 1320 1507 sapientia
1348 1451 1450 1507 Dei,
1480 1455 1523 1493 et
1544 1450 1675 1493 fortis
1696 1450 1744 1492 in
1767 1451 1985 1507 potentia,

758 1511 913 1554 videns
940 1526 1092 1554 omnes
1115 1511 1209 1553 sine
1234 1510 1576 1555 intermissione.

697 1571 823 1614 Oculi
853 1571 1033 1614 Domini
1060 1571 1116 1613 ad
1140 1571 1348 1614 timentes
1372 1585 1494 1625 eum,

756 1636 799 1673 et
824 1630 918 1687 ipse
944 1631 1148 1686 agnoscit
1171 1645 1349 1673 omnem
1376 1644 1556 1686 operam
1578 1628 1786 1672 hominis.

637 1688 670 1714 2¹
695 1690 877 1733 Nemini
902 1690 1136 1733 mandavit
1162 1690 1299 1747 impie
1324 1705 1478 1745 agere,

757 1755 801 1793 et
822 1750 989 1793 nemini
1018 1750 1140 1793 dedit
1163 1750 1358 1806 spatium
1387 1750 1602 1805 peccandi
1624 1767 1632 1804 3

636 1808 672 1834 '²²'
709 1823 795 1853 non
822 1811 940 1853 enim
965 1810 1241 1865 concupiscit
1265 1809 1603 1851 multitudinem

755 1869 1219 1912 filiorum·infidelium
1243 1874 1286 1912 et
1311 1868 1556 1911 inutilium.

639 1568 674 1594 2ιί

176 1941 248 1968 Non
268 1940 363 1968 exui-
517 1929 623 1973 CAP.
651 1930 777 1973 XVI.
803 1956 863 1963 —-—
885 1929 897 1955 1
920 1931 986 1972 Ne
1009 1929 1267 1986 jucunderis
1293 1928 1339 1970 in
1366 1928 1470 1971 filiis
1494 1928 1666 1985 impiis,
1694 1929 1731 1971 si
1757 1928 2142 1985 multiplicentur3

165 1985 305 2013 tandum
335 1985 369 2013 in
754 2004 834 2033 nec
862 1989 1096 2032 oblecteris
1119 2004 1249 2045 super
1275 1989 1416 2045 ipsos,
1437 1988 1473 2031 si
1497 2001 1584 2030 non
1608 1994 1674 2031 est
1700 1988 1834 2031 timor
1858 1988 1940 2031 Dei
1967 1987 2014 2029 in
2040 1987 2144 2031 illis.

157 2029 377 2062 mns1mpus.
656 2048 673 2074 Ξ
693 2050 794 2092 Νο11
821 2049 974 2092 credas
997 2049 1103 2091 vitze
1129 2048 1328 2103 illorum,

754 2115 797 2152 et
820 2124 875 2152 ne
897 2109 1142 2165 respexeris
1164 2109 1211 2151 in
1237 2108 1411 2151 labores
1434 2122 1598 2151 eorum.

655 2169 672 2195 3
697 2169 853 2212 Melior
879 2174 945 2212 est
967 2170 1086 2212 enim
1112 2183 1224 2211 unus
1252 2168 1414 2211 timens
1438 2168 1605 2225 Deum,

757 2244 889 2285 quam
912 2229 1035 2271 mille
1060 2228 1137 2270 filii
1165 2228 1290 2284 impii
1311 2245 1319 2281 3

653 2288 669 2314 ’1
692 2294 737 2332 et
759 2289 867 2332 utile
894 2294 959 2332 est
982 2289 1093 2331 mori
1118 2289 1213 2331 sinc
1239 2287 1363 2344 filiis,

755 2363 887 2404 quam
912 2348 1159 2404 relinquere
1182 2348 1296 2390 filios
1322 2347 1497 2404 impios.

655 2408 671 2434 5
694 2408 764 2451 Ab
791 2423 878 2451 uno
905 2414 1083 2451 sensato
1107 2407 1436 2450 inhabitabitur
1458 2407 1629 2463 patria,

754 2468 895 2511 tribus
917 2468 1155 2525 impiorum
1179 2468 1416 2511 deseretur.

655 2527 672 2553 θ’
694 2528 837 2570 Multa
863 2528 972 2571 talia
998 2528 1114 2570 vidit
1139 2528 1292 2570 oculus
1319 2542 1442 2570 meus

757 2593 800 2630 et
825 2588 1012 2630 fortiora
1035 2588 1193 2630 horum
1215 2587 1390 2630 audivit
1415 2588 1534 2631 auris
1558 2602 1670 2631 mea.

148 2662 236 2689 Deus
255 2661 337 2690 iram
355 2666 389 2690 et
655 2646 668 2673 7
693 2648 747 2690 In
773 2662 1004 2704 synagoga
1026 2647 1311 2704 peccantium
1335 2647 1569 2690 exardebit
1589 2647 1730 2704 ignis,

176 2705 366 2734 misericor-
755 2711 798 2749 et
824 2707 869 2748 in
895 2713 1027 2763 gente
1049 2706 1303 2750 incredibili
1330 2707 1590 2750 exardescet
1615 2707 1692 2749 ira.

165 2750 252 2779 diam
272 2751 372 2779 vicis-

147 2794 212 2824 sim
242 2800 387 2825 exercet.
654 2767 670 2791 ὅ
694 2767 793 2809 Non
817 2771 1112 2809 exoraverunt
1137 2781 1214 2823 pro
1237 2766 1434 2822 peccatis
1461 2767 1551 2809 suis
1577 2766 1749 2822 antiqui
1776 2766 2003 2822 gigantes,

756 2826 828 2881 qui
853 2825 1063 2868 destructi
1092 2831 1194 2868 sunt
1221 2825 1493 2869 confidentes
1516 2841 1607 2869 suae
1634 2825 1802 2869 virtuti.

655 2885 672 2910 9
694 2887 751 2928 Et.
776 2899 862 2927 non
889 2885 1088 2942 pepercit
1113 2885 1459 2942 peregrinationi
1485 2887 1590 2942 Lot,

755 2950 799 2987 et
824 2951 1053 2988 execratus
1079 2951 1145 2988 est
1168 2959 1240 2987 eos
1266 2960 1356 3001 prae
1379 2946 1586 3002 superbia
1609 2945 1734 2989 verbi
1759 2945 1953 2988 illorum.

637 3002 673 3029 10
690 3004 791 3046 Non
817 3004 1021 3047 misertus
1044 3009 1111 3047 est
1135 3004 1246 3059 illis,
1273 3009 1454 3059 gentem
1481 3010 1622 3047 totam
1649 3004 1857 3062 perdens,

755 3069 799 3106 et
820 3064 1111 3106 extollentem
1134 3078 1179 3106 se
1205 3064 1250 3106 in
1276 3064 1472 3120 peccatis
1496 3064 1600 3108 suis,

636 3121 668 3147 '¹¹
695 3124 752 3165 Et
777 3123 890 3165 sicut
916 3128 1125 3166 sexcenta
1149 3123 1291 3165 millia
1314 3124 1515 3180 peditum

755 3183 827 3237 qui
855 3183 1113 3238 congregati
1137 3188 1238 3225 sunt
1263 3183 1310 3224 in
1334 3183 1498 3226 duritia
1521 3182 1664 3226 cordis
1690 3182 1787 3239 sui3

694 3246 738 3284 et
762 3242 798 3283 si
825 3256 937 3284 unus
958 3242 1119 3285 fuisset
1142 3242 1408 3299 cervicatus,

754 3301 913 3343 mirum
940 3302 976 3344 si
1002 3301 1163 3344 fuisset
1185 3302 1409 3345 immunis.

636 3357 672 3384 '¹2
692 3359 996 3403 Misericordia
1019 3361 1137 3404 enim
1161 3367 1204 3404 et
1228 3361 1294 3403 ira
1319 3367 1386 3404 est
1409 3376 1510 3405 cum
1534 3361 1638 3416 i1103

755 3424 909 3476 potens
933 3420 1149 3476 exoratio,
1174 3425 1218 3463 et
1243 3420 1480 3464 effundens
1504 3420 1631 3463 iram.

637 3478 673 3505 ¹3
692 3478 947 3521 Secundum
970 3479 1321 3522 misericordiam
1344 3494 1490 3534 suam,

460 3638 506 3670 16]
524 3638 644 3666 Matth.
664 3638 757 3671 XIX,
784 3641 826 3665 17.
845 3653 879 3656 —
897 3639 943 3671 154]
971 3638 1038 3664 Jer.
1059 3637 1138 3664 XXI
1155 3658 1160 3671 ,
1179 3641 1203 3664 Q..
1223 3650 1257 3655 —
1275 3636 1322 3668 2¹³]
1346 3636 1395 3663 1’s.
1417 3636 1590 3670 xxxin,
1615 3639 1657 3664 1¹3.
1683 3638 1783 3666 Helm.
1805 3637 1926 3673 157213„
1943 3653 1979 3658 —
1998 3638 2027 3672 ἰ”]
2046 3637 2112 3666 fas.
2131 3637 2231 3673 XXI,
2248 3638 2297 3666 10.

458 3699 494 3705 -—-
510 3687 627 3719 simon.
654 3689 710 3715 Vl.
726 3693 750 3715 4.
773 3704 805 3706 —e
829 3691 870 3713 111
891 3688 983 3713 Num.
1009 3687 1096 3712 XIV.
1116 3688 1196 3711 251-21
1218 3691 1248 3711 (η’
1274 3685 1396 3717 XXVI,
1415 3686 1457 3710 31.
