2456 3861
310 841 395 868 Arca

259 883 436 913 reducitur

282 935 300 955 e
315 928 412 956 domo

256 971 442 1001 Abinadab.

249 2080 356 2108 Solem
363 2087 380 2107 11
387 2079 393 2106 i
400 2085 451 2107 101·

245 2124 394 2152 transfer
401 2128 411 2149 1
418 2132 433 2149 u
440 2131 455 2150 ι·

277 2166 312 2197 111
332 2166 420 2195 Sion.

1413 5 1439 30 ὃ

536 153 622 194 292
1106 150 1154 191 ΙΙ
1190 151 1302 192 REG.
1335 151 1392 204 V,
1428 152 1482 192 24
1513 176 1573 182 —
1602 151 1692 204 VI,
1725 152 1794 193 22.

535 320 748 364 ascendas
782 324 934 361 contra
968 333 1061 373 008,
1088 318 1165 361 sed
1191 333 1301 374 gyra
1332 323 1433 376 post
1461 323 1638 374 tergum
1664 332 1836 374 eorum,
1867 324 1912 361 et
1935 321 2088 363 venies
2120 322 2178 365 ad
2209 337 2282 366 eos
2311 337 2367 366 ex

535 380 719 421 adverso
752 392 989 434 pyrorum;
1025 376 1061 403 2'*
1085 383 1128 420 et
1165 391 1265 420 cum
1299 377 1491 420 audieris
1531 377 1726 419 sonitum
1763 378 2008 433 gradientis
2046 379 2091 421 in
2137 382 2367 424 cacumine

534 451 760 493 pyrorum,
788 442 893 479 tunc
929 436 1063 479 inibis
1095 437 1319 493 praelium,
1354 437 1456 492 quia
1488 441 1595 479 tunc
1629 437 1879 492 egredietur
1910 437 2126 480 Dominus
2158 445 2261 483 ante
2297 440 2369 483 fa-

535 496 648 539 ciem
673 501 797 538 tuam
831 502 879 538 ut
912 495 1132 552 percutiat
1165 500 1310 538 castra
1345 495 1632 540 Philisthiim.
1672 494 1708 521 ‘25
1732 496 1858 539 Fecit
1891 495 2040 551 itaque
2067 498 2215 541 David
2254 498 2370 541 sicut

533 560 806 611 praeceperat
829 554 867 598 ei
900 555 1142 610 Dominus,
1181 560 1225 598 et
1252 554 1469 611 percussit
1499 554 1773 597 Philisthiim
1810 555 1863 598 de
1902 555 2058 599 Gabaa
2094 570 2230 612 usque
2263 557 2370 600 dum

532 614 686 657 venias
712 615 863 658 Gezer.

1027 704 1064 757 ξ·
1082 703 1144 745 Π.
1180 728 1237 734 -
1265 703 1397 745 Arete
1425 703 1655 745 translatio
1679 703 1727 746 in
1751 701 1870 746 Sion.

592 831 699 875 CAP.
723 831 805 875 VI.
831 857 890 864 —
911 830 924 856 ¹
954 830 1255 887 Congregavit
1289 836 1438 873 autem
1468 845 1640 873 rursum
1667 829 1815 873 David
1849 844 2001 873 omnes
2031 830 2194 874 electos
2217 845 2272 874 ex
2305 831 2372 874 Is—

531 891 624 933 rael
656 890 843 946 triginta
878 889 1032 933 millia.
1068 889 1085 915 “²
1112 890 1394 945 surrexitque
1428 889 1596 945 David,
1621 895 1665 932 et
1693 889 1824 945 abiit,
1853 895 1897 932 et
1925 889 2155 932 universus
2183 889 2372 946 populus

533 950 606 1006 qui
629 955 723 993 erat
745 964 845 992 cum
868 964 918 992 eo
944 949 997 992 de
1023 949 1128 992 viris
1154 950 1181 992 J
1186 949 1293 1005 uda,
1317 954 1365 991 ut
1397 948 1671 991 adducerent
1696 963 1846 991 3103111
1875 948 1957 992 Dei
1991 963 2122 1005 super
2150 963 2284 1005 quam
2305 949 2372 991 in-

533 1015 741 1052 vocatum
764 1014 829 1052 est
854 1023 1015 1051 nomen
1039 1008 1220 1051 Domini
1243 1008 1542 1062 exercituum,
1564 1007 1760 1050 sedentis
1786 1007 1831 1049 in
1854 1007 2084 1051 cherubim
2109 1022 2239 1064 super
2257 1022 2370 1052 eam.

534 1068 551 1095 3
576 1069 634 1111 Et
659 1069 962 1125 imposuerunt
984 1081 1133 1110 arcam
1157 1067 1239 1110 Dei
1262 1081 1391 1123 super
1408 1066 1655 1123 plaustrum
1678 1080 1864 1122 novum,
1890 1067 2173 1123 tuleruntque
2195 1081 2294 1110 eam
2316 1067 2371 1110 de

534 1128 663 1170 domo
686 1127 946 1181 Abinadab,
970 1128 1044 1182 qui
1066 1131 1161 1169 erat
1181 1126 1229 1168 in
1252 1126 1433 1181 Gabaa3
1460 1126 1550 1169 Oza
1579 1130 1729 1169 autem
1756 1130 1800 1169 et
1826 1126 1968 1182 Ahio,
1999 1125 2080 1168 filii
2107 1126 2372 1182 Abinadab,

532 1187 767 1230 minabant
788 1186 1036 1242 plaustrum
1057 1199 1235 1228 novum.
1261 1185 1279 1211 4
1302 1186 1499 1241 Cumque
1523 1184 1728 1228 tulissent
1754 1199 1853 1228 eam
1881 1185 1933 1228 de
1960 1185 2091 1228 domo
2114 1185 2370 1240 Abinadab,

532 1246 606 1302 qui
628 1252 723 1289 erat
742 1246 789 1288 in
812 1246 967 1289 Gabaa
986 1245 1237 1288 custodiens
1259 1259 1410 1287 arcam
1433 1244 1536 1299 Dei,
1565 1244 1681 1287 Ahio
1703 1244 1987 1301 praecedebat
2003 1258 2167 1288 arcam.
2190 1244 2372 1288 5David

532 1310 682 1348 autem
704 1310 747 1347 et
775 1304 916 1347 omnis
943 1304 1083 1347 Israel
1110 1303 1327 1346 ludebant
1349 1318 1497 1346 coram
1525 1303 1716 1346 Domino
1741 1303 1788 1346 in
1815 1303 2020 1347 omnibus
2052 1303 2189 1360 lignis
2221 1303 2372 1347 fabre-

532 1364 687 1421 factis,
723 1370 767 1407 et
800 1364 1003 1421 citharis,
1031 1369 1075 1406 et
1104 1363 1230 1419 lyris,
1259 1368 1303 1406 et
1334 1362 1582 1419 tympanis,
1617 1367 1661 1406 et
1693 1362 1854 1419 sistris,
1887 1369 1930 1406 et
1952 1362 2184 1419 cymbalis.
2211 1363 2228 1389 6
2247 1363 2371 1406 Post-

532 1439 665 1480 quam
687 1429 838 1467 autem
863 1428 1080 1466 venerunt
1101 1422 1157 1465 ad
1190 1437 1340 1465 aream
1364 1423 1405 1465 N
1408 1423 1574 1478 achon,
1599 1422 1803 1465 extendit
1826 1423 1916 1466 Oza
1939 1437 2121 1465 manum
2142 1422 2199 1465 ad
2221 1436 2372 1465 arcam

532 1483 617 1527 Dei
652 1488 695 1526 et
725 1483 867 1526 tenuit
901 1497 1020 1538 eam,
1060 1482 1270 1538 quoniam
1304 1481 1601 1524 calcitrabant
1637 1481 1773 1525 boves
1807 1487 1851 1525 et
1887 1481 2226 1525 declinaverunt
2259 1495 2372 1525 eam.

533 1542 548 1569 ⁷
572 1544 805 1598 Iratusque
831 1547 897 1585 est
922 1541 1230 1598 indignatione
1259 1541 1476 1585 Dominus
1499 1546 1653 1583 contra
1679 1541 1837 1597 Ozam,
1861 1546 1905 1585 et
1934 1541 2152 1597 percussit
2180 1555 2281 1584 eum
2301 1555 2373 1584 su-

531 1617 609 1660 per
629 1602 911 1657 temeritate,
940 1601 1013 1657 qui
1043 1606 1240 1644 mortuus
1278 1605 1344 1644 est
1373 1600 1435 1642 ibi
1464 1600 1596 1656 juxta
1628 1615 1780 1643 arcam
1814 1601 1912 1644 Dei.
1944 1600 1960 1626 8
1987 1600 2285 1643 Contristatus
2307 1605 2374 1643 est

531 1667 683 1705 autem
707 1661 853 1704 David
884 1675 933 1704 eo
963 1661 1079 1716 quod
1113 1660 1400 1716 percussisset
1435 1659 1651 1702 Dominus
1686 1660 1850 1715 Ozam3
1885 1665 1929 1703 et
1960 1664 2171 1703 vocatum
2201 1663 2268 1702 est
2295 1674 2374 1703 no—

533 1736 634 1764 men
659 1721 743 1764 loci
766 1719 886 1763 illius
920 1720 1149 1763 Percussio
1183 1720 1286 1763 Ozae
1320 1733 1455 1774 usque
1489 1718 1534 1760 in
1557 1719 1675 1761 diem
1700 1719 1830 1763 hanc.
1861 1719 1878 1745 9
1901 1720 1960 1761 Et
1990 1719 2199 1762 extimuit
2224 1718 2373 1761 David

534 1780 777 1824 Dominum
799 1780 845 1822 in
872 1780 943 1823 die
963 1779 1062 1835 illa,
1087 1779 1238 1822 dicens
1269 1796 1277 1822 :
1303 1778 1530 1829 Quomodo
1552 1777 1828 1834 ingredietur
1850 1778 1907 1821 ad
1930 1792 2000 1820 me
2022 1792 2126 1821 arca
2153 1777 2371 1821 Domini?

534 1840 570 1867 10
592 1842 650 1883 Et
675 1839 817 1882 noluit
850 1839 1068 1882 divertere
1095 1839 1151 1881 ad
1177 1853 1223 1881 se
1253 1852 1402 1880 arcam
1436 1837 1617 1880 Domini
1650 1837 1695 1879 in
1729 1837 1961 1880 civitatem
1987 1837 2164 1893 David3
2192 1837 2270 1880 sed
2307 1836 2373 1880 di-

532 1899 667 1943 vertit
689 1913 788 1941 eam
808 1899 854 1941 in
881 1898 1061 1941 domum
1085 1897 1341 1941 Obededom
1368 1896 1566 1952 Gethaei,
1598 1896 1630 1922 11
1660 1902 1704 1939 et
1732 1897 1956 1939 habitavit
1988 1910 2091 1938 arca
2122 1895 2304 1939 Domini
2325 1896 2372 1938 in

534 1960 665 2002 domo
692 1958 948 2002 Obededom
972 1957 1149 2001 Get-haei
1172 1956 1314 1998 tribus
1340 1955 1590 2011 mensibus,
1618 1964 1663 1998 et
1688 1955 1919 1998 benedixit
1949 1955 2168 1998 Dominus
2200 1954 2371 1999 Obede-

534 2019 637 2062 dom
663 2022 706 2061 et
728 2031 903 2061 omnem
930 2016 1111 2060 domum
1133 2016 1243 2072 ejus.

594 2077 630 2103 ¹⁸2
651 2077 1007 2132 Nuntiatumque
1033 2081 1099 2119 est
1123 2075 1217 2132 regi
1240 2076 1388 2119 David
1411 2076 1526 2132 quod
1549 2074 1852 2119 benedixisset
1870 2075 2088 2119 Dominus
2115 2074 2372 2119 Obededom

535 2143 578 2180 et
604 2136 753 2179 omnia
782 2136 879 2192 ejus
912 2141 1088 2192 propter
1124 2149 1274 2178 3103111
1308 2135 1405 2178 Dei.
1440 2135 1568 2178 Abiit
1590 2148 1693 2190 ergo
1727 2134 1898 2189 David,
1933 2140 1977 2177 et
2004 2133 2195 2177 adduxit
2223 2148 2373 2177 arcam

535 2196 619 2240 Dei
649 2195 703 2239 de
729 2195 859 2238 domo
882 2195 1140 2239 Obededom
1169 2194 1213 2236 in
1248 2195 1479 2238 civitatem
1509 2194 1657 2237 David
1691 2208 1791 2236 cum
1821 2193 1998 2250 gaudio.
2031 2194 2089 2236 Et
2119 2198 2245 2236 erant
2273 2207 2373 2236 cum

536 2255 683 2300 David
706 2260 877 2311 septem
900 2254 1020 2297 chori
1047 2259 1091 2297 et
1114 2254 1298 2297 victima
1319 2254 1464 2297 vituli.
1491 2253 1528 2280 13
1544 2254 1752 2309 'Cumque
1772 2252 2154 2296 transcendissent
2174 2251 2249 2308 qui
2274 2267 2373 2309 por-

535 2315 695 2358 tabant
724 2328 874 2356 arcam
909 2314 1090 2356 Domini
1120 2328 1197 2356 sex
1227 2328 1405 2371 passus,
1438 2313 1705 2356 immolabat
1741 2312 1902 2355 bovem
1935 2318 1980 2355 et
2016 2312 2216 2355 arietem.
2249 2311 2285 2338 14
2315 2313 2374 2356 Et

538 2373 685 2418 David
709 2373 903 2416 saltabat
928 2373 1032 2415 totis
1054 2373 1222 2416 viribus
1247 2379 1349 2416 ante
1381 2374 1648 2427 Dominum;
1675 2386 1803 2430 porro
1837 2371 1984 2414 David
2020 2376 2113 2414 erat
2145 2370 2375 2414 accinctus

537 2433 681 2490 ephod
704 2433 832 2476 lineo.
861 2433 896 2459 ¹5
927 2434 983 2475 Et
1010 2433 1157 2476 David
1192 2438 1235 2476 et
1265 2433 1408 2476 omnis
1441 2432 1597 2475 domus
1627 2431 1767 2475 Israel
1801 2430 2025 2473 ducebant
2053 2444 2204 2473 arcam
2237 2434 2372 2473 testa-

537 2492 675 2536 menti
703 2492 882 2535 Domini
904 2492 951 2535 in
972 2492 1116 2548 jubilo
1141 2498 1186 2535 et
1206 2492 1252 2535 in
1275 2492 1483 2548 clangore
1505 2491 1720 2534 buccinae.
1748 2490 1784 2517 16
1809 2490 2007 2546 Cumque
2036 2489 2246 2532 intrasset
2270 2503 2373 2532 arca

533 2553 715 2597 Domini
738 2553 783 2596 in
806 2552 1038 2596 civitaten]
1066 2552 1226 2607 David,
1253 2551 1436 2608 Michol,
1456 2550 1547 2594 filia
1574 2551 1692 2607 Saul,
1710 2549 1983 2608 prospiciens
2009 2563 2087 2607 per
2111 2549 2374 2605 fenestram,

534 2614 648 2657 vidit
677 2628 827 2670 regem
853 2613 998 2656 David
1031 2613 1337 2656 subsilientem
1370 2618 1503 2668 atque
1533 2612 1772 2655 saltantem
1802 2624 1951 2653 coram
1981 2609 2195 2665 Domino,
2223 2614 2267 2653 et
2296 2609 2371 2653 de-

535 2673 681 2730 spexit
702 2688 803 2716 eum
825 2673 870 2715 in
886 2673 1015 2716 eorde
1034 2687 1124 2716 suo.
1146 2672 1178 2698 17
1196 2673 1253 2715 Et
1266 2672 1608 2715 introduxerunt
1628 2684 1778 2714 arcam
1797 2668 1991 2725 Domini,
2008 2674 2052 2712 et
2065 2668 2372 2725 imposuerunt
2436 2695 2438 2697 >

536 2747 634 2775 eam
660 2732 704 2774 in
730 2732 826 2775 1000
853 2747 930 2775 8110
954 2732 999 2774 111
1034 2731 1179 2774 medio
1204 2731 1481 2775 tabernaculi
1515 2731 1632 2786 quod
1665 2728 1916 2773 tetenderat
1941 2728 1981 2771 ei
2015 2728 2190 2784 David3
2226 2733 2271 2771 et
2296 2728 2371 2771 ob·
2432 2751 2438 2762 x

535 2792 639 2834 tulit
666 2791 813 2834 David
839 2791 1096 2834 holocausta
1124 2796 1166 2834 et
1190 2791 1378 2847 pacifica
1403 2804 1552 2833 coram
1579 2789 1782 2833 Domino.
1810 2787 1845 2814 18
1872 2787 2070 2843 Cumque
2104 2787 2372 2844 complesset
2421 2791 2426 2794 '

538 2850 727 2893 offerens
752 2851 1010 2894 holocausta
1036 2855 1079 2893 et
1105 2850 1310 2906 pacifica,
1337 2849 1567 2893 benedixit
1589 2848 1749 2905 populo
1770 2847 1817 2889 in
1839 2847 2017 2890 nomine
2045 2846 2226 2890 Domini
2249 2861 2370 2890 exer·
2417 2845 2439 2894 ,ζ

537 2909 725 2965 0111111111,
765 2910 800 2936 19
825 2916 869 2953 et
901 2909 1090 2966 partitus
1124 2915 1189 2952 est
1221 2909 1438 2952 universae
1470 2906 1746 2951 multitudini
1780 2906 1940 2962 Israel,
1975 2911 2069 2948 tam
2110 2905 2204 2948 viro
2237 2919 2371 2962 quam
2424 2906 2456 2940 Ἥ

538 2969 743 3023 1111111011,
778 2969 964 3025 singulis
1005 2968 1268 3024 collyridam
1308 2968 1437 3025 panis
1475 2982 1608 3010 unam
1647 2972 1690 3010 et
1725 2971 1972 3008 assaturam
2009 2964 2189 3008 bubulae
2226 2963 2371 3008 carnis
2414 2964 2434 3020 3'2‘
2451 2979 2456 2995 =

538 3042 671 3070 unam
698 3034 740 3070 et
765 3028 958 3070 similam
991 3027 1159 3070 frixam
1191 3027 1301 3071 oleo.
1337 3028 1395 3070 Et
1430 3026 1543 3069 abiit
1576 3025 1718 3070 omnis
1750 3024 1958 3081 populus,
1993 3023 2292 3080 unusquisque
2323 3023 2371 3066 in
2413 3026 2425 3059 ¹*-

538 3087 718 3130 domum
744 3102 882 3130 suam.
2424 3087 2432 3111 ἶ·
2454 3082 2456 3086 ’

597 3145 634 3173 90
650 3148 952 3203 Reversusque
972 3154 1037 3191 est
1057 3149 1203 3192 David
1229 3152 1278 3192 ut
1297 3147 1583 3191 benediceret
1605 3145 1754 3189 domui
1776 3161 1880 3189 suae.
1907 3146 1965 3187 Et
1987 3158 2165 3201 egressa
2189 3141 2369 3198 Michol,
2444 3134 2449 3140 ’

538 3207 631 3250 filia
654 3206 778 3262 Saul,
805 3207 851 3249 in
878 3221 1105 3250 occursum
1132 3207 1300 3263 David,
1324 3207 1388 3250 ait
1416 3223 1425 3250 ε
1450 3208 1590 3258 Quam
1610 3205 1825 3262 gloriosus
1848 3204 1938 3247 fuit
1958 3203 2090 3246 hodie
2111 3216 2189 3245 rex
2215 3200 2368 3255 Israel,
2413 3206 2424 3254 3v

539 3266 864 3323 discooperiens
890 3280 934 3309 se
960 3273 1062 3309 ante
1089 3267 1275 3309 ancillas
1301 3280 1527 3309 servorum
1552 3278 1749 3319 suorum,
1780 3270 1824 3306 et
1852 3263 2046 3306 nudatus
2080 3266 2147 3305 est
2175 3260 2300 3317 quasi
2333 3259 2370 3302 si

538 3326 728 3369 nudetur
753 3339 863 3368 unus
886 3325 938 3368 de
964 3326 1144 3368 scurris!
1172 3325 1205 3351 2¹
1236 3325 1448 3380 Dixitque
1476 3324 1620 3368 David
1647 3323 1702 3366 ad
1730 3323 1895 3366 Michol
1929 3340 1937 3366 :
1965 3324 2085 3365 Ante
2113 3319 2370 3374 Dominum,

538 3385 611 3442 qui
638 3385 773 3441 elegit
798 3399 867 3427 1110
893 3385 1037 3440 potius
1063 3398 1195 3439 quam
1221 3389 1392 3441 patrem
1418 3389 1544 3427 tuum
1567 3389 1610 3426 et
1626 3397 1758 3438 quam
1781 3396 1958 3425 omnem
1981 3381 2163 3424 domum
2185 3379 2303 3436 ejus,
2326 3382 2372 3421 et

539 3445 753 3501 praecepit
779 3443 888 3486 1111111
911 3451 959 3486 ut
985 3458 1123 3487 essem
1147 3443 1236 3486 dux
1269 3458 1399 3499 super
1431 3443 1644 3500 populum
1680 3441 1861 3484 Domini
1894 3441 1940 3484 in
1977 3440 2138 3496 Israel,
2173 3437 2211 3465 22
2237 3443 2281 3482 et
2304 3437 2369 3480 lu-

541 3504 663 3557 dam,
692 3510 735 3546 et
762 3503 890 3546 vilior
913 3503 1016 3545 fiam
1039 3503 1137 3559 plus
1159 3517 1292 3558 quam
1317 3504 1465 3545 factus
1491 3516 1614 3556 sum;
1641 3506 1685 3544 et
1708 3515 1779 3543 ero
1805 3500 1986 3543 humilis
2010 3499 2057 3542 in
2083 3497 2222 3542 oculis
2246 3496 2368 3551 meis,

539 3666 569 3699 4]
590 3666 604 3693 1
623 3667 705 3699 ch.
725 3666 802 3699 VII,
821 3669 844 3693 1.
863 3680 898 3684 -
918 3665 947 3698 8]
966 3665 980 3691 Ι
995 3664 1067 3691 Par.
1087 3663 1185 3697 XIII,
1206 3665 1247 3690 11.
1266 3676 1299 3681 ·-
1316 3662 1361 3695 12]
1378 3661 1392 3689 I
1412 3661 1484 3688 Par.
1499 3660 1571 3694 XV,
1589 3661 1633 3687 25.
1652 3673 1687 3677 —
1706 3659 1753 3692 13]
1776 3659 1789 3686 1
1806 3659 1878 3686 Par.
1898 3658 1969 3691 XV,
1987 3660 2030 3686 26.
